1967 3047
288 171 333 203 191

848 171 1035 201 ῧᾹΡιΝΕὶῖὶΙ
1057 169 1304 199 ῡῖΞὲΕΗΤᾹΉΟ
1323 169 1346 198 l.

1858 168 1902 201 192

281 224 386 254 ςγιιοόο
401 224 614 260 permitteretur.
633 224 671 250 Ad
692 223 717 250 id
733 229 905 251 sacramento
922 225 1070 259 imperator
1086 234 1104 260 Α
1121 223 1167 256 qui
1181 222 1237 249 Deo
1253 223 1367 257 piaeeat,
1383 229 1411 250 et
1430 227 1585 250 sanctarum
1603 229 1721 259 quatuor
1744 225 1900 260 synodorom

280 276 309 296 sc
324 270 502 304 obligaverat.
519 269 696 304 stetissetque
718 269 862 303 promisso,
879 277 927 304 spe
943 268 1068 303 potiundi

280 315 347 348 voti,
364 315 417 342 nisi
441 315 603 342 Theodorus
622 315 777 350 Cappadox,
796 315 898 341 huntile
917 314 983 341 illud
1001 313 1068 340 aula:

280 361 457 396 mancipium,
470 360 628 395 frangendae
642 361 703 387 ﬁdei
721 365 817 387 auctor
831 360 937 387 fuisset.

314 406 346 433 ll.
368 406 464 433 Aiebat
481 406 537 438 ille,
558 414 620 433 eum
640 407 787 442 abjecisset
804 407 844 433 sui
863 405 1008 433 sacerdotii
1024 414 1067 432 re-

277 452 439 484 verentiam,
457 452 598 487 indignum
621 460 726 479 summa
750 457 894 487 potestate,
913 457 987 486 gesta
1006 460 1021 478 a
1038 459 1066 478 se

277 497 435 525 rescindere
451 498 484 525 ad
501 498 615 525 alterius
629 497 773 524 arbitrium
791 507 797 524 :
811 506 863 524 non
878 505 937 524 esse
950 497 1066 532 impera-

275 541 355 573 toris,
375 542 448 577 leges
473 542 607 576 accipere,
626 543 672 570 sed
694 542 759 569 dare
778 551 783 568 :
803 542 1003 569 intolerandum
1026 543 1066 569 vi-

276 587 346 619 deri,
365 587 514 619 hominem,
530 589 574 622 qui
591 589 715 623 captivus
731 589 776 620 sit,
791 593 819 615 et
835 589 938 616 servire
955 588 1063 620 debeat,

276 632 412 660 dominari
425 634 494 661 velle
507 634 533 661 in
549 635 616 662 urbe
630 635 702 670 regia
717 645 722 661 :
737 642 892 669 supremam
905 639 965 669 post
978 635 1063 662 Deum

275 680 446 714 majestatem
469 688 522 706 non
548 680 649 707 debere
672 680 799 711 aliorum,
817 680 942 714 quamvis
963 680 1064 714 episco-

275 731 384 757 porum,
400 724 476 759 sequi
491 724 605 759 judicia,
636 725 684 752 scd
705 730 819 752 cunctos
837 725 969 761 cujusque
989 725 1062 752 modi

275 768 308 794 ad
323 768 484 803 obsequium
501 777 611 804 cogere;
629 770 744 796 [tertiani
759 769 896 804 pontiﬁcis
912 771 1062 798 auctorita-

276 817 328 840 tem
342 814 542 849 suspiciendam
553 815 671 850 popnlis,
691 815 739 842 sed
751 815 784 842 ab
798 816 844 842 illo
854 815 957 849 despici
970 823 1060 850 posse,

274 859 352 894 cujus
368 860 524 887 sanctiones
543 861 642 888 divina:
661 862 759 889 merito
779 862 909 889 dicuntur
920 867 947 889 et
961 870 1060 894 sacrae;

274 908 382 938 paratos
404 912 464 931 esse
489 904 668 932 Orientalium
692 906 799 933 animos
811 906 845 933 ad
873 906 1059 938 serviendum,

273 950 355 976 modo
369 950 512 978 videantur
527 952 586 986 cogi
601 959 608 978 :
623 952 737 986 cogendi
754 952 863 979 modum
878 951 1058 986 aptissimum,

273 996 294 1022 si
318 996 508 1029 restituantur,
524 1005 584 1031 quae
604 997 721 1024 rescindi
742 998 808 1024 velit
829 997 966 1032 pontifex,
987 1003 1013 1024 ct
1033 998 1060 1024 in

272 1042 393 1069 Ecclesia
410 1048 608 1078 proponantur,
623 1043 651 1070 in
669 1051 750 1078 quam
770 1045 917 1071 convenire
938 1045 1058 1080 episcopi

270 1088 479 1123 compellantur.
503 1094 533 1116 ut
555 1098 605 1125 pro
630 1090 794 1125 imperatore
817 1098 912 1125 preces
937 1098 1060 1118 commu-

270 1133 342 1160 nitcr
365 1134 494 1167 fundant;
523 1143 619 1163 omnes
641 1143 814 1168 assensurus,
834 1141 934 1170 praeter
957 1145 1058 1171 paucos

268 1180 314 1214 qui
338 1181 430 1214 sperni
451 1182 526 1208 nullo
549 1181 649 1209 damno
671 1186 774 1217 queant
795 1191 800 1208 :
820 1190 961 1209 assensum
986 1183 1057 1217 ejus-

267 1225 341 1252 modi
361 1226 484 1253 futurum
505 1227 614 1254 arrham
632 1227 777 1262 prmslandi
793 1236 808 1254 a
823 1228 984 1262 patriarehis
1000 1236 1057 1255 om-

267 1270 349 1297 nibus
360 1271 495 1306 obsequii,
509 1276 537 1298 et
549 1273 625 1307 quasi
645 1273 848 1308 pnejudicaiam
864 1275 958 1309 synodi
972 1275 1056 1302 totius

266 1317 430 1343 sententiam
449 1326 455 1344 :
473 1326 526 1343 non
547 1318 645 1345 decere
667 1318 807 1345 dominum
820 1319 908 1351 orbis,
924 1320 1055 1347 adhibitis

266 1362 441 1389 cautionibus
464 1367 610 1397 priestare,
632 1364 704 1398 quod
723 1364 845 1399 jussione
870 1366 955 1399 possit
973 1374 980 1392 :
1001 1374 1053 1393 non

266 1405 337 1433 hanc
354 1407 437 1434 fuisse
456 1408 525 1435 diva:
544 1408 693 1436 Thcodoraa
714 1414 844 1441 mentem,
862 1418 923 1436 cum
939 1410 1052 1442 (liceret,

265 1451 468 1486 imperatoriam
481 1453 649 1487 majestatem
662 1453 717 1480 sola
728 1453 819 1480 divina
832 1454 965 1480 minorem
977 1461 1051 1481 esse:

265 1498 462 1531 parentandum
484 1498 611 1533 Augustae
630 1498 767 1531 limitibus,
780 1506 835 1533 quo
855 1500 971 1526 maxime
992 1509 1053 1527 ave-

265 1542 320 1574 bat,
339 1543 513 1570 inimieormn
531 1544 718 1579 depressione.

298 1589 341 1616 ill.
358 1589 405 1616 liis
419 1590 500 1617 aulici
514 1590 635 1625 episcopi
648 1590 799 1618 mendaciis
812 1590 947 1618 abductus
961 1598 975 1617 a
990 1599 1052 1625 pro-

264 1634 352 1668 posito
363 1634 544 1668 Justinianus,
557 1640 649 1670 spreto
662 1640 844 1667 sacramento,
856 1636 921 1663 fecit
933 1640 1052 1670 potesta-

263 1683 317 1706 tem
333 1680 496 1708 restituendi
509 1681 536 1708 in
550 1681 699 1716 integrum,
710 1681 782 1716 quod
796 1682 877 1716 paulo
889 1686 953 1708 ante
969 1681 1052 1708 resci-

262 1725 349 1751 derat.
368 1725 494 1753 Edictum
516 1726 610 1761 igitur,
627 1734 683 1761 quo
703 1727 819 1762 quisque
835 1727 984 1762 jubebatur
1000 1728 1050 1754 tria

261 1770 380 1805 capitula
395 1771 536 1804 danmare,
553 1773 724 1807 proponitur,
741 1777 768 1800 et
783 1773 893 1808 quidem
912 1773 938 1800 in
955 1773 1050 1800 Eccle-

261 1816 312 1848 sia,
328 1825 382 1851 quo
399 1817 554 1852 religiosius
570 1818 720 1845 videretur.

295 1861 339 1889 ιν.
358 1862 481 1889 Pontifex
498 1868 552 1890 tam
565 1862 742 1897 perﬁdiosum
756 1863 863 1891 facinus
880 1869 1048 1897 exsecratus,

261 1907 388 1942 prohibet
406 1908 517 1940 acriter,
537 1916 571 1935 ne
595 1909 658 1943 quis
677 1913 771 1944 pareat
791 1919 796 1936 :
815 1910 862 1945 qui
884 1910 960 1942 faxit,
977 1915 1050 1938 vetat

260 1953 313 1980 frui
338 1954 531 1981 communione
552 1955 625 1982 sedis
648 1956 814 1990 apostolicae,
836 1960 864 1983 et
883 1955 926 1983 sui
944 1956 1049 1984 ordinis

259 1999 358 2034 gradu;
379 1999 558 2027 denuntiatur
577 2001 737 2035 prohibitio,
755 2005 786 2028 ut
805 2006 925 2036 oportet,
940 2003 1047 2037 episco-

259 2045 301 2080 pis
316 2054 321 2072 :
338 2046 408 2072 trahi
433 2050 522 2073 tamen
537 2054 566 2074 se
581 2047 722 2080 patiuntur
736 2056 750 2075 a
763 2048 909 2075 Theodoro
925 2048 952 2075 in
969 2049 1048 2075 obse-

258 2091 364 2126 quium,
377 2099 432 2126 quo
443 2092 539 2126 polluti
549 2093 582 2120 ad
592 2101 669 2120 sacra
679 2101 741 2120 mox
752 2094 882 2129 mysteria
893 2102 954 2121 eum
967 2094 1045 2130 24],

258 2137 387 2165 facinoris
405 2143 518 2166 auctore
533 2139 677 2166 accedunt.
692 2139 872 2167 Recrudescit
889 2140 989 2167 bellum
1002 2140 1048 2168 Vi-

257 2184 352 2219 gilium
365 2184 435 2211 inter
448 2189 475 2211 et
488 2184 688 2218 Justinianum;
710 2185 873 2213 Theodorus
886 2194 901 2213 a
918 2185 1047 2221 pontiﬁce

1121 267 1328 294 definitionibus
1344 273 1498 303 congruat:
1517 269 1656 303 quoniam,
1675 270 1773 304 inquit,
1795 271 1827 298 ad
1847 279 1904 300 anq-

1120 318 1242 340 mcntum
1261 314 1335 347 pacis
1346 318 1374 340 et
1385 314 1559 341 concordiatn
1576 315 1759 342 Ecclesi'arum
1779 317 1899 351 pertinet,

1119 364 1148 386 ut
1161 359 1234 386 omni
1253 360 1286 386 de
1300 360 1392 386 medio
1413 360 1583 387 dissensione
1601 361 1717 393 sublata,
1733 369 1793 396 quat
1811 370 1824 389 a
1837 370 1898 397 pra:-

1118 405 1199 431 dietis
1209 410 1328 439 quatuor
1339 407 1441 432 sanctis
1454 406 1578 433 conciliis
1592 406 1705 433 deﬁnita
1721 413 1795 439 sunt,
1810 407 1899 435 incon-

1118 457 1196 476 CllSSﬂ
1210 456 1367 482 SCI‘VCnlUl‘,
1390 455 1546 477 SﬂllClﬂl‘Ulll
1568 451 1736 486 synodorum
1755 453 1900 480 reverentia

1118 494 1145 521 in
1159 495 1289 522 omnibus
1299 495 1444 523 custodita.
1464 505 1472 521 ι

1151 540 1196 568 Vl.
1213 540 1338 575 Accepta:
1359 545 1423 568 sunt
1438 541 1566 577 Eutychii
1583 542 1680 570 litteras
1705 543 1764 578 ipso
1786 543 1899 578 Epipha-

1117 584 1224 610 niorum
1242 584 1286 611 die
1306 594 1312 610 :
1328 589 1413 620 utque
1427 590 1506 612 erant
1521 587 1673 614 reverentia
1688 592 1715 614 et
1731 588 1830 622 pietate
1848 589 1900 624 ple-

1115 637 1166 662 me,
1182 630 1304 656 animum
1318 630 1407 666 Vigilii
1428 631 1572 659 infractum
1588 633 1675 664 malis,
1692 638 1718 660 et
1738 635 1901 662 tumultuan-

1116 676 1151 703 tis
1162 676 1290 704 Ecclesiae
1310 683 1468 712 pertaesum,
1485 679 1511 705 in
1525 683 1617 714 partes
1634 680 1796 713 clementiae,
1813 682 1853 709 vel
1868 690 1899 709 eo

1114 720 1242 752 maxime,
1259 721 1435 754 inﬂexerant,
1450 723 1523 758 quod
1535 731 1708 751 communem
1724 725 1844 752 omnium
1855 734 1898 760 pa-

1115 766 1296 793 triarcharum
1314 767 1394 794 ﬁdem
1406 768 1598 801 continerent,
1622 770 1717 804 illique
1740 771 1798 798 suis
1811 771 1898 798 nomi-

1114 810 1195 837 nibus
1218 811 1382 847 subscriptis
1398 814 1624 848 sanctejurarent
1642 822 1670 842 se
1686 819 1804 850 quatuor
1819 824 1896 852 syno-

1113 855 1162 883 dos
1185 857 1259 884 omni
1275 866 1308 885 ex
1329 862 1406 892 parte
1427 859 1566 893 amplecti,
1584 868 1635 887 nec
1648 861 1718 888 velle
1734 861 1808 889 aliud
1822 862 1899 897 quid-

1080 901 1097 926 Β
1114 902 1186 934 piam
1211 902 1325 930 omnino
1347 907 1453 931 tentare
1478 913 1560 939 quam
1582 906 1656 940 quod
1680 907 1754 934 salva
1780 907 1897 942 ipsarum

1113 947 1266 973 reverentia
1283 947 1370 974 ﬁeret.

1147 991 1281 1028 Eutychio
1298 994 1381 1028 igitur
1394 995 1515 1029 pontifex
1531 997 1664 1030 postridie
1679 998 1816 1030 rescribit,
1836 998 1899 1027 ﬁde-

1110 1046 1164 1072 que
1182 1038 1269 1073 ipsius
1285 1039 1405 1073 laudata,
1425 1036 1532 1074 annuit,
1553 1047 1584 1069 ut
1599 1042 1633 1069 de
1655 1043 1745 1071 tribus
1760 1044 1897 1078 capitulis,

1110 1092 1142 1110 ex
1155 1084 1256 1118 quibus
1271 1086 1386 1120 quaestio
1396 1090 1460 1114 nata
1474 1091 1526 1118 est,
1542 1087 1614 1115 facto
1624 1089 1742 1123 regulari
1751 1094 1897 1123 conventu,

1109 1130 1241 1170 zeqnilate
1258 1135 1377 1164 servata,
1408 1133 1506 1160 mediis
1536 1134 1717 1162 sacrosanctis
1745 1135 1897 1170 Evangeliis

1109 1175 1218 1202 euilatio
1229 1169 1291 1203 cum
1308 1177 1392 1205 unitis
1404 1178 1536 1205 fratribus
1552 1179 1696 1206 habeatur.
1716 1190 1724 1205 ι

1144 1221 1198 1248 VII.
1217 1222 1281 1249 Post
1301 1223 1371 1250 hanc
1390 1225 1497 1250 veniam
1523 1223 1654 1252 indicitur
1674 1226 1708 1252 ab
1731 1226 1896 1262 imperatore

1107 1267 1228 1302 synodus
1253 1268 1286 1295 ad
1306 1273 1434 1303 quartum
1451 1270 1551 1297 abhinc
1567 1278 1699 1303 mensem,
1715 1273 1763 1307 qui
1784 1273 1869 1301 Maius
1886 1283 1894 1300 :

1108 1312 1249 1345 indicitur,
1269 1313 1392 1348 inquam,
1419 1315 1583 1343 celebranda
1598 1325 1625 1343 Ill
1639 1317 1740 1347 Nonas.
1756 1326 1817 1352 quae
1828 1318 1895 1346 feria

1106 1358 1236 1390 secunda,
1253 1364 1312 1393 post
1331 1360 1444 1387 alteram
1457 1369 1472 1387 a
1484 1361 1531 1397 νέᾳ
1544 1364 1660 1398 κυριακῇ
1676 1363 1846 1391 Dominicam
1861 1365 1893 1392 ’⁸.

1106 1403 1199 1438 Neque
1213 1405 1287 1430 enim
1312 1405 1388 1439 prius
1410 1405 1510 1433 habere
1529 1407 1626 1434 licuit:
1646 1416 1707 1434 nam
1726 1409 1815 1443 primo
1832 1414 1894 1438 ante

1102 1450 1216 1484 jejunio,
1229 1459 1346 1484 quorum
1363 1452 1471 1478 initium
1495 1453 1590 1480 incidit
1609 1462 1681 1481 anno
1696 1455 1748 1482 555
1769 1455 1797 1483 in
1821 1456 1894 1483 diem

1104 1495 1230 1529 quintum
1252 1495 1357 1526 Martii.
1376 1497 1470 1525 Patres
1494 1499 1586 1526 vocari
1614 1501 1817 1536 convenireque
1838 1510 1893 1529 non

1104 1544 1248 1573 poterant;
1268 1540 1367 1568 deinde
1391 1542 1561 1576 jejuniorum
1584 1549 1709 1579 tempore
1728 1553 1786 1573 mos
1803 1547 1894 1574 eccle-

1104 1584 1232 1613 siasticus
1245 1586 1354 1614 vetabat
1371 1587 1504 1614 celebrari
1518 1589 1645 1623 synodos,
1662 1591 1893 1624 quemadmodum

1103 1635 1130 1657 et
1145 1631 1221 1659 festis
1244 1632 1438 1664 Paschalibus,
1457 1641 1576 1668 quorum
1597 1635 1756 1663 Dominicus
1778 1637 1895 1671 contigit,

1102 1675 1146 1702 die
1157 1675 1192 1702 ‘20
1205 1676 1317 1711 Aprilis,
1335 1682 1416 1712 atque
1432 1678 1467 1705 ita
1479 1678 1527 1704 νέα
1538 1680 1667 1715 κυριακὴ,
1680 1689 1733 1715 qua
1749 1681 1816 1708 festa
1831 1690 1894 1716 pcr-

1102 1726 1220 1756 aguntur
1232 1743 1238 1753 ,
1255 1722 1299 1750 die
1317 1723 1351 1750 9.7
1374 1723 1496 1757 ejusdem
1515 1726 1634 1756 mensis;
1652 1726 1772 1761 denique
1794 1735 1894 1755 conce-

1102 1765 1184 1793 dendi
1202 1767 1309 1794 fuerant
1336 1768 1463 1795 Patribns
1480 1769 1540 1796 dies
1560 1770 1703 1797 minimum
1728 1777 1831 1805 septem
1858 1773 1892 1799 ad

1101 1812 1332 1843 conveniendum,
1349 1813 1500 1848 synodique
1511 1814 1546 1841 de
1564 1822 1640 1841 more
1656 1815 1810 1842 faciendum
1824 1816 1892 1844 feria

1101 1857 1221 1884 secunda
1241 1857 1360 1885 initium.
1383 1858 1562 1886 Sufﬁcicbant
1576 1868 1660 1894 porro
1679 1861 1758 1895 pauci
1777 1862 1815 1888 illi
1831 1861 1893 1889 dies

1101 1904 1299 1938 congregandis
1324 1904 1453 1932 Patribus
1469 1914 1474 1931 :
1493 1913 1556 1932 nam
1582 1911 1610 1933 et
1640 1907 1757 1934 maxima
1776 1915 1839 1942 pars
1863 1907 1891 1934 in

1100 1949 1167 1976 urbe
1187 1954 1255 1982 erat,
1273 1955 1300 1977 et
1315 1949 1381 1977 ﬁdes
1396 1951 1571 1985 praesentium
1593 1951 1750 1986 imperatori
1767 1953 1888 1988 obligata

1099 1994 1160 2026 fuit,
1173 1999 1200 2022 et
1215 1994 1394 2027 advenarum,
1410 1997 1432 2022 si
1447 1997 1541 2032 plures
1554 1997 1635 2032 longe
1651 1998 1826 2030 accederent,
1848 1997 1891 2025 af-

1099 2040 1182 2068 fectio
1197 2041 1287 2067 timeri
1301 2041 1401 2075 potuit.

1135 2085 1214 2119 25.2
1229 2085 1294 2112 Vill.
1307 2085 1454 2112 inchoatur
1465 2094 1530 2120 ergo
1538 2086 1685 2113 concilium
1698 2086 1743 2113 die
1755 2095 1770 2114 ν
1783 2087 1890 2120 Maii",

1099 2130 1217 2157 habetur
1231 2130 1337 2165 integro
1350 2131 1406 2158 fere
1422 2139 1516 2158 mense
1532 2140 1538 2157 :
1556 2135 1618 2158 octo
1633 2132 1828 2159 collationibus
1841 2132 1893 2160 ab-

1098 2176 1214 2202 solvitur
1229 2177 1262 2203 ad
1280 2176 1353 2203 diem
1375 2185 1393 2204 ιι
1411 2177 1485 2204 Junii
1500 2186 1505 2203 :
1522 2177 1683 2205 collationes
1701 2182 1758 2205 tres
1779 2179 1891 2213 priores

258 2231 265 2239 .
285 2230 448 2257 nominatim
475 2231 508 2257 de
533 2232 620 2265 gradu
645 2231 783 2266 deﬁcitur,
809 2232 900 2259 calari
919 2220 1045 2267 ’episcopi
1062 2232 1083 2259 ι)
1098 2221 1198 2267 partim
1215 2220 1378 2267 inlegrendis
1398 2221 1571 2256 imperatoris
1587 2221 1621 2249 ad
1645 2221 1790 2257 synodum,
1803 2222 1892 2257 Euty-

258 2275 460 2303 interdicuntur
473 2277 569 2308 sacris.
582 2276 669 2304 donec
682 2278 869 2310 consentiant;
882 2286 943 2305 cum
957 2278 1046 2312 capite

258 2321 386 2348 Ecclesia:
398 2322 520 2349 animose
534 2327 669 2357 pugnatur
680 2323 745 2350 hinc
758 2327 786 2350 et
800 2323 873 2354 inde.
889 2323 936 2350 sed
953 2331 966 2350 a
980 2331 1047 2358 pon-

259 2366 339 2393 tiﬁcis
356 2371 444 2401 parte,
462 2367 537 2394 velut
553 2376 567 2394 a
587 2368 752 2404 martyribus
769 2369 848 2400 solet,
871 2368 905 2395 ab
921 2369 973 2395 alia
989 2372 1048 2395 tan-

255 2420 337 2447 quam
354 2420 368 2439 a
385 2413 619 2447 persecutoribus.

294 2457 446 2484 \’.lnterim
469 2458 580 2484 ltlcnnas
598 2459 724 2490 moritur,
747 2459 870 2486 succedit
892 2460 1044 2496 Eutychius

255 2501 297 2527 νὴ·
321 2506 441 2533 sanctus,
457 2501 503 2536 qui
517 2509 580 2528 mox
594 2502 627 2528 ad
650 2503 805 2537 pontificem
826 2512 881 2530 suae
905 2503 967 2531 fidei
987 2504 1042 2531 for-

256 2553 327 2572 mam
349 2545 382 2572 de
403 2553 478 2573 more
507 2545 589 2572 mittit
602 2547 837 2578 ,communionem
856 2547 1019 2582 deprecatus
1036 2558 1041 2575 :

256 2589 383 2624 efflagitat
395 2590 475 2616 simul
494 2598 543 2625 per
559 2590 685 2625 Vigilium
707 2595 868 2625 potestatem
891 2591 949 2618 ﬁeri
971 2592 1042 2618 cele—

258 2632 368 2659 branda:
389 2633 495 2667 synodi,
513 2643 521 2658 ι
543 2634 570 2661 in
585 2642 648 2668 qua,
669 2638 699 2659 ut
713 2634 760 2665 ait,
775 2634 938 2668 praesidente
953 2635 1044 2670 ponti-

258 2675 318 2708 ﬁce,
333 2676 384 2703 sub
404 2677 601 2712 tranquillitate
615 2681 643 2704 et
653 2677 874 2709 mansuetudine,
895 2679 1045 2712 propositis

256 2720 359 2747 sanctis
387 2720 549 2755 Evangeliis,
574 2720 711 2747 communi
730 2724 856 2753 tractatu,
877 2722 996 2756 capitula
1011 2722 1044 2749 ad

256 2774 369 2793 examen
384 2770 531 2792 vocentur:
545 2771 572 2794 ct
584 2767 726 2801 qtncstioni
743 2768 899 2802 imponatur
915 2768 958 2796 ille
971 2768 1044 2801 ﬁnis,

1098 2265 1152 2292 cbii
1167 2266 1199 2292 ad
1219 2266 1357 2301 Vigilium,
1370 2266 1460 2301 Vigilii
1478 2267 1512 2294 ad
1523 2267 1685 2303 Eutycbium
1698 2267 1812 2300 litteris;
1824 2275 1893 2303 par-

1097 2311 1145 2338 tim
1160 2312 1187 2338 in
1201 2312 1285 2339 variis
1297 2312 1330 2339 ad
1346 2320 1484 2340 summum
1505 2313 1662 2348 pontiﬁcem
1686 2314 1889 2349 legationibus,

1096 2358 1198 2393 quibus
1234 2362 1378 2392 rogaretur
1409 2367 1526 2393 prmesse
1560 2359 1703 2392 concilio;
1731 2360 1834 2394 partim
1862 2359 1892 2387 in

1096 2399 1228 2431 voeandis
1245 2403 1344 2431 Africae
1356 2409 1384 2431 et
1402 2404 1503 2438 lliyrici
1526 2405 1674 2440 episcopis,
1702 2405 1750 2440 qui
1770 2405 1800 2432 in
1814 2405 1890 2433 urbe

1097 2455 1191 2480 erant;
1216 2450 1312 2483 partim
1329 2450 1448 2484 denique
1462 2450 1490 2477 in
1513 2451 1574 2478 lidei
1589 2451 1771 2486 professione,
1795 2455 1825 2478 et
1846 2460 1892 2479 re-

1097 2505 1157 2524 rum
1173 2496 1340 2532 agendarum
1354 2497 1551 2532 propositione.

1133 2542 1178 2570 rx.
1206 2543 1293 2570 Causa
1318 2543 1455 2571 Theodori
1495 2544 1680 2579 Mopsuesteni
1708 2545 1891 2572 collationem

1093 2592 1218 2622 quartam
1242 2588 1331 2615 tenuit
1346 2588 1390 2615 die
1410 2589 1444 2615 12
1460 2589 1531 2621 Maii,
1547 2594 1574 2616 ct
1587 2590 1709 2624 quintam
1725 2590 1770 2618 die
1789 2597 1893 2618 consc-

1093 2636 1204 2667 quente.
1218 2632 1354 2659 Producta
1371 2640 1434 2659 sunt
1451 2641 1484 2660 ex
1504 2634 1589 2660 variis
1606 2634 1694 2665 libris,
1709 2642 1770 2669 quae
1787 2634 1893 2661 Nesto—

1095 2679 1136 2705 rio
1151 2678 1290 2704 faverent:
1305 2678 1386 2705 allata
1405 2685 1540 2706 momenta
1556 2688 1654 2712 causan,
1671 2680 1788 2707 diversis
1800 2680 1890 2707 etiam

1094 2731 1126 2750 ex
1138 2723 1215 2756 locis,
1233 2728 1289 2750 tum
1307 2723 1399 2759 Cyrilli
1425 2729 1453 2751 et
1471 2725 1570 2758 Procli,
1595 2731 1676 2760 atque
1693 2726 1775 2752 etiam
1794 2725 1893 2752 Theo~

1094 2768 1192 2799 doreti,
1209 2772 1236 2794 et
1249 2768 1383 2801 aliorum,
1407 2773 1462 2795 tum
1484 2769 1605 2796 historite
1625 2769 1818 2798 ecclesiasticae
1832 2769 1891 2798 lte«

949 2833 1102 2861 SCllllllll
1125 2833 1237 2860 NOl/E.

291 2874 313 2889 "
329 2878 411 2905 Sacra
422 2878 454 2905 ad
474 2879 617 2914 synodum.
653 2880 672 2893 ν
694 2880 751 2906 \‘id.
770 2880 835 2906 Acta
851 2880 945 2915 synodi
965 2888 990 2906 ιι.
