1967 3047
71 155 124 184 “‘3

650 149 830 180 HISTORIA
845 147 1102 179 THEODORETI.

1648 153 1699 187 1Ἶᾶ

65 207 154 243 syehii
182 206 339 242 presbyteri
353 226 361 237 .
377 210 405 232 et
430 205 515 232 libeili
544 205 579 232 ab
603 205 739 232 Armeniis
761 203 859 231 Procio
875 205 895 232 Α
910 207 997 236 putet,
1013 204 1062 230 has
1074 212 1138 231 vero
1155 210 1182 231 ut
1195 204 1302 232 divinas
1313 205 1364 232 soli
1376 206 1447 240 Deo;
1462 209 1607 237 anathema
1624 211 1669 239 sit.
1684 222 1694 238 )

63 254 171 286 oblati;
185 253 294 280 relecta
314 252 419 287 pariter
436 251 584 279 Theodosii
608 251 682 286 leges
696 251 767 282 duae,
784 249 859 276 velut

63 299 243 326 Theodorum
269 298 438 330 attinerent;
469 305 632 333 responsum
659 297 713 329 iis,
735 297 793 324 sive
809 295 856 330 qui

63 345 197 380 epistolas
212 344 367 379 proferrent
388 344 416 370 in
436 344 545 371 laudem
569 343 718 375 Theodori,
737 342 795 369 sive
810 341 858 376 qui

61 391 206 417 neminem
229 390 258 416 in
281 397 347 424 pace
371 389 532 417 defunctum
558 389 682 416 damnari
702 396 782 423 posse
797 396 859 415 con-

63 435 234 464 tenderent:
251 436 389 463 recensita
415 435 527 463 tandem
542 436 639 471 synodi
659 435 858 470 Mopsueslenaa

64 485 161 514 gesta;
188 480 308 515 denique
330 481 532 507 conclamatum
554 489 569 507 a
592 480 697 516 synodo
723 479 858 506 adversus

63 526 302 561 llopsuestenum.

98 571 135 599 Χ.
150 571 253 599 Eadem
269 572 416 599 collatione
440 571 547 606 quinta.
575 579 636 606 qua:
657 571 796 599 celebrata
817 572 858 598 di-

61 618 138 645 citur
149 626 177 644 m
194 617 259 645 ldus
274 617 370 649 Maias,
382 621 474 644 actum
488 622 530 644 cst
541 617 575 644 de
592 617 774 644 Thcodoreto.
793 617 856 644 Jus—

62 662 99 689 sit
124 662 247 697 synodus
268 662 379 689 recitari
395 669 444 691 ea,
466 671 476 686 ί
499 669 560 697 quae
584 662 698 688 collecta
723 666 802 689 erant
823 669 857 688 ex

63 707 233 734 Theodoreti
253 706 416 741 conscriptis
431 711 527 734 contra
548 711 651 734 rectam
667 707 748 734 ﬁdem
771 715 856 742 expo—

61 752 135 784 sitis,
148 757 176 779 et
189 757 285 779 contra
298 756 399 779 sancta:
412 752 551 779 memoria:
568 751 699 787 Cyrillum
713 757 741 780 et
753 753 857 780 duode-

61 798 118 825 cim
137 798 196 832 ejus
207 798 307 832 capita,
325 805 432 825 necnon
453 805 502 832 pro
515 797 660 824 Theodoro
677 802 704 824 et
718 798 854 830 Nestorio,

61 848 89 870 et
104 850 202 870 eorum
217 843 407 878 blasphemiis.
426 853 434 868 ›
453 842 523 870 Sunt
537 846 629 869 autem
658 843 781 873 recitata.
796 852 856 878 qua:

912 247 1033 282 Denique
1052 249 1103 275 ista
1126 249 1304 277 duodeciini:
1327 261 1336 276 ι
1362 250 1410 278 Dei
1440 252 1558 280 Verbum
1584 263 1696 290 passum

910 301 1003 326 carne,
1019 299 1047 321 et
1059 294 1219 322 cruciﬁxum
1231 304 1292 323 esse
1304 304 1398 330 carne,
1407 301 1435 324 et
1447 303 1563 326 mortem
1573 305 1696 334 gustasse

910 348 1005 373 carne,
1018 340 1120 368 factum
1138 343 1221 369 etiam
1238 343 1448 377 primogenitum
1461 352 1494 370 ex
1513 345 1639 378 mortuis,
1650 355 1695 374 se-

909 387 1029 414 cundum
1039 387 1112 422 quod
1127 388 1182 414 vita
1196 392 1247 420 est,
1261 389 1432 421 etviviﬁcus,
1449 395 1479 416 ut
1493 390 1576 418 Deus.
1594 400 1604 417 ι

944 432 1008 464 Quae
1020 441 1085 460 vero
1097 433 1299 468 objiciebantur
1313 434 1498 464 Thcodoreto.
1517 444 1551 463 eo
1567 437 1629 471 plus
1647 437 1696 464 ha-

908 477 1137 511 bebantinvidite,
1153 486 1208 513 quo
1229 479 1283 506 illis
1306 480 1518 514 temporibuset
1537 483 1694 509 exsecrabi-

908 522 961 550 lius
977 527 1036 550 erat
1051 523 1170 550 Nestorii
1187 532 1297 555 nomen,
1313 528 1341 551 et
1354 524 1449 560 Cyrilli
1465 526 1551 561 major
1576 527 1695 554 auctori-

909 572 948 595 tas
959 569 1030 602 apud
1043 573 1135 603 partes
1147 569 1294 596 Ecciesiam
1307 569 1491 597 distrahentes
1504 580 1510 597 :
1523 571 1567 598 ille
1578 572 1650 599 enim
1660 572 1695 600 ab

907 615 1035 641 omnibus
1045 615 1227 642 communiter
1236 615 1388 643 habebatur
1403 617 1477 643 velut.
1488 616 1588 644 Christi
1597 617 1694 650 hostis,

907 664 935 687 et
960 661 1035 688 orbis
1056 661 1140 702 totiu‘s
1155 662 1255 696 pestis:
1271 663 1322 689 iste
1347 663 1489 690 colebatur
1507 668 1635 698 tanquam
1652 664 1694 691 vir

907 705 1014 732 eximia:
1031 706 1158 740 pietatis,
1182 706 1311 734 Ecclesia:
1328 708 1466 742 magister,
1487 712 1516 735 et
1531 713 1606 735 certa
1621 713 1695 736 recte

908 750 1044 777 sentiendi
1060 752 1162 786 regula.

940 795 996 822 Hoc
1008 803 1089 830 porro
1104 797 1200 824 inloco
1212 797 1305 824 mirari
1313 798 1448 832 quispiam
1461 799 1557 833 possit,
1571 803 1599 826 et
1606 799 1695 827 Theo—

907 841 995 868 doreti
1011 842 1203 875 voluntariam,
1221 844 1244 870 si
1269 843 1310 871 t'as
1329 844 1365 871 ita
1380 844 1467 879 loqui,
1485 845 1634 873 caecitatem
1645 867 1652 878 ,
1666 851 1694 873 et

61 889 256 917 Theodoretus
270 893 365 916 contra
386 894 510 916 sanctum
525 889 656 924 Cyrillum
668 909 675 921 ,
693 894 721 917 et
739 889 765 916 in
789 897 856 916 ana-
871 887 893 914 Β
907 887 1036 919 hominis,
1051 888 1096 922 qui
1112 895 1144 915 ex
1167 889 1276 923 scriptis
1295 889 1460 917 Theodoreti
1479 890 1616 925 decerpsit
1633 899 1695 926 quae

61 933 250 961 thematismis
261 934 450 968 reprehendit,
467 934 533 961 etin
548 934 763 961 allocutionibus
776 934 854 966 dixit,

60 983 90 1006 et
107 979 220 1014 scripsit
232 979 260 1006 in
273 979 386 1006 litteris.

96 1024 144 1054 XI.
169 1024 282 1060 Obiecta
312 1029 378 1053 sunt
402 1029 502 1060 praeter
529 1024 717 1053 defensionem
743 1025 855 1053 Diodori

58 1070 216 1103 Tarsensis,
238 1074 265 1098 et
288 1070 425 1097 Theodori
445 1070 642 1105 Mopsuesteni,
656 1071 855 1106 Ephesinmque

58 1115 159 1152 synodi
170 1116 415 1150 oppugnationem,
430 1116 482 1142 tria
501 1116 559 1143 haec
581 1123 646 1143 sane
669 1117 851 1151 gravissima:

56 1161 136 1196 quod
161 1161 293 1196 Cyrillum
327 1162 526 1189 contumeliose
553 1162 753 1196 appellaverit;
779 1163 854 1197 quod

56 1208 184 1244 ejusdem
198 1208 353 1235 doctrinam
365 1208 440 1234 velut
463 1208 585 1242 impiam,
602 1212 630 1235 et
650 1209 756 1236 tradita:
770 1217 785 1236 a
802 1210 853 1236 Pa-

59 1252 153 1279 tribus
168 1252 229 1279 ﬁdei
247 1258 412 1286 pugnantem
428 1253 599 1286 traduxerit;
615 1253 699 1287 quod,
718 1262 780 1280 cum
800 1254 853 1290 Cy-

58 1297 125 1324 riilo
147 1297 361 1329 contradiceret,
380 1304 459 1324 reum
472 1305 500 1324 se
514 1298 705 1326 consensionis
719 1307 782 1326 cum
798 1299 853 1326 Ne.-

57 1342 146 1369 storio
163 1342 326 1377 prodiderit.

94 1388 218 1414 Primum
241 1396 274 1414 ex
288 1396 322 1415 eo
337 1388 545 1421 conﬁciebatur,
561 1390 634 1424 quod
646 1398 661 1417 a
676 1390 851 1419 Thcodoreto

57 1434 176 1469 Cyrillus
193 1434 285 1461 dictus
295 1434 331 1461 sit
341 1435 364 1450 "‘
379 1444 387 1460 ι
405 1435 499 1467 miser,
517 1443 646 1470 nequam,
671 1437 783 1475 impius,
808 1438 852 1464 in-

58 1479 150 1510 vidus,
165 1478 323 1511 haereticus,
336 1479 527 1512 antichristus,
536 1481 544 1490 '
557 1481 853 1515 Theomachus,Theo-

56 1524 195 1559 paschita,
213 1524 313 1551 Asterii
332 1525 419 1552 ariani
431 1526 593 1561 discipulus,
610 1527 771 1561 Apollinarii
784 1537 849 1563 pro-

55 1569 110 1601 les,
123 1570 209 1604 pestis
223 1570 361 1602 Ecclesize,
382 1575 479 1598 auctor
496 1573 662 1600 tumultuum
676 1574 751 1601 orbis
765 1579 850 1602 terra-

56 1623 132 1644 rum.
148 1626 157 1641 ι

97 1663 226 1690 Alterum
245 1662 308 1690 inde
331 1663 506 1690 manifestum
522 1665 677 1697 videbatur,
694 1667 768 1701 quod
797 1668 850 1704 Cy—

57 1708 116 1735 rilli
132 1708 288 1735 doctrinam
318 1710 469 1736 nominarit
491 1710 513 1725 ⁹⁹
533 1719 542 1735 t
564 1711 755 1739 haereticorum
778 1714 851 1740 ziza-

57 1754 168 1781 niorum
188 1754 322 1788 germina,
340 1754 502 1789 Apollinarii
531 1758 726 1791 propaginem,
749 1759 850 1786 Asterii

55 1798 244 1833 disciplinam,
260 1799 459 1834 blasphemiam
475 1801 534 1828 Arii
551 1806 579 1828 et
601 1803 739 1835 Eunomii,
753 1805 851 1832 Valen-

57 1845 121 1877 tini,
133 1846 249 1873 Manetis
258 1851 287 1873 et
301 1847 446 1875 Marcionis
461 1848 608 1874 insaniam.
627 1858 636 1873 ι

91 1891 264 1919 Postremum
279 1900 314 1919 ex
336 1900 368 1919 eo
389 1893 532 1920 constabat
552 1894 637 1928 quod,
655 1902 716 1921 cum
735 1895 849 1923 hmresis

56 1937 179 1964 Nestorii
197 1937 240 1964 his
252 1943 370 1972 quatuor
384 1939 500 1965 maxime
524 1940 670 1966 sententiis
691 1941 849 1967 continere—

56 1988 103 2009 tur
116 1991 123 2008 :
138 1983 219 2009 beata
234 1983 315 2018 Virgo
329 1991 384 2010 non
400 1984 485 2010 Deum
500 1985 604 2019 genuit,
619 1985 666 2012 sed
680 1986 820 2014 hominem
834 1995 848 2014 a

55 2029 114 2055 Deo
124 2027 240 2061 factum;
254 2033 360 2056 naturae
372 2029 399 2055 in
409 2028 520 2056 Christo
529 2030 590 2057 duae
602 2031 659 2058 sola
671 2031 750 2066 243
759 2032 848 2066 σχέσει

56 2075 281 2109 coniunguntur;
295 2075 365 2101 alius
378 2079 437 2106 est,
458 2076 502 2102 cui
521 2076 641 2104 humiles
661 2084 753 2108 voces,
777 2078 848 2105 alius

56 2121 101 2147 cui
114 2120 402 2153 divinae-tribuuntur;
416 2121 489 2148 Deus
500 2129 555 2148 non
566 2126 608 2149 est
621 2130 735 2156 passus:
752 2130 847 2150 carum

57 2165 181 2193 omnium
202 2166 401 2192 sententiarum
419 2166 609 2194 Theodoretus
623 2167 804 2201 protcssorem
819 2176 846 2195 se

907 932 1103 967 objiccrentur,
1123 933 1337 968 incogitantiam.
1355 934 1497 967 Quomodo
1509 936 1582 963 enim
1603 936 1693 964 Thco-

905 978 1028 1010 doretus,
1042 987 1095 1013 qua
1109 983 1168 1006 erat
1189 979 1376 1014 intelligentia:
1400 981 1441 1012 vi,
1459 983 1614 1016 perspicere
1638 991 1693 1010 non

905 1023 1005 1057 potuit.
1019 1030 1080 1057 qua:
1090 1027 1164 1051 esset
1176 1024 1305 1052 Ecclesia:
1322 1024 1400 1058 ﬁdes,
1414 1034 1551 1061 quamque
1574 1035 1694 1056 consona

906 1068 967 1095 ﬁdei
982 1068 1074 1104 Cyrilii
1092 1070 1245 1103 sententia,
1269 1070 1410 1098 dissonum
1435 1072 1554 1099 Nestorii
1575 1073 1695 1108 dogma?

904 1114 1048 1147 Quomodo
1060 1115 1163 1149 pariter
1188 1120 1335 1150 cxcerptor
1358 1124 1390 1143 ca
1403 1118 1519 1151 protulit
1539 1126 1573 1144 ex
1594 1118 1695 1145 litteris

905 1159 1072 1187 Theodoreti
1090 1160 1123 1186 ad
1148 1161 1325 1193 monasteria,
1344 1162 1422 1196 queis
1447 1170 1496 1196 per
1519 1170 1641 1190 errorem
1661 1172 1694 1190 ca

905 1204 1067 1231 tribuuntur
1095 1204 1211 1239 Cyrillo,
1241 1205 1342 1240 quibus
1373 1206 1563 1234 contradicere
1590 1207 1694 1234 nullius

903 1253 963 1276 erat
985 1249 1111 1284 negotii?
1127 1250 1197 1276 adeo
1216 1254 1281 1277 sunt
1303 1251 1413 1278 infanda
1430 1251 1510 1278 simul
1528 1256 1555 1279 ct
1568 1261 1583 1280 a
1597 1252 1693 1288 Cyrilli

903 1298 995 1321 mente
1007 1295 1106 1322 aliena.

940 1346 997 1373 XII.
1013 1347 1175 1381 Priusquam
1188 1347 1336 1374 haberetur
1351 1353 1425 1375 sexta
1438 1349 1557 1381 collatio,
1573 1358 1626 1384 qua
1639 1350 1692 1378 ibat

903 1399 984 1418 causa
1009 1392 1117 1426 cognita
1136 1397 1187 1424 est,
1213 1392 1327 1426 Vigilins
1346 1401 1408 1419 cum
1432 1394 1536 1428 synodo
1558 1395 1692 1423 interesse

903 1437 1047 1469 noluisset,
1063 1437 1219 1464 Justiniano
1239 1437 1313 1464 misit
1331 1437 1518 1470 Conslitutum,
1536 1447 1590 1474 quo
1605 1440 1694 1468 inter-

905 1488 1019 1518 rogatus
1035 1483 1069 1510 de
1087 1483 1175 1510 tribus
1187 1484 1315 1518 capitulis
1335 1492 1494 1518 responsum
1507 1485 1593 1512 dedit.

940 1528 1157 1563 [nterrogavcrat
1180 1529 1330 1563 imperator
1347 1529 1520 1564 pontiﬁcem,
1546 1531 1611 1565 quid
1629 1539 1689 1559 scn-

904 1573 968 1600 tiret
990 1573 1023 1600 de
1049 1573 1246 1607 quaestionibus
1274 1574 1423 1607 propositis
1448 1583 1453 1600 :
1477 1575 1692 1610 interrogaverat

903 1624 968 1643 vero
983 1624 1052 1650 pene
1070 1617 1183 1644 tortoris
1211 1617 1238 1644 in
1259 1617 1369 1644 modum
1387 1627 1393 1644 :
1410 1626 1471 1645 nam
1496 1627 1558 1646 cum
1574 1620 1692 1647 misisset

902 1662 1005 1688 homini
1033 1662 1140 1689 inﬁrma
1168 1663 1324 1690 valetudine
1348 1664 1448 1690 aillicto
1474 1665 1576 1699 grande
1600 1665 1691 1699 potius

901 1708 1029 1734 volumen
1045 1715 1126 1742 quam
1139 1708 1397 1739 commonitorium,
1417 1717 1471 1736 non
1490 1710 1637 1744 ampliores
1656 1711 1690 1738 ad

902 1753 1124 1787 respondendum
1138 1754 1273 1786 inducias,
1288 1763 1370 1789 quam
1387 1755 1483 1790 viginti
1496 1755 1602 1783 dierum
1621 1765 1689 1784 con--

901 1799 993 1825 cessit.
1018 1799 1171 1833 Respondit
1194 1805 1284 1827 tamen
1302 1800 1427 1835 Vigilius,
1448 1809 1501 1836 qua
1519 1802 1624 1829 ratione
1643 1803 1691 1829 dc-

901 1844 980 1871 ccbat
993 1845 1066 1872 sedis
1077 1846 1233 1880 apostolicae
1255 1847 1397 1881 praesulem
1415 1856 1420 1873 :
1433 1847 1580 1882 siquidem,
1594 1853 1689 1876 coacta

900 1890 1006 1917 scilicet
1021 1891 1168 1926 auditaque
1186 1899 1299 1918 suorum
1310 1893 1414 1927 synodo
1424 1913 1430 1924 ,
1447 1894 1617 1928 prtescripsit
1630 1894 1688 1928 ι)τί-

901 1944 974 1962 mum
994 1936 1067 1971 leges
1090 1937 1248 1972 inquirendi
1265 1938 1300 1965 de
1322 1938 1410 1965 tribus
1425 1939 1563 1973 capitulis.
1585 1940 1688 1968 Deinde

901 1981 927 2008 id
948 1981 1020 2016 quod
1035 1986 1200 2016 prtepostere
1215 1989 1246 2009 ac
1265 1990 1394 2016 perverse
1415 1982 1449 2009 de
1475 1983 1528 2009 ﬁde
1543 1991 1557 2009 a
1575 1983 1690 2019 singulis

899 2027 1005 2058 tribus,
1025 2035 1142 2062 quorum
1166 2035 1248 2054 causa
1273 2027 1414 2062 agebatur,
1430 2028 1478 2055 sed
1507 2036 1521 2055 a
1543 2028 1688 2055 Theodoro

899 2073 1050 2108 praesertim
1065 2077 1094 2100 et
1104 2073 1277 2100 Thcodoreto
1290 2072 1371 2108 244
1391 2073 1522 2108 scriptum
1537 2073 1686 2104 ferebatur.

899 2118 990 2145 inusta
1005 2125 1127 2145 censurae
1153 2122 1217 2144 nota
1248 2117 1420 2152 proscripsit,
1446 2118 1571 2152 personis
1597 2123 1686 2145 tamen

899 2163 1018 2191 intactis.
1035 2163 1126 2190 Edixit
1140 2164 1258 2198 denique
1272 2163 1401 2198 graviter,
1416 2163 1610 2190 interminatus
1621 2164 1685 2190 ahs~

56 2212 205 2246 ῃι-εεειίιὶι,
224 2219 287 2239 cum
309 2211 440 2248 Cyrillum
470 2213 585 2248 singulis
613 2213 846 2242 contradicente",
864 2217 886 2244 ι)
903 2209 1063 2241 tentionem,
1090 2217 1124 2236 nc
1146 2209 1208 2243 quis
1229 2209 1409 2235 ecclesiastici
1430 2209 1535 2236 ordinis
1557 2210 1638 2236 aliter
1651 2209 1685 2236 de

56 2257 167 2292 arguit,
196 2257 466 2292 contradicentisque
490 2258 641 2285 sententias
671 2259 847 2293 reprehendit

57 2303 131 2329 velut
142 2301 225 2329 falsas
236 2307 317 2337 atque
326 2303 408 2330 etiam
422 2303 575 2330 haereticas.
585 2304 773 2338 lteprehendit
781 2313 844 2332 vero

59 2349 115 2375 haec
142 2347 363 2375 anathematisml
382 2348 464 2383 primi
492 2349 577 2376 verba
597 2358 603 2376 :
624 2359 632 2375 ι
652 2350 735 2385 Virgo
752 2356 844 2378 sancta

57 2393 152 2428 genuit
168 2393 315 2420 carnaliter
325 2393 445 2420 Verbum
454 2394 577 2421 divinum
591 2403 699 2422 carnem
714 2395 840 2422 factum.»

55 2438 110 2466 ista
131 2439 246 2466 secundi
263 2448 270 2465 ε
292 2449 301 2464 ι
318 2438 400 2466 Carni
417 2441 568 2467 secundum
586 2441 766 2468 substantiam
785 2441 847 2468 uni-

55 2488 116 2511 tum
138 2488 182 2510 est
204 2484 325 2511 Verbum
351 2485 486 2512 divinum.
506 2495 515 2511 ι
533 2485 596 2513 Haec
624 2487 705 2513 etiam
731 2487 844 2521 quarti:

59 2539 69 2554 ι
88 2529 118 2556 Si
131 2529 195 2564 quis
209 2530 332 2564 personis
345 2530 452 2557 duabus
465 2531 522 2558 sive
539 2531 724 2558 subsistentiis
740 2531 846 2566 disper-

56 2575 107 2601 tiat
131 2581 224 2606 voces,
241 2582 302 2609 qua;
315 2578 380 2602 sunt
404 2575 431 2602 in
444 2575 609 2610 Evangeliis,
632 2576 674 2602 vel
691 2576 848 2610 apostolicis

56 2618 219 2654 Scripturis,
240 2627 356 2655 quaeque
371 2621 441 2648 vela
454 2621 556 2648 sanctis
568 2621 602 2648 de
620 2620 730 2648 Christo
749 2621 847 2648 dicun-

57 2670 114 2697 tur,
132 2665 176 2692 vel
198 2665 233 2692 ab
254 2666 314 2700 ipso
330 2665 364 2693 de
373 2666 475 2701 seipso,
497 2670 524 2693 et
550 2666 600 2693 has
615 2667 727 2701 quidem
751 2670 780 2693 ut
799 2667 848 2693 ho-

57 2711 137 2743 mini,
150 2710 199 2746 qui
213 2715 313 2747 praeter
327 2711 448 2740 Verbum
470 2712 584 2739 seorsim
599 2712 777 2747 intelligatur,
798 2712 846 2739 de-

900 2264 928 2282 re
942 2259 1008 2286 tota,
1021 2263 1100 2289 quam
1117 2255 1185 2289 ipse,
1200 2259 1340 2281 statueret.

932 2301 1001 2327 Xlll.
1016 2299 1093 2333 Quod
1115 2300 1147 2326 ad
1165 2299 1367 2326 Theodorctum
1386 2300 1546 2327 nominatim
1569 2304 1683 2334 spectat,

899 2346 1040 2381 respondit
1056 2345 1176 2380 pontifex
1201 2345 1341 2372 innoxium
1362 2345 1436 2372 illum
1448 2345 1554 2372 censeri
1571 2345 1683 2377 dcbcrc,

897 2393 998 2428 quippe
1013 2399 1095 2426 quem
1115 2395 1207 2418 sancta
1230 2390 1351 2425 synodus
1368 2391 1527 2425 recepisset,
1552 2399 1684 2425 suamque

899 2444 960 2473 post
971 2439 1107 2473 ejnratnm
1119 2436 1275 2464 NestOrinm
1289 2443 1351 2463 cum
1367 2435 1424 2463 suis
1441 2436 1576 2471 dogmatis
1590 2436 1684 2463 sedem

898 2485 999 2512 habere
1026 2483 1174 2514 voluisset;
1201 2489 1251 2509 nec
1272 2482 1299 2508 in
1322 2490 1356 2509 eo
1372 2481 1522 2516 quidquam
1547 2481 1682 2517 synodum

897 2529 1086 2564 imprudenter
1099 2528 1205 2559 fecisse,
1222 2527 1356 2561 siquidem
1376 2527 1480 2554 imitata
1504 2527 1539 2554 sit
1553 2527 1683 2562 Cyrillum

896 2574 953 2608 qui,
965 2573 1030 2600 dum
1047 2581 1098 2607 pax
1112 2572 1238 2603 iniretur,
1250 2571 1365 2607 injurias
1379 2571 1431 2598 sibi
1447 2572 1682 2606 contumeliasque

897 2620 984 2647 illatas
1002 2618 1176 2645 Thcodoreto
1192 2617 1228 2644 ita
1243 2616 1419 2648 condonavit,
1432 2621 1473 2647 ut,
1488 2625 1548 2652 quae
1560 2617 1684 2652 Scripsisa

896 2670 947 2696 set,
964 2673 1018 2691 non
1029 2663 1139 2698 petierit
1158 2662 1271 2689 aboleri.
1288 2662 1345 2689 lloc
1360 2669 1492 2696 responso
1508 2662 1630 2697 pontifex
1647 2661 1684 2688 fr-

896 2711 933 2738 cit
945 2711 1013 2737 satis
1027 2709 1167 2744 prioribus
1185 2707 1292 2735 duobus
1310 2706 1484 2735 Thcodoreto
1504 2707 1628 2743 objectis.
1648 2708 1684 2736 tle

746 2788 902 2817 SCliULZII
922 2787 1034 2816 ΝΟΤᾹῚ.
1092 2790 1094 2805 ‘

86 2861 109 2875 "
127 2860 154 2886 in
176 2864 258 2895 epist.
277 2859 310 2886 ad
333 2859 509 2887 monasteria.
547 2859 569 2874 ’θ
584 2857 650 2885 ibid.
