1967 3047
302 167 352 199 195

862 163 1048 194 GARNERII
1069 162 1317 192 DlSSERTATlO
1339 164 1363 193 Ι.

1875 165 1932 196 106

299 229 390 256 tertio,
403 229 457 256 quo
472 221 628 248 continetur
649 219 793 246 consensio
807 227 869 246 cum
894 220 1031 250 Nestorio,
1054 219 1081 246 id
1097 223 1118 249 Λ
1133 219 1233 251 clesim,
1251 219 1296 253 qui
1321 219 1453 245 unitatem
1479 217 1631 245 secundum
1651 217 1860 245 subsistentiam
1878 220 1931 246 Dei

298 266 364 301 egit,
382 265 455 300 quod
467 265 606 291 doctorem
618 263 746 290 Ecclesia:
759 263 873 290 decebat
889 273 894 290 :
911 264 1085 291 anathemate

298 310 415 346 perculit
440 310 466 336 in
489 316 587 344 genere
615 308 750 343 quidquid
775 308 889 335 haberet
918 309 1085 335 Nestoriana:

299 355 410 382 haeresis
436 356 478 381 vel
504 354 640 388 speciem;
656 357 713 380 tum
731 353 757 379 in
778 353 948 387 particulari,
970 353 1084 380 anathe-

298 400 432 427 matismis
445 400 568 434 quinque
587 402 717 432 excerpta
732 398 845 425 totidem
867 406 900 425 ex
918 398 1084 426 Theodoreti

297 445 374 471 libris
392 445 541 471 damnavit.

333 491 359 517 1.
377 500 386 516 ‹
405 490 433 518 Si
449 490 511 524 quis
524 493 629 517 servata
644 488 906 516 inconvertibilitate
922 494 1027 516 natum
1041 488 1084 516 di—

297 536 378 567 vinae,
394 543 448 562 non
464 534 611 562 conﬁtetur
625 535 742 562 Verbum
759 542 870 561 carnem
886 534 998 567 factum,
1011 539 1038 561 et
1050 542 1085 562 ex

296 581 355 615 ipsa
373 581 550 614 conceptione
565 580 598 606 de
610 585 688 607 utero
702 579 821 614 Virginis
837 580 963 607 humana:
979 584 1084 607 natura:

295 626 347 653 sibi
363 625 514 652 secundum
537 624 741 651 subsistentiam
767 624 859 650 unisse
877 624 1020 659 principia,
1035 624 1084 652 sed

297 674 424 704 tanquam
449 676 510 696 cum
531 670 678 696 exsistente
701 669 756 703 jam
782 668 893 695 homine
916 667 999 696 fuerit
1012 669 1084 696 Deus

297 714 427 745 Verbum,
445 718 474 741 ut
487 721 535 748 per
554 714 605 740 hoc
616 721 670 740 non
687 717 782 739 sancta
801 713 881 747 Virgo
895 721 960 740 vere
976 713 1023 740 Dei
1036 720 1084 748 ge-

295 760 379 786 nitrix
401 767 461 786 esse
483 759 623 790 credatur,
639 758 687 786 sed
713 758 800 785 verbo
815 762 894 785 tenus
918 758 1082 793 appelletur,

295 804 440 831 anathema
454 804 499 830 sit.
518 813 527 828 ι

329 852 338 860 ·
354 850 381 876 2.
396 860 405 875 ι
430 849 459 876 Si
475 849 537 883 quis
549 848 699 875 secundum
721 847 927 875 subsistentiam
950 848 1082 875 unitatem

295 899 456 922 naturarum
474 895 502 922 in
514 895 624 922 Christo
636 894 734 921 factam
751 894 882 928 denegat,
896 894 943 921 sed
959 902 1083 921 seorsum

295 941 436 968 cxsistcnti
449 941 552 968 homini
573 945 703 975 tanquam
721 940 769 966 uni
784 940 920 974 justorum
931 940 1084 968 inhabitare

295 987 380 1014 Deum
398 986 527 1018 Verbum,
551 991 579 1013 et
599 993 655 1013 non
679 985 716 1012 ita
733 986 900 1012 conﬁteatur
922 989 1083 1013 naturarum

294 1031 444 1059 secundum
460 1031 665 1058 subsistentiam
680 1031 826 1063 unitatem,
836 1035 867 1057 ut
879 1031 951 1058 Deus
963 1030 1084 1059 Verbum

294 1084 356 1104 cum
371 1082 510 1112 assumpta
531 1084 623 1109 carne,
638 1084 690 1103 una
708 1076 901 1111 permanserit,
912 1081 1086 1111 permaneat-

294 1131 346 1158 que
360 1123 537 1151 subsistentia
552 1123 608 1150 sive
623 1130 752 1157 persona,
771 1122 918 1150 anathema
934 1122 980 1150 sit.
1002 1132 1010 1148 ι

328 1169 355 1194 5.
380 1177 389 1193 ‹
410 1167 438 1194 Si
455 1167 518 1202 quis
541 1175 622 1194 voces
648 1167 821 1202 evangelicas
832 1170 860 1194 et
871 1166 1038 1201 apostolicas
1056 1166 1082 1194 in

295 1221 349 1240 uno
362 1212 472 1241 Christo
485 1213 520 1239 ita
538 1212 647 1244 dividit,
660 1217 689 1239 ut
706 1213 788 1239 etiam
801 1217 961 1239 naturarum
978 1212 1006 1239 in
1025 1212 1084 1247 ipso

295 1260 435 1287 unitarum
448 1258 611 1285 divisionem
631 1258 798 1289 introducat,
811 1257 956 1284 anathema
973 1258 1019 1284 sit.
1038 1267 1047 1282 ι

329 1305 356 1331 4.
375 1313 383 1329 ε
403 1304 431 1330 Si
449 1303 512 1338 quis
523 1311 607 1330 unum
626 1303 718 1329 Jesuln
735 1301 892 1333 Christum,
911 1309 1008 1329 verum
1025 1302 1083 1334 Dei,

293 1355 322 1377 et
337 1349 465 1376 eumdem
480 1349 569 1384 ipsum
585 1356 681 1376 verum
702 1347 823 1375 hominis
847 1347 958 1380 Filium,
975 1348 1084 1375 t‘uturo-

295 1403 355 1423 rum
372 1395 555 1430 ignorantiam
568 1415 575 1427 ,
603 1399 650 1421 aut
663 1394 717 1420 diei
736 1393 825 1420 ultimi
840 1393 938 1428 judicii
955 1393 1085 1421 habuisse

294 1442 372 1472 dicit.
394 1445 422 1468 et
443 1445 516 1468 tanta
540 1440 612 1467 scire
634 1440 757 1474 potuisse
771 1460 777 1471 ,
794 1444 897 1474 quanta
924 1440 950 1466 ei
977 1439 1083 1471 deitas,

294 1487 372 1522 quasi
381 1486 461 1514 alteri
469 1486 578 1514 cuidam
591 1485 759 1517 inhabitans,
776 1485 926 1518 revelabat,
940 1485 1085 1513 anathema

299 1532 344 1558 sit.
359 1541 367 1556 ι

329 1576 356 1603 5.
377 1585 385 1600 ι
397 1575 424 1602 Si
437 1575 499 1609 quis
513 1574 580 1602 illud
594 1574 730 1608 Apostoli,
741 1573 814 1608 quod
829 1579 871 1601 est
883 1575 909 1601 in
920 1573 1039 1608 Epistola
1048 1573 1082 1601 ad

293 1621 433 1652 llebrzeos,
458 1620 572 1652 dictum,
597 1619 667 1655 quod
692 1620 871 1654 experimento
890 1620 1008 1654 cognovit
1026 1618 1084 1645 obc-

293 1665 431 1697 dientiam,
444 1668 537 1690 etcum
549 1663 665 1690 clamore
676 1664 737 1698 {arti
752 1667 776 1690 et
790 1663 913 1698 lacrymis
922 1671 1009 1698 preces
1022 1671 1084 1698 sup-

294 1710 499 1745 plicationesque
515 1707 609 1735 obtulit
627 1708 662 1735 ad
689 1708 775 1734 Deum
787 1727 795 1740 ,
816 1708 861 1742 qui
886 1707 989 1734 salvum
1007 1707 1084 1734 illum

295 1758 380 1790 posset
407 1754 492 1788 facere
515 1762 531 1780 α
555 1757 638 1780 morte
662 1757 695 1784 1,
723 1757 852 1787 tanquam
884 1752 960 1780 nudo
982 1753 1084 1780 deitatc

295 1799 405 1826 Christo
428 1799 574 1833 deputans,
592 1799 638 1833 qui
658 1799 799 1825 laboribus
816 1798 928 1825 virtutis
947 1799 1086 1833 perfectus

295 1843 341 1876 sit,
365 1849 395 1870 ut
410 1851 444 1870 ex
457 1844 509 1870 hoc
521 1843 591 1870 duos
605 1843 783 1870 introducere
798 1843 934 1875 Christus,
955 1844 997 1871 vel
1016 1843 1086 1871 duos

295 1887 370 1915 ﬁlios
394 1889 531 1920 videatur,
554 1893 582 1916 et
604 1896 660 1915 non
683 1897 768 1915 unum
789 1889 970 1924 eumdemque
998 1889 1087 1917 credit

299 1933 442 1961 Christum
459 1934 508 1961 Dei
522 1938 551 1961 et
575 1934 695 1961 hominis
716 1934 825 1966 Filium,
840 1943 874 1962 ex
887 1935 994 1962 duabus
1007 1939 1036 1962 et
1057 1935 1086 1962 in

303 1980 412 2008 duabus
424 1980 531 2007 naturis
543 1980 776 2015 inseparabilibus
793 1981 974 2016 indivisisque
998 1981 1086 2008 conli-

297 2025 409 2053 tendum
422 2029 503 2060 atque
512 2026 692 2058 adorandum,
704 2027 849 2054 anathema
860 2027 922 2054 sit.»

333 2072 413 2108 245
429 2072 580 2100 Collatione
595 2078 732 2108 postrema
742 2073 846 2104 Patres,
865 2078 926 2108 post
936 2074 1087 2108 expositam

299 2122 438 2153 gestorum
471 2119 583 2151 seriem,
613 2123 763 2146 sanxerunt
786 2126 908 2146 canones
935 2119 1086 2152 tredecim,

299 2171 416 2198 quorum
430 2163 555 2190 decimus
574 2164 673 2191 tertius
686 2165 818 2192 adversus
832 2164 1035 2192 Theodoretum
1050 2166 1088 2193 ita

1137 263 1218 290 Verbi
1231 263 1264 290 ad
1275 271 1386 290 carnem
1406 262 1583 295 conﬁtentur,
1596 267 1625 289 et
1638 270 1693 289 non
1709 263 1932 291 anathematitat

1135 319 1167 338 ea
1184 316 1212 338 et
1231 319 1288 343 eos,
1310 311 1356 346 qui
1381 311 1482 337 similia
1496 310 1540 337 his
1560 314 1712 344 sapuerunt
1727 310 1769 337 vel
1789 310 1904 345 sapiunt
1922 321 1928 337 :

1135 356 1248 390 insuper
1261 360 1351 383 autem
1363 360 1389 382 et
1403 362 1508 387 omnes,
1523 354 1570 389 qui
1583 354 1753 389 seripscrunt
1771 360 1867 381 contra
1881 363 1931 382 re-

1135 406 1206 428 ctam
1220 401 1299 428 ﬁdem
1316 406 1343 428 et
1360 405 1483 428 sanctum
1495 399 1637 435 Cyrillum,
1652 404 1680 426 et
1703 399 1848 426 duodecim
1867 401 1931 435 ejus

1135 447 1265 482 capitula,
1281 452 1308 474 et
1320 455 1406 481 usque
1419 446 1453 474 ad
1464 450 1580 473 mortem
1601 445 1629 472 in
1642 445 1687 472 tali
1706 445 1847 480 impietate
1862 453 1930 480 per-

1135 497 1306 524 manserunt,
1321 493 1382 520 talis
1392 493 1536 519 anathema
1549 491 1595 519 sit.
1608 501 1616 517 ι

1169 539 1238 565 XIV.
1253 538 1341 573 Opera
1357 538 1412 565 duo
1431 542 1532 572 przeter
1543 537 1673 572 epistolas
1688 541 1717 564 et
1742 537 1930 564 allocutiones

1135 588 1293 619 tanguntur.
1312 584 1495 618 πενταλόγιον,
1510 587 1537 610 et
1563 583 1855 610 anathetnatismorum
1875 583 1930 618 Cy-

1135 629 1189 656 rilli
1217 629 1405 664 reprehensio.
1423 629 1453 656 ln
1480 629 1526 656 illo
1543 634 1638 656 contra
1665 633 1767 656 rectam
1793 629 1877 656 ﬁdem
1899 634 1930 657 et

1134 675 1299 710 Ephesinam
1328 675 1463 710 synodum
1488 674 1652 701 Theodorus
1673 678 1701 700 et
1725 675 1861 702 Diodorus
1876 675 1928 702 de-

1135 721 1295 748 fenduntur.
1311 721 1339 748 In
1356 721 1407 747 hac
1425 721 1741 756 impugnaturCyrillus.
1762 721 1790 747 ln
1808 726 1928 755 utroque

1133 766 1253 794 Nestorii
1273 771 1366 801 partes
1388 766 1530 801 juvantur;
1547 771 1695 801 utrumque
1713 774 1775 793 cum
1799 767 1928 800 epistolis

1134 815 1162 839 et
1175 811 1388 839 allocutionibus
1406 811 1579 838 anathemate
1603 811 1719 844 feritur;
1744 811 1791 838 sed
1805 819 1927 846 persona

1135 857 1300 885 Theodoreti
1310 858 1426 889 intacta,
1443 858 1543 892 quippe
1553 865 1634 892 quem
1647 866 1662 884 a
1672 857 1815 884 latrocinio
1827 857 1926 891 Ephe-

1135 901 1195 928 sino
1208 902 1374 936 depositum,
1390 910 1405 929 a
1416 902 1507 929 Leone
1523 902 1618 937 Magno
1636 902 1805 933 restitutum,
1819 909 1833 928 a
1843 901 1927 929 Chal-

1134 948 1283 975 cedonensi
1295 947 1413 974 concilio
1430 951 1581 982 receptant.
1601 947 1634 974 ab
1645 947 1768 974 Ecclesia
1787 947 1925 974 orthodo-

1134 1001 1199 1020 xum
1219 993 1396 1028 appellatum,
1409 993 1483 1020 sedis
1502 992 1658 1027 apostolicae
1677 992 1838 1024 auctoritas,
1857 1000 1925 1020 san—

1140 1040 1221 1067 ctitas
1241 1039 1366 1066 maximae
1385 1039 1480 1074 synodi
1492 1059 1499 1070 ,
1519 1044 1600 1065 recta:
1619 1038 1682 1065 ﬁdei
1701 1039 1855 1068 confessio,
1871 1039 1926 1066 Ne-

1135 1084 1213 1112 storii
1231 1084 1381 1116 damnatio,
1396 1084 1506 1118 vitaque
1521 1086 1615 1110 sancto
1631 1084 1684 1110 line
1703 1083 1809 1115 clausa,
1825 1084 1925 1111 tueba-

1135 1134 1190 1158 tur.

1432 1185 1545 1213 CAPUT
1561 1185 1619 1212 XX.

1135 1233 1156 1260 l.
1173 1232 1237 1265 Quis
1260 1236 1316 1267 post
1337 1232 1458 1267 quintam
1475 1231 1603 1267 synodum
1618 1230 1743 1267 Ecclesite
1767 1238 1870 1267 senats.
1889 1230 1924 1259 ιι.

1169 1268 1210 1294 An
1229 1265 1451 1302 Vigilius'scripto
1462 1265 1590 1302 synodum
1602 1266 1764 1302 probaverit.
1775 1265 1820 1302 lll.
1839 1265 1926 1302 Upiet

1170 1300 1276 1338 quando
1292 1302 1427 1336 defunctus
1443 1300 1487 1338 sit.
1507 1300 1686 1338 lV._Pcl_agius
1699 1301 1714 1327 I
1728 1301 1840 1327 schiama
1854 1300 1925 1336 Illy-

1171 1335 1285 1363 ricorum
1303 1335 1415 1363 conatur
1431 1335 1533 1362 tollere.
1553 1335 1582 1362 V.
1594 1335 1732 1363 Conantur
1750 1339 1774 1361 et
1793 1339 1845 1362 tres
1860 1343 1925 1362 con-

1166 1375 1302 1407 sequentes
1316 1370 1461 1407 pontiﬁces.
1477 1371 1519 1397 Vl.
1536 1370 1601 1407 lieni
1618 1378 1714 1407 magna
1729 1377 1760 1396 ea:
1775 1375 1849 1407 parte
1863 1379 1925 1407 per-

1170 1403 1221 1441 egit
1243 1403 1529 1441 GregoriusMagnus.
1551 1405 1606 1432 VII.
1625 1403 1751 1439 Epilogus
1775 1403 1868 1431 totius'
1883 1406 1926 1432 hi-

1170 1442 1272 1468 storitt.

1171 1487 1192 1514 Ι.
1208 1487 1248 1514 Ita
1270 1494 1299 1515 se
1319 1486 1415 1513 habuit
1433 1485 1600 1513 Theodoreti
1622 1493 1703 1512 causa
1725 1485 1752 1512 in
1769 1485 1864 1520 quinta
1881 1494 1926 1520 sy~

1097 1552 1120 1582 ε
1139 1533 1223 1566 nodo,
1238 1533 1283 1560 cui
1298 1540 1361 1560 mox
1376 1531 1476 1560 Oriens
1496 1539 1622 1566 magnam
1646 1535 1752 1566 partem
1773 1531 1924 1563 consensit,

1137 1579 1267 1606 dissensit
1280 1578 1425 1610 Occidens,
1439 1578 1528 1605 donec
1543 1577 1616 1604 sedis
1628 1577 1784 1612 apostolica:
1790 1576 1925 1612 judicium

1134 1624 1265 1652 innotuit.

1170 1670 1202 1697 ll.
1224 1670 1294 1697 Sunt
1309 1669 1357 1704 qui
1371 1667 1502 1704 Vigilium
1517 1672 1676 1695 constanter
1684 1668 1818 1695 restitisse
1827 1668 1923 1700 velint,

1136 1715 1253 1749 ideoque
1269 1715 1389 1750 ejectum
1410 1715 1438 1742 in
1456 1715 1593 1747 exsilium,
1610 1714 1684 1742 unde
1696 1714 1821 1742 Narsetis
1838 1715 1926 1749 preci-

1135 1760 1187 1788 bus
1204 1765 1348 1788 revoeatus
1364 1761 1416 1792 sit,
1449 1760 1619 1794 Romamque
1646 1759 1736 1787 redire
1763 1760 1923 1794 permissus,

1136 1806 1202 1833 dum
1225 1805 1338 1838 rediret,
1360 1805 1387 1832 in
1403 1805 1497 1833 Sicilia
1518 1805 1574 1833 fato
1593 1805 1772 1832 concesserit.
1787 1805 1858 1832 Sunt
1875 1806 1924 1840 qui

1136 1855 1260 1879 asserant
1287 1851 1404 1878 fractum
1426 1851 1523 1883 malis,
1549 1850 1748 1884 turbarumque
1776 1853 1924 1885 pertuum

1137 1901 1214 1925 sexto
1228 1901 1289 1931 post
1307 1896 1441 1932 synodum
1453 1903 1557 1928 mense,
1574 1895 1751 1923 Constitutum
1770 1902 1924 1926 revocasse,

1137 1946 1166 1968 et
1186 1940 1284 1977 synodi
1304 1940 1493 1967 deﬁnitionem
1511 1940 1651 1974 probasse.
1665 1940 1705 1967 llli
1721 1944 1836 1966 utuntur
1853 1939 1926 1966 Ana-

1137 1987 1214 2015 stasii
1237 1987 1456 2019 Bibliothecarii,
1471 1986 1644 2021 Victorisque
1660 1985 1832 2013 Tunonensis
1847 1986 1923 2013 testi-

1137 2033 1247 2065 monio;
1261 2032 1305 2060 isti
1325 2032 1469 2067 proferunt
1486 2031 1629 2066 epistolam
1646 2031 1654 2046 ¹
1668 2038 1755 2065 nuper
1774 2035 1922 2065 repertam,

1138 2086 1198 2114 quae
1212 2087 1226 2106 a
1244 2078 1341 2114 Vigilio
1361 2078 1423 2105 data
1440 2077 1541 2112 legitur
1559 2077 1594 2104 ad
1609 2076 1775 2112 Eutychium
1790 2077 1867 2104 urbis
1881 2085 1924 2104 re-

1139 2124 1188 2159 gia:
1214 2124 1385 2158 episcopum.
1412 2123 1494 2159 246
1512 2122 1597 2149 Aiunt
1618 2123 1656 2149 illi
1684 2122 1790 2149 nullum
1817 2127 1923 2149 exstare

1139 2173 1292 2196 retractata:
1307 2177 1323 2196 a
1334 2169 1433 2204 Vigilio
1448 2168 1592 2195 sententiae
1605 2167 1762 2202 vestigium,
1782 2168 1877 2195 saltem
1896 2168 1923 2195 in

299 2208 474 2243 conscriptus
495 2213 547 2241 est,
568 2214 598 2236 ut
621 2217 731 2237 omnem
752 2210 839 2245 ipsius
867 2218 977 2238 causam
997 2212 1088 2239 conti-
1103 2217 1127 2245 υ
1140 2215 1327 2242 monumentis
1354 2215 1495 2243 veteribus
1518 2214 1698 2247 indubitatis;
1720 2215 1783 2246 isti,
1809 2215 1923 2249 epistola

299 2258 374 2281 neat.

338 2307 347 2324 ι
371 2298 398 2326 Si
422 2299 494 2333 quis,
512 2300 655 2335 inquiunt,
671 2300 796 2328 defendit
820 2301 905 2336 impia
919 2303 1087 2330 Theodoreti

299 2344 463 2378 conscripta,
482 2353 542 2379 qua:
556 2351 650 2373 contra
666 2351 766 2374 rectam
779 2347 870 2379 Iidem,
879 2353 907 2375 et
921 2353 1018 2376 contra
1032 2349 1088 2383 pri-

301 2395 373 2415 mam
390 2389 556 2425 Ephesinam
568 2395 688 2419 sanctam
704 2393 849 2427 synodum,
860 2398 887 2420 et
903 2398 1027 2421 sanctum
1037 2394 1088 2430 Cy-

301 2434 393 2462 rillum
407 2440 435 2462 et
448 2435 592 2464 duodecim
611 2438 671 2472 ejus
685 2439 814 2473 capitula,
832 2440 968 2474 exposuit,
986 2445 1014 2468 et
1030 2450 1086 2468 oru-

300 2480 357 2511 nia,
368 2488 428 2515 qua:
439 2482 601 2516 conscripsit
615 2490 665 2517 pro
681 2483 826 2511 Theodoro
840 2488 869 2511 et
892 2485 1018 2513 Nestorio
1036 2487 1088 2514 im-

301 2524 365 2558 piis,
378 2529 405 2551 et
419 2532 469 2559 pro
480 2526 550 2558 aliis,
569 2527 616 2561 qui
638 2528 733 2556 eadem
747 2529 885 2564 praedictis
901 2530 1047 2558 Theodoro
1061 2537 1089 2559 et

301 2570 428 2598 Nestorio
438 2576 600 2606 sapueruut,
613 2573 763 2602 defendens
780 2583 827 2602 eos
842 2579 870 2602 et
884 2583 980 2603 eorum
991 2576 1089 2612 impie-

303 2619 398 2648 tatem,
413 2621 441 2643 et
457 2622 570 2652 propter
587 2619 639 2646 hoc
662 2620 760 2654 impios
775 2629 875 2648 vocans
890 2622 1017 2650 doctores
1034 2623 1088 2650 Ec-

341 2700 355 2720 !
371 2695 454 2724 llebr.
470 2705 497 2728 v,
514 2698 539 2724 'l.

1140 2267 1201 2294 qua:
1216 2259 1288 2287 dicta
1301 2265 1343 2288 est
1358 2260 1432 2292 l'reti,
1446 2260 1582 2287 allirmant
1592 2260 1689 2287 fecisse
1705 2260 1841 2295 Vigilium,
1853 2261 1924 2295 quod

1141 2305 1286 2340 prudentia
1303 2306 1430 2341 juberet;
1449 2305 1535 2333 aﬁ‘usa
1559 2305 1690 2332 nimirum
1719 2305 1833 2332 salutari
1850 2305 1923 2337 lucc,

1141 2358 1203 2378 cum
1219 2350 1326 2378 videret
1343 2350 1484 2378 Orientem
1501 2351 1528 2376 in
1544 2350 1640 2385 synodi
1655 2349 1842 2376 deﬁnitionem
1863 2358 1925 2376 con-

1140 2397 1254 2428 sentire,
1275 2395 1449 2431 futuramque
1473 2396 1645 2428 scissionem,
1660 2396 1683 2423 si
1700 2395 1834 2423 Occidens
1858 2396 1924 2422 resi-

1142 2445 1238 2474 steret,
1254 2442 1383 2469 maluisse
1400 2442 1440 2469 uti
1464 2442 1590 2477 prudenti
1608 2441 1829 2476 dispensatione,
1853 2441 1923 2476 rigo-

1142 2495 1254 2522 remque
1268 2495 1403 2514 canonum
1412 2487 1562 2519 inﬂectere,
1569 2495 1650 2522 quam
1659 2487 1789 2514 Ecclesiae
1797 2487 1924 2514 unitatem

1141 2532 1277 2560 scindere.

1178 2578 1207 2605 In
1223 2578 1274 2606 hac
1287 2579 1449 2614 opinionum
1459 2579 1493 2606 de
1505 2579 1605 2615 Vigilio
1618 2587 1707 2614 pugna
1721 2585 1776 2606 non
1787 2578 1863 2605 facile
1874 2582 1925 2613 est,

1143 2628 1173 2650 ut
1195 2625 1305 2658 quidem
1319 2625 1401 2660 vulgo
1415 2625 1534 2657 videtur,
1554 2625 1614 2652 veri
1635 2629 1743 2660 partem
1762 2628 1839 2650 certo
1852 2630 1925 2650 assc-

987 2767 1143 2796 SCliULle
1163 2769 1278 2797 NOTAE.

339 2821 347 2836 ι
362 2821 561 2865 ξρὶδξηΕχςιθῑ
580 2825 606 2851 in
626 2826 700 2865 Actis
714 2827 1058 2865 synodi‘Coustantinopol.
1076 2830 1147 2863 apud
1167 2829 1263 2861 llard.,
1283 2833 1302 2856 t.
1317 2829 1361 2862 Ill,
1376 2836 1402 2864 p.
1417 2829 1470 2856 215
1483 2836 1571 2863 seqq.,
1585 2834 1612 2857 et
1625 2829 1698 2856 Petr.
1709 2828 1743 2856 de
1758 2829 1854 2862 Marta,
1874 2833 1922 2865 rp-

305 2857 388 2892 pend.
404 2857 436 2884 ad
455 2858 535 2886 Cone.
559 2861 663 2889 sacerd.
683 2867 709 2889 et
728 2857 844 2897 imperii,
864 2871 890 2897 p.
909 2864 961 2890 227
975 2857 1051 2898 seqq.
