1967 3047
93 149 146 182 I‘J'l

677 150 726 181 DE
746 151 875 181 LIBRIS
893 151 1148 184 THEt-iDORETI.

1677 158 1724 190 198

94 205 164 238 qui:
183 211 245 230 nam
269 208 298 230 et
323 203 397 238 quod
423 202 526 230 dicitur
554 203 681 231 exsilium
713 204 863 232 decennale
877 225 885 236 ,
902 208 922 235 Α
938 210 1024 237 motu,
1045 207 1091 240 qui
1115 207 1147 233 ad
1167 207 1234 235 alias
1255 209 1369 244 Europa:
1395 210 1552 244 provincias
1575 211 1619 239 vix
1642 215 1730 247 perti-

93 250 212 277 orunino
232 249 453 276 commentitium
473 253 535 281 est,
562 254 591 277 et
605 249 721 284 epistola
748 250 782 277 ad
803 250 887 285 Euty~

93 294 190 322 chium
204 295 403 329 suppositionis
419 296 427 305 ‘
443 295 600 330 suspicione
612 303 666 322 non
677 300 763 322 caret.
778 295 888 322 L'trnm-

93 349 150 376 que
170 341 411 368 observationibus
421 341 456 369 ad
472 350 488 368 v
503 341 638 377 synodum
648 341 768 368 Liberali
781 341 888 368 brevia-

93 385 139 413 rio
152 385 308 420 subiunctis
316 385 536 413 demonstratum
546 390 588 412 est
599 387 620 411 ¹.

131 431 176 458 III.
195 431 224 458 Id
243 435 334 458 tamen
354 431 491 458 afﬁrmare
509 431 699 458 indubitanter
717 432 793 463 licet,
810 432 885 466 Vigi-

92 476 174 509 Iinm,
195 485 258 504 cum
276 477 390 504 Romam
407 476 526 508 rediret,
541 477 639 504 calculi
655 477 811 504 confectum
835 477 886 504 do-

93 522 204 550 loribus
220 523 248 549 in
264 522 358 550 Sicilia
386 522 490 549 obiisse
508 530 581 549 anno
591 522 653 553 555,
674 529 778 556 suaque
799 526 886 548 morte

93 567 190 595 sedem
207 568 385 602 apostolicam
396 567 516 602 Pelagio,
529 575 590 599 suo,
609 567 675 595 dum
695 567 811 599 viveret,
826 567 886 594 dia-

93 621 176 645 cono,
191 613 345 648 reliquisse.

129 658 176 684 IV.
195 657 320 693 Pelagius
328 665 395 685 vero
412 657 526 685 scissam
542 657 570 684 in
581 662 684 692 partes,
700 662 814 692 propter
833 657 886 684 tria

92 704 231 738 capitula,
261 703 419 730 Occidentis
443 703 594 731 Ecclesiam
619 711 751 730 revocare
769 709 886 730 conatus

92 748 128 777 ad
141 748 328 780 concordiam,
349 757 446 784 parum
462 748 609 775 admodum
626 748 752 782 profecit.
767 748 823 775 lmo
835 756 885 774 nee

92 798 297 828 consequentes
324 793 371 820 alii
403 793 459 820 duo
493 793 638 827 pontiﬁces
666 793 831 819 Benedictus
858 797 885 819 ct

91 840 224 872 Joannes,
239 840 328 866 donec
342 838 611 874 Pelagiussecundus
627 842 732 865 tantum
743 838 882 873 negotiutn

939 256 1038 278 nuerat
1047 260 1053 277 :
1061 251 1209 287 Gregorius
1217 253 1250 280 ad
1259 253 1381 289 Illyricos
1392 255 1540 290 lbcrosque
1550 257 1670 290 scripsit,
1681 260 1728 284 sui

938 295 972 322 ad
989 296 1111 332 Illyricos
1120 298 1209 324 adhuc
1218 298 1351 326 diaconus
1362 305 1388 326 ct
1406 300 1506 335 Pelagii
1523 301 1545 328 II
1558 302 1679 333 non-inc,
1693 302 1728 329 ad

940 340 1164 376 lberospontifex
1182 342 1289 375 factus;
1313 344 1432 378 scripsit,
1453 345 1577 379 inquam,
1597 345 1729 380 epistolas

938 385 1071 413 librorum
1088 387 1183 419 instar,
1192 388 1293 422 quibus
1305 393 1332 415 et
1343 389 1477 424 synodum
1493 390 1616 424 quintam
1630 390 1727 417 defen—

938 429 989 462 dit,
1007 435 1035 457 et
1051 431 1103 457 tria
1126 431 1227 466 capita,
1241 432 1323 459 salvis
1336 433 1502 460 Theodoreti
1524 438 1551 460 et
1567 434 1619 461 Iba:
1634 442 1729 469 perso-

937 475 990 504 nis,
1012 475 1162 508 damnavit,
1180 481 1209 503 et
1223 477 1298 511 pacis
1323 477 1449 506 incunda:
1468 479 1579 505 modum
1601 478 1728 513 praescri-

937 519 1001 554 psit.

974 565 1016 592 Ἣ.
1032 565 1112 593 Juvat
1130 573 1162 593 ex
1175 566 1290 600 epistola
1304 567 1397 601 priore
1412 567 1465 594 huc
1480 568 1638 601 transferre,
1651 569 1725 604 quod

937 611 1021 638 habet
1034 611 1068 638 de
1081 611 1256 639 Theodoreto
1271 621 1276 638 :
1290 617 1476 647 opportunum
1496 614 1569 640 enim
1590 618 1632 641 est
1653 615 1728 648 loco,

938 656 965 682 in
978 664 1033 690 quo
1042 663 1148 689 sutnus,
1164 664 1215 683 nec
1228 657 1338 684 aliunde
1362 658 1461 685 ntelius
1479 658 1550 685 finiri
1574 664 1664 693 potest
1681 660 1726 686 hi-

936 702 1031 734 storia,
1044 710 1126 737 quam
1137 703 1307 737 scripsimus.
1321 714 1329 728 ‹
1344 704 1411 737 Quis
1422 712 1476 731 non
1489 724 1496 736 ,
1514 705 1619 740 inquit,
1636 706 1728 733 videat

936 752 1038 782 quanta
1061 748 1215 774 temeritate
1236 748 1346 782 plenum
1370 749 1415 782 sit,
1434 749 1601 777 Theodoreti
1626 750 1728 785 scripta

936 791 1121 826 superbiendo
1129 791 1287 824 defendere,
1297 801 1358 827 qua:
1369 794 1495 821 eumdem
1506 794 1595 828 ipsutn
1606 800 1727 828 constat,

937 843 1009 865 recta
1027 841 1088 872 post
1102 837 1267 873 proﬁtendo,
1289 838 1449 866 damnasse?
1466 840 1534 866 Dum
1546 848 1611 867 vero
1625 841 1684 875 eius
1699 846 1727 868 et

92 883 211 910 feliciter
230 884 361 918 suscepit,
386 883 459 917 quod
488 890 634 910 successor
653 882 802 917 Gregorius
825 882 882 909 Ma-
900 880 920 907 Β
936 890 1080 918 personam
1098 883 1297 918 recipimus,et
1314 892 1355 915 ea,
1376 893 1436 919 qum
1451 885 1555 912 dudum
1575 885 1725 916 latuerant.

91 937 164 964 gnus
178 930 253 956 omni
271 929 329 957 fere
338 937 371 956 ex
381 933 457 963 parte
468 929 597 956 absolvit.

130 975 162 1002 ν.
182 975 249 1002 Nam
269 983 332 1003 cum
349 975 399 1002 soli
420 974 506 1002 ferme
530 973 628 1009 Illyrici
644 973 811 1008 Hispanique
822 980 885 1007 per-

91 1021 222 1048 tinaciter
258 1021 313 1048 huc
346 1028 433 1055 usque
460 1019 640 1051 restitissent,
663 1019 721 1046 Afri
746 1018 883 1054 siquidem

90 1067 174 1094 facile
185 1071 381 1094 concesserant
394 1067 421 1094 in
437 1071 528 1101 partes
542 1065 651 1101 synodi,
667 1065 777 1093 vivente
794 1064 885 1092 adhuc

92 1112 204 1146 Vigilio,
239 1116 268 1139 et
291 1111 378 1139 Gallia
399 1119 455 1139 non
475 1111 593 1138 multum
627 1117 760 1138 concussa
795 1109 886 1136 fuerat

934 935 1018 962 prava
1035 928 1137 963 scripta
1155 929 1345 963 reprobamus,
1367 929 1394 956 in
1411 930 1487 956 nullo
1507 937 1522 956 a
1541 934 1643 957 sanctae
1661 937 1727 965 syn-

935 973 980 1000 odi
996 973 1103 1001 actione
1115 973 1276 1001 deviamus:
1292 974 1356 1009 quia
1369 975 1426 1001 sola
1441 975 1501 1010 ejus
1511 975 1640 1002 hmrclica
1655 975 1726 1002 seri-

935 1022 982 1052 pta
1004 1021 1177 1052 respuentes,
1191 1022 1219 1045 et
1246 1026 1309 1046 cum
1325 1018 1431 1054 synodo
1455 1019 1546 1046 adhuc
1566 1020 1722 1046 Nestorium

935 1063 1118 1097 insequimur,
1133 1067 1162 1090 et
1171 1071 1234 1091 cum
1252 1063 1355 1100 synodo
1372 1063 1577 1092 Theodoretum
1593 1064 1723 1099 profiten-

938 1113 992 1136 tem
1011 1114 1085 1136 recta
1100 1116 1275 1138 veneramur.
1296 1119 1304 1135 ι

610 1289 1090 1347 DlSSERTATIO
1138 1291 1211 1346 lI.

484 1403 534 1434 DE
553 1403 682 1433 LIBRIS
699 1401 943 1432 THEODORETI
963 1401 1147 1431 CYRENSIS
1163 1402 1341 1432 EPISCOPI.

339 1544 420 1581 247
438 1543 631 1572 PREFATIO.

124 1612 146 1640 I.
164 1611 251 1639 Nemo
275 1611 348 1639 inter
372 1611 492 1644 Graecos,
514 1610 710 1647 Chrysostomo
729 1615 757 1638 ct
781 1610 882 1646 Cyrillo

88 1657 230 1693 exceptis,
257 1658 337 1692 plura
365 1658 510 1692 scripsisse
533 1657 689 1685 censendus
723 1661 766 1684 est
800 1664 882 1692 quam

89 1704 296 1735 'I'beodoretus,
329 1704 352 1731 si
370 1699 504 1739 judicium
519 1704 623 1731 feratur
635 1711 669 1730 ex
685 1703 816 1738 operibus
834 1709 882 1729 ve-

90 1754 196 1781 terum,
212 1757 274 1784 qua:
290 1749 324 1776 ad
336 1757 388 1777 nos
405 1754 601 1784 pervenerunt.
615 1749 753 1776 Feruntur
771 1748 882 1783 quidem

90 1794 219 1822 nonnulli
233 1795 312 1830 plura
328 1795 416 1822 tribus
439 1795 482 1822 bis
503 1795 633 1827 edidisse,
659 1794 705 1821 sed
724 1798 754 1821 ut
766 1794 883 1821 mendax

89 1840 164 1867 fama
187 1847 245 1867 non
272 1839 368 1872 fuerit,
388 1839 463 1874 quod
482 1844 573 1867 tamen
601 1839 734 1874 suspicari
761 1842 813 1871 est,
828 1843 882 1865 tam

90 1885 258 1917 immensos,
284 1886 332 1920 qui
355 1886 514 1920 jactantur,
548 1884 659 1912 codices
681 1885 750 1912 edax
776 1889 883 1919 tempus

89 1931 246 1966 absumpsit
262 1939 268 1957 :
286 1931 330 1958 vix
347 1931 421 1958 enim
438 1930 588 1965 quidquam
604 1930 787 1966 πολυγράφων
806 1931 880 1966 ejus-

90 1976 168 2003 modi
182 1976 324 2003 hominum
341 1980 477 2011 superest,
494 1980 593 2010 praatcr
608 1976 779 2003 memoriam.

127 2032 161 2059 II.
179 2031 345 2060 Theodoreti
365 2039 448 2066 opera
474 2035 675 2058 recensuerunt
692 2035 802 2058 veteres
814 2037 882 2066 qua-

89 2082 166 2109 tuor,
189 2077 381 2105 Theodoretus
401 2078 459 2112 ipse
473 2098 479 2110 ,
503 2077 676 2109 Gennadius,
707 2077 830 2109 Photius,
854 2080 882 2103 et

89 2123 264 2158 Nicephorus
291 2123 422 2151 Callistus
440 2132 446 2150 :
469 2127 667 2151 recensucrunt
686 2124 768 2150 etiam
783 2130 882 2150 recen-

90 2170 176 2197 tiores
192 2169 289 2204 aliqui,
304 2169 492 2201 Hebedsiesn,
505 2169 724 2201 Centuriatores,
736 2168 880 2201 Baronius,

899 1480 935 1487 .—

894 1545 916 1575 c
933 1542 1042 1574 habeat,
1058 1543 1115 1571 sive
1126 1543 1214 1578 quoad
1227 1544 1335 1579 dogma.
1350 1545 1408 1572 sive
1423 1544 1513 1580 quoad
1531 1545 1611 1572 aliam
1625 1554 1722 1581 quam-

933 1588 1002 1616 libet
1033 1589 1196 1618 doctrinam.

974 1634 1085 1666 V.Qu:e
1108 1641 1191 1668 porro
1221 1639 1368 1662 censentur
1392 1643 1486 1670 opera,
1511 1639 1576 1662 sunt
1600 1636 1722 1671 quinque

933 1678 1045 1705 omnino
1056 1686 1186 1713 generum
1203 1688 1209 1705 :
1224 1679 1334 1714 scripsit
1352 1680 1426 1707 enim
1445 1680 1635 1707 Theodoretus
1645 1688 1723 1707 com--

932 1724 1083 1751 mentarios
1093 1724 1120 1750 in
1136 1724 1220 1751 Vetus
1229 1725 1443 1757 Testamentum,
1458 1730 1485 1752 et
1500 1726 1527 1752 in
1541 1733 1638 1752 omnes
1646 1728 1721 1761 Apo-

936 1769 999 1796 stoli
1014 1769 1163 1804 Epistolas.
1179 1769 1308 1798 historias
1319 1771 1396 1803 duas,
1412 1771 1625 1798 ecclesiasticam
1636 1776 1663 1798 et
1680 1779 1723 1799 re-

932 1814 1056 1849 ligiosam
1062 1835 1068 1845 ,
1076 1814 1213 1847 homilias.
1220 1820 1352 1843 tractatus
1360 1817 1538 1851 dogmaticos,
1545 1821 1573 1844 et
1581 1817 1721 1852 epistolas.

968 1860 1012 1887 VI.
1033 1860 1196 1895 Priusquam
1225 1861 1329 1897 singula
1355 1867 1564 1896 pertractentur,
1595 1863 1719 1897 praemit-

933 1906 1016 1932 tenda
1037 1906 1166 1933 videntur
1188 1907 1242 1934 duo
1261 1916 1267 1934 :
1298 1908 1414 1935 alterum
1435 1907 1469 1935 de
1493 1913 1636 1943 tempore.
1666 1917 1721 1943 quo

933 1950 1124 1979 Theodoretus
1135 1952 1213 1985 vixit;
1230 1953 1346 1980 alterum
1360 1953 1425 1987 quid
1441 1953 1475 1980 de
1489 1954 1620 1988 operibus
1630 1954 1717 1981 Theo-

933 1995 1022 2023 doreti
1046 2001 1154 2024 veteres
1180 1997 1312 2032 scriptum
1332 1998 1503 2032 reliquerint.
1521 1998 1627 2027 Valebit
1652 1999 1720 2026 illud

933 2041 966 2068 ad
985 2043 1144 2069 statuendas
1162 2042 1282 2077 epochas
1305 2047 1469 2077 temporum.
1487 2043 1587 2078 quibus
1600 2043 1655 2070 vita
1676 2043 1720 2071 di-

933 2087 1090 2122 stinguitur,
1112 2092 1141 2115 et
1161 2089 1349 2124 unusquisque
1374 2088 1443 2116 liber
1458 2089 1549 2117 editus
1566 2093 1608 2117 est
1626 2098 1632 2115 :
1647 2089 1720 2117 istud

933 2133 966 2160 ad
987 2133 1140 2160 faciendam
1167 2133 1292 2162 dicendis
1316 2134 1414 2167 ﬁdem;
1440 2139 1588 2169 utrumque
1611 2135 1644 2162 ad
1659 2136 1720 2170 opi-

932 2178 1030 2206 niones
1052 2179 1184 2213 quasdam
1211 2179 1362 2214 populares
1385 2180 1576 2207 convellendas
1597 2188 1603 2206 :
1629 2180 1719 2214 magni

90 2216 284 2247 Bellarminus,
301 2215 477 2248 Possevinus,
495 2215 589 2242 Sixtus
606 2215 746 2247 Senensis,
763 2219 791 2242 et
813 2215 879 2247 alii;

938 2224 1006 2250 enim
1021 2225 1152 2251 momenti
1165 2227 1218 2256 est,
1232 2225 1317 2258 probe
1337 2224 1423 2256 scire,
1449 2224 1570 2259 quandiu
1591 2224 1720 2259 Cyrensis

89 2261 137 2289 sed
151 2261 193 2288 his
202 2261 331 2288 omnibus
339 2261 441 2288 eminet
450 2261 568 2288 Iacobus
578 2260 751 2292 Sirmondus,
760 2261 806 2295 qni
818 2268 879 2295 qua:

87 2306 183 2334 Gratcc.
198 2308 312 2341 reperit,
326 2311 444 2341 quatuor
460 2306 541 2334 tomis
551 2306 642 2333 omnia
650 2306 809 2340 complexus
825 2310 877 2333 est.

125 2361 171 2388 III.
185 2361 303 2394 Quintus
316 2369 388 2388 nunc
400 2366 490 2388 tomus
501 2360 612 2388 additur
624 2360 876 2391 velutAuctarium,

88 2415 146 2443 quo
161 2407 340 2434 continentur
361 2407 439 2442 plura
467 2406 509 2432 vel
526 2406 647 2433 nondum
663 2406 736 2432 edita
747 2425 754 2437 ,
768 2405 810 2431 vel
827 2412 878 2432 suo

90 2453 219 2481 restituta
237 2452 363 2480 auctori:
377 2452 516 2479 adduntur
530 2452 612 2478 etiam
631 2451 664 2478 ad
680 2451 801 2486 singulos
820 2450 880 2478 Sir-

88 2498 185 2526 mondi
202 2502 289 2525 tomos
305 2502 333 2525 et
356 2498 388 2524 ad
414 2497 573 2524 Auctarium
601 2496 690 2531 ipsum
708 2496 877 2523 observatio~

89 2551 152 2576 ιω,
169 2552 230 2579 quae
249 2544 365 2570 materia
382 2543 448 2570 huic
459 2542 645 2570 dissertationi
657 2541 790 2577 subjecta.

933 2268 1030 2295 illusus
1046 2268 1130 2295 fuerit
1152 2269 1218 2296 falsa
1235 2269 1293 2296 veri
1315 2269 1418 2304 specie,
1445 2273 1473 2296 et
1492 2277 1553 2304 quze
1565 2289 1573 2302 ,
1594 2269 1719 2304 quandiu

932 2312 1029 2340 illusus
1044 2317 1095 2345 est,
1108 2313 1301 2348 composuerit.

1134 2370 1216 2406 248
1234 2370 1347 2398 CAPUT
1368 2371 1511 2398 PRIMUM.

932 2413 989 2447 Quo
1005 2423 1074 2441 anno
1101 2414 1273 2441 Theadoretus
1282 2416 1476 2476 depiscopatum
1495 2415 1594 2447 inierit,
1620 2420 1644 2442 et
1667 2423 1717 2450 quo

1249 2458 1280 2476 or
1300 2455 1400 2476 mrmte.

1249 2455 1400 2476 ordinante.

964 2505 1039 2532 Inter
1052 2504 1227 2539 quatrendam
1247 2505 1391 2540 epocham,
1402 2513 1462 2540 quae
1475 2506 1563 2532 valeat
1577 2504 1610 2532 ad
1623 2512 1717 2539 quam-

928 2550 998 2577 llbet
1015 2550 1183 2577 Theodoreti
1201 2551 1263 2577 vita:
1282 2555 1384 2585 partem
1396 2558 1447 2577 suo
1462 2551 1578 2585 tempori
1603 2551 1715 2585 alligen-

120 2597 166 2624 IV.
180 2598 210 2625 In
233 2598 472 2626 observationibus
489 2597 672 2633 respondetur
686 2597 720 2624 ad
746 2597 877 2631 quaestio-
928 2595 1000 2627 dam,
1029 2595 1205 2630 episcopatus
1227 2596 1339 2622 memini
1365 2596 1475 2630 potius,
1495 2603 1576 2630 quam
1602 2595 1717 2622 alterius

87 2652 141 2672 nes
153 2649 273 2678 quatuor
295 2645 329 2672 de
351 2651 518 2679 unoquoque
540 2651 624 2678 opere
641 2652 647 2670 :
675 2651 709 2670 an
730 2642 766 2670 sit
783 2643 881 2678 genui-

88 2697 169 2722 num,
180 2690 291 2724 quando
303 2690 418 2722 editum,
432 2698 486 2724 qua
501 2689 535 2717 de
550 2696 642 2720 causa,
652 2688 720 2723 quid
728 2689 880 2716 notandum

929 2643 1118 2678 cujuscunque
1132 2646 1203 2668 notae
1216 2650 1222 2668 :
1237 2642 1367 2676 quoniam
1393 2641 1483 2668 omnia
1507 2649 1567 2676 quae
1583 2641 1718 2676 aliquate~
1740 2642 1741 2645 “

930 2696 983 2714 nus
1001 2688 1141 2723 pertinent
1152 2687 1185 2714 ad
1203 2691 1309 2722 tempus
1324 2695 1378 2722 quo
1398 2687 1589 2715 Thcodoretus
1604 2687 1648 2714 vel
1667 2693 1716 2713 tta-

768 2757 922 2784 SCHULZII
943 2756 1055 2784 ΝΟΤᾸΞ.

125 2817 136 2832 ¹
155 2816 269 2854 anem
285 2816 396 2854 quidem
411 2824 522 2854 operam
538 2816 612 2843 dedit
629 2815 788 2854 Garnerius,
809 2820 838 2842 ut.
853 2815 973 2854 cpistola:
986 2815 1060 2854 illius
1078 2815 1183 2854 voeslatv
1195 2815 1353 2854 _evinccret,
1367 2816 1414 2843 sed
1428 2823 1478 2843 nec
1493 2815 1566 2842 illam
1587 2812 1715 2848 probare,

90 2859 142 2879 nec
158 2850 283 2887 \"gilium
297 2850 332 2879 ab
353 2850 542 2879 inconstantiae
561 2857 587 2878 et
605 2858 716 2878 summa:
734 2851 851 2878 levitatis
874 2850 987 2877 crimine
1000 2850 1116 2877 liberare
1130 2850 1223 2876 valuit.
