1967 3047
255 162 305 196 199

816 157 1003 189 GARNERII
1024 155 1059 186 Β]
1066 156 1269 188 SSERTATIO
1288 159 1328 189 II.

1825 159 1877 191 200

255 224 299 247 tus
310 224 363 251 est,
377 218 421 246 vel
432 217 544 253 dignum
559 216 688 252 quiddam
710 215 899 243 observatione
922 214 988 249 egit,
1007 212 1040 239 ad
1056 213 1077 241 Α
1094 213 1162 240 stola
1175 213 1210 240 ad
1228 214 1407 242 Eutrechium
1421 213 1591 250 praefectum,
1604 214 1676 249 apud
1686 222 1768 249 quem
1778 215 1877 242 eodem

254 263 509 300 episcopatus‘initi
522 270 624 290 annum
644 261 810 293 referuntur,
839 268 873 288 ex
886 266 974 294 eoque
993 266 1041 286 co-

256 309 368 346 gnito,si
385 317 440 336 non
456 308 621 339 indubitata,
634 308 728 335 saltem
745 305 882 342 probabili
895 304 1042 332 admodum

255 356 359 383 ratione
374 355 501 382 concludi
514 359 640 390 possunt.
666 353 791 381 Proderit
813 359 878 378 vero
897 350 1042 386 qumstioni

255 403 320 430 huic
343 403 419 437 quasi
444 401 581 437 primaria:
603 401 716 428 alteram
741 399 820 426 istam
838 397 1004 433 adiungere,
1026 404 1040 423 a

254 455 309 481 quo
324 447 468 473 ordinatus
481 445 517 472 sit
535 453 541 471 τ
561 444 632 471 valet
644 444 717 471 enim
730 447 757 470 et
775 443 832 478 ipsa
856 442 889 469 ad
908 441 1041 469 rationem

254 491 383 526 temporis
399 490 582 517 statuendam.

287 558 302 593 §
320 559 340 586 I.
365 557 421 590 Quo
437 565 507 584 anno
521 556 695 583 Theodoretus
716 555 895 590 episcopatum
909 553 1008 580 inierit.

288 623 309 651 l.
323 623 427 655 Annus,
443 630 524 658 quem
545 621 719 656 inquirimus,
744 628 758 647 a
783 620 892 647 nemine
906 623 1040 650 veterum,

253 678 289 697 ne
312 677 327 696 a
354 669 528 696 Theodoreto
554 665 676 702 quidem,
699 666 811 694 deﬁnite
835 665 982 700 proditur:
1008 672 1042 691 ex

254 715 378 751 epistolis
391 719 481 742 tamen
501 713 671 748 deprehendi
695 716 796 747 potest,
829 712 876 739 sed
893 719 947 738 non
961 710 1014 737 nisi
1027 718 1042 737 a

255 761 373 789 curiosis
391 761 607 796 indagatoribus.
626 759 691 792 Quae
702 759 774 786 enim
789 759 877 793 prima
892 757 982 784 fronte
994 764 1041 784 oc-

255 809 389 837 currunt,
410 805 469 832 lucc
491 805 620 839 quoniam
641 804 772 831 attentius
794 803 966 830 considerata
987 809 1041 828 non

255 857 329 883 sunt,
361 851 515 878 fefellerunt
545 850 692 884 aliquando
717 850 791 884 ipsos
813 849 896 876 etiam
917 847 1041 875 eruditos

255 897 405 924 doctissimi
420 896 565 923 Annalium
580 896 724 930 scriptoris
740 895 846 922 oculos.

291 941 322 966 ll.
342 939 477 966 Baronius
489 939 695 966 Thcodoretum
710 938 839 973 opinatur
863 937 976 973 Cyrensi
992 937 1043 964 Ec-

254 985 344 1013 clesiae
368 985 526 1020 praefectum
554 985 637 1012 fuisse
671 991 742 1011 anno
778 984 840 1011 425.
878 983 1042 1018 Opinionem

255 1031 353 1066 probat
369 1031 410 1058 his
420 1030 542 1066 epistolae
560 1030 593 1056 ad
604 1034 729 1067 sanctum
752 1029 872 1057 Leonem
886 1029 956 1056 datae
981 1037 1043 1056 ver-

255 1076 299 1104 bis
318 1086 323 1103 :
353 1086 362 1102 t
379 1076 433 1103 Sex
454 1080 482 1103 et
504 1075 601 1111 viginti
629 1075 709 1102 annis
728 1075 900 1102 commissam
919 1075 987 1102 mihi
1008 1075 1042 1102 ab

256 1122 448 1149 universorum
469 1121 525 1148 Deo
552 1121 722 1152 Ecclesiam,
749 1128 862 1156 precum
887 1125 1041 1148 vestrarum

254 1168 356 1195 auxilio
373 1175 435 1194 cum
446 1167 574 1199 rexerim,
589 1172 642 1195 etc.
657 1167 665 1182 ¹
681 1177 690 1193 ι
704 1166 818 1194 Constat
831 1167 903 1194 enim
912 1166 1040 1200 scriptam

253 1221 314 1241 esse
323 1214 465 1248 epistolam
475 1213 526 1240 sub
538 1213 618 1240 ﬁnem
632 1213 694 1240 anni
704 1213 765 1244 M9,
775 1221 829 1247 quo
837 1220 908 1239 anno
918 1212 1041 1239 habitum

254 1265 299 1287 est
326 1260 487 1287 latrocinale
506 1259 652 1287 concilium
676 1259 844 1293 Epliesinum
867 1259 912 1286 die
937 1259 970 1285 ‘lO
988 1259 1043 1285 Au-

254 1306 338 1341 gusti.
353 1306 380 1332 in
391 1313 479 1340 eoque
495 1305 686 1332 Theodoretus
705 1312 720 1332 a
736 1305 868 1332 Dioscoro
890 1304 1040 1339 depositus.

255 1351 311 1378 llac
323 1351 356 1378 de
374 1351 473 1386 injuria
487 1351 614 1385 queritur
630 1350 702 1385 apud
720 1358 857 1377 summum
874 1350 1041 1385 pontiﬁcem,

255 1397 330 1424 sedis
354 1397 511 1431 apostolicae
533 1396 667 1432 judicium
685 1397 836 1432 appellans.
857 1396 936 1430 Quod
959 1396 980 1423 si
1009 1404 1042 1423 cx

255 1449 390 1469 annorum
410 1441 461 1469 449
476 1449 582 1469 summa
595 1442 775 1469 detrahantur
790 1442 884 1477 viginti
901 1449 958 1473 sex,
982 1449 1041 1468 om-

256 1488 322 1514 nino
334 1487 432 1522 reliqui
449 1491 530 1514 erunt
556 1487 618 1520 425,
638 1495 693 1522 quo
709 1492 830 1522 tempore
853 1486 1042 1514 Theodoretus

255 1533 402 1569 Cyrenscm
416 1533 565 1561 Ecclesiam
580 1533 726 1569 regendam
738 1533 899 1568 susceperit.

290 1579 332 1606 ιιι.
345 1579 384 1605 lta
400 1578 455 1605 fere
477 1578 611 1605 Baronius
631 1578 794 1606 sententiam
817 1578 960 1605 conﬁrmat
982 1586 1043 1605 ver-

256 1625 299 1652 bis
324 1624 447 1659 cpistolze
472 1624 586 1652 alterius
605 1624 702 1651 eodem
726 1631 798 1651 anno
812 1624 881 1651 data:
896 1625 917 1655 ',
943 1624 1044 1658 quibus

256 1670 329 1705 apud
344 1670 466 1697 Hilarum
480 1669 610 1697 Ecclesia:
624 1669 753 1696 Romanae
780 1669 927 1696 diaconum
946 1668 1043 1696 eadem

258 1715 371 1749 querela
381 1714 559 1749 deploratur:
584 1723 593 1740 ι
605 1714 670 1741 Post
681 1722 729 1742 sex
744 1718 772 1741 et
791 1713 887 1749 viginti
903 1713 1044 1748 episcopa-

257 1766 303 1788 tus
320 1768 417 1793 annos,
434 1765 487 1787 etc.
505 1760 525 1786 ³.
548 1769 556 1785 ι

278 1804 445 1840 ‘Utrumque
465 1805 653 1833 testimonium
679 1805 788 1832 videtur
807 1806 834 1832 in
851 1806 968 1840 speciem
988 1805 1044 1832 cla-

258 1859 337 1884 rum;
353 1855 454 1878 tantam
480 1851 661 1878 nihilominus
696 1851 845 1878 claritatem
863 1851 992 1878 obscurat
1005 1851 1044 1878 lo-

258 1905 308 1924 cus
324 1897 393 1924 alter
406 1897 486 1931 longe
503 1897 605 1924 certior
622 1905 629 1924 :
644 1897 739 1924 scribit
757 1897 829 1924 enim
855 1897 1045 1923 Theodoretus

258 1941 344 1969 Nomo
367 1941 474 1968 consuli
501 1941 527 1968 in
549 1941 607 1968 hac
629 1941 714 1968 verba
736 1941 746 1956 ⁸
764 1950 770 1967 :
799 1950 807 1966 ι
830 1941 860 1967 ln
877 1940 1043 1967 monasterio

259 1991 378 2020 tempus,
393 1986 467 2020 quod
482 1986 672 2021 episcopatum
683 1987 833 2020 praecessit.
853 1994 916 2013 cum
936 1986 1044 2021 exegis-

258 2039 330 2065 sem,
349 2031 451 2058 invitus
479 2031 623 2066 episcopus
640 2031 783 2058 ordinatus
800 2039 870 2058 sum.
891 2031 985 2058 Annos
1001 2031 1044 2058 vi-

258 2077 324 2111 ginti
338 2077 460 2111 quinque
473 2077 510 2104 ita
529 2077 595 2108 vixi,
614 2081 644 2104 ut
660 2085 749 2112 neque
764 2078 791 2104 in
804 2078 849 2112 jus
865 2081 977 2104 vocatus
993 2077 1044 2104 sim

258 2130 273 2149 a
291 2130 440 2157 quoquam,
455 2130 545 2157 neque
561 2122 619 2158 ipse
639 2131 803 2157 quemquam
822 2123 963 2156 vocarim;
981 2123 1044 2149 nul-

257 2167 301 2204 lus
317 2168 585 2202 religiosissimorum
602 2169 775 2200 clericorum,
787 2169 834 2203 qui
848 2168 929 2204 249
937 2176 1043 2196 mecum

258 2213 379 2244 fuerunt,
395 2217 434 2240 tot
446 2213 526 2240 annis
542 2213 689 2240 tribunalia
705 2213 898 2248 frequentavit.
909 2223 918 2239 ›

294 2259 326 2286 γ.
340 2258 404 2286 lnde
418 2259 524 2294 liquido
542 2264 625 2294 patet,
644 2259 773 2287 vicesimo
791 2261 887 2295 quinto
904 2260 1045 2295 episcopa-

258 2308 303 2331 tus
318 2311 391 2331 anno
407 2304 610 2332 Theodoretum
631 2305 683 2332 ista
710 2306 831 2334 scribere
859 2315 865 2332 :
891 2315 953 2334 cum
979 2315 1044 2342 ergo

258 2349 404 2381 scriberet,
417 2348 503 2376 Nomo
518 2351 690 2378 consulatum
708 2356 830 2386 gerente,
845 2356 873 2379 et
894 2356 954 2386 post
968 2360 1046 2379 acce-

258 2400 334 2429 ptum
349 2395 383 2422 ab
402 2395 566 2431 imperatore
581 2397 738 2424 mandatum
752 2405 780 2424 se
796 2398 955 2424 continendi
976 2398 1046 2425 intra

258 2442 325 2468 lines
338 2440 486 2476 Cyrcsticw
503 2443 638 2478 regionis;
660 2451 778 2478 cumque
794 2443 897 2471 Nomus
917 2444 1045 2471 consula-

257 2490 315 2512 tum
331 2487 446 2520 gesserit
462 2495 535 2514 anno
550 2488 613 2520 MSS,
628 2493 658 2515 ut
675 2497 708 2515 ex
734 2489 821 2516 Fastis
836 2493 953 2522 constat,
974 2490 1045 2517 hanc

258 2530 345 2565 ipsam
372 2532 466 2566 procul
488 2533 573 2560 dubio
588 2533 780 2561 Theodoretus
797 2535 942 2569 epistolam
969 2535 1046 2562 dedit

258 2583 330 2602 anno
345 2577 415 2610 445;
430 2585 485 2611 quo
505 2585 539 2605 ex
563 2586 697 2606 annorum
717 2587 833 2606 numero
853 2580 875 2607 si
901 2580 1046 2607 demantur

258 2620 355 2655 viginti
383 2622 516 2656 quinque,
538 2622 634 2657 reliqui
661 2629 744 2650 erunt
763 2623 825 2654 4‘20,
842 2631 897 2658 quo
922 2627 1046 2658 tempore

256 2666 400 2694 ordinatus
414 2667 449 2694 sit
463 2667 617 2702 episcopus.

294 2712 336 2739 Vl.
354 2712 480 2739 Totidem
502 2714 676 2747 pontiﬁcatus
695 2721 785 2741 annos
800 2719 926 2741 numerat
944 2715 970 2742 in
985 2715 1046 2748 epi-

1093 264 1217 294 tempore
1237 261 1349 288 easdem
1371 261 1406 288 de
1428 261 1557 288 mandato
1586 261 1714 296 querelas
1742 260 1876 295 deponit:

1097 314 1106 330 ε
1124 305 1259 337 Pontifex,
1275 306 1322 340 qui
1335 306 1524 340 episcopatum
1540 305 1635 341 viginti
1658 305 1780 340 quinque
1798 305 1878 332 annis

1092 350 1186 386 gessit,
1199 355 1228 378 et
1253 351 1410 386 praecedens
1433 355 1541 385 tempus
1564 351 1591 377 in
1608 350 1774 378 monasterio
1789 349 1877 380 duxit.

1093 396 1139 430 qui
1158 404 1210 423 nec
1220 396 1310 424 forum
1329 396 1459 432 iudiciale
1480 396 1665 430 interpellavit
1682 403 1813 430 unquam,
1829 403 1879 422 nec

1093 441 1128 467 ab
1151 441 1207 468 ullo
1227 449 1347 476 unquam
1365 448 1430 468 reus
1451 444 1494 468 est
1510 444 1638 475 peractus
1674 440 1818 467 calumniae
1842 440 1882 468 fa-

1094 491 1155 514 ctus
1170 491 1213 514 est
1226 487 1376 514 ludibrium
1393 487 1413 519 ',
1430 491 1484 514 ete.
1504 496 1513 511 ι

1136 533 1191 560 V’ll.
1206 533 1341 567 Equidem
1355 532 1444 559 sentio
1457 531 1546 566 excipi
1564 531 1619 558 duo
1631 538 1710 566 posse
1731 539 1738 557 :
1752 530 1878 561 alterum,

1093 578 1199 606 consuli
1219 579 1330 613 quidem
1353 577 1511 612 inscriptam
1533 577 1618 604 fuisse
1640 576 1801 612 epistolam.
1824 584 1878 603 non

1093 628 1184 650 tamen
1207 623 1254 658 qui
1287 628 1352 651 tunc
1375 627 1449 650 esset
1470 630 1531 649 cum
1554 622 1732 652 scriberetur,
1757 621 1807 648 sed
1834 620 1879 655 qui

1094 674 1156 697 ante
1169 670 1230 699 haec
1241 669 1356 701 fuisset;
1373 669 1500 700 alterum,
1519 668 1652 695 incertum
1674 674 1744 698 esse,
1763 667 1825 701 quis
1838 666 1879 693 lo-

1094 722 1142 741 cus
1155 714 1191 741 sit
1205 713 1305 753 verior,
1319 721 1354 740 an
1376 713 1423 748 qui
1446 720 1461 740 a
1483 712 1601 739 Baronio
1623 711 1760 738 adductus
1775 715 1827 740 est.
1845 717 1880 737 an

1093 760 1141 794 qui
1156 759 1300 795 oppositus
1316 768 1321 785 :
1337 759 1359 786 si
1371 759 1445 786 enim
1464 757 1613 793 pugnantia
1630 756 1822 784 Theodoretus
1840 755 1880 782 di-

1094 810 1148 839 cat,
1159 814 1192 833 ex
1203 806 1289 841 ipsius
1300 804 1465 832 testimoniis
1477 804 1546 831 nihil
1557 803 1669 831 omnino
1678 803 1746 830 certi
1761 803 1788 829 in
1798 803 1880 829 alter-

1094 856 1184 878 utram
1202 855 1308 886 partem
1321 851 1419 878 conﬁci
1437 851 1536 877 merito
1553 853 1654 884 potest.

1131 898 1198 925 Vlll.
1215 898 1316 925 Verum
1338 904 1418 924 nemo
1440 897 1560 932 primum
1577 895 1644 922 illud
1667 894 1817 929 exceperit,
1833 894 1879 928 qui

1094 941 1296 968 Theodoretum
1307 941 1402 975 legerit
1416 949 1422 967 :
1442 940 1512 967 solet
1539 940 1612 966 enim
1629 947 1687 971 eos,
1699 938 1801 973 quibus
1820 939 1880 973 cpi-

1093 987 1178 1014 stolas
1202 986 1339 1018 inscribit.
1360 993 1485 1018 suorum,
1505 993 1566 1020 quae
1582 989 1648 1012 tunc
1664 988 1802 1019 gererent,
1818 991 1880 1010 mu-

1092 1039 1191 1058 nerum
1207 1031 1320 1058 nomine
1344 1030 1488 1066 insignire.
1514 1030 1560 1057 Sic
1582 1029 1708 1057 Anatolio
1734 1030 1880 1064 septimum

1092 1077 1201 1110 scribit,
1219 1084 1272 1104 nec
1292 1081 1383 1104 tamen
1402 1076 1486 1103 semel
1510 1075 1652 1103 consulem
1670 1076 1800 1110 appellat,
1819 1081 1881 1102 cum

1093 1128 1184 1150 tamen
1202 1123 1373 1150 consulatum
1388 1122 1517 1157 gessisset
1530 1129 1602 1148 anno
1613 1121 1674 1148 MO.
1701 1121 1746 1148 Sic
1767 1121 1880 1147 Floren-

1094 1169 1173 1199 tium,
1188 1168 1234 1203 qui
1255 1176 1327 1195 anno
1343 1168 1408 1200 429,
1431 1171 1458 1194 et
1481 1167 1653 1199 Senatorem,
1672 1167 1719 1201 qui
1738 1174 1810 1193 anno
1830 1165 1882 1192 456

1093 1214 1221 1241 consules
1236 1213 1356 1244 fuerant,
1377 1213 1505 1240 consules
1520 1219 1574 1239 non
1589 1215 1669 1238 vocat
1683 1219 1689 1243 ;
1708 1211 1755 1237 sed
1772 1215 1880 1237 utrum-

1093 1266 1147 1292 que
1167 1258 1300 1284 duntaxat
1321 1257 1468 1292 patricium
1492 1265 1499 1283 :
1531 1256 1665 1283 ambobus
1699 1262 1790 1283 tamen
1820 1259 1881 1289 post

1093 1309 1199 1339 gestum
1222 1304 1395 1330 consulatum
1413 1303 1562 1330 scribebat.
1587 1302 1656 1335 Quia
1683 1309 1748 1328 vero
1777 1301 1881 1327 Zenoni

1092 1355 1176 1385 atque
1193 1350 1298 1377 Avieno
1310 1350 1320 1365 “
1334 1349 1410 1376 misit
1423 1349 1538 1380 litteras,
1556 1355 1611 1382 quo
1624 1355 1696 1374 anno
1709 1347 1879 1374 consulatum

1092 1399 1228 1427 tenerent,
1249 1395 1295 1422 ille
1316 1402 1388 1421 anno
1402 1394 1465 1426 448,
1485 1393 1537 1420 iste
1559 1400 1631 1419 anno
1650 1392 1712 1424 450,
1733 1396 1881 1425 utrumque

1093 1441 1234 1469 consulem
1254 1440 1389 1468 nominat.
1410 1440 1528 1467 Nonium
1550 1438 1632 1474 igitur
1646 1437 1786 1465 consulem
1800 1436 1879 1467 dixit,

1093 1487 1223 1522 quoniam
1236 1494 1280 1518 eo,
1289 1494 1345 1520 quo
1358 1485 1508 1516 scribebat.
1523 1491 1594 1511 anno
1604 1484 1695 1518 reipsa
1709 1483 1804 1510 conSul
1818 1482 1880 1509 fuit.

1055 1544 1077 1573 ρ
1094 1533 1148 1560 Sed
1170 1540 1232 1560 cum
1255 1532 1290 1559 ad
1319 1531 1502 1559 recensendas
1518 1530 1647 1565 epistolas
1664 1529 1879 1564 pervenerimus,

1093 1578 1205 1606 Baronii
1230 1577 1467 1609 emendationem,
1489 1583 1541 1611 pro
1569 1575 1682 1603 consule
1708 1573 1880 1601 consularem

1095 1625 1219 1660 legentis,
1238 1624 1382 1651 evidenter
1398 1623 1565 1655 refellemus,
1581 1621 1786 1657 pugnantiaque
1803 1620 1880 1647 lo(u-

1095 1677 1140 1699 tus
1149 1671 1298 1699 eardinalis
1309 1669 1554 1698 demonstrabitur.

1126 1717 1172 1744 IX.
1190 1717 1249 1744 Jam
1268 1724 1335 1743 vero
1358 1716 1474 1743 alterum
1495 1714 1564 1742 dilui
1588 1714 1668 1742 facile
1692 1717 1802 1748 potest:
1818 1719 1881 1739 nam

1095 1762 1314 1798 quotiescunque
1335 1764 1458 1796 pugnant
1485 1760 1539 1787 loci
1562 1759 1618 1786 duo
1639 1759 1721 1786 unius
1741 1757 1881 1787 auctoris,

1095 1806 1248 1842 praesertim
1269 1806 1317 1833 ubi
1335 1806 1369 1833 de
1389 1805 1513 1832 numeris
1536 1805 1637 1840 agitur,
1661 1804 1689 1831 in
1705 1803 1807 1838 quibus
1828 1802 1882 1829 fre-

1095 1860 1183 1888 quens
1198 1856 1241 1879 est
1254 1852 1359 1886 lapsus;
1374 1850 1538 1878 retinendus
1552 1850 1598 1877 illc
1613 1849 1726 1877 omnino
1739 1853 1782 1876 est
1795 1848 1882 1878 locus,

1095 1897 1142 1932 qui
1162 1901 1191 1924 et
1211 1897 1408 1925 consonantior
1433 1896 1469 1923 sit
1491 1896 1561 1927 aliis,
1587 1895 1678 1930 quoad
1699 1902 1830 1925 sensum,
1855 1898 1884 1920 et

1095 1943 1187 1970 minus
1202 1943 1301 1970 debeat
1317 1950 1378 1969 esse
1393 1945 1553 1976 suspectus,
1567 1946 1595 1968 et
1616 1948 1670 1967 non
1691 1940 1728 1967 ita
1745 1939 1825 1967 facile
1843 1939 1885 1965 vi-

1096 1989 1159 2016 tiari
1172 1989 1304 2024 potuerit.
1319 1988 1401 2022 Atqui
1417 1991 1540 2022 pugnant
1561 1987 1613 2014 loci
1632 1986 1688 2013 duo
1709 1994 1772 2013 mox
1787 1985 1882 2012 allati:

1095 2035 1142 2069 qui
1157 2041 1222 2061 vero
1237 2042 1270 2061 ex
1285 2034 1399 2068 epistola
1417 2033 1445 2060 8|
1475 2033 1625 2068 productus
1645 2036 1697 2063 est,
1717 2032 1801 2058 habet
1824 2031 1883 2058 hcec

1096 2080 1150 2108 tria
1173 2087 1235 2114 quae
1268 2079 1337 2111 dixi,
1359 2087 1414 2106 non
1435 2078 1518 2106 habet
1547 2078 1616 2105 alter
1643 2086 1649 2104 ε
1669 2077 1714 2105 ille
1738 2077 1821 2112 igitur
1841 2078 1884 2104 isti

1097 2126 1286 2161 praeferendus
1300 2131 1352 2153 cst.

1129 2171 1211 2206 250
1231 2171 1264 2198 Χ.
1284 2170 1363 2203 Quod
1385 2175 1475 2197 autem
1496 2169 1573 2197 locus
1587 2169 1710 2204 epistola:
1731 2169 1762 2195 8'1
1785 2168 1885 2195 habeat

1060 2207 1082 2234 Ῑ)
1097 2217 1156 2244 haec
1172 2217 1236 2249 tria,
1250 2224 1283 2244 ex
1298 2224 1331 2243 eo
1343 2221 1460 2248 constat,
1481 2215 1554 2250 quod
1570 2215 1659 2250 primo
1675 2218 1806 2242 consonet
1825 2214 1885 2248 epi-

1098 2263 1176 2291 stolae
1191 2263 1318 2290 secundae
1327 2263 1361 2289 ad
1377 2263 1539 2290 Dioscornm
1550 2262 1570 2294 ’,
1586 2262 1612 2287 in
1627 2269 1679 2295 qua
1695 2260 1778 2288 refert
1793 2260 1885 2286 Theo-

1098 2309 1224 2339 doretus,
1247 2316 1276 2335 se
1297 2307 1425 2335 docuisse
1443 2306 1606 2336 Antiochiae.
1635 2306 1730 2340 utique
1752 2313 1814 2332 cum
1828 2306 1884 2339 jam

1098 2354 1170 2381 foret
1184 2355 1192 2363 ‘
1208 2353 1366 2388 episcopus,
1388 2360 1436 2379 sex
1456 2359 1543 2379 annos
1560 2351 1706 2378 continuos
1726 2351 1778 2378 sub
1793 2351 1885 2377 Theo-

1100 2400 1175 2432 doto,
1189 2399 1320 2426 trcdecim
1338 2398 1389 2425 sub
1403 2398 1507 2425 Joanne
1518 2397 1652 2424 Theodoti
1667 2403 1824 2423 successore
1834 2415 1841 2428 ,
1858 2399 1887 2422 et

1098 2445 1206 2476 Domni,
1229 2443 1277 2479 qui
1297 2444 1430 2471 Joannem
1449 2443 1567 2478 excepit,
1585 2442 1731 2477 septimum
1754 2442 1808 2476 jam
1825 2449 1886 2468 esse

1099 2498 1213 2522 annum,
1232 2497 1296 2518 cum
1315 2489 1458 2516 scriberet.
1481 2488 1549 2515 Cum
1572 2495 1637 2523 ergo
1655 2486 1814 2514 Theodotus
1831 2485 1886 2513 vita

1098 2536 1249 2564 excesserit
1269 2544 1341 2563 anno
1363 2536 1426 2568 427,
1447 2539 1477 2562 ut
1497 2528 1580 2562 tradit
1594 2533 1785 2561 Theodoretus
1798 2533 1819 2563 ',
1836 2539 1887 2559 ne—

1099 2588 1175 2608 cesse
1191 2585 1233 2607 est
1254 2585 1285 2607 ut
1304 2580 1402 2607 docere
1430 2579 1544 2614 coeperit
1568 2586 1640 2606 anno
1652 2578 1696 2606 vel
1712 2577 1764 2604 4'20
1783 2576 1834 2604 sub
1856 2576 1888 2603 ﬁ-

1097 2634 1172 2658 nem,
1200 2626 1243 2652 vel
1270 2626 1383 2652 ineunte
1407 2625 1469 2651 421.
1499 2624 1692 2658 Episcopatum
1717 2623 1801 2658 igitur
1823 2621 1886 2648 iniit

1097 2678 1171 2698 anno
1190 2670 1242 2697 .520
1256 2675 1302 2697 aut
1318 2669 1367 2696 421
1391 2670 1511 2696 ineunte.

1132 2715 1168 2743 χι
1194 2715 1309 2748 Deinde,
1333 2714 1406 2749 quod
1430 2714 1502 2741 idem
1523 2713 1601 2741 locus
1617 2721 1671 2741 non
1683 2712 1772 2748 possit
1784 2711 1885 2739 merito

942 2793 1096 2820 SCHULZII
1117 2790 1231 2820 NOTAE.

296 2829 304 2874 ξ
323 2833 502 2874 βρίδῑζίςὸ..
515 2838 538 2874 κ’
553 2836 637 2871 Epist.
655 2839 712 2865 116.
742 2840 762 2874 7⁵
775 2839 826 2866 Pro
842 2839 957 2866 Baronio
973 2839 1072 2866 militat
1088 2840 1169 2866 etiam
1188 2839 1264 2874 locus
1278 2846 1310 2865 e.\
1322 2839 1401 2873 epist.
1422 2839 1479 2865 Ilii.
1519 2839 1528 2853 ⁵
1541 2839 1626 2874 Epist.
1637 2839 1680 2867 8i.
1720 2840 1729 2855 '
1741 2838 1827 2873 Epist.
1840 2837 1886 2866 80.

259 2870 270 2885 ⁸
286 2868 391 2896 Avieno.
406 2871 460 2898 Sed
478 2871 539 2900 vide
555 2868 630 2907 supr.
649 2882 675 2908 p.
703 2873 759 2906 l9},
782 2874 868 2901 schol.
897 2874 922 2900 1.

963 2875 971 2889 ⁷
983 2875 1069 2909 Epist.
1085 2875 1127 2902 8‘5.
1167 2874 1177 2889 '
1188 2873 1257 2901 Hist.
1274 2873 1336 2900 eccl.
1351 2873 1370 2901 ι.
1385 2882 1411 2907 v,
1426 2882 1485 2909 cap.
1502 2874 1550 2901 ult.
