1967 3047
125 138 176 172 2(1

708 135 757 167 DE
776 133 903 165 LIBRIS
920 133 1174 165 THEODORETI.

1695 135 1747 168 209

126 193 312 228 corruptionis
331 193 442 220 nomine
464 200 524 219 esse
546 196 690 226 suspectus
703 211 710 222 ,
733 190 791 218 sive
826 197 907 216 voces
923 191 943 218 A
958 189 1019 219 475.
1028 193 1056 216 ct
1066 189 1210 224 scripsisse
1218 191 1245 217 in
1255 190 1497 219 Deuteronomium
1510 199 1582 219 anno
1599 191 1661 224 472,
1675 193 1747 221 unde

128 239 192 275 ipsa;
204 246 383 266 numerorum
400 239 523 273 integrat,
541 237 598 264 sive
619 241 691 263 noue
713 236 846 263 duntaxat.
868 234 911 261 di-

127 290 223 312 cantur
233 285 342 319 scripta:
359 292 366 310 :
381 291 469 317 neque
489 283 563 309 enim
586 282 664 308 πέντε
689 281 717 308 in
738 280 794 312 δύο,
820 282 913 313 'ncque

132 329 146 363 β
162 330 189 356 in
205 338 224 361 ς
251 328 331 355 facile
352 335 400 362 per
414 327 546 354 incuriam
565 326 670 353 librarii
695 328 912 352 committentur.

163 374 220 401 XII.
237 374 370 408 Denique,
387 373 459 408 quod
474 373 551 400 locus
569 371 724 399 contrarius
738 370 838 397 habeat
851 377 914 404 pro-

127 421 226 448 clivem
247 420 429 447 describentis
451 419 556 453 lapsum
578 418 606 444 in
630 417 764 448 numeris,
787 420 912 451 apertum

127 471 188 493 est:
208 465 274 500 quid
293 465 366 492 enim
383 464 543 499 proclivius,
561 470 642 498 quam
656 462 670 488 θ
687 462 716 489 in
741 470 770 493 ς,
789 461 867 487 ὲννέα
885 460 913 487 in

128 510 159 542 ἐξ
173 513 330 544 pervertere
342 509 354 535 *ἶ

163 554 234 581 XIII.
253 554 331 587 Quod
351 554 373 581 si
385 553 562 588 episcopatus
581 551 746 579 Theodoreti
765 551 792 577 in
811 556 912 577 annum

127 599 180 626 1‘20
198 599 304 631 incidit,
321 602 429 633 oportet
441 603 471 625 ut
486 601 565 626 ortus
579 601 642 624 ante
659 603 761 624 annum
780 594 833 623 590
848 602 914 621 con-

129 645 221 680 tigerit
238 653 246 677 ;
267 651 356 679 neque
370 644 444 671 enim
468 643 621 671 canonibus
640 642 740 678 spretis
770 641 914 668 ordinatus

128 696 171 718 est
188 695 251 718 ante
267 690 437 718 tricesimum
450 689 539 717 :etatis
553 696 609 716 suae
622 695 736 720 annum,
748 695 811 714 cum
822 686 913 713 Theo-

129 736 212 764 dotus
223 736 264 762 vir
280 735 472 763 sanctissimus
488 737 571 769 atque
593 732 814 768 religiosissimus
829 739 913 758 (mno-

130 788 195 808 num
209 780 380 812 observator,
397 787 413 807 a
428 786 484 814 quo
501 778 645 806 ordinatus
669 781 722 809 est,
736 776 915 804 Antiochena:

129 825 259 853 Ecclesia:
268 827 407 859 praeesset.

167 870 237 898 XIV.
252 871 310 897 lmo
326 869 531 897 Theodoretum
559 867 671 896 circiter
694 875 796 895 annum
815 866 867 894 386
886 867 914 893 in

130 917 219 944 lucem
234 915 342 943 venisse
355 914 376 946 ’,
388 922 423 942 ex
436 921 470 942 eo
480 921 536 941 non
545 913 661 940 obscure
673 912 821 948 colligitur,
830 912 914 947 quod,

128 968 191 988 cum
217 959 252 986 ad
275 963 399 986 sanctum
420 958 542 986 Leonem
558 957 666 984 litteras
674 956 764 988 daret,
775 963 869 983 senem
886 963 915 983 se

129 1013 285 1040 canumque
305 1003 427 1032 dixerit:
448 1010 533 1030 senex
552 1009 618 1030 vero
633 1002 751 1037 quisque
766 1001 820 1029 dici
834 1002 914 1034 solet,

129 1059 193 1080 cum
216 1050 417 1086 sexagesimum
449 1048 561 1075 tertium
589 1047 678 1075 aetatis
698 1054 799 1074 annum
815 1047 914 1082 attigit,

128 1101 177 1124 aut
187 1096 270 1124 etiam
283 1099 496 1131 praetergressus
509 1097 561 1121 est.
578 1093 646 1120 Cum
662 1100 728 1128 ergo
744 1092 853 1120 litteras
867 1093 916 1120 de-

127 1143 200 1171 derit
209 1150 283 1170 anno
293 1142 355 1173 M9,
371 1146 491 1176 tuncque
506 1139 590 1167 fuerit
600 1139 740 1174 sexaginta
754 1143 812 1166 tres
827 1146 916 1166 annos

126 1192 175 1217 aut
198 1188 294 1223 plures
312 1191 406 1218 natus,
424 1193 537 1213 necesse
561 1190 604 1212 est
626 1189 658 1212 ut
676 1184 788 1212 circiter
812 1191 914 1212 annum

124 1233 179 1262 586
194 1234 287 1261 vivere
310 1231 455 1267 inceperit.

163 1280 222 1308 XV.
238 1279 334 1307 AlIinis
346 1282 389 1306 est
400 1278 569 1314 conjectura,
588 1285 649 1312 quae
669 1277 782 1305 ducitur
798 1283 834 1305 ex
853 1276 913 1311 epi-

126 1326 197 1354 stola
222 1325 267 1357 90,
289 1325 323 1351 ad
338 1323 502 1359 Lupicinum
522 1323 624 1358 scripta
650 1330 721 1350 anno
753 1322 816 1350 M7.
840 1321 909 1349 Nam

125 1379 156 1399 se
185 1370 337 1398 senectutis
364 1369 498 1397 terminos
532 1368 686 1404 ingressum
724 1366 915 1395 Theodoretus

125 1416 223 1444 scribit
237 1425 243 1441 :
259 1423 313 1451 qua
327 1414 459 1449 loquendi
473 1413 561 1441 forma
572 1413 695 1441 medium
716 1417 825 1447 tempus
840 1411 913 1439 indi-

124 1466 217 1492 catur,
230 1461 303 1496 quod
318 1461 390 1488 inter
404 1465 534 1487 octavum
557 1463 586 1487 et
609 1466 712 1486 nonum
727 1458 914 1493 septenarium

123 1506 244 1538 exsistit,
254 1510 337 1540 atque
349 1505 418 1532 adeo
430 1505 541 1532 circiter
552 1503 762 1538 sexagesimum.

161 1551 233 1580 XVI.
253 1550 331 1578 Adde
357 1549 431 1584 quod
458 1549 596 1576 Zenonem
621 1547 785 1575 monachum
807 1546 912 1578 invisit.

123 1603 189 1624 cum
203 1599 278 1623 esset
290 1594 393 1630 iunior,
407 1597 435 1621 et
451 1598 542 1620 tamen
557 1593 654 1625 lector,
678 1596 759 1626 atque
778 1599 913 1619 annorum

123 1643 239 1671 circiter
250 1641 348 1677 viginti
364 1645 392 1668 et
406 1641 540 1668 duorum:
553 1639 647 1666 invisit
661 1643 752 1666 autem
769 1646 842 1666 anno
851 1638 912 1668 408.

126 1693 158 1717 ιιι
171 1689 199 1716 in
209 1687 369 1716 recensione
386 1686 524 1714 Phllothei
540 1685 713 1713 ostendetur.

159 1733 243 1761 XVII.
258 1732 317 1760 1am
332 1739 398 1758 vero
423 1731 479 1758 vita
504 1730 628 1757 functum
656 1727 828 1756 ostendimus
843 1735 914 1755 anno

123 1779 188 1810 457,
202 1781 251 1805 aut
260 1777 313 1804 458
328 1777 358 1803 ’⁸.
384 1776 458 1802 Vixit
478 1775 562 1810 igitur
585 1781 671 1801 annos
696 1773 867 1808 septuaginta
887 1776 915 1800 et

123 1832 222 1854 unum,
240 1827 288 1850 aut
304 1821 477 1857 septuaginta
493 1821 573 1848 duos.

158 1869 251 1896 XVIII.
261 1869 291 1896 In
305 1872 427 1895 nostram
441 1866 643 1900 clironologiam
667 1865 805 1892 consentit
823 1863 912 1891 cardi-

122 1915 195 1942 nalis
208 1914 368 1944 Perronius,
393 1912 442 1939 lib.
471 1920 500 1938 ιιι
523 1911 562 1938 De
589 1910 769 1941 Euchariatia,
790 1917 849 1944 cap.
870 1910 913 1941 l7,

121 1958 173 1985 ubi
181 1957 385 1985 Theodoretum
399 1955 482 1983 tradit
492 1955 649 1983 ordinatum
659 1954 743 1981 fuisse
757 1962 853 1982 novem
868 1958 915 1981 aut

120 2005 220 2032 decem
232 2003 311 2030 anuis
322 2002 465 2036 ante251
482 2001 588 2028 obitum
607 1999 770 2035 Augustini;
786 2008 847 2027 nam
859 1999 915 2027 Au-

121 2049 262 2086 gustinus,
281 2053 312 2075 ut
324 2047 446 2074 omnium
463 2051 592 2073 constans
601 2050 644 2073 est
655 2046 759 2080 opinio,
771 2053 842 2072 anno
863 2045 916 2073 430

120 2103 158 2123 ex
171 2095 223 2122 hac
239 2094 295 2120 vita
312 2092 442 2120 decessit.
472 2092 520 2119 Est
540 2095 632 2118 autem
652 2091 725 2125 apud
751 2091 912 2119 Perronium

121 2149 157 2169 eo
180 2140 233 2168 loci
256 2138 376 2166 enormis
398 2144 546 2172 operarum
568 2144 646 2163 error
667 2137 694 2163 in
714 2141 802 2163 morte
823 2137 914 2171 Augu-

121 2186 200 2218 stini,
218 2193 281 2212 nam
297 2192 346 2219 pro
357 2183 410 2211 £30
422 2187 574 2219 posuerunt
587 2182 649 2210 590.

158 2231 230 2258 XIX.
260 2230 391 2257 Dissentit
419 2228 567 2256 cardinalis
597 2228 757 2254 Baronius:
783 2227 914 2262 opinatur

120 2277 198 2305 enim
225 2275 428 2303 Theodoretum
451 2274 554 2301 oltiisse
569 2281 642 2300 anno
656 2273 718 2304 455,
734 2273 864 2307 quoniam
879 2273 912 2301 dc

120 2330 157 2350 eo
171 2327 266 2357 postea
277 2321 374 2348 siletur
391 2329 398 2353 ;
418 2327 515 2347 verum
532 2327 566 2346 eo
590 2327 663 2346 anno
685 2319 791 2346 litteras
809 2319 914 2353 accepit

121 2377 137 2396 a
152 2372 250 2396 sancto
263 2367 364 2398 Leone,
382 2370 410 2393 et
426 2366 526 2392 librum
551 2365 638 2392 edidit
657 2364 695 2391 De
717 2365 850 2391 llwrcticis
870 2365 912 2400 [a-

121 2414 201 2445 but-'5,
216 2419 244 2440 et
255 2417 349 2448 postea
371 2412 397 2438 iu
424 2411 632 2440 Octateuclium.
651 2410 735 2437 libros
753 2411 867 2446 Regum,
882 2416 910 2438 et

122 2461 352 2494 Paralipomena,
377 2457 543 2492 quaestiones
573 2456 743 2490 con‘iposuit,
761 2460 790 2483 ut
818 2457 845 2483 in
866 2464 910 2484 re—

120 2506 254 2534 censione
280 2504 379 2539 priorls
405 2502 490 2537 partis
505 2501 584 2537 primi
603 2501 722 2536 Operum
736 2502 800 2529 tomi
819 2506 911 2530 osten-

119 2553 216 2580 detur.

156 2597 219 2624 XX.
235 2595 368 2623 Dissentit
386 2594 471 2621 etiam
492 2593 650 2620 Blondellus
668 2593 695 2620 in
709 2593 913 2628 Prolegomeuis

121 2643 187 2670 libri
212 2642 344 2669 adversus
365 2639 530 2668 Turrianum
547 2638 581 2665 de
596 2638 725 2673 Epistolis
751 2639 910 2666 canonicis:

120 2688 208 2716 tradit
222 2687 296 2715 enim
317 2686 521 2713 'l‘ltcodoretum
537 2683 636 2710 vixisse
651 2683 684 2710 ad
706 2691 807 2710 annum
825 2692 912 2719 usque

964 233 1089 268 sequitur
1101 234 1260 262 defunctum
1272 243 1332 263 esse
1349 243 1421 263 anno
1447 236 1544 263 eodem
1566 244 1621 271 quo
1635 236 1690 264 Leo
1702 245 1747 265 se-

965 279 1026 306 nior
1041 279 1198 314 imperator,
1214 286 1242 309 et
1255 281 1442 316 episcopatum
1465 281 1581 316 gessisse
1600 290 1686 310 annos
1701 282 1746 314 55,

964 325 1114 351 secundum
1137 331 1257 352 nostram
1282 326 1316 353 de
1337 327 1497 361 episcopatu
1521 327 1745 363 chronologiam,

964 369 1006 396 vel
1020 369 1053 397 50
1070 370 1219 398 secundum
1235 371 1424 404 Baronianam,
1440 377 1521 406 atque
1536 372 1573 399 ita
1585 373 1667 400 vitam
1682 373 1760 408 pro-'

965 415 1077 443 duxisse
1093 417 1127 443 ad
1143 424 1243 444 annum
1261 418 1304 444 85.
1327 418 1490 452 Opinionem
1511 427 1587 446 suam
1611 420 1722 447 coniicit
1738 429 1746 446 :

964 461 1065 495 primo,
1080 462 1144 497 quia
1158 462 1327 494 Gennadius,
1345 464 1427 496 Beda,
1448 464 1507 491 Ado
1526 469 1554 491 et
1577 465 1748 500 Freculphus

965 506 1168 534 Theodoretum
1181 509 1293 536 tradunt
1302 509 1353 536 sub
1362 509 1453 537 Leone
1464 510 1628 544 imperatore
1636 511 1747 542 abiisse,

964 556 993 578 et
1009 551 1043 578 ad
1062 553 1123 587 ejus
1136 556 1259 588 tempora
1275 554 1421 581 Historiam
1442 555 1603 590 produxisse
1621 564 1628 582 :
1649 556 1749 584 deinde

964 596 1038 630 quod
1057 597 1229 625 Marcellinus
1248 607 1339 626 comes
1358 599 1391 626 ad
1412 607 1514 628 annum
1529 600 1581 627 466
1597 600 1698 627 librum
1714 600 1749 627 de

965 642 1157 670 Incarnatione
1180 643 1312 671 adversus
1338 645 1478 680 Eutychen
1501 649 1529 672 et
1553 646 1713 673 Dioscorum
1735 654 1750 673 a

966 685 1140 713 Thcodoreto
1155 687 1288 721 scriptum
1306 688 1424 721 referat;
1440 689 1559 724 denique
1572 690 1646 724 quod
1661 691 1751 718 Theo-

966 729 1080 757 doretus
1091 731 1159 766 ipse,
1176 733 1326 766 quaestione
1339 733 1374 760 58
1388 734 1416 760 in
1430 735 1685 767 Deuteronomium,
1699 736 1749 763 do-

966 781 1026 803 ceat
1040 776 1186 809 etlluxisse,
1202 781 1278 810 tunc,
1298 787 1359 806 cum
1375 780 1519 812 scriberet,
1536 781 1752 816 quadringentos

967 829 1053 848 annos
1066 829 1081 848 a
1095 821 1267 857 dispersione
1282 825 1375 858 populi
1388 825 1494 852 Judaici
1506 834 1514 858 ;
1524 833 1584 860 qua:
1601 834 1663 853 cum
1677 826 1752 854 acci—

931 852 953 881 B
967 866 1038 894 derit
1052 874 1125 894 anno
1138 852 1239 895 Christi
1254 852 1289 895 72-
1304 852 1455 896 secundum
1476 852 1586 898 Baronii

966 911 1048 947 giam.
1075 920 1174 947 nempe
1198 918 1260 948 post
1287 919 1418 942 vastatam
1435 923 1450 942 a
1472 916 1602 944 Romanis
1616 917 1750 950 Iudaeam,

965 958 1139 993 excisamque
1155 958 1645 997 Hierosolymam,oportetscripsisse
1660 962 1752 990 Theo‘

967 1004 1093 1031 doretum
1110 1012 1182 1032 anno
1201 1006 1262 1033 472.

999 1049 1070 1076 XXI.
1088 1050 1187 1077 Verum
1203 1051 1363 1084 Marcellini,
1374 1052 1462 1084 Bedte,
1476 1052 1579 1080 Adonis
1592 1058 1620 1081 et
1639 1054 1753 1082 Frecul-

966 1093 1014 1128 phi
1024 1095 1175 1122 auctoritas
1189 1103 1243 1122 non
1260 1097 1370 1123 est'alia
1383 1097 1435 1124 hac
1455 1098 1483 1124 in
1500 1103 1578 1133 parte
1593 1106 1674 1133 quam
1691 1107 1753 1134 qua

965 1139 1110 1173 Gennadii,
1135 1142 1213 1176 cujus
1236 1149 1332 1169 omnes
1357 1144 1441 1170 verba
1465 1143 1681 1179 descripserunt,
1704 1145 1751 1172 alii

965 1185 1137 1221 simpliciter,
1155 1187 1200 1214 alii
1213 1187 1314 1214 additis
1330 1187 1364 1215 de
1380 1196 1429 1215 suo
1440 1189 1592 1222 erroribus,
1615 1194 1655 1220 ut.
1677 1190 1751 1224 quod

966 1230 1090 1258 ﬂoruerit
1102 1232 1155 1259 sub
1172 1233 1272 1264 Leone,
1284 1241 1346 1260 cum
1362 1233 1414 1260 sub
1429 1241 1462 1261 eo
1483 1238 1621 1262 mortuum
1644 1235 1753 1263 Genua-

965 1276 1028 1304 dius
1039 1277 1151 1304 scribat.
1167 1277 1300 1305 Gennadii
1317 1286 1401 1313 porro
1415 1280 1566 1307 auctoritas
1591 1281 1666 1308 nulla
1689 1285 1750 1308 est:

965 1322 1097 1358 deceptus
1112 1324 1186 1350 enim
1204 1323 1231 1350 in
1244 1331 1277 1351 eo
1292 1323 1353 1356 l'uit,
1367 1324 1441 1359 quod
1457 1324 1491 1352 de
1503 1325 1615 1352 historia
1630 1325 1753 1353 Theodo-

965 1369 1017 1396 reti
1039 1369 1139 1396 litteris
1161 1369 1315 1401 mandavit,
1338 1375 1368 1397 ut
1390 1375 1483 1405 postea
1505 1370 1750 1398 demonstrabitur.

965 1414 1024 1442 Jam
1037 1422 1103 1442 vero
1117 1415 1307 1442 Theodoretus
1321 1415 1347 1442 in
1359 1416 1531 1450 expositione
1547 1417 1752 1445 Deuteronomii

966 1460 1183 1495 quadringentos
1197 1468 1284 1488 annos
1299 1460 1366 1487 dixit
1395 1461 1511 1496 integro.
1539 1465 1569 1488 ut
1591 1463 1676 1490 moris
1697 1467 1750 1495 est,

965 1513 1097 1536 numero,
1128 1513 1190 1532 cum
1215 1505 1343 1533 deessent
1364 1507 1428 1533 anni
1453 1507 1586 1535 duntaxat
1613 1508 1751 1535 sexdecim

966 1555 1014 1577 aut
1026 1551 1234 1586 septemdecim,
1254 1559 1305 1578 nec
1316 1551 1466 1586 pertineret
1481 1552 1514 1578 ad
1534 1560 1591 1579 rem
1614 1557 1686 1580 tanta
1701 1562 1752 1581 nu-

967 1596 1091 1623 merandi
1105 1596 1243 1631 ἀκρίϐεια,
1258 1600 1288 1623 ιιι
1300 1604 1351 1624 suo
1368 1597 1429 1624 loco
1446 1597 1592 1624 videbitur.

1073 1663 1080 1672 ‘
1094 1661 1108 1696 §
1123 1662 1154 1689 Il.
1165 1662 1183 1690 Α
1201 1671 1252 1698 quo
1268 1663 1440 1690 T/tcodoretus
1457 1664 1596 1691 ordinatus
1610 1665 1654 1692 sit.

1001 1730 1021 1757 Ι.
1036 1730 1201 1763 Qmestionis
1217 1731 1318 1758 solutio
1341 1731 1478 1766 dependet
1498 1740 1531 1759 ex
1548 1736 1669 1767 tempore
1697 1741 1752 1768 quo

965 1774 1009 1802 vel
1027 1774 1195 1806 Theodotus,
1206 1775 1248 1802 vel
1264 1775 1418 1802 Alexander
1432 1776 1566 1804 Theodoti
1589 1785 1751 1811 praecessor,

966 1820 1167 1848 Antiochenam
1183 1820 1333 1848 Ecclesialu
1349 1821 1429 1848 rexit.
1448 1821 1476 1848 Si
1495 1822 1569 1849 enim
1592 1823 1753 1851 Theodotus

965 1869 1085 1900 quatuor
1099 1870 1204 1893 tantum
1220 1873 1306 1894 annos
1318 1867 1398 1898 sedit,
1417 1867 1490 1902 quod
1505 1868 1563 1895 vult
1583 1868 1754 1903 Nieephorus

966 1910 1289 1946 Constantinopolitanus
1307 1912 1334 1939 in
1345 1911 1474 1948 Catalogo
1491 1912 1683 1948 episcoporum
1695 1915 1751 1942 An-

968 1957 1171 1989 tiochenorum,
1195 1961 1305 1992 oportet
1330 1957 1534 1986 Theodoretum
1550 1959 1585 1986 ab
1598 1959 1752 1987 Alexandro

965 2002 1123 2029 ordinatum
1136 2010 1217 2034 esse;
1235 2002 1372 2037 siquidem
1389 2003 1469 2038 252
1485 2003 1666 2032 ordinationis
1681 2009 1752 2032 tem-

969 2055 1022 2082 pus
1032 2055 1048 2074 a
1062 2047 1153 2079 nobis,
1163 2051 1193 2074 ut
1206 2051 1324 2082 oportet,
1340 2048 1519 2076 constitutum
1531 2053 1588 2077 est;
1601 2050 1643 2076 sin
1659 2055 1752 2078 autem

966 2092 1124 2120 Theodotus
1148 2092 1286 2120 sexdecim
1313 2101 1400 2121 annos
1423 2094 1516 2122 sedem
1532 2096 1662 2126 tenuerit,
1677 2097 1750 2131 quod

965 2139 1025 2165 vult
1052 2138 1196 2169 Baronius.
1221 2138 1274 2165 fuit
1297 2143 1371 2166 certe
1398 2139 1563 2167 Theodoreti
1596 2141 1750 2170 ordinator.

929 2188 950 2214 ι)
963 2183 1093 2216 Quzestio,
1108 2191 1167 2210 mea
1182 2183 1292 2217 quidem
1314 2184 1460 2215 sententia,
1483 2183 1562 2212 facile
1584 2185 1675 2212 decidi
1702 2194 1750 2221 po-

965 2232 1027 2256 test.

998 2273 1156 2301 ll.Certum
1173 2273 1245 2300 enim
1268 2276 1310 2300 est
1332 2273 1432 2307 primo,
1459 2274 1610 2310 Porphyrio
1635 2277 1752 2304 Alexan-

964 2319 1054 2350 drum,
1072 2318 1227 2346 Alexandro
1249 2318 1421 2346 Theodotum
1445 2321 1624 2354 successisse;
1643 2327 1749 2349 certum

964 2372 1073 2400 quoque
1099 2364 1282 2399 Porphyrium
1301 2371 1373 2391 anno
1389 2364 1441 2391 408
1453 2385 1460 2397 ,
1488 2365 1660 2394 Theodotum
1677 2375 1750 2394 anno

964 2411 1015 2438 427
1035 2410 1195 2438 defunctum
1208 2417 1286 2438 esse:
1307 2417 1393 2444 quare
1407 2411 1597 2439 novemdecim
1613 2420 1748 2439 annorqu

963 2457 1081 2492 spatium
1111 2456 1258 2484 Alexandri
1285 2460 1314 2484 et
1338 2456 1472 2484 Theodoti
1491 2457 1549 2484 sedi
1575 2458 1749 2492 partiendum

963 2507 1015 2530 est.
1029 2502 1098 2530 Cum
1115 2510 1182 2537 ergo
1205 2502 1335 2536 opinetur
1356 2503 1489 2531 Baronius
1510 2504 1680 2531 Theodotum
1706 2513 1749 2532 se-

964 2548 1037 2575 disse
1053 2547 1190 2574 sexdecim
1205 2554 1302 2578 annos,
1317 2551 1375 2574 tres
1386 2551 1490 2575 tantum
1506 2549 1661 2576 Alexandro
1681 2549 1748 2577 reli-

965 2593 1039 2628 quit:
1054 2597 1150 2620 con-tra
1162 2600 1227 2620 vero
1238 2592 1410 2626 Nicephorus
1417 2593 1746 2629 Constantinopolitanus,

964 2646 1027 2665 cum
1042 2637 1185 2665 Theodoto
1200 2640 1319 2672 quatuor
1332 2637 1463 2665 duntaxat
1478 2647 1564 2666 annos
1579 2639 1690 2671 tribuat,
1702 2646 1751 2666 ne-

965 2691 1042 2711 cesse
1054 2689 1096 2711 est
1111 2687 1140 2710 ut
1154 2680 1308 2710 Alexandro
1324 2682 1454 2710 tredecim
1470 2684 1597 2719 assignet.

798 2761 958 2789 SCHULZII
976 2761 1092 2789 ΝΟΤᾹΣ.

158 2840 169 2855 ’
183 2837 245 2865 Vid.
263 2844 356 2871 supra.
369 2844 396 2871 p.
416 2835 476 2862 I55.
517 2835 537 2850 ¹⁰
556 2833 618 2861 Vid.
632 2841 724 2867 supra,
738 2842 765 2868 p.
778 2833 840 2861 207.

284 2884 418 2914 ΡΔΤΚΟΙ..
444 2883 501 2913 Gn.
533 2881 688 2912 LXXXIV.
