1967 3047
208 167 262 197 203

763 162 951 192 GARNERII
971 161 1217 191 DISSERTATIO
1234 162 1274 190 il.

1778 162 1830 194 ΞΜ

242 222 286 249 lll.
305 222 334 248 in
361 228 436 247 suam
458 220 615 254 opinionem
637 218 770 245 Duronius
797 217 932 244 abductus
951 220 993 242 cst
1009 220 1028 246 Α
1045 215 1255 250 septuagctzario
1268 216 1348 250 longe
1366 216 1462 250 major,
1477 215 1582 242 litteras
1598 223 1612 242 a
1636 215 1738 251 Cyrillo
1753 218 1831 244 datas

211 267 315 294 mutuis
339 265 421 292 Attici
443 265 476 291 ad
499 264 648 299 Cyrillum,
665 268 692 289 et
707 262 800 297 Cyrilli
823 262 857 288 ad
871 262 992 288 Atticum

210 312 321 344 litteris,
344 319 412 346 quas
430 311 602 344 Nicophorus
624 309 753 336 Callistus
773 307 857 334 refert
876 317 882 333 :
905 307 932 334 in
949 307 994 333 'iis

209 359 282 385 enim
294 357 403 384 videtur
417 356 521 382 mentio
537 355 596 382 fieri
609 354 757 381 Alexandri
770 354 845 380 velut
859 353 993 384 defuncti,

209 410 236 432 et
247 402 380 430 Theodoti
395 406 523 436 tanquam
532 401 658 427 viventis.
669 399 738 426 Cum
748 406 813 434 ergo
824 399 873 426 has
888 398 994 425 litteras

210 448 342 476 Baronius
358 447 476 481 scriptas
486 451 564 481 putet
576 454 649 472 anno
664 445 726 477 “‘2,
743 452 797 480 quo
814 452 886 471 anno
897 443 994 471 sedere

209 495 293 529 cwpit
315 493 443 529 Cyrillus,
472 499 584 519 necesse
610 496 652 518 est
675 495 704 517 ut
726 490 898 518 Theodotum
921 489 995 516 dicat

209 546 272 573 ante
293 539 424 574 Cyrillum
443 545 497 565 uno
524 537 620 564 saltem
641 545 714 564 anno
733 536 848 567 sedisse,
863 540 944 570 atque
958 536 994 561 ita

209 585 345 612 sexdecim
360 591 447 610 annos
467 582 644 609 Antiocheme
659 581 790 608 Ecclesiae
800 580 951 615 praefuisse,
968 584 995 606 et

209 630 326 665 proinde
342 634 397 656 tres
410 633 516 655 tantum
527 627 724 654 Alexandrino.

242 677 286 703 1V.
312 675 339 702 Si
362 674 565 701 'l‘hcodoretum
589 673 777 708 Cyrillumque
806 670 944 701 audimus,
966 674 995 696 ut

209 726 284 749 certe
305 729 352 755 par
373 724 426 751 est,
451 719 607 746 refellemus
621 718 708 752 primo
724 715 993 750 NiecphorumCon-

209 764 494 800 stantinopolitanum,
522 766 640 797 quatuor
666 765 771 787 tantum
799 766 885 786 annos
902 757 994 784 Theo-

209 812 275 839 doto
289 812 441 838 tradentem
456 819 462 836 :
482 808 671 836 Theodorctus
687 807 760 834 enim
776 813 822 832 sex
841 812 928 832 annos
942 803 997 831 sal-

211 863 263 885 tem
282 857 423 884 Theodoto
436 855 565 889 assignat,
581 861 642 880 cum
668 853 720 879 sub
736 859 769 879 eo
790 859 837 878 sex
863 857 892 877 se
911 857 997 876 annos

1044 268 1104 287 esse
1119 264 1228 294 oportet
1237 268 1309 286 anno
1318 260 1427 287 circiter
1438 261 1500 292 M9,
1513 268 1567 295 quo
1579 265 1701 294 tempore
1716 261 1831 288 Aeacius

1044 307 1104 330 erat
1112 303 1168 330 fere
1179 304 1386 338 oclogcnarius;
1403 304 1442 331 sic
1454 305 1527 331 enim
1539 305 1674 332 aestimare
1684 312 1832 339 possumus

1046 355 1131 382 IpSlllS
1142 353 1234 375 \‘Ilalll.

1081 393 1125 420 IX.
1140 393 1289 422 Ordinatus
1307 399 1349 422 est
1363 395 1397 422 ab
1412 395 1531 423 Eusebio
1550 396 1745 428 Samosatensi,
1766 405 1830 432 syn—

1046 439 1092 467 odi
1122 440 1299 467 Antiocheme
1318 441 1418 475 legato,
1434 449 1505 469 anno
1518 442 1580 474 578,
1600 447 1648 469 aut
1666 444 1757 477 potius
1768 443 1830 474 579,

1046 490 1191 520 postquam
1206 492 1233 513 et
1248 494 1277 514 se
1293 488 1442 515 monastica
1456 488 1511 515 vita
1535 488 1582 515 diu
1605 489 1783 520 exercuisset,
1803 495 1833 515 et

1047 538 1104 557 rem
1139 531 1302 558 catholicam
1332 533 1463 560 adversus
1493 533 1607 560 Arianos
1633 535 1741 568 egregie
1770 542 1832 561 cum

1046 577 1201 604 sanctitatis
1221 577 1288 604 viris
1303 579 1495 612 promovisset.
1535 579 1599 605 Erat
1616 579 1700 614 igitur
1714 579 1834 614 quadra-

1046 623 1120 657 ginta
1137 623 1232 650 saltem
1252 631 1339 651 annos
1354 629 1443 655 natus,
1461 633 1521 651 eum
1546 625 1689 652 ordinatus
1703 629 1760 657 est;
1782 625 1833 653 fuit

1047 668 1121 694 enim
1152 669 1198 695 diu
1218 670 1369 705 presbyter,
1398 675 1544 705 antequam
1565 671 1710 706 episcopus
1739 680 1745 698 :
1770 679 1831 706 qua:

1047 713 1120 740 enim
1133 714 1221 740 minor
1245 719 1311 741 aetas
1341 715 1423 742 tantis
1447 715 1530 743 rebus
1556 724 1605 750 par
1629 717 1718 743 esset?
1743 717 1832 749 Quare

1047 767 1120 787 anno
1134 761 1185 787 419
1197 761 1241 788 vix
1254 763 1430 797 octogenario
1450 763 1540 790 mitior
1565 763 1627 794 fuit,
1645 767 1764 797 tuncque
1779 762 1831 789 dici

1048 807 1137 841 potuit
1159 807 1193 834 ad
1209 812 1359 835 extremam
1388 813 1556 836 senectutem
1583 809 1751 844 pervenisse.
1766 809 1832 843 Opi-

1047 853 1192 888 norigitur
1206 853 1313 881 litteras
1324 854 1417 889 Cyrilli
1434 863 1449 881 a
1466 855 1622 889 Nicephoro
1644 854 1756 882 Callisto
1769 863 1832 889 pro-

209 904 335 931 docuisse
355 902 508 930 Antiochia:
528 900 627 927 referat
656 899 682 926 in
707 898 805 925 litteris
826 896 859 924 ad
880 896 994 923 Diosco-
1013 891 1032 919 Β
1048 898 1127 931 latas,
1142 899 1150 908 ‘
1168 899 1306 934 pertinere
1323 901 1355 927 ad
1382 908 1484 927 annum
1507 901 1617 927 circiter
1634 901 1696 932 420,
1717 901 1834 928 mentio-

211 958 281 977 rum.

244 996 277 1023 ν.
295 993 460 1022 Refellemus
482 992 582 1020 deinde
603 990 761 1020 Baronium,
779 993 888 1015 mutuas
911 987 994 1014 Attici

209 1046 237 1069 et
247 1040 339 1076 Cyrilli
352 1039 468 1071 litteras,
484 1039 510 1065 in
520 1038 621 1072 quibus
634 1037 663 1063 fit
673 1035 776 1063 mentio
791 1033 928 1062 Theodoti
938 1034 994 1068 jam

211 1086 341 1117 sedentis,
359 1085 517 1120 opinantem
537 1083 615 1110 datas
631 1089 704 1109 anno
719 1081 781 1112 412,
803 1087 858 1115 quo
876 1078 995 1114 Cyrillus

209 1133 352 1161 ordinatus
371 1136 414 1158 est
432 1139 439 1156 :
463 1130 606 1156 ruinosum
628 1128 701 1155 enim
725 1131 767 1154 est
784 1126 995 1154 fundamentum

211 1185 265 1213 quo
279 1181 333 1204 tota
349 1176 435 1210 ipsius
455 1175 489 1202 de
501 1173 581 1200 annis
597 1171 730 1200 Theodoti
745 1171 838 1206 opinio
857 1169 994 1196 innititur.

211 1223 277 1251 Nam
303 1221 494 1249 Theodoretus
511 1219 592 1246 docet
609 1218 794 1245 Alexandrum
816 1214 997 1242 Antiochena:

211 1268 339 1296 Ecclesiae
354 1267 446 1301 aliquo
452 1271 585 1300 tempore,
597 1271 652 1298 quo
668 1262 785 1298 Cyl-illus
797 1259 995 1290 Alexandrina,

211 1314 352 1350 praefuisse
376 1321 382 1339 :
409 1321 418 1337 ι
448 1311 487 1338 Eo
514 1315 637 1344 tempore
656 1306 828 1334 Alexandria:
850 1305 997 1340 episcopus

210 1360 329 1395 Cyrillus
339 1355 557 1391 erat,Theophili
570 1355 664 1382 fratris
675 1351 856 1387 ﬁlius,patrui
865 1351 893 1378 in
901 1350 996 1378 callic-

211 1405 260 1431 dra
275 1409 426 1430 successor.
445 1399 697 1435 Hierosolymitanae
709 1405 775 1425 vero
789 1396 918 1424 Ecclesiae
927 1403 996 1430 pne-

211 1455 271 1478 erat
282 1450 401 1477 Joannes
413 1448 454 1475 vir
470 1446 624 1477 laudabilis,
636 1445 683 1480 qui
700 1444 801 1480 Cyrillo
816 1447 995 1470 successerat.

211 1495 398 1523 Antiocheuos
408 1493 537 1528 pascebat
547 1491 708 1521 Alexander,
718 1491 797 1525 cujus
810 1489 872 1515 vita:
885 1488 997 1514 institu-

213 1539 251 1568 tio
264 1539 432 1575 episcopatui
446 1537 615 1573 congruebat
625 1537 673 1563 η.»
687 1535 812 1563 Nondum
831 1534 914 1568 igitur
925 1541 997 1560 anno

212 1588 264 1615 412
282 1587 440 1614 Theodotus
465 1589 524 1612 erat
543 1583 699 1618 episcopus,
721 1581 822 1615 alioqui
848 1579 1000 1606 Alexander

213 1642 266 1662 non
278 1637 349 1661 esset
367 1631 531 1662 recensitus,
548 1629 597 1657 sed
610 1628 771 1656 Theodotus
787 1635 793 1654 :
809 1634 893 1661 quare
911 1625 1002 1652 detra—

213 1679 320 1708 hendus
334 1683 375 1706 est
391 1685 462 1704 unus
477 1680 523 1703 aut
538 1676 607 1702 alter
625 1674 722 1701 saltem
744 1679 834 1699 annus
846 1679 880 1698 ex
892 1677 1001 1697 summa

211 1725 330 1756 Baronii,
343 1731 396 1758 qua
411 1722 581 1749 detractione
595 1719 760 1746 discohatret
786 1717 873 1752 ipsius
887 1716 998 1743 ratioci-

213 1772 298 1798 nium.

244 1818 287 1844 Vl.
308 1817 345 1843 Ex
359 1815 456 1843 eodem
472 1814 533 1841 loco
549 1811 708 1843 conﬁcitur,
729 1811 833 1845 aliquot
846 1810 936 1837 adhuc
950 1810 1000 1837 de-

214 1862 363 1892 trahendos
390 1870 396 1887 :
426 1868 488 1887 nam
511 1858 670 1886 Theodotus
689 1864 744 1884 non
770 1856 872 1883 dicitur
896 1856 999 1883 sedisse

213 1908 310 1936 eodem
329 1911 452 1940 tempore
461 1903 625 1934 Antiochiae,
641 1909 695 1936 quo
711 1901 831 1928 Joannes
842 1900 1001 1936 Hierosoly-

214 1955 266 1982 mis
281 1962 288 1979 :
305 1953 401 1980 sedere
423 1951 506 1986 igitur
525 1949 618 1983 coepit,
633 1951 664 1974 ut
678 1955 760 1982 quam
775 1947 913 1978 ocissime,
929 1954 1000 1973 anno

215 2000 266 2027 416
275 1999 329 2033 jam
344 1997 452 2024 affecto.
469 1993 696 2028 Quandoquidem
717 1991 837 2018 Joannes
853 1991 1000 2018 defunctus

214 2050 256 2073 est
270 2044 366 2071 eodem
389 2042 468 2077 253
490 2041 550 2075 ipso
579 2046 651 2067 anno
665 2038 718 2065 416
732 2058 738 2070 ,
755 2037 918 2065 detrahendi
936 2040 1000 2064 sunt

214 2091 297 2126 igitur
314 2094 369 2115 tres
383 2087 472 2114 adhuc
483 2086 560 2113 anni.

250 2135 304 2163 VII.
319 2135 419 2162 Verum
432 2131 618 2160 detrahendos
630 2130 713 2157 etiam
730 2129 824 2164 plures
845 2127 942 2155 suadet
957 2127 999 2162 ip-

214 2186 300 2209 semet
316 2181 444 2216 Cyrillus,
463 2178 509 2213 qui
525 2182 601 2208 tunc,
619 2183 681 2203 cum
697 2175 832 2202 scriberet
845 2173 945 2205 Attico,
965 2173 998 2200 ad

214 2231 362 2254 extremam
380 2227 550 2252 senectutem
573 2221 730 2256 pervenisse
747 2219 842 2246 scribit
869 2219 998 2245 Acacium

215 2273 386 2300 Berwensem
399 2269 568 2304 episcopum.
586 2276 594 2292 ι
608 2265 718 2300 Accepi,
731 2265 779 2297 ait,
794 2268 822 2291 et
832 2271 882 2298 ego
899 2271 913 2290 a
941 2263 998 2290 Deo

214 2316 412 2347 amantissimo,
429 2314 475 2349 qui
487 2313 520 2340 ad
532 2317 681 2340 extremam
694 2314 862 2337 senectutem
875 2308 1001 2343 pervenit

215 2361 341 2392 feliciter,
356 2359 466 2390 Acacio,
482 2359 598 2389 litteras,
615 2358 642 2384 in
655 2356 757 2391 quibus
774 2359 920 2384 asseverat,
939 2354 1002 2381 reli-

215 2406 397 2442 giosissimum
414 2403 565 2431 Antiochize
585 2401 736 2429 antistitem
753 2399 779 2426 vi
792 2403 917 2441 coactum
940 2406 1000 2425 esse

214 2462 230 2480 a
246 2452 421 2488 quibusdam,
437 2454 468 2476 ut
484 2448 597 2476 Joannis
609 2446 768 2473 memoriam
783 2445 934 2471 celebraret
949 2445 994 2469 ⁸³.)

215 2497 296 2531 Atqui
318 2496 341 2523 si
362 2495 500 2523 scribebat
524 2499 595 2519 anno
609 2491 671 2521 4-12,
698 2490 773 2517 nulla
789 2490 894 2516 ratione
905 2489 998 2516 dicere

217 2545 322 2577 poterat
333 2541 366 2568 ad
377 2545 528 2567 extremam
542 2540 711 2565 senectutem
736 2535 894 2570 pervenisse
922 2542 997 2567 eum,

215 2587 262 2621 qui
281 2586 372 2614 adhuc
396 2583 492 2619 viginti
516 2590 562 2610 sex
581 2589 668 2609 annos
683 2581 871 2615 episcopatum
895 2580 999 2608 tenuit:

215 2632 305 2659 tenuit
320 2638 385 2657 vero
402 2629 527 2660 Aeacius,
541 2632 571 2654 ut
584 2627 631 2662 qui
642 2626 743 2654 obierit
758 2633 829 2652 anno
840 2625 902 2653 456.

253 2676 317 2704 \‘lll.
332 2675 400 2703 Cum
415 2681 479 2709 ergo
489 2678 639 2701 extremam
655 2674 825 2698 senectutem
843 2677 924 2697 nemo
937 2670 1002 2697 atti-

216 2721 288 2757 gisse
301 2720 354 2748 dici
367 2720 462 2751 soleat,
474 2719 526 2746 nisi
543 2718 590 2753 qui
602 2717 638 2744 sit
654 2717 855 2751 octogenarius,
870 2721 918 2743 aut
928 2720 1002 2743 certe

1014 1566 1035 1595 C

1016 2229 1036 2255 D

1049 951 1166 979 nemque
1177 944 1205 971 in
1218 944 1252 972 iis
1267 944 1325 972 fieri
1335 945 1481 977 Theodoti,
1492 946 1548 980 jam
1561 952 1645 972 unum
1657 949 1704 972 aut
1716 945 1833 972 alterum

1049 995 1150 1015 annum
1167 989 1194 1015 in
1209 989 1366 1024 episcopatu
1386 989 1500 1024 agentis.

1084 1034 1118 1061 Χ.
1134 1034 1279 1062 Stabilitur
1299 1035 1393 1062 isthmc
1408 1035 1500 1070 opinio
1531 1034 1691 1062 auctoritate
1706 1035 1835 1062 Theodo-

1050 1079 1112 1111 reti,
1126 1079 1264 1107 narrantis
1277 1080 1342 1114 quid
1353 1081 1435 1115 paulo
1445 1085 1507 1108 ante
1523 1086 1637 1108 mortem
1648 1081 1835 1108 sanctissimus

1050 1125 1202 1152 monachus
1225 1125 1299 1153 Zeno
1325 1127 1411 1160 egerit
1437 1134 1499 1153 cum
1522 1127 1676 1154 Alexandro
1708 1127 1835 1161 episcopo

1049 1167 1223 1202 Antiochiae;
1252 1169 1278 1195 id
1304 1170 1376 1196 enim
1402 1178 1455 1197 non
1481 1171 1698 1206 improbabiliter
1722 1171 1836 1206 contigit

1049 1213 1143 1248 plures
1162 1219 1222 1248 post
1235 1222 1332 1248 annos,
1344 1223 1426 1250 quam
1440 1216 1576 1244 Zenonem
1593 1216 1780 1244 Theodoretus
1796 1217 1836 1244 in-

1050 1259 1130 1292 visit;
1145 1260 1311 1288 invisitvero
1325 1269 1398 1288 anno
1411 1262 1471 1289 408.

1087 1306 1132 1333 XI.
1157 1306 1272 1334 Accedit
1294 1308 1369 1335 aliud
1391 1308 1529 1343 opinionis
1560 1308 1767 1336 fundamentum
1803 1317 1836 1336 ex

1051 1351 1150 1379 litteris
1169 1353 1251 1380 Attici
1266 1353 1299 1380 ad
1325 1353 1467 1389 Cyrillum,
1493 1361 1526 1381 ex
1550 1355 1650 1388 quibus
1679 1355 1751 1381 idem
1772 1354 1837 1380 satis

1051 1401 1145 1431 aperte
1158 1398 1335 1425 concluditur
1360 1407 1367 1424 τ
1391 1399 1473 1425 refert
1488 1399 1561 1425 enim
1589 1399 1696 1426 Atticus
1713 1407 1752 1431 se,
1773 1407 1834 1426 cum

1051 1442 1182 1477 populum
1199 1444 1277 1470 urbis
1299 1444 1380 1479 regiae
1395 1444 1560 1471 commoveri
1582 1449 1718 1476 cerneret,
1734 1445 1837 1471 tumul-

1052 1492 1136 1522 tuque
1153 1488 1302 1524 emagitare
1324 1493 1354 1516 ut
1369 1490 1453 1517 sacris
1465 1490 1601 1525 diptyehis
1615 1497 1714 1517 nomen
1725 1490 1838 1517 Joannis

1051 1533 1260 1566 inscriberetur,
1279 1534 1472 1569 imperatorem
1490 1535 1601 1566 adiisse,
1614 1539 1644 1561 ut
1659 1542 1692 1561 ex
1706 1542 1739 1562 eo
1751 1535 1838 1561 resei—

1052 1584 1094 1606 ret
1121 1580 1188 1614 quid
1210 1579 1282 1607 facto
1304 1586 1378 1608 esset
1403 1589 1487 1616 opus;
1520 1586 1547 1608 et
1573 1581 1765 1615 imperatorem
1791 1589 1837 1608 rc-

1052 1625 1204 1659 spondisse,
1221 1636 1229 1651 I
1248 1626 1318 1653 nihil
1341 1634 1402 1653 esse
1422 1627 1536 1661 periculi
1561 1632 1607 1654 aut
1622 1627 1796 1658 incommodi,
1815 1627 1837 1653 si

1052 1671 1173 1698 defuncti
1188 1671 1241 1698 viri
1252 1679 1364 1704 nomen,
1381 1672 1596 1706 tranquillitatis,
1613 1672 1686 1707 pacis
1700 1676 1727 1699 et
1744 1672 1836 1706 populi

1051 1716 1205 1743 concordia!
1220 1717 1317 1751 gratia,
1332 1717 1432 1744 tabulis
1448 1717 1656 1744 inscriberetur.
1674 1727 1682 1742 ι
1702 1717 1735 1744 At
1752 1717 1774 1744 si
1787 1718 1836 1743 da—

1052 1766 1188 1801 taressent
1210 1762 1308 1790 litterae
1331 1770 1404 1790 anno
1423 1763 1512 1798 primo
1526 1762 1630 1799 Cyrilli,
1657 1763 1684 1790 id
1709 1767 1750 1791 est
1765 1771 1837 1789 anno

1050 1807 1113 1839 412,
1142 1807 1282 1834 fatendum
1307 1812 1380 1835 esset
1394 1809 1482 1839 datas,
1504 1817 1566 1836 cum
1593 1802 1638 1835 vix
1660 1808 1834 1835 undecimum

1051 1860 1153 1880 annum
1177 1853 1312 1888 attigisset
1334 1853 1494 1888 imperator,
1514 1862 1567 1888 qua
1595 1857 1675 1881 tctate
1705 1861 1772 1888 puer
1787 1861 1836 1879 nec

1051 1897 1155 1923 consuli
1169 1897 1248 1928 solet,
1261 1905 1313 1924 nec
1324 1897 1358 1924 de
1368 1898 1450 1925 rebus
1466 1898 1549 1926 tantis
1560 1898 1734 1932 respondere.
1746 1898 1837 1925 Potuit

1050 1949 1116 1968 vero
1127 1941 1299 1969 Theodosius
1311 1946 1340 1969 et
1356 1944 1460 1970 consuli
1478 1947 1505 1970 et
1516 1943 1693 1978 respondere,
1711 1943 1791 1978 254.
1810 1942 1834 1969 si

1050 1988 1214 2015 sententiam
1231 1992 1343 2023 rogatus
1353 1993 1396 2016 est
1407 1996 1480 2016 anno
1505 1989 1566 2021 420,
1580 1988 1680 2023 quippe
1702 1988 1748 2022 qui
1772 1992 1836 2015 tunc

1049 2037 1122 2060 esset
1136 2033 1325 2060 novemdecim
1339 2041 1482 2061 annorum.

1085 2078 1144 2105 ΧΠ.
1157 2078 1228 2111 Quin
1243 2078 1327 2106 etiam
1343 2078 1448 2106 Atticus
1463 2079 1498 2106 ita
1523 2084 1616 2106 narrat
1638 2078 1785 2106 Alexandri
1808 2079 1836 2105 in

1051 2123 1119 2151 urbe
1136 2124 1221 2162 regia,
1237 2124 1407 2151 ctTheodoti
1428 2125 1455 2151 in
1467 2124 1637 2151 Antiocbena
1649 2124 1770 2155 civitate,
1786 2132 1836 2158 pro

1049 2168 1152 2196 Joanne
1167 2168 1362 2204 Chrysostomo
1379 2169 1406 2196 in
1425 2169 1530 2196 tabulas
1547 2169 1747 2196 ecclesiasticas
1765 2169 1836 2196 inter

1050 2214 1196 2249 episcopos
1214 2214 1367 2247 referendo,
1382 2222 1427 2242 res
1444 2219 1543 2249 gestas,
1557 2219 1587 2241 ut
1603 2215 1714 2249 longum
1730 2219 1836 2249 tempus

1050 2261 1122 2287 inter
1133 2260 1275 2295 utriusque
1282 2265 1342 2287 acta
1350 2260 1538 2288 intercessisse
1549 2261 1674 2288 ostendat
1684 2270 1690 2287 :
1700 2261 1836 2295 quomodo

1050 2313 1116 2333 vero
1132 2306 1342 2337 intercessisset,
1363 2306 1386 2333 si
1398 2306 1551 2334 Alexander
1570 2315 1671 2341 paucos
1683 2315 1770 2334 annos
1780 2307 1837 2341 epi-

1051 2356 1193 2386 scopatum
1214 2352 1359 2383 tenuisset,
1381 2357 1409 2379 et
1425 2353 1583 2379 Theodotus
1604 2353 1658 2388 jam
1684 2357 1741 2379 tum
1765 2361 1837 2379 anno

1051 2398 1099 2424 Ml
1114 2397 1302 2429 successisset,
1321 2402 1350 2424 et
1366 2405 1398 2424 ea
1425 2398 1562 2432 gessisset,
1579 2406 1639 2432 qua:
1665 2397 1772 2425 Atticus
1796 2405 1838 2424 re-

1052 2442 1122 2469 fert?

1088 2488 1158 2515 Xlll.
1180 2487 1329 2515 Occasione
1349 2496 1433 2523 porro
1454 2488 1607 2515 litterarum
1638 2488 1720 2515 Attici
1744 2488 1838 2515 obser-

1051 2534 1170 2560 vandum
1199 2539 1241 2560 est
1275 2533 1366 2560 Acacii
1404 2534 1543 2569 ingenium
1584 2533 1698 2568 tempori
1733 2528 1836 2570 servire

1051 2583 1231 2614 promptum:
1256 2579 1354 2606 videns
1373 2580 1446 2606 enim
1469 2579 1652 2606 Alexandrum
1675 2587 1754 2605 suum
1782 2579 1838 2613 pri-

1051 2629 1162 2655 matem,
1175 2632 1238 2651 cum
1252 2632 1400 2659 rapessens
1419 2625 1606 2658 episcopatum
1631 2632 1686 2651 sua:
1710 2624 1772 2650 fidei
1790 2625 1838 2650 lit~

1051 2675 1123 2697 teras
1141 2670 1254 2697 Roman:
1277 2673 1310 2697 de
1334 2677 1409 2697 more
1434 2670 1575 2701 mitteret.
1603 2671 1694 2696 favere
1727 2670 1835 2699 Joanni,

1053 2716 1136 2749 idque
1149 2723 1257 2742 summo
1273 2716 1395 2750 pontifici
1412 2715 1516 2747 testari,
1527 2715 1602 2742 dedit
1620 2720 1646 2742 et
1659 2715 1716 2750 ipse
1742 2715 1776 2742 ad
1794 2714 1837 2741 ln-

892 2793 1051 2821 SCIIULZII
1071 2794 1186 2821 NOTAE.

253 2867 272 2883 "
287 2866 345 2893 \‘id.
368 2867 436 2894 Hist.
457 2866 519 2894 ccci.
539 2865 587 2894 lib.
601 2873 627 2897 v,
644 2872 702 2898 cap.
720 2864 764 2891 55.

805 2863 824 2878 ¹¹
838 2862 898 2890 Vid.
928 2861 1020 2897 Cyrilli
1042 2863 1122 2896 epist.
1144 2862 1176 2889 ad
1197 2861 1324 2889 Atticum.
