1967 3047
128 138 182 170 21⁸5

711 140 759 169 DE
780 141 906 170 LIBRIS
921 141 1174 171 THEODORETI.

1701 141 1753 173 206

131 193 287 220 nocentium
305 200 401 227 papam
416 193 522 220 litteras
545 194 572 220 in
595 194 719 222 eamdem
734 195 899 223 sententiam
911 216 917 228 ,
934 198 957 226 Α
971 203 1013 223 me
1026 203 1075 230 per
1097 196 1218 222 divinam
1236 196 1362 231 gratiam,
1386 199 1442 223 tum
1468 196 1617 231 apostolica
1641 197 1752 232 scripta,

130 246 287 273 quanquam
303 245 366 272 erga
386 238 546 265 defunctmn
570 239 662 266 animo
688 239 793 266 foveret
811 240 916 271 odium,

130 293 185 318 quo
201 285 289 318 palam
307 288 449 311 exarserat
465 285 491 311 in
505 284 608 311 vivum.

432 350 544 378 CAPUT
566 350 597 377 ll.

131 398 182 429 Qui
202 401 316 424 veterum
350 397 511 432 scriptorum
551 397 728 423 recensucriul
766 396 917 422 Theodoreti

482 439 572 466 opera.

165 488 278 515 Veteres
292 488 364 520 dico,
387 488 432 522 qui
448 492 511 514 ante
534 492 658 514 nostrum
691 491 855 522 patrumque
869 495 917 514 sm-

129 534 221 561 culuiu
232 534 403 569 scripserunt
416 543 422 560 2
432 534 603 568 scripserunt
612 533 632 548 ’³
641 541 717 565 vero,
725 533 796 568 quod
807 533 917 568 quidem

128 581 225 612 sciam,
240 581 289 607 soli
302 580 434 615 quinque,
448 579 640 607 Theodoretus
651 579 707 614 ipse
723 599 730 610 ,
761 579 919 606 Gennadius

129 627 226 661 quinto
242 626 351 657 sreculo,
377 625 493 652 Photius
509 632 593 657 nono,
608 624 780 659 Nicephorus
791 624 919 652 Callistus

129 670 237 697 decimo
254 673 362 704 quarto,
377 669 550 696 llebcd-Jesu
561 668 669 696 decimo
679 669 786 703 quinto.

413 725 426 760 §
439 725 459 752 Ι.
478 725 662 752 Tlteadoretus.

167 780 187 806 1.
203 780 301 807 Texuit
314 779 505 806 Thcodorctus
526 786 639 806 suorum
653 779 787 805 librorum
801 784 920 813 quatuor

133 825 162 852 in
172 826 239 853 locis
252 825 417 858 catalogum.
433 824 514 850 modo
527 823 700 858 ampliorem,
716 823 797 850 modo
807 824 918 851 brevio—

968 245 1025 268 tum
1052 242 1213 276 prophetica
1230 243 1340 270 oracula
1365 251 1371 269 :
1397 246 1425 269 et
1449 242 1529 270 facile
1548 247 1590 270 est
1602 251 1634 270 ex
1647 242 1691 271 his
1709 251 1754 270 eo-

967 295 1097 322 gncscere
1120 296 1152 314 an
1165 288 1289 315 stabilem
1304 288 1366 315 tidci
1379 289 1499 323 regulam
1514 289 1658 320 servarint.
1669 296 1703 315 an
1720 289 1754 315 ab

967 333 1026 366 ejus
1043 333 1207 359 rectitudine
1223 333 1390 359 deﬂexerim.
1413 343 1420 358 ι

1003 379 1046 405 IV.
1060 379 1146 413 Epist.
1167 379 1227 409 H5,
1240 379 1272 405 ad
1288 379 1420 406 Renatum
1442 379 1632 414 presbyterum
1646 389 1652 406 :
1673 389 1682 404 ι
1699 380 1755 406 Ro»

968 432 1063 459 gamus
1084 428 1114 451 ut
1125 424 1260 458 judicium
1276 432 1308 451 ex
1323 424 1432 458 scriptis
1450 425 1642 452 constituatur.
1657 425 1755 452 Libros

968 469 1040 496 enim
1058 468 1154 504 scripsi
1176 469 1294 503 amplius
1324 459 1433 503 triginta
1451 469 1583 496 adversus
1609 470 1705 496 Arium
1727 474 1752 496 et

968 514 1144 545 Eunomium,
1159 514 1291 541 adversus
1308 514 1485 546 Marcionem,
1510 514 1642 541 adversus
1666 514 1754 541 Macc-

969 559 1091 590 donium,
1104 559 1236 586 adversus
1246 559 1371 595 gentiles,
1386 561 1518 586 adversus
1536 560 1644 588 Judatos
1654 569 1661 592 ;
1671 561 1755 587 inter-

969 610 1091 641 pretatus
1106 613 1166 632 sum
1191 613 1299 640 quoque
1317 606 1438 633 divinam
1459 606 1650 641 Scripturam:
1671 610 1699 633 et
1718 606 1756 633 ta-

969 652 1021 679 cile
1033 656 1085 683 est.
1098 653 1119 679 si
1133 652 1196 687 quis
1211 653 1286 684 velit,
1300 653 1509 687 deprehendere
1521 660 1565 679 me
1589 660 1637 686 per
1648 656 1756 686 aposto-

969 698 1021 725 lica
1037 698 1149 733 vestigia
1163 698 1317 730 incessisse,
1339 706 1424 724 unum
1439 697 1612 732 praedicando
1627 697 1752 729 Fiiiutn,n

969 747 1023 769 CIC.

1006 789 1037 815 V.
1052 789 1173 823 Epistola
1186 788 1246 820 MS,
1263 788 1296 815 ad
1311 788 1462 816 monachos
1472 788 1756 823 Constantinopolita-

970 841 1019 861 nos
1033 842 1040 860 τ
1055 834 1177 866 «,Multte,
1203 834 1304 868 inquit,
1333 835 1488 861 auditorum
1510 834 1647 870 myriades
1676 838 1758 861 testes

131 879 199 898 rem.
213 871 277 897 Loci
300 870 337 897 illi
355 875 417 897 sunt
430 870 511 905 epist.
525 869 569 899 82,
583 869 617 895 ad
642 869 791 896 Eusebiqu
802 869 922 906 Ancyra-
939 876 957 902 Β
973 883 1046 911 ευηι⁷
1057 887 1099 906 me
1112 880 1337 915 Evangelicorum
1350 880 1506 914 dogmamm
1517 869 1660 907 vérimlem
1672 880 1758 907 "adi-

130 925 195 943 num
208 916 385 950 cpismpum;
402 916 483 950 epist.
497 917 559 949 H5,
576 916 609 943 ad
621 920 746 943 sanctum
770 916 891 943 Leonem
911 925 918 949 ;

129 961 211 994 epist.
228 960 286 990 116,
300 959 332 986 ad
348 960 484 987 Benatum
501 961 703 996 presbyterum,
717 963 745 986 et
761 960 841 994 epist.
859 960 920 994 145,

131 1005 164 1032 ad
182 1004 331 1031 monachos
343 1003 670 1040 Constantinopolitanos.

166 1051 199 1078 ll.
213 1051 243 1077 tn
256 1050 372 1084 epistola
388 1051 422 1077 ad
434 1051 594 1083 Eusebium,
608 1057 670 1086 post
680 1053 830 1088 expositam
844 1060 920 1079 suam

131 1097 166 1124 de
192 1096 381 1123 incarnatione
411 1096 512 1128 ﬁdem,
538 1097 596 1124 hazc
622 1098 725 1126 habet:
756 1109 765 1125 ‹
794 1099 833 1126 Ne
861 1099 922 1134 quis

131 1143 268 1171 existimet
293 1147 366 1169 metu
392 1144 550 1177 perculsum
575 1151 619 1170 me
647 1144 698 1171 ista
719 1153 793 1172 nunc
817 1145 920 1177 dicere,

131 1189 268 1223 integrum
277 1191 330 1218 est,
345 1188 389 1214 cui
406 1188 514 1215 animus
525 1188 618 1217 fuerit.
637 1189 748 1224 antiqua
762 1197 844 1224 opera
861 1198 922 1217 mea

130 1234 268 1265 evolvere,
287 1237 343 1259 tum
360 1241 402 1264 ea,
418 1241 480 1267 quae
500 1239 564 1261 ante
587 1234 721 1269 synodum
745 1235 921 1269 Ephesinam,

131 1284 190 1306 tum
205 1287 265 1313 qua:
278 1283 339 1313 post
360 1278 433 1305 illam
463 1287 572 1307 rursum
598 1283 661 1306 ante
676 1279 822 1306 duodecim
837 1287 923 1306 annos

131 1324 239 1359 scripsi.
256 1324 322 1356 Qua:
334 1324 408 1351 enim
426 1324 473 1351 Dei
488 1325 574 1358 gratia
586 1329 638 1356 est,
649 1329 676 1352 et
692 1324 842 1359 Prophetas
865 1332 923 1353 om-

131 1378 181 1397 nes
196 1370 401 1397 commentariis
411 1370 535 1404 exposui,
547 1375 575 1397 et
590 1371 751 1398 Psalterium
763 1377 790 1398 et
805 1371 923 1405 Aposto-

132 1415 200 1446 lum,
233 1419 261 1442 et
294 1415 428 1442 adversus
458 1415 576 1442 Arianos
611 1423 641 1442 ac
662 1416 880 1447 Maccdonianos.
896 1419 923 1443 et

133 1466 227 1487 zontra
240 1460 407 1494 Apollinaris
416 1460 578 1495 praestigias,
593 1460 752 1495 rabiemque
766 1461 921 1492 Marcionis,

131 1505 218 1532 libros
233 1506 298 1531 olim
323 1505 482 1539 composui;
503 1509 530 1532 et
551 1505 578 1532 in
595 1506 710 1541 singulis
737 1506 814 1534 libris
836 1507 924 1534 cccle—

972 924 1060 957 disse;
1076 930 1174 959 praesto
1187 928 1250 952 sunt
1261 929 1288 952 et
1298 925 1452 959 conscripta
1463 933 1556 960 opera,
1573 929 1601 951 ut
1616 925 1759 959 explorent

971 971 1018 1006 qui
1040 971 1147 998 velint:
1167 979 1221 997 non
1246 971 1320 998 enim
1344 979 1394 1006 pro
1411 971 1474 998 ﬁliis
1496 971 1616 1003 duobus,
1635 971 1683 998 Sed
1710 979 1759 1005 pro

973 1018 1115 1052 unigenito
1139 1017 1188 1044 Dei
1202 1018 1281 1049 Filio,
1297 1021 1325 1045 et
1346 1023 1440 1045 contra
1467 1017 1584 1049 Graecos.
1610 1023 1638 1045 et
1662 1022 1758 1045 contra

971 1063 1090 1095 Iudaeos,
1102 1067 1129 1090 et
1140 1067 1236 1090 contra
1248 1062 1306 1089 Arii
1322 1068 1404 1097 atque
1422 1063 1549 1090 Eunomii
1572 1064 1667 1090 morbo
1681 1064 1759 1090 labo-

972 1113 1073 1140 rantes,
1102 1112 1130 1134 et
1166 1112 1261 1135 contra
1284 1115 1331 1135 eos
1351 1108 1396 1142 qui
1421 1108 1583 1142 Apoliinarii
1610 1108 1758 1135 amentiam

972 1157 1124 1185 sectantur,
1148 1153 1190 1180 vel
1215 1153 1262 1187 qui
1288 1152 1435 1180 Marcionis
1456 1153 1518 1180 tabe
1544 1153 1664 1187 correpti
1683 1157 1757 1185 sunt,

972 1203 1078 1226 certare
1091 1207 1232 1233 nunquam
1257 1198 1423 1225 destitimus.
1448 1198 1549 1226 Graecis
1573 1199 1683 1233 quidem
1698 1207 1760 1233 per—

972 1244 1119 1271 suadentcs
1139 1244 1227 1278 ipsum
1247 1251 1307 1271 esse
1323 1244 1444 1271 omnium
1464 1251 1556 1271 rerum
1571 1244 1758 1275 Conditorem,

973 1289 1132 1323 sempiterni
1149 1289 1196 1316 Dei
1217 1289 1314 1316 Filium
1337 1294 1503 1317 coxctcrnum
1519 1299 1524 1316 :
1541 1290 1643 1317 Iudaeis
1657 1295 1759 1321 autem,

974 1335 1008 1361 de
1041 1335 1087 1362 illo
1112 1343 1172 1362 esse
1202 1335 1275 1362 edita
1304 1336 1431 1362 vaticinia
1455 1337 1651 1370 prophetarum
1671 1345 1677 1363 :
1702 1336 1760 1364 Arii

973 1380 1156 1414 Eunomiique
1176 1380 1342 1411 lueredibus,
1366 1381 1490 1415 ejusdem
1516 1389 1576 1408 esse
1599 1389 1660 1408 eum
1681 1381 1761 1408 Patre

974 1426 1144 1456 substantiae.
1159 1426 1337 1461 ejusdemque
1349 1426 1464 1454 honoris
1483 1432 1511 1454 ct
1523 1427 1652 1462 potentia:
1670 1436 1675 1454 :
1694 1428 1762 1454 Mar-

974 1471 1062 1497 cionis
1088 1471 1179 1498 furore
1201 1470 1413 1503 insanientibus,
1440 1479 1494 1498 non
1520 1471 1622 1499 bonum
1656 1477 1762 1500 tantum

974 1524 1044 1547 esse,
1058 1524 1154 1542 verum
1172 1517 1253 1543 etiam
1267 1517 1385 1551 justum,
1402 1525 1456 1544 non
1477 1517 1641 1549 alienorum,
1664 1523 1695 1545 ut
1710 1519 1762 1554 ipsi

132 1551 276 1578 siasticum
286 1551 384 1585 dogma
400 1559 448 1585 per
461 1551 509 1577 Dei
529 1551 643 1586 gratiam
668 1552 768 1579 elucet.
793 1552 921 1587 Mysticus

978 1562 1141 1594 I'abulantur,
1153 1562 1199 1589 sed
1216 1570 1329 1589 suorum
1345 1562 1431 1597 ipsius
1448 1570 1560 1597 operum
1574 1564 1739 1591 salvatorem
1754 1573 1760 1591 :

131 1600 264 1631 praeterea
276 1595 394 1630 scriptus
409 1603 423 1622 a
437 1595 516 1622 nobis
530 1599 571 1622 est
584 1595 664 1627 liber,
677 1600 704 1623 et
725 1596 770 1622 alii
783 1596 817 1623 de
827 1596 923 1623 Provi-

131 1641 236 1672 dentia.
251 1646 278 1668 et
293 1641 325 1668 ad
343 1641 460 1675 quaesita
474 1641 612 1676 Magorum
630 1641 710 1673 alius,
725 1645 752 1668 et
764 1641 832 1668 Vitae
845 1649 923 1668 sanc-

132 1690 235 1718 torum,
249 1690 276 1713 ct
289 1690 388 1720 prmter
412 1686 463 1713 hos
485 1686 530 1712 alii
558 1687 724 1720 complures,
745 1694 779 1713 ne
801 1687 924 1721 singulos

133 1740 323 1767 percenseam.
352 1732 406 1759 llos
430 1736 520 1758 autem
549 1733 719 1764 enumeravi,
749 1741 805 1760 non
832 1733 924 1768 gloria:

133 1777 226 1804 studio
241 1777 354 1809 ductus.
378 1776 426 1804 sed
444 1782 619 1804 accusatores
632 1785 796 1812 provocans,
821 1783 849 1805 ct
876 1786 925 1806 eos

133 1823 181 1857 qui
196 1822 322 1856 judicare
340 1822 490 1854 voluerint,
503 1827 533 1849 ut
544 1830 657 1857 operum
670 1827 827 1850 nostrorum
839 1824 925 1858 quod-

134 1876 244 1902 cunque
259 1868 340 1903 255
357 1868 507 1899 voluerint.
520 1869 695 1902 examinem;
724 1877 774 1896 nec
787 1869 860 1896 enim
883 1877 925 1896 rc-

135 1915 316 1949 perient.nos
330 1915 405 1941 aliud
424 1923 473 1949 per
495 1915 543 1941 Dei
563 1915 678 1950 gratiam
702 1915 806 1942 sentire
819 1935 825 1947 ,
843 1923 924 1950 quam

134 1959 209 1994 quod
221 1968 235 1986 a
247 1960 388 1994 Scriptura
400 1967 477 1987 sacra
495 1959 652 1987 didicimus.
667 1969 676 1984 ι

171 2004 216 2031 Ill.
232 2005 352 2039 Epistula
368 2005 427 2036 115,
441 2005 474 2032 ad
485 2009 610 2032 sanctum
629 2005 749 2032 Leonem
763 2014 769 2031 :
789 2015 798 2030 ι
810 2005 926 2039 Aposto-

134 2051 195 2078 liem
206 2055 303 2077 vestr-.c
316 2051 389 2078 sedis
403 2055 533 2085 exspecto
551 2050 726 2082 sententiam,
742 2054 769 2077 et
780 2058 828 2078 oro
845 2055 925 2084 atque

134 2095 260 2122 obtestor
273 2095 448 2122 sanctitatem
475 2101 564 2128 tuam,
591 2095 699 2122 utmilti
722 2101 827 2124 rectum
842 2096 927 2130 acju-

135 2144 208 2167 stum
240 2141 359 2167 tribunal
377 2144 499 2168 vestrum
522 2141 661 2168 invocanti
683 2149 762 2175 opem
785 2141 865 2173 ferat,
881 2142 927 2176 ju-

136 2185 254 2220 beatque
283 2186 316 2212 ad
331 2193 379 2212 vos
402 2187 507 2218 venire,
522 2191 549 2214 et
570 2187 724 2214 doctrinam
747 2195 835 2214 meam
859 2195 926 2221 apo-

975 1613 1056 1642 atquc
1077 1612 1107 1634 ut
1128 1608 1211 1634 semel
1246 1608 1347 1639 dicam,
1378 1607 1509 1635 adversus
1529 1608 1679 1642 quamlibet
1707 1609 1764 1636 lues

975 1653 1047 1679 resin
1058 1653 1232 1685 dimicantes,
1254 1661 1339 1679 unum
1363 1653 1461 1680 Filium
1484 1654 1652 1681 adorandum
1668 1662 1763 1682 mone-

975 1706 1044 1724 lllllS.
1064 1708 1072 1723 1

1259 1762 1477 1791 οβεεκγλτιοκεε.

1011 1820 1032 1847 1.
1046 1821 1085 1847 Ex
1098 1824 1216 1855 quatuor
1235 1821 1373 1855 epistolis,
1387 1822 1473 1856 prima
1493 1829 1565 1849 anno
1583 1821 1635 1849 41ιὸ
1661 1822 1764 1857 scripta

975 1871 1028 1897 est,
1038 1867 1149 1901 reliqua:
1170 1875 1242 1894 anno
1262 1867 1314 1894 449
1343 1867 1508 1895 desinente:
1538 1875 1622 1902 quare
1651 1877 1711 1903 qua:
1736 1870 1765 1897 in

976 1912 1064 1946 prima
1083 1916 1272 1943 recensentur,
1288 1916 1350 1939 ante
1363 1920 1466 1939 annum
1479 1912 1530 1939 446
1542 1912 1617 1939 edita
1630 1916 1704 1940 sunt.

1012 1957 1044 1984 11.
1059 1958 1137 1984 Nulla
1151 1957 1180 1983 tit
1200 1957 1305 1991 uspiam
1332 1958 1436 1984 mentio
1456 1958 1680 1992 reprehensionis
1694 1958 1765 1985 duo-

977 2003 1064 2030 decim
1078 2003 1204 2038 Capitum
1216 2003 1327 2039 Cyrilli;
1347 2003 1421 2030 nulla
1444 2003 1612 2031 defensionis
1637 2012 1687 2038 pro
1704 2005 1775 2031 Dio--

977 2049 1045 2076 doro
1070 2048 1199 2076 Tarsensi
1230 2054 1258 2076 et
1283 2049 1429 2076 Theodoro
1451 2049 1661 2083 Mopsuesteno;
1691 2050 1765 2078 nulla

977 2095 1059 2121 etiam
1070 2094 1214 2131 Eranistte,
1225 2094 1306 2129 256
1316 2095 1379 2122 licet
1397 2095 1455 2122 haec
1472 2099 1535 2121 ante
1557 2102 1657 2121 annum
1668 2095 1720 2122 M5
1734 2097 1766 2126 ¹“.

978 2144 1024 2166 aut
1035 2145 1109 2167 certe
1129 2140 1190 2172 M9,
1215 2139 1366 2174 Composita
1393 2140 1459 2167 sint.
1487 2140 1588 2167 Verum
1610 2148 1664 2166 non
1688 2145 1767 2167 erant

979 2186 1163 2212 conducibilia
1180 2186 1213 2212 ad
1224 2185 1605 2217 dctensionenfTheodoreti,
1619 2186 1666 2213 sed
1681 2187 1769 2221 magis

135 2231 241 2258 stolicis
257 2231 379 2267 vestigiis
398 2232 576 2259 inluerentcm
597 2233 752 2259 ostendere.
768 2233 838 2260 Sunt
853 2233 925 2260 enim
944 2222 963 2248 Ι)
979 2230 1013 2257 ad
1024 2231 1238 2258 accusationem.

135 2277 215 2307 mihi,
230 2285 290 2311 qua:
311 2278 410 2311 partim
427 2282 489 2304 autc
505 2286 591 2304 annos
613 2278 719 2312 viginti,
738 2278 838 2312 partim
863 2282 926 2305 ante

135 2321 302 2353 octodecim.
316 2322 416 2356 partim
450 2326 513 2349 ante
531 2322 700 2357 quindecim,
718 2322 818 2356 partim
844 2326 906 2348 ante
919 2323 925 2331 ‘

135 2367 284 2394 duodecim
307 2369 416 2403 scripsi,
435 2368 560 2402 quzedam
580 2373 675 2395 contra
692 2367 809 2394 Arianos
825 2371 852 2393 et
871 2367 927 2394 Eu—

136 2414 291 2445 nomianos,
322 2414 447 2448 quaadatu
478 2418 573 2440 contra
597 2413 707 2440 Iudaeos
740 2418 769 2440 ct
799 2413 926 2447 gentiles.

136 2458 262 2493 quaedam
274 2463 370 2486 contra
388 2467 480 2494 magos
501 2459 547 2494 qui
559 2465 624 2486 sunt
636 2459 662 2486 in
675 2459 796 2486 Perside.
819 2458 878 2486 Alia
895 2459 928 2486 de

136 2504 286 2531 universali
305 2504 490 2535 Providentia,
510 2505 562 2532 alia
588 2513 684 2532 rursus
704 2504 738 2532 de
762 2504 908 2539 Theologia
921 2525 927 2535 ,

137 2549 228 2584 deque
248 2549 341 2576 divina
364 2550 566 2577 Incarnatione.
582 2550 709 2584 Exposita
727 2542 792 2576 sunt
811 2549 893 2577 etiam
915 2558 929 2576 a

1016 2276 1060 2303 111.
1076 2276 1156 2303 Nulla
1166 2276 1269 2310 pariter
1282 2277 1385 2303 mentio
1398 2276 1427 2303 ﬁt
1439 2278 1630 2305 commentarii
1652 2278 1677 2305 in
1693 2277 1767 2305 Can-

982 2322 1066 2349 ticum
1081 2321 1251 2348 canticorum
1261 2321 1293 2353 ”,
1307 2322 1371 2348 licet
1381 2322 1478 2356 primis
1497 2323 1675 2357 temporibus,
1694 2327 1769 2349 certe

982 2371 1045 2394 ante
1060 2367 1233 2398 Psalterium,
1254 2367 1372 2401 evulgati
1386 2376 1392 2392 :
1406 2375 1488 2394 causa
1505 2367 1531 2394 in
1548 2369 1666 2395 obscuro
1681 2369 1746 2395 latet
1761 2389 1767 2400 ,

983 2412 1194 2447 inrestigabitur
1203 2420 1253 2439 suo
1264 2413 1334 2439 loco.

1018 2459 1062 2486 IV.
1094 2459 1175 2486 Nulla
1203 2459 1233 2486 tit
1255 2459 1382 2486 similiter
1411 2459 1542 2486 memoria
1567 2459 1700 2486 orationis
1736 2459 1770 2485 (te.

982 2504 1166 2536 Charitate‘“,
1186 2505 1445 2532 commentariorum
1473 2505 1500 2532 in
1514 2505 1722 2536 Oetateuchum,
1742 2509 1771 2531 et

983 2550 1069 2577 libros
1081 2550 1184 2585 Regum
1199 2550 1230 2583 ”,
1251 2550 1377 2578 Historia
1409 2550 1613 2581 ecclesiasticae,
1634 2554 1662 2577 et
1679 2550 1772 2584 operis

806 2627 962 2654 StlllULle
984 2628 1099 2655 NOTA‘J.

179 2698 199 2711 ⁵³
221 2697 374 2730 1,‹ις;ρη‹1ιιιη
391 2706 451 2725 esse
464 2699 571 2725 videtur
595 2708 601 2724 :
615 2698 665 2730 Qui
683 2698 714 2724 de
730 2698 835 2729 Nostro.
852 2699 912 2733 jam
929 2698 1040 2725 Patrum
1055 2707 1160 2729 swetuo,
1179 2699 1347 2734 scripserunt.

140 2733 266 2759 liumista
295 2741 387 2766 supra,
417 2742 443 2767 p.
471 2734 532 2761 206.

140 2768 326 2804 gustinmaium
351 2768 461 2804 iul'ra.§
487 2770 513 2800 5,
530 2768 564 2795 ah
590 2767 678 2795 initio.

1388 2699 1408 2714 "
1427 2698 1496 2725 Licet
1512 2699 1575 2729 Iure.
1589 2702 1642 2726 etc.
1659 2697 1718 2724 Vid.
1738 2698 1772 2724 de.

583 2733 711 2769 ‘_'1\"utla.
739 2738 799 2769 etc.
820 2731 928 2760 Scilicet
952 2733 978 2759 in
1000 2734 1126 2769 epistolis
1145 2731 1243 2760 citatis.
1257 2734 1350 2760 Exstat
1376 2739 1467 2760 autem
1493 2734 1578 2768 ipsius
1606 2731 1771 2769 Theodoreti

725 2768 745 2783 ’⁸
761 2767 835 2794 Or'nt.
857 2768 888 2794 de
905 2769 977 2795 rlmr.
998 2767 1060 2794 Haec
1071 2776 1136 2795 vero
1148 2776 1210 2795 cum

141 2802 219 2828 locus
233 2811 266 2828 cx
281 2802 395 2836 epistula
417 2802 458 2830 ad‘
473 2804 622 2830 Eusebium
640 2804 738 2830 allatus
754 2803 807 2829 huc
825 2804 906 2830 etiam
929 2803 1024 2830 referri
1038 2807 1138 2837 potest.

1248 2769 1365 2795 ertineat
1384 2769 1416 2795 ad
1441 2767 1584 2796 Historiam
1611 2767 1770 2802 religiosam,

1188 2804 1208 2819 ¹⁷
1223 2802 1370 2830 Comment.
1387 2803 1540 2838 -——Regum.
1557 2803 1595 2830 Αίι
1617 2803 1666 2829 hos
1691 2802 1772 2827 etiam

142 2836 228 2863 libros
241 2838 368 2871 respexit,
381 2846 442 2866 cum
457 2839 491 2866 ad
507 2839 639 2866 Renatum
658 2838 798 2870 scriberet,
815 2846 843 2865 se
860 2836 1066 2874 interpretatum
1087 2845 1146 2866 esse
1163 2838 1331 2874 Scripturam
1350 2846 1464 2866 sacram.
