1967 3047
211 168 260 200 2(‘7

772 161 960 191 GARNERII
981 159 1228 190 DISSERTATIO
1246 159 1287 188 II.

1782 159 1838 190 ‘208

214 221 403 249 ﬂwrrtirnrum
417 219 569 254 fabulor-mn
586 216 617 247 ",
628 223 689 240 eum
707 219 796 241 tamen
808 215 833 241 in
854 215 896 241 his
912 214 997 240 (‘onli-
1015 218 1033 243 Α
1051 213 1208 239 tricesimus
1223 213 1356 247 septimus
1371 217 1417 239 aut
1431 217 1544 239 octavus
1557 212 1591 238 al)
1613 212 1689 239 obitu
1707 213 1838 240 Theodo-

211 271 327 294 neantur
338 265 421 291 multa
437 269 536 290 rectam
548 262 628 288 fidem
641 261 761 287 auctoris
772 260 996 292 demonstrantia,

211 310 257 337 sed
276 309 396 336 nondum
409 312 487 334 erant
504 307 617 340 scripta.

247 356 277 383 V.
293 355 459 380 Memoratur
472 353 498 378 in
512 353 569 378 sola
582 351 614 378 ad
628 351 776 378 Eusebium
802 349 918 385 epistola
933 350 997 378 Phi«

211 401 360 432 lotheus",
374 400 400 427 id
418 404 469 431 cst,
485 398 605 426 Historia
622 403 793 429 sanctorum,
815 402 896 432 atque
914 397 998 424 etiam

211 447 340 482 Mysticus
354 447 423 473 liber
435 455 441 472 :
457 445 484 472 in
494 445 550 472 sola
569 445 603 471 ad
618 448 742 471 sanctum
756 443 874 470 Leonem
885 442 998 470 liberde

211 492 368 527 Theologia,
384 497 411 519 et
423 492 493 518 liber
507 491 540 518 de
554 490 754 518 lncarnatione.

249 537 290 564 Vl.
310 537 339 563 In
364 536 479 570 epistola
491 535 523 562 ad
551 535 699 562 Eusebium
721 533 883 560 dividuntur
903 540 997 567 opera,

211 590 272 617 qua:
287 586 447 612 censentur,
471 581 498 607 in
524 581 593 607 duas
613 585 705 615 partes
727 589 733 606 :
762 579 815 606 alia
838 579 912 606 enirn
935 583 998 605 ante

210 627 343 662 synodum
372 625 556 660 Ephesinam,
587 624 613 651 id
635 628 677 651 est
704 629 767 650 ante
797 631 900 650 annum
924 623 996 654 451,

210 671 312 705 scripta
327 670 474 701 dicuntur;
487 669 539 696 alia
555 673 616 704 post
632 669 777 704 synodum.
792 668 826 694 At
843 668 870 694 in
883 667 998 702 epistola

211 716 243 744 ad
275 721 399 743 sanctum
433 716 553 743 Leonem
582 715 741 742 distributio
766 714 791 740 li'
826 718 943 748 quatuor
969 713 996 740 in

211 766 302 797 partes
318 770 324 788 :
343 761 465 796 quzcdam
493 760 566 787 enim
595 760 696 794 scripta
712 764 861 786 narrantur
875 764 938 785 ante
958 757 998 784 vi-

211 808 279 843 ginti
305 815 402 839 annos,
439 807 464 833 id
485 811 537 838 est,
569 811 632 833 ante
662 814 763 833 annum
785 805 853 836 ΗΟ,
872 804 996 839 quaedam

211 859 273 881 ante
290 853 453 884 octodecim,
471 852 496 879 id
519 855 570 879 est.
585 856 647 878 ante
664 858 765 878 annum
791 850 854 882 451,
872 849 996 884 quaedam

215 903 278 926 ante
288 898 456 933 quindecim,
476 897 502 923 id
519 901 570 927 est,
588 902 650 923 ante
675 904 776 922 annum
795 896 857 926 454,
873 895 996 929 quaedam

211 949 274 971 ante
294 943 449 972 duodecim.
467 943 494 969 id
510 946 566 973 est,
582 946 644 969 ante
667 949 770 968 annum
791 942 852 968 457.
870 942 934 974 Qu:e
954 941 999 967 di-

209 994 310 1018 cuntur
320 989 423 1024 scripta
443 992 506 1016 ante
517 988 615 1023 viginti
629 995 726 1018 annos.
742 995 773 1014 ea
790 988 847 1021 ipsa
858 990 921 1013 sunt
938 994 998 1021 qua:

208 1041 271 1063 ante
284 1035 419 1071 synodum
435 1034 600 1069 Ephesinam
612 1033 786 1068 prodierunt.

244 1082 300 1108 VII.
328 1081 387 1108 Non
409 1080 488 1107 facile
512 1080 677 1115 perspicitur
697 1087 778 1105 causa
797 1086 846 1105 cur
873 1077 999 1104 Theodo—

210 1132 285 1155 retus
302 1135 335 1153 ex
349 1126 460 1161 scriptis
483 1126 540 1153 suis
559 1125 693 1160 judicium
715 1124 838 1151 exerceri
860 1123 996 1150 voluerit:

208 1173 309 1201 etenim
324 1181 358 1200 ex
372 1173 470 1200 iisdem
488 1176 665 1199 accusatores
687 1178 767 1206 agere
788 1174 945 1204 potuerunt.
970 1175 999 1196 ut

210 1225 305 1245 revera
321 1217 497 1251 postmodum
524 1217 550 1243 in
569 1225 582 1243 ν
604 1216 709 1251 synodo
729 1220 820 1241 actmn
835 1219 896 1240 est:
912 1222 945 1240 ex
966 1214 998 1241 iis

209 1266 283 1290 certe
296 1262 415 1297 Cyrillus
436 1270 491 1289 non
510 1261 595 1288 semel
613 1261 817 1287 Theodoretum
830 1260 998 1286 Nestoriame

210 1308 350 1335 societatis
363 1315 439 1334 reum
456 1307 534 1333 dixit.

247 1354 314 1381 VIII.
332 1353 360 1380 In
378 1353 497 1387 epistola
513 1351 546 1378 ad
563 1352 697 1378 [leuatum
713 1351 843 1377 dicuntur
861 1349 922 1376 libri
942 1358 999 1376 am-

210 1399 282 1434 plius
298 1398 409 1433 triginta
424 1398 556 1424 adversus
570 1396 665 1424 Arium
683 1401 710 1423 et
725 1396 901 1427 Eunomium,
928 1396 997 1422 lllar-

209 1445 316 1472 cionem
333 1448 362 1470 et
377 1443 579 1474 Macedonimn,
591 1442 706 1477 gentiles
720 1446 748 1468 et
760 1441 868 1468 Judaeos
882 1440 977 1474 scripti
990 1449 996 1466 :

210 1497 244 1516 ex
261 1490 294 1516 iis
322 1488 469 1515 duodecim
499 1487 631 1514 adversus
655 1487 770 1521 gentiles
785 1486 842 1512 noti
860 1489 934 1518 stmt,
950 1485 997 1520 qui

208 1542 308 1569 nempe
326 1533 514 1561 inscribuntur
530 1533 568 1559 De
584 1533 739 1560 Crwcanicis
757 1531 932 1566 affectionibus
951 1539 996 1558 cu-

210 1581 331 1607 randis:
363 1579 408 1606 alii
436 1578 552 1613 periisse
592 1578 674 1612 vulgo
709 1577 878 1609 creduntur;
905 1577 996 1604 forsan

209 1627 303 1654 alieno
318 1626 402 1653 latent
418 1624 470 1651 sub
494 1624 616 1656 nomine,
646 1623 718 1658 quod
735 1627 828 1658 postea
855 1623 998 1649 inauircn-

209 1673 274 1700 dum
291 1676 343 1699 est.

488 1726 501 1760 §
514 1726 546 1752 Il.
565 1725 726 1753 Gennadius.

246 1770 274 1796 In
300 1769 371 1796 libro
393 1769 432 1796 De
457 1769 628 1804 scriptoribus
655 1768 845 1798 ecclesiasticis,
874 1775 934 1802 cap.
953 1767 996 1798 89,

214 1825 223 1840 Ι
236 1815 435 1845 Theodoretus,
447 1814 545 1849 inquit,
559 1814 638 1849 257
649 1814 711 1849 Cyri
723 1814 841 1841 civitatis
853 1814 998 1848 episcopus

212 1859 237 1892 (a
249 1859 320 1894 Cyro
332 1859 405 1885 enim
425 1859 570 1885 Persarum
588 1866 650 1893 rege
665 1858 775 1885 condita
793 1863 883 1884 servat
900 1857 998 1884 hodie-

211 1912 264 1938 que
275 1903 346 1938 apud
358 1904 462 1939 Syriam
474 1911 572 1930 nomen
586 1904 728 1935 auctoris),
743 1903 885 1937 scripsisse
897 1902 998 1929 dicitur

212 1948 315 1974 multa:
345 1947 378 1974 ad
396 1954 484 1973 meam
513 1953 604 1973 tamen
629 1946 753 1972 notitiam
779 1947 829 1973 ista
850 1949 916 1972 sunt
938 1953 999 1980 qua:

213 1996 346 2020 tenerunt
363 2000 370 2018 :
389 1993 396 2002 ‘
419 1992 457 2019 De
489 1991 676 2018 incarnatione
711 1990 835 2022 Domini,
868 1990 999 2018 adversus

212 2039 352 2074 Eutychen
379 2038 581 2073 presbyterum,
597 2041 625 2064 et
649 2037 810 2064 Dioscorum
829 2035 998 2063 Alexandria:

210 2081 437 2117 episcopum,qui
454 2081 600 2107 humanam
615 2080 642 2107 in
661 2080 772 2107 Christo
785 2087 894 2106 carnem
912 2079 998 2106 fuisse

210 2130 321 2159 negant,
333 2124 434 2159 scripta
445 2124 537 2155 fortia,
551 2132 600 2158 per
614 2131 674 2158 quae
685 2123 829 2150 conﬁrmat
844 2127 871 2149 et
893 2122 998 2150 ratione

210 2173 239 2196 et
249 2169 413 2196 testimoniis
426 2167 640 2202 Scripturarum,
663 2167 700 2193 ita
724 2167 799 2193 illum
822 2174 914 2193 veram
938 2174 997 2192 ma-

1050 258 1100 285 reti
1117 267 1124 284 :
1140 266 1173 284 eo
1196 263 1317 292 tempore
1340 266 1424 292 pauca
1441 258 1597 289 admodum,
1613 266 1699 292 eaque
1715 267 1768 285 non
1784 267 1837 293 pu—

1049 302 1167 333 rissitna,
1183 301 1348 328 Theodoreti
1367 309 1448 335 opera
1461 306 1524 328 nota
1541 305 1619 327 erant
1639 302 1665 327 in
1677 302 1836 332 Occidente.

1048 345 1170 379 alioquin
1199 353 1253 371 non
1277 345 1422 372 latuissent
1452 349 1506 371 tam
1532 345 1671 371 curiosum
1703 345 1837 373 librorum

1051 388 1247 423 indagatorem.
1277 389 1305 414 Id
1325 388 1398 420 fecit,
1423 388 1531 423 opinor,
1552 388 1651 422 lingum
1667 389 1767 416 Graec-1c
1790 397 1838 416 ne-

1049 432 1154 466 glectus
1168 432 1239 466 apud
1253 432 1374 463 Latinos,
1392 432 1438 466 qui
1461 437 1580 466 quantus
1595 432 1687 463 fuerit,
1709 433 1837 468 colligere

1049 476 1114 502 licet
1127 483 1159 502 ex
1171 475 1281 507 litteris,
1297 480 1354 502 tum
1369 476 1455 502 sancti
1467 476 1607 503 Coelestini
1621 476 1653 502 ad
1669 476 1836 508 Nestorium,

1050 525 1108 547 tum
1123 521 1223 555 Pelagii
1246 521 1278 552 II,
1305 520 1337 547 ad
1352 521 1496 555 episcopos
1515 521 1610 554 Istria),
1625 522 1740 556 aliisque
1761 523 1832 557 ejus-

1050 564 1122 591 modi
1142 565 1317 592 testimoniis.

1084 608 1115 635 II.
1133 608 1243 643 Legisse
1263 609 1373 636 videtur
1389 609 1482 636 Graece
1507 617 1590 644 opera
1608 617 1668 644 qua:
1684 615 1836 642 memorat;

1049 653 1169 687 alioquin
1187 653 1358 687 pervenisset
1373 654 1406 680 ad
1420 662 1469 680 nos
1488 658 1567 680 vetus
1586 654 1642 685 illa,
1662 655 1682 681 si
1695 662 1755 688 quae
1770 655 1838 681 fuis-

1049 702 1091 723 set
1105 697 1182 726 olim.
1194 697 1284 724 vcrsio
1299 706 1304 723 :
1319 701 1504 731 pervenerunt
1515 698 1589 724 enim
1609 698 1668 724 alia:
1683 703 1739 724 tmn
1756 699 1838 733 vulgo

1050 745 1130 772 noue,
1145 745 1174 767 ut
1189 749 1249 775 qua:
1262 741 1344 767 vertit
1354 741 1478 773 Rufinus,
1499 749 1614 776 quaeque
1635 743 1815 778 Hieronymus
1829 752 1836 774 ;

1050 788 1108 811 tum
1126 792 1185 819 qua:
1207 784 1367 819 ignotiorcs,
1384 785 1536 820 cujusmodi
1565 786 1653 813 versio
1669 786 1836 814 scholiorum

1049 829 1142 865 Cyrilli
1156 838 1170 855 a
1183 829 1267 856 Mario
1280 829 1440 862 Mercatore;
1459 830 1635 857 homiliartnn
1650 831 1837 867 Chrysostomi

1016 884 1034 910 Β
1051 875 1078 901 in
1091 874 1310 907 Matth-.eum;de
1331 875 1458 902 laudibus
1477 875 1564 908 Pauli,
1584 881 1612 904 et
1628 877 1661 904 ad
1686 878 1838 913 neophytos

1050 921 1084 947 ab
1099 920 1205 946 Aniano
1217 920 1350 952 diacono;
1366 920 1429 947 fidei
1448 920 1537 948 Ruﬁni
1551 922 1686 950 Palicstini
1700 931 1715 950 a
1727 924 1837 951 Juliano

1049 965 1205 997 Eelanensi,
1232 969 1287 992 etc.
1316 966 1350 992 Et
1377 974 1442 992 vero
1470 975 1524 1001 quo
1552 971 1676 1002 tempore
1699 969 1837 996 scribebat

1048 1009 1218 1041 Gennadius,
1246 1010 1382 1041 Massiliae,
1408 1010 1454 1037 ubi
1479 1016 1536 1038 erat
1566 1012 1717 1048 presbyter,
1743 1013 1837 1042 Graeca

1048 1055 1141 1091 lingua
1165 1056 1257 1082 notior
1283 1055 1345 1088 fuit,
1359 1064 1439 1090 quam
1471 1057 1498 1083 in
1529 1057 1584 1084 ulla
1605 1058 1657 1084 alia
1679 1058 1836 1088 Occidentis

1049 1107 1143 1136 parte;
1161 1110 1214 1128 non
1227 1102 1314 1129 solum
1339 1106 1451 1137 propter
1471 1103 1550 1130 urbis
1572 1104 1678 1132 natales
1694 1113 1708 1132 a
1724 1105 1835 1138 Cra-cis.

1049 1148 1328 1178 uttertur,eondit;c.
1356 1148 1403 1175 sed
1416 1149 1498 1176 etiam
1524 1149 1560 1177 ob
1584 1150 1707 1178 Cassiani
1734 1153 1836 1180 famam

1049 1192 1113 1218 illuc
1123 1199 1156 1218 ex
1173 1192 1285 1219 Oriente
1309 1193 1426 1227 appulsi,
1451 1193 1484 1220 ad
1507 1202 1587 1228 quem
1604 1201 1715 1223 sanctus
1745 1197 1835 1225 Coale—

1049 1237 1138 1264 stinus
1154 1237 1260 1265 litteras
1288 1238 1407 1265 Nestorii
1441 1240 1587 1267 vertendas
1620 1245 1648 1268 et
1674 1243 1837 1271 relellendas

1049 1283 1133 1310 misit.

1085 1328 1127 1355 IlI.
1143 1329 1232 1359 Solus.
1260 1329 1333 1364 quod
1357 1330 1453 1361 sciant,
1474 1331 1598 1358 meminit
1624 1332 1754 1366 temporis
1782 1340 1837 1367 quo

1049 1373 1241 1401 Theodoretus
1253 1375 1307 1401 vita
1330 1375 1459 1406 excessit,
1481 1384 1636 1411 quanquam
1660 1386 1712 1404 nec
1724 1378 1750 1405 id
1771 1379 1837 1406 satis

1048 1418 1159 1445 deﬁnite
1170 1419 1243 1446 facit.
1257 1419 1351 1446 Tradit
1364 1420 1437 1446 cnim
1446 1420 1547 1447 obiisse
1559 1422 1610 1448 sub
1619 1422 1709 1450 Leone
1718 1425 1836 1455 seniore,

1047 1463 1093 1498 qui
1105 1464 1298 1498 septemdecim
1310 1472 1396 1491 annos
1407 1469 1435 1491 et
1446 1466 1564 1500 amplius
1573 1467 1719 1501 imperium
1731 1470 1835 1504 tenuit;

1048 1517 1098 1536 nos
1109 1509 1142 1536 ad
1157 1509 1265 1537 initium
1283 1510 1389 1545 imperii
1411 1511 1517 1538 obitum
1536 1512 1703 1540 Theodoreti
1715 1514 1836 1541 referen-

1011 1546 1031 1574 (ἶ
1049 1554 1114 1581 dum
1144 1555 1281 1583 sensimus
1297 1557 1323 1582 in
1349 1557 1463 1583 historia
1493 1557 1564 1584 vita.
1583 1558 1724 1586 Sentiendi
1741 1568 1837 1588 causas

1049 1600 1148 1635 partim
1162 1600 1222 1628 loco
1234 1609 1295 1627 mox
1311 1601 1384 1628 dicto
1400 1602 1577 1636 protulimus,
1587 1604 1687 1637 partim
1701 1604 1734 1631 de
1748 1605 1837 1632 Histo-

1049 1647 1088 1673 ria
1106 1646 1290 1673 ecclesiastica
1307 1646 1472 1673 Theodoreti
1493 1653 1605 1682 agentes
1621 1655 1802 1684 exponemus.

1084 1691 1128 1718 IV.
1149 1691 1257 1726 Scripta
1274 1691 1317 1718 illa
1331 1691 1423 1723 fortia,
1451 1700 1569 1726 quorum
1599 1694 1734 1726 meminit,
1759 1697 1836 1723 multi

1049 1741 1147 1772 putant
1166 1745 1219 1764 non
1236 1737 1348 1764 dilI‘erre
1363 1738 1397 1764 ab
1421 1738 1546 1766 Eraniste
1561 1747 1610 1766 seu
1635 1740 1834 1776 Polymorpho;

1048 1790 1138 1817 neque
1152 1783 1281 1817 opinione
1293 1783 1453 1810 falluntur”
1468 1793 1473 1810 :
1488 1785 1536 1811 sed
1561 1785 1643 1820 258
1665 1794 1713 1813 sua
1728 1787 1835 1815 Genna-

1049 1827 1111 1854 dius
1129 1828 1186 1862 ipse
1201 1827 1333 1863 deceptus
1344 1834 1397 1859 est,
1413 1838 1468 1856 non
1496 1831 1561 1857 satis
1592 1831 1755 1866 intelligens,
1783 1842 1836 1868 quo

1050 1876 1172 1907 tempore
1196 1874 1317 1908 scripsit,
1337 1879 1364 1901 et
1379 1882 1431 1908 qua
1445 1876 1588 1903 occasione
1602 1885 1671 1911 opus
1683 1878 1734 1905 hoc
1749 1879 1837 1906 Theo-

1049 1919 1172 1947 doretus.
1185 1919 1349 1954 Aperiemus
1362 1921 1389 1947 in
1400 1921 1525 1956 ejusdem
1542 1924 1712 1950 recensione.

1331 1977 1344 2011 §
1358 1977 1401 2003 Ill.
1419 1977 1537 2004 Pharius,

1084 2032 1143 2059 Non
1171 2031 1280 2059 videtur
1303 2040 1393 2067 operae
1417 2034 1534 2068 pretium
1548 2038 1652 2061 textum
1677 2035 1767 2062 Photii
1787 2044 1835 2062 ex-

1049 2076 1288 2111 seribere,partim
1303 2077 1368 2111 quia
1390 2078 1522 2111 prolixior
1538 2082 1589 2109 est,
1603 2085 1652 2105 nec
1667 2078 1700 2105 de
1712 2079 1836 2113 pluribus

1050 2121 1107 2148 fere
1125 2121 1256 2156 operibus
1271 2122 1352 2148 simul
1367 2123 1433 2157 agit,
1460 2123 1506 2150 sed
1520 2124 1633 2157 sparsim
1652 2124 1685 2151 de
1701 2125 1834 2160 singulis;

1050 2166 1148 2201 partim
1165 2168 1238 2201 quod
1249 2168 1282 2194 ad
1296 2168 1402 2203 singula
1415 2177 1498 2204 opera
1519 2170 1617 2198 adduci
1630 2171 1721 2199 debet.
1739 2172 1837 2200 Obser-

212 2219 295 2240 ιρι-ωε
308 2212 468 2240 substantia:
482 2219 592 2238 carnem
606 2211 744 2242 habuisse,
759 2218 841 2245 quam
859 2218 892 2237 ex
911 2216 997 2238 matre
1016 2210 1036 2237 Β
1052 2219 1129 2239 vasse
1148 2212 1264 2241 sulliciat
1276 2213 1303 2240 in
1315 2215 1443 2248 persenti
1459 2215 1522 2242 tria.

209 2257 321 2291 Virgine
335 2256 470 2290 sumpsit:
487 2255 559 2282 sicut
587 2259 615 2282 et
628 2262 720 2281 veram
747 2254 888 2284 deitatem.
916 2262 998 2289 quam

209 2304 310 2327 aeterna
322 2299 506 2327 nascibilitate
520 2307 535 2325 a
548 2299 605 2326 Deo
620 2298 700 2325 Patre
721 2298 849 2333 gignente
873 2298 930 2332 ipse
950 2306 999 2325 na-

210 2343 311 2370 scendo
325 2343 439 2377 accepit.
456 2342 527 2369 Sunt
544 2347 572 2369 et
587 2341 709 2377 ejusdem
723 2342 850 2369 Historiae
866 2341 999 2368 ecclesia-

210 2387 284 2414 stica:
301 2386 376 2419 libri,
390 2394 460 2421 quos
484 2386 607 2413 imitatus
632 2385 780 2412 Eusebium
802 2384 997 2411 Casaricnsem

209 2430 334 2465 scripsit;
352 2430 486 2465 incipiens
507 2437 521 2456 a
547 2429 599 2456 (ine
620 2429 754 2455 librorum
775 2428 886 2455 Eusebii
909 2435 996 2462 usque

209 2474 242 2500 ad
259 2481 338 2501 suum
355 2478 471 2508 tempus,
490 2473 578 2503 idest,
594 2480 609 2499 a
624 2472 814 2499 vicennalihus
822 2471 997 2499 Constantini

209 2525 296 2552 usque
316 2517 515 2552 adximperium
539 2515 640 2543 Leonis
663 2514 788 2547 senioris,
815 2515 866 2542 sub
892 2523 947 2550 quo
970 2520 998 2542 et

209 2566 333 2588 mortuus
347 2565 398 2589 εει.
419 2570 427 2586 Ι

495 2613 712 2633 οηδεκνλτιοκεε.

244 2652 264 2679 Ι.
274 2651 431 2679 Gennadius
446 2652 584 2678 scribebat
599 2659 671 2678 anno
683 2650 786 2678 Christi
800 2650 862 2682 494,
877 2650 925 2684 qui
943 2649 995 2677 fuit

1329 2278 1548 2298 OBSERVATIONES.

1084 2331 1104 2358 I.
1118 2332 1241 2360 Meminit
1262 2342 1377 2368 operum
1397 2335 1562 2363 Theodoreti
1584 2338 1706 2372 quinque
1731 2338 1757 2365 in
1770 2339 1837 2366 locis

1054 2376 1244 2410 Bibliotheca‘,
1261 2379 1308 2405 ubi
1327 2380 1410 2407 tradit
1429 2388 1457 2407 se
1477 2381 1575 2415 legisse
1591 2381 1835 2410 IIistoriamecclc-

1047 2421 1202 2456 siastieam;
1216 2423 1302 2450 libros
1316 2425 1413 2459 viginti
1434 2429 1537 2460 septem
1553 2427 1688 2455 adversus
1708 2429 1835 2460 haereses,

1048 2468 1150 2502 quibus
1167 2474 1294 2496 accenset
1317 2470 1579 2503 Eranisten;libros
1603 2473 1725 2507 quinque
1745 2473 1834 2500 Παπρ-

1052 2514 1165 2540 ticarum
1192 2514 1362 2549 fabularum;
1385 2515 1470 2543 libros
1488 2517 1601 2544 totidcnt
1630 2518 1657 2544 in
1676 2518 1836 2554 Chrysosto—

1051 2567 1138 2591 mum,
1155 2560 1369 2588 commentarios
1380 2561 1408 2588 in
1419 2562 1568 2594 Danielem,
1587 2562 1615 2589 in
1628 2562 1834 2592 Octateuchum.

1049 2605 1135 2632 tibros
1149 2606 1263 2640 Regum,
1287 2606 1504 2642 Paralipomena,
1516 2612 1543 2635 et
1559 2607 1703 2635 duodecim
1717 2609 1834 2636 minores

1048 2650 1209 2686 Prophetas.

878 2719 1036 2747 SCIIULZII
1056 2719 1171 2748 ΝΟΤΑΞ.

243 2779 265 2796 ¹⁸
275 2778 325 2814 0p.
347 2777 418 2805 Har.
436 2776 499 2814 Rob:
511 2777 707 2814 Sedradversuis
717 2785 811 2804 omnes
824 2777 941 2814 haereses
954 2785 983 2805 se
1003 2779 1138 2805 calamum
1154 2778 1297 2806 strinxisse
1327 2783 1443 2806 testatur
1461 2780 1487 2806 in
1504 2780 1625 2814 Epistola
1642 2780 1676 2807 ad
1688 2781 1834 2808 monachos

208 2814 413 2847 Constantinop.

210 2851 269 2880 (att.
293 2849 345 2876 Sed
359 2849 532 2883 itnpugnatur
558 2848 608 2874 ista
630 2847 723 2882 opimo
748 2847 828 2879 intra,
846 2855 870 2874 c.
890 2848 915 2874 6.

452 2811 472 2827 ”
485 2811 516 2838 In
533 2813 600 2843 sola,
616 2817 671 2848 etc.
687 2812 876 2848 Exstatrctiam
892 2813 975 2848 hujus
986 2813 1050 2841 libri
1065 2813 1196 2841 memoria
1213 2814 1241 2840 in
1257 2813 1326 2842 Hist.
1339 2814 1429 2841 (τείσει.
1441 2815 1458 2842 Ι.
1474 2823 1509 2847 Ir,
1526 2811 1550 2843 ἐκ
1566 2816 1609 2843 ει.

1649 2816 1670 2831 ²¹¹
1683 2816 1771 2850 Neque
1788 2825 1830 2851 op.
