1967 3047
116 128 167 160 209

705 133 754 162 DE
773 134 902 164 LIBRIS
919 133 1172 163 THEODORETI-

1698 134 1751 166 210

155 185 187 212 ll.
208 185 291 212 Multa
301 194 356 213 non
374 187 550 218 memorat“,
564 195 624 221 quae
648 188 739 215 nolltts
762 193 852 215 tamen
866 196 910 214 re-
926 195 947 220 Α
962 189 1125 222 conquisitis
1150 189 1215 215 hine
1237 188 1300 215 inde
1319 188 1406 220 libris,
1427 189 1552 215 restituta
1569 193 1610 216 est
1636 198 1642 215 :
1667 197 1750 224 quare

117 235 198 257 vocat
213 232 240 257 in
253 231 369 259 dubium
383 253 390 264 ,
420 233 475 259 ituo
485 241 546 267 qua:
563 241 659 268 magna
670 243 703 261 ex
726 239 803 269 parte
818 234 909 260 Theo-

118 277 229 304 doretus
248 286 376 312 expresse
393 279 526 313 agnoscit,
548 284 674 314 tanquam
688 289 755 307 sua:
773 279 909 315 agnoscit,

118 323 238 356 inquam,
253 324 279 350 in
294 324 360 358 ipsis
376 325 457 351 eliatn
468 325 545 352 libris
556 334 571 352 a
583 325 680 354 Photio
692 326 911 357 ntetnoratis,ve-

118 367 166 393 lttti
175 369 361 402 expositiones
373 370 400 396 itt
408 370 580 403 Psalterium,
600 371 788 403 inCanticaJn
803 371 910 402 lsaiam,

118 414 145 440 itt
161 413 317 446 Jerctniant,
335 415 362 442 in
381 416 564 448 Ezechielem,
590 417 616 444 in
627 418 749 452 Apostoli
777 418 912 453 Epistolas

118 461 440 495 quatuordecim,quibus
452 463 521 489 adde
537 463 681 490 Historiam
691 463 911 499 religiosam,sive

118 504 295 538 Philol/tcum,
305 507 456 534 orationettt
464 508 498 535 de
507 508 656 540 Charitate,
666 517 806 536 sermones
817 510 910 538 decem

118 551 153 577 de
178 551 367 585 Providentia,
393 554 479 582 libros
497 555 610 582 totidem
627 556 665 582 De
676 556 832 584 Grtvcanicis
848 558 912 592 affe-

118 597 246 624 ctionibus
254 599 390 631 curandis,
400 604 427 628 et
441 601 571 634 epistolas
587 601 729 636 plurintas.

156 643 199 669 111.
227 643 308 671 Solus
336 645 433 673 tribttit
448 646 624 674 Theodoreto
644 647 731 675 libros
745 648 867 683 quinque
882 649 911 675 in

121 686 227 714 lattdem
243 687 441 724 Cltrysostomi;
459 691 534 718 solus
550 691 614 718 item
632 692 718 720 libros
732 693 828 728 viginti
848 701 912 728 sep-

122 737 176 759 tem
191 734 315 762 adversus
343 737 469 769 licereses;
486 746 643 772 qttanquam
669 747 702 765 ex
727 739 781 766 illis
814 739 912 774 viginti

121 783 226 813 septem
239 781 320 815 longe
335 786 398 809 ante
418 783 508 810 Photii
529 788 651 818 tempora
668 784 767 811 Matius
779 785 912 812 Mercator

122 825 245 859 priorum
259 827 382 862 qttittque
396 829 562 856 mentionem
579 828 643 856 fecit
656 838 662 855 :
675 830 722 856 sed
732 830 812 857 simul
824 830 910 863 dedit,

123 869 196 897 unde
212 871 326 898 Photius
347 873 452 900 erroris
466 873 492 900 in
510 881 543 901 eo
556 874 743 908 damnaretur,
758 876 830 910 quod
845 875 913 904 alios

123 916 219 949 libros,
232 917 290 944 sive
302 918 394 952 potius
408 927 550 947 sermones
567 920 663 955 viginti
678 926 706 948 et
719 930 814 953 unum,
825 922 914 949 Theo-

122 961 219 989 doreto
239 963 377 995 tribuerit,
403 972 466 991 cum
488 966 544 993 sint
568 966 691 999 alterius,
715 975 796 1002 quem
812 968 914 996 Marius

123 1006 255 1035 Mercator
267 1008 429 1035 nominatim
447 1011 565 1045 appellat
578 1011 610 1037 ".

299 1077 307 1086 '
320 1076 387 1112 §1V.
400 1078 560 1113 Nicephorus
577 1079 714 1106 Callistus.

160 1130 189 1157 ltt
207 1131 277 1158 libro
302 1140 344 1159 xtv
367 1133 492 1161 Historia:
507 1134 700 1168 ecclesiasticw,
713 1143 773 1169 cap.
793 1135 838 1167 54,
857 1135 914 1162 lucc

126 1176 209 1204 habet
223 1186 228 1203 :
254 1187 262 1202 ι
278 1178 470 1207 Tbcodorctus
495 1181 606 1208 natione
623 1181 733 1216 quidem
749 1181 834 1216 Syrus
851 1180 913 1212 fuit,

125 1227 245 1249 sectator
262 1228 354 1251 autem
381 1226 471 1260 magni
485 1225 684 1261 Chrysostomi,
701 1226 831 1260 illumque
849 1226 913 1256 sibi.

125 1268 202 1302 quasi
230 1269 392 1302 primarium
422 1271 572 1306 exemplar,
611 1272 681 1307 ston
717 1271 915 1299 conformanda

125 1315 295 1348 propositutn
320 1316 432 1349 habuit;
455 1317 558 1344 etcnitn
583 1317 685 1345 ﬂuidus
716 1317 863 1344 admodum
883 1326 915 1344 ac

124 1359 261 1393 copiosus,
278 1360 305 1386 in
322 1361 479 1389 elocutione
496 1362 594 1394 facilis,
612 1366 640 1389 et
655 1362 773 1390 Atticam
799 1362 914 1398 gratiam

125 1404 260 1432 redolens.
273 1406 491 1435 Lttcubrationes
507 1408 540 1434 ab
552 1416 585 1435 eo
603 1409 762 1443 compositae
773 1409 814 1435 hte
829 1413 893 1435 sunt
906 1417 913 1435 :

125 1451 321 1480 Enarrationes
348 1454 374 1480 in
397 1454 480 1481 Vetus
500 1454 716 1487 Testamentum,
730 1455 809 1490 cujus
832 1455 914 1481 etiam

124 1496 317 1525 obscuriorum
339 1500 463 1527 locorum
492 1500 680 1534 expositiones
697 1501 723 1527 in
746 1500 914 1535 peculiarem

124 1544 260 1570 contraxit
273 1544 383 1571 librttttt.
396 1545 471 1579 Opus
487 1546 560 1573 aliud
573 1547 599 1572 in
615 1546 745 1572 sexdecim
763 1547 912 1581 prophetas,

124 1588 199 1615 aliud
208 1589 279 1616 idetn
294 1591 320 1616 in
335 1590 506 1623 Psalterium,
520 1591 557 1617 De
566 1591 737 1618 Providentia
750 1591 821 1618 liber
833 1591 912 1623 alius,

125 1633 195 1661 alius
210 1635 236 1660 in
259 1635 423 1670 Apostolum,
437 1636 564 1663 Adversus
586 1639 696 1664 Itwreses
718 1646 808 1664 onum
835 1638 914 1665 volu-

124 1681 280 1714 mcn,quod
298 1681 426 1709 mendacii
445 1688 469 1709 ct
487 1683 601 1710 veritatis
614 1683 754 1710 discrimen
766 1683 913 1718 inseripsit.

130 1725 224 1758 Liber,
241 1734 322 1761 quem
334 1732 430 1754 contra
448 1728 592 1756 duodecim
613 1729 696 1764 259
710 1729 805 1764 Capita
821 1730 915 1766 Cyrilli

125 1772 302 1806 conscripsit.
323 1772 389 1800 Item
403 1773 590 1801 Ecclesiastica
604 1775 726 1807 historia,
752 1780 780 1802 et
806 1783 914 1803 rursum

126 1818 287 1851 Philol/«eus,
308 1819 362 1846 hoc
371 1825 422 1851 est,
437 1820 483 1846 Dei
499 1822 647 1847 amantium
662 1821 783 1853 historia,
809 1821 836 1848 itt
862 1830 916 1856 qua

127 1863 285 1891 institutum
321 1873 429 1897 eorum,
457 1867 504 1900 qui
531 1871 611 1893 attate
645 1874 694 1893 sua
714 1867 798 1893 vitam
822 1871 916 1894 sancte

127 1914 332 1945 transegerunt,
361 1911 546 1946 persequitur.
572 1911 647 1938 Libri
674 1917 730 1939 tres
762 1912 800 1938 Dc
823 1913 916 1939 divinis

126 1954 292 1988 dogmatibus
311 1955 337 1981 itt
363 1955 470 1990 dialogo
492 1956 651 1991 conscripti.
694 1957 759 1992 Legi
784 1962 915 1992 praeterea

127 2005 211 2032 supra
225 1999 387 2034 quingentas
402 2000 462 2035 ejus
476 2000 610 2036 Epistolas
619 2001 713 2028 Gnaeo
730 2009 855 2029 sermone
867 2009 917 2036 cp-

128 2045 194 2071 time
206 2046 381 2079 compositas.

412 2121 632 2141 OBSERVATIOXES.

962 241 1017 259 nott
1041 234 1094 260 alia
1119 241 1200 268 quam
1215 241 1276 268 quae
1290 238 1482 265 numerantur,
1510 234 1609 268 opinor
1624 238 1689 262 tunc
1702 243 1750 262 ex-

962 279 1065 306 stitisse
1080 287 1175 314 opera,
1189 287 1249 314 quae
1264 279 1431 307 Theodoreti
1442 280 1554 307 nomine
1569 280 1752 308 inscriberen-

963 329 1017 356 tur,
1045 330 1094 352 aut
1115 326 1210 352 saltem
1229 326 1413 353 communiter
1427 326 1554 353 manibus
1566 331 1750 354 versarentur.

997 372 1029 398 ll.
1048 371 1106 398 Non
1121 375 1257 403 recenset,
1281 379 1342 405 qua:
1357 371 1458 398 nostris
1469 371 1552 398 etiam
1567 371 1693 398 manibus
1709 376 1749 398 te-

963 421 1073 448 runtur,
1082 416 1277 444 Commentaria
1286 417 1312 442 in
1322 415 1442 447 Cantica,
1449 416 1534 443 libros
1540 416 1634 443 decem
1640 416 1672 442 de
1679 416 1751 444 Cra:-

962 463 1060 489 cmticis
1084 462 1263 498 affectionibus
1284 462 1420 493 curandis,
1438 465 1466 488 et
1479 460 1631 488 Orationem
1644 462 1675 488 de
1688 463 1750 488 cha-

963 509 1041 535 ritate
1055 516 1233 544 :quanquam
1247 508 1300 535 dici
1314 512 1405 542 potest
1418 507 1570 534 orationem
1584 508 1654 534 hanc
1662 507 1752 534 Philo-

963 555 1033 586 tltei,
1058 554 1103 581 eui
1128 554 1304 589 subiungitur
1324 554 1350 580 in
1366 553 1462 590 multis
1475 553 1627 585 codicibus,
1642 553 1753 580 nomine

962 599 1114 633 appellasse
1126 608 1132 626 :
1146 599 1193 626 sed
1209 604 1357 634 utrutnqtte
1369 599 1447 634 prius
1457 607 1527 634 opus
1550 599 1584 627 ab
1597 600 1657 634 ipso
1669 600 1752 627 etiam

963 644 1060 671 Photio
1075 644 1289 679 praetermissum
1300 649 1352 672 est.

998 689 1042 716 lll.
1062 690 1170 717 Omittit
1188 690 1301 725 pariter,
1329 697 1390 724 qum
1413 689 1605 717 Theodoretus
1620 689 1678 724 ipse
1694 697 1737 716 me

963 740 1061 766 tnorat,
1079 735 1210 762 Adversus
1221 736 1344 767 Arianos,
1358 735 1572 766 Macedonianos,
1588 734 1753 769 Apollinari-

961 784 1027 812 stas,
1046 780 1216 807 Marcionitas
1240 785 1264 807 et
1278 780 1384 807 Judwos
1402 780 1503 808 librum
1530 780 1687 816 mysticum,
1703 779 1753 806 Re-

963 827 1130 860 sponsionem
1145 826 1179 852 ad
1192 827 1303 861 quwsita
1320 834 1468 861 magorum,
1487 831 1515 853 et
1530 825 1705 861 Tltcologiam.
1726 825 1754 852 ld

965 879 1029 898 vero
1044 871 1183 903 mirabile,
1208 875 1320 906 propter
1334 879 1448 906 operum
1464 872 1647 906 priestantiam
1673 875 1754 906 atqtte

965 917 1127 950 utilitatem;
1158 925 1192 944 an
1213 917 1353 952 perierant
1373 917 1428 952 jam
1451 921 1516 944 tunc
1532 916 1755 944 elueubrationes

964 966 1056 994 tantze,
1070 968 1117 989 aut
1128 963 1222 989 haberi
1236 963 1315 990 facile
1326 971 1380 989 non
1391 962 1556 997 poterant”,
1569 962 1621 990 etsi
1631 962 1754 989 studiose

963 1008 1208 1042 conquirerentur;
1240 1016 1273 1035 an
1293 1008 1354 1035 aliis
1367 1008 1525 1036 auctoribus
1541 1015 1572 1035 ea
1588 1008 1670 1035 etiam
1685 1011 1754 1035 tent-

963 1057 1069 1087 pestate
1080 1052 1228 1087 supposita:
1240 1053 1369 1080 fuerant?

999 1098 1042 1126 IV.
1061 1098 1169 1126 Omittit
1185 1098 1305 1133 denique
1320 1098 1509 1133 Pentalogium
1525 1103 1552 1126 et
1567 1097 1754 1125 defensionem

965 1144 1076 1171 Diodori
1093 1148 1176 1179 atque
1192 1145 1343 1176 Theodori,
1362 1153 1377 1172 a
1389 1145 1492 1180 quibus
1504 1143 1642 1179 magistris
1655 1143 1752 1170 Nesto-

965 1188 1023 1216 rius
1040 1189 1158 1216 bzeresin
1171 1197 1248 1216 suam
1263 1189 1364 1221 hausit,
1381 1190 1446 1216 licet
1461 1188 1635 1216 Theodoreto
1650 1193 1754 1215 utrum-

963 1242 1017 1269 que
1043 1242 1112 1269 opus
1138 1235 1261 1267 tribuat,
1294 1235 1394 1269 partim
1427 1243 1442 1262 v
1465 1234 1586 1269 synodus
1606 1233 1752 1268 generalis,

965 1279 1064 1314 partim
1086 1280 1253 1307 Theodoreti
1283 1280 1396 1315 mqualis
1416 1280 1519 1307 Marius
1535 1280 1683 1311 Mercator;
1704 1279 1752 1306 de-

965 1326 1171 1361 fensionemque
1183 1327 1515 1361 agnoscatTheodoretus
1536 1333 1585 1361 pro
1609 1334 1669 1359 sua,
1691 1334 1753 1352 cum

965 1371 998 1398 ad
1012 1372 1143 1400 lrenmum
1157 1372 1252 1399 scribit
1267 1372 1301 1399 “.

1074 1429 1088 1463 ᾗ
1104 1429 1135 1455 V.
1159 1428 1319 1455 ched—Jcsu
1336 1430 1503 1464 mctropolita
1518 1429 1648 1456 Sobcnsis.

1001 1473 1030 1500 In
1044 1474 1166 1509 catalogo
1180 1469 1314 1501 librorum
1324 1475 1526 1507 Chaldmorum,
1538 1475 1586 1509 qui
1598 1475 1689 1502 Romae
1697 1474 1756 1501 edi-

967 1522 1010 1545 tus
1024 1523 1065 1546 est
1080 1527 1152 1546 anno
1168 1520 1235 1547 1655
1252 1521 1286 1547 ab
1300 1520 1455 1547 Abrahamo
1471 1521 1755 1552 Ecchellensi,scribit

966 1565 1141 1592 llebed—Jesu
1150 1565 1260 1600 Syriace
1270 1565 1389 1593 delibris
1402 1566 1568 1592 Theodoreti
1586 1565 1612 1591 in
1625 1565 1682 1592 haec
1692 1573 1755 1591 ver-

965 1611 999 1638 ba
1013 1620 1018 1637 :
1035 1611 1240 1638 «Theodorctus
1251 1611 1313 1646 Cyri
1331 1611 1484 1645 composuit
1495 1610 1594 1637 librum
1615 1609 1754 1641 Philol/rei,

965 1660 993 1683 et
1016 1656 1092 1683 illum
1117 1655 1163 1690 qui
1188 1660 1231 1683 cst.
1248 1656 1330 1690 260
1352 1655 1451 1682 Contra
1466 1655 1614 1689 Origencm,
1632 1659 1659 1682 et
1672 1654 1754 1681 alium

965 1703 1047 1729 etiam
1065 1701 1103 1727 De
1116 1701 1220 1735 politia,
1245 1705 1273 1728 et
1285 1700 1510 1729 Commentarium
1524 1701 1550 1727 in
1564 1700 1711 1731 Daniclem,
1728 1704 1756 1732 et

965 1748 1166 1775 exartissimam
1186 1747 1387 1774 ecclesiasticam
1412 1747 1576 1778 Historiam,
1600 1746 1756 1782 Apologiam

968 1803 1016 1829 pro
1030 1794 1154 1821 Putribus
1167 1794 1274 1825 nostris,
1289 1793 1398 1820 duobus
1413 1793 1505 1822 tomis,
1518 1791 1699 1819 Resoluliones
1712 1801 1756 1819 ca-

967 1841 1051 1875 pitum
1061 1839 1165 1875 Cyrilli,
1184 1839 1283 1867 Contra
1297 1838 1461 1874 philosophos
1473 1841 1627 1867 tractatam.
1650 1838 1755 1872 plures-

967 1893 1020 1920 que
1034 1884 1168 1920 Epistolas
1186 1885 1280 1912 multis
1294 1884 1410 1911 refertas
1424 1883 1636 1910 eruditionibus.

1254 1946 1475 1966 OBSERVATIONES.

1004 1985 1064 2012 LDe
1074 1984 1245 2012 Hebed-Jesu
1255 1985 1312 2012 haec
1320 1984 1403 2012 habet
1412 1985 1598 2012 Ecchcllensis
1608 1985 1756 2020 interpres:

972 2030 1099 2058 «Genere
1121 2030 1173 2057 fuit
1193 2030 1348 2062 Chaldaeus,
1377 2030 1545 2065 professione
1567 2031 1756 2063 Nestorianus,

968 2075 1101 2111 dignitate
1117 2075 1278 2110 episcopus;
1303 2076 1388 2102 multa
1401 2076 1513 2110 scripsit
1524 2084 1606 2111 opera
1625 2076 1658 2103 ad
1673 2077 1757 2103 stabi-

968 2121 1088 2148 liendam
1120 2121 1390 2156 contirmandamque
1418 2122 1605 2149 Nestorianant
1629 2122 1756 2148 haeresin.

164 2168 184 2194 Ι.
202 2168 317 2196 Vivebat
329 2169 504 2204 Nicephorus
526 2177 569 2195 xtv
593 2169 703 2200 saeculo,
718 2168 791 2195 circa
815 2175 917 2194 annum
969 2165 1004 2193 At
1029 2165 1126 2192 divina.
1144 2166 1252 2194 tandem
1277 2167 1425 2201 atl‘ulgente
1437 2167 1522 2202 gratia
1535 2187 1541 2199 ,
1569 2167 1602 2193 ad
1617 2167 1756 2194 meliorem

127 2212 231 2240 Christi
248 2214 324 2241 1525.
342 2215 433 2248 Quare
445 2214 577 2242 credibile
587 2218 637 2245 est,
651 2222 704 2241 non
717 2214 768 2240 alia
779 2214 916 2240 exstitisse
933 2204 954 2231 θ
969 2211 1047 2237 rediit
1067 2215 1198 2243 mentem,
1216 2212 1384 2245 Romamque
1401 2211 1540 2246 profectus
1556 2215 1597 2238 est
1612 2212 1666 2246 jam
1676 2219 1758 2238 senex

128 2263 195 2285 tunc
206 2260 350 2294 temporis,
361 2261 458 2287 saltent
472 2261 499 2287 in
511 2260 679 2287 bibliotheca
692 2260 799 2286 Sattrtte
811 2259 920 2294 Sophim

127 2308 156 2331 et
181 2305 252 2339 apud
277 2310 435 2338 aetemetas,
459 2305 626 2333 Theodoreti
647 2313 742 2339 opera,
766 2312 846 2338 quatit
861 2312 921 2338 qua:

129 2355 265 2377 recenset.
281 2351 377 2377 Tradit
388 2351 461 2378 enim
471 2352 492 2367 "
506 2359 545 2383 se,
558 2359 618 2386 (μην
631 2350 686 2377 illic
707 2354 797 2380 crant,
807 2348 922 2382 diligen-

129 2400 172 2421 ter
184 2396 334 2425 evolvisse;
353 2400 382 2423 et
396 2397 494 2423 rationi
509 2404 661 2424 consonum
674 2399 726 2427 cst,
739 2399 820 2421 tantae
833 2394 920 2426 urbis,

129 2444 267 2475 tanta:qu
277 2442 402 2469 Ecclesiae
413 2441 576 2468 litterarium
587 2442 745 2468 thesaurum
759 2448 811 2466 non
818 2439 923 2466 caruis—

128 2494 159 2513 se
186 2486 304 2521 vulgatis
329 2495 488 2522 magnorum
511 2487 634 2514 virorum
658 2486 747 2513 libris.
777 2486 833 2512 Etsi
847 2485 920 2512 enim

130 2537 211 2559 vetus
225 2533 268 2559 illa
291 2538 319 2560 et
338 2534 393 2568 jattt
406 2533 470 2560 inde
494 2541 508 2560 a
522 2534 617 2568 pritttis
635 2533 709 2560 sedis
733 2532 921 2567 patriarchica:

131 2579 307 2613 temporibus
321 2580 434 2607 collecta
451 2579 616 2606 bibliotheca
630 2579 854 2613 conﬂagraverat,
872 2585 921 2604 cu-

131 2625 205 2652 riose
217 2629 308 2652 tamen
330 2626 365 2652 ab
385 2625 597 2660 imperatoribus
609 2624 690 2651 simul
707 2628 735 2650 et
748 2623 922 2658 patriarchis,

971 2257 1022 2283 sub
1035 2257 1108 2284 Julio
1120 2257 1164 2288 lll,
1182 2265 1288 2284 sutntno
1303 2257 1446 2291 pontiﬁce,
1465 2257 1511 2284 ubi
1527 2257 1696 2284 Nestoriauis
1709 2258 1757 2284 ab-

968 2302 1067 2337 juratis
1092 2302 1246 2334 erroribus,
1275 2303 1436 2330 catholicam
1459 2303 1598 2338 professus
1609 2308 1650 2330 est
1666 2303 1758 2330 fidem.

972 2347 1124 2381 Antequam
1144 2347 1324 2375 Nestorianus
1333 2356 1394 2375 esse.
1408 2349 1557 2380 desineret,
1578 2352 1760 2376 contextterat

972 2393 1132 2428 (iatalogutn
1153 2394 1335 2428 scriptorum,
1366 2399 1421 2421 tam
1433 2403 1582 2425 sacrorum,
1599 2402 1680 2428 quam
1696 2402 1758 2428 pro-

971 2439 1108 2471 fanorum,
1120 2447 1237 2475 quorum
1249 2448 1332 2475 opera
1344 2440 1400 2467 suis
1410 2440 1579 2475 temporibus
1591 2440 1657 2476 Syra
1668 2440 1759 2474 lingua

971 2483 1138 2518 legerentur.
1146 2493 1156 2510 ι

1010 2530 1041 2557 ll.
1059 2529 1144 2562 Quem
1161 2530 1262 2557 librum
1281 2530 1319 2557 ait
1335 2538 1350 2556 a
1366 2530 1542 2557 Theodorcto
1558 2533 1652 2555 contra
1664 2529 1745 2563 Origo

972 2583 1035 2602 nem
1058 2576 1190 2610 scriptum
1201 2583 1278 2607 esse,
1301 2576 1374 2603 hutte
1384 2575 1482 2610 opittor
1502 2584 1555 2602 non
1571 2575 1709 2602 dtversum
1726 2574 1760 2600 ab

974 2621 1151 2656 Expositione
1161 2622 1341 2655 Genescos'“;
1359 2622 1589 2656 quemadmodum
1603 2629 1652 2649 nec
1661 2621 1760 2648 librum

795 2677 954 2707 SCllULle
974 2677 1090 2705 NOTAE.

167 2738 189 2753 "
207 2737 268 2764 Vid.
299 2738 378 2768 infra,
394 2746 418 2765 c.
439 2739 465 2769 9,
513 2739 523 2765 1
543 2742 570 2765 et
584 2738 611 2764 2.

650 2737 672 2752 ’¹
685 2737 744 2764 Vid.
763 2744 855 2770 supra,
878 2743 904 2769 p.
922 2735 956 2762 98
979 2738 1006 2761 et
1028 2734 1087 2761 115.

131 2773 160 2800 In
177 2772 247 2799 hanc
268 2773 432 2800 sententiam
452 2770 565 2801 inclinat
579 2772 737 2799 Garncrius.
758 2771 819 2799 Vid.
842 2771 922 2801 infra,
939 2778 966 2804 p.
984 2770 1047 2797 271.

1126 2734 1149 2750 ”
1163 2734 1223 2761 Vid.
1234 2735 1312 2761 Prtel‘.
1328 2735 1354 2761 in
1371 2735 1419 2761 lib.
1433 2743 1451 2762 ι.

1099 2769 1121 2784 ²¹¹
1140 2769 1225 2803 Epist.
1242 2770 1283 2796 16.

1489 2734 1511 2750 ’⁸
1523 2735 1573 2761 Aut
1590 2735 1690 2766 haberi,
1705 2738 1758 2760 etc.

1337 2771 1359 2786 ²⁶
1371 2770 1446 2796 Hunc
1455 2785 1489 2789 ——
1499 2770 1633 2797 Ct’llt’SBO-S.
1650 2770 1761 2796 Praestat

131 2808 289 2840 conjectura
308 2808 384 2834 Rit-h.
403 2809 508 2841 Simon,
525 2807 657 2843 scriptutn
686 2807 769 2834 fuisse
789 2807 908 2838 Itazrcscs,
931 2805 1087 2840 imperitum
1100 2809 1190 2832 autem
1207 2805 1334 2837 scribam,
1355 2813 1409 2840 qtto
1425 2805 1609 2832 Ecchellcnsis
1631 2812 1694 2831 usus
1709 2807 1759 2834 est.

131 2843 232 2878 legisse
255 2850 353 2870 nomen
371 2843 505 2879 ()t'igenis.
