1967 3047
202 173 250 205 211

201 280 255 308 qua
282 273 354 299 Deus
378 270 510 297 mundum
532 268 616 302 regit;
648 267 759 301 neque‘
774 266 874 293 librum
889 265 989 292 Contra

202 318 366 352 philosOphos
388 323 448 343 esse
461 315 543 341 alium
554 334 560 346 ,
590 320 671 347 quam
687 312 728 338 vel
744 319 813 346 opus
826 311 864 337 De
883 310 980 338 erca-

203 365 266 391 nicis
274 362 450 399 aﬁ‘cctionihus
463 360 597 390 curandis,
610 357 653 385 vel
661 357 863 392 Responsionem
876 356 911 383 ad
919 364 991 391 qna.-

203 412 255 437 sita
271 416 420 444 magorum.

240 456 283 483 lll.
303 455 388 488 Quam
405 459 485 481 vocat
499 452 654 488 Apologiam
671 460 718 487 pro
730 451 864 480 Putribus,
886 457 917 476 ea
934 449 992 484 ipsa

203 507 246 529 est
269 501 390 536 Defensio
416 500 524 526 Diodori
539 499 672 526 Tarsensis
695 501 718 524 et
733 496 858 524 Theodori
870 495 992 530 Mopsuc-

203 547 282 579 steni,
310 547 389 581 cujus
411 546 563 580 fragmenta
589 544 748 571 referuntur
773 543 800 568 in
822 541 918 576 quinta
935 541 992 567 col-

205 593 308 620 latione
331 601 348 619 v
365 592 461 627 synodi
476 612 482 623 ,
512 592 644 625 cujusque
664 589 788 616 meminit
804 588 994 614 Theodoretus

205 639 234 666 in
248 639 364 673 epistola
380 637 414 664 ad
428 637 560 664 lrenmum
570 637 603 662 ’⁷.
633 635 672 662 Εο
686 635 737 661 loci
755 628 930 660 Theodorum
945 640 994 667 ap-

207 685 291 720 pellat
306 689 410 719 patrem
428 693 434 710 :
450 691 510 718 qua:
523 690 604 709 causa
617 681 679 714 fuit,
704 689 753 708 cur
770 680 841 715 apud
855 679 994 706 Nestoria-

207 739 258 758 nos
281 731 406 765 apologia
428 730 568 757 diceretur
588 728 676 760 edita,
712 735 766 754 non
789 734 838 761 pro
858 725 994 757 Nestorio,

208 776 281 811 quod
293 775 561 803 Eechellensisratus
569 779 610 801 est
620 782 627 806 ;
637 774 685 801 sed
697 781 747 808 pro
757 772 895 804 Patribus,
907 770 934 798 id
944 775 995 803 est,

210 822 294 848 totius
314 821 427 848 haeresis
450 819 611 848 auctoribus
623 840 629 851 ,
654 819 773 845 Diodoro
787 823 814 844 et
829 816 973 844 Theodoro
987 823 996 843 :

766 165 813 194 (ΞΛ
819 164 954 195 RNERII
972 161 1219 192 DISSERTATIO
1240 161 1280 190 ΙΙ.

202 227 236 254 de
256 226 353 254 Politia
376 223 487 252 dill'errc
512 230 526 249 ει
549 220 722 248 sermonibus
749 220 783 247 de
803 219 988 249 Providentia.
1006 220 1027 246 A

1079 217 1273 244 Haat‘eticarum
1285 215 1438 241 fabularum
1456 213 1518 240 libri
1530 221 1565 240 iV.

1077 263 1238 289 Divinorum
1254 261 1428 287 decretorum
1443 259 1574 294 epitome.

1076 309 1113 335 De
1132 307 1305 335 Providentia
1322 305 1367 332 Dei
1386 313 1528 331 sermones
1538 312 1565 330 κ.

1076 354 1231 381 Graecarum
1244 352 1419 379 aﬂcctionum
1435 349 1586 378 curationis
1603 348 1667 376 libri
1680 356 1725 376 xu.

1077 398 1230 434 Appendix.

1345 451 1457 479 CAPUT
1469 451 1514 478 lll.

1044 511 1168 538 Recensio
1183 517 1302 544 operum,
1321 516 1379 543 qua:
1397 507 1565 544 tantoiprimo
1580 504 1700 532 editionis
1716 503 1836 532 Sirmon-

1303 545 1391 570 diunw
1408 543 1586 569 continentur.

1080 603 1152 629 Duas
1170 602 1196 628 in
1212 606 1304 636 partes
1322 605 1412 627 tomus
1424 597 1528 632 primus
1540 595 1673 622 dividitur
1686 603 1693 621 :
1705 594 1732 621 in
1742 593 1835 629 priore

1045 647 1241 678 Octateuchus,
1254 645 1317 672 libri
1330 645 1434 678 Regum
1444 646 1472 669 et
1481 641 1687 675 Paralipomena
1695 638 1834 666 elucidan-

1047 698 1106 726 tur;
1125 693 1153 719 in
1173 691 1326 727 posteriore
1341 688 1504 717 Psalterium
1519 691 1547 714 et
1558 686 1702 714 Canticum
1715 685 1836 712 cantico-

1047 747 1119 766 rum.

1082 785 1142 812 Non
1166 792 1220 810 una
1245 787 1371 810 servatur
1396 781 1424 807 in
1447 785 1563 814 utraque
1577 782 1654 813 parte
1671 777 1742 804 ratio
1754 777 1837 804 inter-

1048 829 1175 866 pretandi
1203 838 1209 856 :
1233 836 1297 855 nam
1314 828 1342 854 in
1359 827 1461 862 priore,
1485 833 1534 859 per
1551 823 1792 858 interrogationem
1810 827 1838 848 et

210 875 300 901 neque
313 867 387 894 enim
405 867 473 893 alios
484 865 646 892 nominatim
661 863 785 891 defendit
797 862 995 890 Theodoretus.
1013 875 1034 903 Β
1049 862 1254 911 ἱῈΞνοΗείοῺείΉ
1279 873 1445 911 (ιυκειίοηεδ
1469 870 1604 904 ambigua:
1627 869 1784 899 solvuntur;
1810 867 1838 893 in

248 913 291 940 IV.
311 912 434 939 Meminit
450 911 564 946 perinde
580 918 611 937 ac
625 909 749 940 Photius,
766 908 952 943 Expositionis
969 907 996 934 in

212 958 363 989 Danielem,
394 965 449 984 non
475 958 539 984 item
572 957 599 983 in
617 956 686 982 alios
711 955 827 988 majores
840 954 996 989 prophetas.

213 1003 347 1036 Quoniam
360 1003 514 1030 lucubratio
524 1003 582 1030 haec
592 1002 701 1029 videtur
716 1001 742 1028 in
753 1000 863 1028 Oriente
875 1007 930 1034 pra:
939 999 999 1026 aliis

215 1049 299 1076 fuisse
320 1049 346 1075 in
369 1049 474 1083 pretio,
500 1051 646 1082 propterea
660 1046 731 1081 quod
749 1046 879 1072 adversus
892 1045 1000 1073 Iudaeos

215 1095 385 1121 demonstrat
418 1093 527 1128 impleta
554 1100 615 1119 esse
642 1092 676 1119 de
701 1092 809 1118 Christo
842 1090 1000 1125 prophetica

215 1139 335 1171 oracula,
351 1146 383 1178 ea
397 1147 439 1165 me
455 1138 525 1165 ratio
549 1137 663 1172 impellit
680 1142 710 1164 ut
722 1137 831 1164 credam
846 1144 900 1163 non
928 1135 1001 1161 aliud

216 1192 231 1212 ι
247 1184 421 1211 ’l‘heodoreto
441 1184 629 1218 conscriptum
643 1191 712 1217 opus
735 1182 833 1209 Contra
844 1179 977 1208 Indicos“
994 1188 1000 1206 :

217 1230 299 1264 idque
313 1229 410 1256 videor
424 1229 490 1255 mihi
506 1228 635 1263 colligere
650 1236 682 1254 ex
696 1227 808 1261 cpistola
822 1226 881 1256 HS,
897 1226 929 1251 ad
944 1232 1003 1251 mo-

217 1277 321 1303 nachos
328 1274 657 1308 Constantinopolitanos,
669 1277 700 1299 ut
711 1280 761 1299 suo
769 1273 829 1299 loco
840 1274 1002 1306 exponetur.

219 1333 296 1368 261
313 1331 380 1367 §Vl.
392 1330 545 1365 Prospectus
557 1337 665 1368 operum
677 1327 827 1355 Theodoreti
839 1335 854 1353 a
865 1325 1004 1353 Sirmondo

536 1365 675 1390 editorum.

222 1433 226 1435 -
255 1423 321 1457 Quae
344 1422 487 1455 Baronius,
515 1422 616 1456 aliique
639 1428 768 1448 censores
786 1427 899 1454 operum
913 1417 1005 1445 Theo—

221 1470 322 1502 doreti,
346 1468 562 1500 Centuriatores,
582 1467 676 1494 Sixtus
687 1465 826 1497 Senensis,
843 1463 1007 1500 Possevinus

221 1521 249 1543 ct
270 1515 450 1543 Bellarminus
470 1513 641 1548 scripserint,
664 1511 833 1546 superﬂuum
847 1513 889 1538 est
902 1510 1006 1537 descri-

223 1561 302 1593 bere,
330 1568 393 1588 cum
414 1561 536 1595 ipsorum
547 1559 611 1586 libri
627 1561 750 1585 terantur
766 1557 902 1585 manibus.
922 1555 1008 1589 Quam

223 1607 448 1635 distributionem
471 1605 634 1633 Sirmondus
656 1603 761 1636 fecerit,
786 1611 875 1638 opera:
889 1601 1010 1637 pretium

224 1656 267 1680 est
277 1653 419 1684 exhibere,
431 1651 560 1686 quoniam
571 1658 635 1678 eum
646 1650 769 1677 ordinem
785 1648 904 1676 secuturi
917 1655 1011 1674 sumus

226 1699 254 1725 in
278 1697 453 1726 recensendis
475 1696 615 1731 operibus,
644 1703 725 1730 quem
745 1695 788 1721 vir
809 1694 1012 1721 eruditissimus

227 1745 256 1774 in
272 1743 481 1772 distribuendis.
501 1742 546 1770 Sic
556 1749 621 1777 ergo
632 1742 731 1768 habet:

227 1800 377 1828 Theodoreti
392 1807 483 1834 opera,
501 1806 559 1834 quin
581 1798 608 1824 in
626 1797 735 1832 singulis
750 1796 825 1822 tantis
837 1794 1011 1822 continentur.

561 1850 630 1870 T0510
644 1851 662 1869 ι.

265 1902 435 1935 ρυςιξθιίοηοε
453 1900 480 1927 in
497 1899 706 1927 Octatcuchum.

264 1946 436 1980 Quaestiones
451 1944 479 1971 in
492 1944 578 1971 libros
590 1944 705 1978 Regum.

265 1991 436 2024 Qumstiones
454 1990 481 2016 in
494 1989 581 2016 libros
592 1988 832 2022 Paralipomenon.

266 2035 459 2071 lnterpretalio
474 2035 502 2062 in
516 2041 613 2061 omnes
626 2032 758 2060 Psalmos.

267 2081 462 2117 lnterpretatio
478 2081 505 2107 in
516 2079 629 2107 Cantica
641 2078 824 2105 canticorum.

570 2143 639 2163 ’1⁵0Μο
656 2143 684 2162 ll.

266 2193 506 2230 lnterpretationis
521 2193 548 2220 in
560 2192 659 2219 lsaiam
674 2190 805 2226 epitome.

267 2240 464 2276 lnterpretatio
481 2239 509 2266 in
524 2237 682 2266 Jeremiam.

270 2285 464 2321 lnterpretatio
481 2285 509 2311 in
525 2283 709 2311 Ezechielem.

275 2330 467 2366 lnterpretatio
483 2329 510 2356 in
524 2328 674 2356 Danielem.

280 2376 470 2412 lnterpretatio
486 2375 514 2402 in
527 2374 671 2402 duodecim
685 2372 836 2407 Prophetas
846 2371 976 2398 minores.

568 2439 638 2458 ΤΟΙΙΟ
655 2438 694 2456 Ill.

272 2490 413 2526 Expositio
428 2490 454 2517 in
468 2496 564 2517 omnes
574 2487 711 2522 Epistolas
727 2484 800 2512 beati
812 2482 900 2511 Pauli.

274 2537 473 2564 Ecclesiastica:
489 2534 611 2562 historia:
628 2533 691 2560 libri
701 2541 727 2559 v.

276 2583 446 2613 Philntheus,
466 2589 514 2608 seu
529 2580 655 2615 religiosa
668 2577 793 2605 historia.

276 2628 404 2664 Epistolm
419 2628 451 2655 ad
466 2628 590 2655 diversos
602 2633 696 2653 cxu‘u.

577 2689 647 2709 TOMO
657 2688 693 2708 IV.

277 2730 418 2758 Eranislcs
434 2737 481 2757 seu
499 2727 706 2763 Polymorphus,
722 2723 822 2759 dialogi
833 2730 871 2750 ιιι.

1049 921 1201 957 posteriore
1229 919 1359 947 solemnis
1382 925 1442 944 mos
1465 914 1668 943 commentandi
1693 913 1837 940 retinetur.

1049 968 1127 995 Prior
1150 971 1193 994 est
1207 965 1371 993 Theodoreti
1387 964 1462 991 senis
1477 962 1553 998 quasi
1569 961 1770 996 magisterium;
1790 968 1839 994 po-

1050 1012 1149 1040 sterior
1162 1011 1320 1046 incipientis
1330 1010 1454 1037 scribere
1468 1009 1543 1036 velut
1554 1008 1751 1035 rudimentum.
1764 1006 1839 1033 lllam

1050 1067 1065 1086 e
1076 1059 1170 1086 Graeco
1182 1058 1209 1084 in
1218 1057 1345 1084 Latinum
1357 1059 1500 1083 verterunt
1511 1055 1630 1082 Joannes
1640 1053 1722 1080 Picus
1733 1057 1760 1079 et
1770 1052 1842 1079 Gen-

1052 1105 1142 1131 tianus
1154 1104 1303 1135 Hervetus;
1332 1102 1411 1128 istam
1426 1100 1563 1127 Antonius
1574 1099 1671 1126 Carafa
1689 1102 1717 1125 et
1729 1094 1842 1124 Franci-

1052 1157 1116 1176 scus
1135 1149 1220 1176 Zinus
1247 1157 1254 1174 :
1279 1152 1425 1181 utramque
1437 1145 1606 1180 recognovit,
1624 1145 1672 1171 sed
1686 1142 1779 1178 paucis
1793 1142 1842 1169 ad-

1054 1196 1166 1223 modum
1177 1195 1339 1226 immutatis,
1351 1192 1478 1220 Sirmond
1484 1199 1523 1218 us.

1056 1264 1099 1299 §l.
1120 1263 1158 1289 De
1170 1261 1390 1299 interpretationi)
1402 1258 1567 1299 Octateuchi,
1595 1255 1721 1282 librorum
1734 1253 1843 1289 Regum,

1324 1299 1348 1321 et
1364 1293 1597 1328 Paralipomenon.

1091 1355 1117 1382 l.
1151 1351 1411 1387 lnterprelationem
1439 1350 1467 1377 in
1495 1348 1693 1376 Oclateuchum
1725 1344 1848 1380 agnoscit

1057 1399 1248 1427 Theodoretus
1263 1397 1342 1432 262
1361 1401 1390 1423 ut
1404 1403 1491 1427 suam,
1509 1395 1535 1421 in
1549 1393 1707 1428 przei'atione
1718 1391 1848 1432 adlibros

1057 1446 1178 1480 Regum:
1193 1454 1201 1469 4
1215 1443 1352 1475 Quoniam
1367 1441 1459 1468 divina
1475 1440 1537 1467 freti
1550 1442 1557 1448 '
1570 1439 1656 1473 gratia
1675 1429 1848 1471 interpretati

1057 1500 1153 1520 sumus
1166 1491 1252 1517 libros
1263 1489 1345 1516 Mosis
1356 1486 1534 1522 legislatoris,
1560 1491 1587 1512 et
1598 1486 1679 1513 Josue
1699 1483 1848 1518 prophetat,

1021 1538 1044 1568 C
1059 1542 1087 1564 et
1098 1537 1237 1567 Iudicum,
1249 1540 1277 1562 et
1287 1534 1361 1562 Ruth
1376 1540 1442 1567 :age
1456 1531 1631 1566 splendorem
1647 1528 1810 1565 hujuslueis
1821 1532 1850 1554 ut

1060 1582 1237 1616 accipiamus,
1252 1580 1352 1607 iterum
1365 1578 1552 1612 implorantes,
1565 1575 1734 1610 explicemus
1745 1573 1851 1608 Regno-

1060 1636 1121 1655 rum
1137 1626 1277 1656 historias,
1290 1635 1298 1647 ι
1316 1629 1369 1652 etc.

1095 1673 1128 1700 ll.
1155 1671 1285 1707 Agnoscit
1310 1670 1414 1705 pariter
1439 1668 1695 1703 interpretationem
1719 1665 1747 1692 in
1768 1664 1852 1691 libros

1062 1718 1167 1752 Regum
1181 1716 1252 1743 libro
1264 1715 1354 1751 primo
1368 1714 1599 1749 Παραλιπομένων
1626 1721 1632 1738 :
1659 1720 1668 1736 ‹
1686 1710 1853 1737 Musicorum

1063 1763 1309 1790 instrumentorum
1329 1759 1512 1788 ditl'erentiam
1534 1758 1653 1785 diximus
1673 1757 1699 1783 in
1713 1755 1792 1782 libris
1801 1755 1854 1782 Re—

1064 1817 1138 1845 gum.
1151 1818 1160 1833 ι

1098 1855 1143 1881 IlI.
1173 1854 1211 1880 De
1240 1852 1368 1879 omnibus
1390 1850 1471 1878 simul
1496 1850 1553 1877 haec
1578 1849 1661 1876 habet
1684 1845 1852 1875 Photius":

1069 1900 1147 1935 «Legi
1156 1898 1278 1934 ejusdem
1287 1897 1371 1924 divini
1379 1897 1433 1923 viri
1443 1895 1609 1922 Theodoreti
1621 1895 1648 1921 in
1656 1892 1854 1921 Octateuchum

1065 1943 1299 1979 explanationem,
1326 1950 1386 1976 qua:
1408 1940 1615 1975 inscriptionem
1628 1942 1706 1965 nacta
1719 1942 1762 1965 est
1778 1936 1855 1971 operi

1066 1993 1272 2025 congruentem,
1290 1988 1322 2015 In
1338 1987 1447 2015 obscura
1461 1990 1484 2012 et
1498 1986 1618 2012 abstrusa
1631 1982 1775 2018 Scriptura!
1788 1981 1855 2012 loca,

1068 2038 1096 2065 in
1111 2036 1212 2072 quibus
1224 2039 1298 2066 sunt,
1316 2038 1343 2061 et
1357 2033 1390 2060 ad
1405 2033 1490 2059 libros
1502 2032 1617 2065 Regum,
1632 2033 1660 2055 et
1672 2028 1705 2055 ad
1717 2026 1858 2061 Paralipo—

1068 2090 1163 2116 mena',
1182 2081 1356 2108 utilissimum
1370 2083 1462 2106 autem
1476 2078 1503 2104 in
1518 2076 1614 2111 primis
1629 2075 1682 2101 hoc
1693 2081 1789 2108 opus.»
1801 2076 1856 2099 etc.

1104 2129 1149 2156 lV.
1170 2126 1321 2155 Postremis
1334 2125 1399 2152 vita:
1411 2122 1580 2157 temporibus
1595 2121 1654 2147 [nec
1666 2118 1858 2146 Theodoretus

1071 2173 1226 2209 composuit
1246 2181 1253 2199 :
1276 2179 1339 2198 nam
1366 2170 1399 2196 de
1421 2168 1487 2203 ipsis
1504 2167 1530 2194 in
1548 2166 1624 2193 nullo
1636 2165 1691 2192 alio
1700 2171 1784 2199 opere
1800 2170 1858 2190 mc-

1036 2206 1058 2234 D
1071 2206 1162 2251 minit,
1179 2225 1240 2245 cum
1259 2217 1286 2243 in
1304 2215 1348 2242 bis
1365 2215 1418 2242 alia
1433 2213 1511 2248 plura
1528 2211 1656 2246 appellet.
1675 2208 1856 2243 Quatstionel

1072 2265 1101 2293 in
1112 2262 1275 2293 Leviticum,
1291 2268 1352 2295 qua:
1366 2263 1408 2286 est
1423 2258 1457 2285 de
1471 2265 1562 2289 causa,
1583 2264 1631 2283 cur
1643 2256 1716 2282 Deus
1728 2253 1860 2282 sacriﬁcia

1073 2311 1126 2339 sibi
1145 2307 1239 2336 otierri
1262 2305 1432 2341 praeceperit,
1460 2313 1470 2329 ι
1492 2303 1530 2330 De
1554 2302 1607 2334 his,
1624 2300 1723 2335 inquit,
1743 2299 1861 2326 diximus

1076 2355 1169 2383 multis
1183 2354 1210 2380 in
1226 2352 1303 2382 locis,
1317 2356 1374 2378 tum
1390 2351 1417 2376 in
1428 2349 1482 2382 his,
1496 2355 1557 2383 qua:
1571 2351 1666 2375 contra
1677 2346 1786 2373 Grzecos
1797 2345 1863 2372 scri-

1077 2403 1191 2438 psimus,
1221 2404 1249 2426 et
1277 2398 1409 2425 adversus
1433 2396 1566 2427 haereses;
1599 2398 1657 2420 tum
1684 2392 1712 2419 in
1731 2391 1784 2423 his,
1803 2397 1864 2425 qua:

1076 2449 1207 2476 adversus
1237 2452 1345 2479 magos;
1376 2447 1508 2477 praeterea
1525 2441 1552 2468 in
1565 2439 1786 2467 enat-rationibus
1798 2444 1862 2471 pro-

1073 2495 1216 2530 phetarum
1228 2512 1234 2524 ,
1264 2494 1292 2517 et
1316 2489 1343 2516 in
1365 2487 1578 2523 apostolicarum
1591 2485 1774 2520 Epistolarum
1791 2490 1864 2510 com-

1074 2539 1226 2568 mental-iis.

1113 2585 1269 2619 Quaestione
1287 2583 1321 2610 45
1346 2582 1372 2609 in
1392 2582 1494 2608 librum
1515 2580 1537 2606 ll
1562 2580 1682 2613 Regum,
1701 2584 1762 2604 cum
1773 2577 1865 2610 ageret

1080 2631 1112 2660 de
1125 2628 1284 2663 triumphali
1300 2627 1411 2662 hymno.
1429 2633 1512 2660 quem
1530 2625 1585 2651 Deo
1597 2621 1681 2649 David
1701 2623 1763 2654 post
1773 2619 1866 2645 hostes

1081 2676 1225 2711 ipsumque
1233 2673 1342 2700 Saulcm
1353 2670 1490 2698 devictum
1502 2667 1602 2696 cecinit
1614 2676 1620 2693 ε
1637 2676 1645 2691 ‹
1654 2665 1792 2693 Consonat
1804 2670 1864 2689 cum

1081 2722 1186 2758 psalmo
1205 2727 1269 2750 xvu,
1298 2717 1339 2744 vel
1363 2717 1456 2752 potius
1479 2715 1550 2742 idem
1568 2717 1625 2745 est,
1649 2711 1754 2738 habens
1767 2715 1867 2744 paucas

925 2791 1082 2821 SCHULZII
1103 2788 1221 2817 ΝΟΤιΕ.

279 2846 300 2860 ¹⁷
316 2846 376 2873 Vid.
390 2845 470 2880 epist.
488 2844 518 2872 l6

244 2880 306 2907 204.

567 2844 588 2859 ’³⁸
604 2842 731 2870 Eamdem
755 2840 917 2869 sententiam
933 2839 1073 2874 amplexus
1086 2841 1126 2864 est
1143 2835 1257 2862 Caveus.
1274 2833 1354 2860 Plura
1373 2830 1430 2858 vid.
1455 2830 1534 2861 infra,
1550 2836 1608 2862 cap.
1624 2828 1650 2859 9,
1666 2826 1678 2860 §
1698 2826 1721 2852 ἆ.

1760 2825 1783 2839 ¹¹³
1797 2821 1852 2850 Ccd
