1967 3047
228 149 282 181 215

777 153 967 183 GARNERII
985 153 1232 183 DISSERTATIO
1252 154 1293 183 Il.

1802 147 1852 179 216

229 205 456 240 prehenderetur,
478 206 530 233 etsi
555 206 588 233 de
611 205 819 241 quadringentis
831 208 911 234 annis
924 207 1017 242 plures
1031 210 1052 237 Α
1068 208 1157 242 gratia
1181 208 1279 234 factum
1310 206 1418 234 assidue
1447 203 1632 235 versantibus,
1647 202 1757 237 plurimi
1785 204 1854 231 :esli-

229 257 312 284 quam
328 250 525 284 septemdecim
540 250 763 279 detraherentur.

228 295 286 331 §ll.
299 295 483 331 Interpretatio
495 297 522 323 in
535 296 654 323 Psalmos
666 301 769 323 centum
779 301 804 323 et
815 297 1016 333 quinquaginta.

264 341 284 368 l.
316 341 508 369 Theodoretus
539 342 776 377 interpretationis
805 342 833 369 in
856 342 1018 369 Psalterium

229 386 354 414 meminit
365 394 492 421 expresse
508 387 535 414 in
547 387 668 422 Epistola
685 388 719 415 ad
732 387 881 415 Eusebium
894 386 926 419 ",
935 393 1018 422 atque

227 431 310 458 etiam
319 432 471 466 quaestione
483 433 517 460 45
533 434 561 459 in
575 432 676 460 librum
687 433 709 459 ll
725 433 841 468 Regum.

262 476 294 503 ll.
313 476 440 511 Suscepit
451 477 535 512 igitur
547 477 574 504 id
587 478 680 512 operis
690 482 752 505 ante
764 486 864 505 annum
875 478 940 510 453;
955 485 1018 504 nam

227 529 290 549 cum
303 522 438 550 scriberet
448 531 519 550 anno
530 524 582 550 445
595 523 628 550 ad
640 524 800 557 Eusebium,
817 524 900 552 tradit
912 531 940 551 se
955 528 1019 551 ante

228 567 374 595 duodecim
386 576 474 596 annos
486 568 636 596 confecisse
660 569 746 597 libros
770 577 840 604 quos
858 573 1017 603 enumerat;

227 618 372 641 enumerat
383 622 449 642 vero
463 614 585 642 secundo
597 615 657 642 loco
669 615 794 642 Psalterii
807 615 1016 650 expositionem.

228 657 359 692 Quamvis
383 659 436 686 hoc
456 663 649 694 argumentum
672 659 814 695 probabile
836 661 873 687 sit
897 667 1019 694 veroque

227 703 328 735 simile,
356 703 440 731 debet
457 707 548 731 tamen
575 704 679 731 dictum
701 703 867 731 Theodoreti
890 704 1019 739 restringi

227 748 262 776 ad
274 749 382 784 priores
394 749 491 781 libros,
515 757 586 784 quos
597 754 724 777 recenset
744 758 751 776 :
771 757 834 776 nam
846 749 1018 782 Philotheus,

227 794 274 829 qui
290 798 445 829 postremus
456 795 625 828 nominatur,
641 796 686 822 vix
698 801 762 823 ante
773 803 876 823 annum
886 795 940 823 H5
953 795 1020 822 scri-

227 844 292 875 ptus
304 840 358 868 dici
372 845 470 876 potest,
485 845 517 868 ut
531 848 581 868 suo
592 841 652 869 loco
667 841 912 868 demonstrabitur.

1069 258 1142 281 mata
1161 254 1196 281 sit
1206 254 1239 280 ³⁵.

1104 299 1160 326 Vll.
1174 298 1300 326 Ostendit
1315 298 1409 329 etiam,
1426 304 1508 332 quam
1520 295 1654 322 rationem
1675 295 1703 321 in
1715 302 1854 329 exponen-

1069 344 1111 371 dis
1126 344 1242 371 Psalmis
1254 347 1356 375 teneat,
1370 346 1399 370 et
1414 349 1497 376 quam
1512 341 1548 368 ob
1567 348 1688 367 causam.
1709 349 1717 365 ι
1739 339 1807 367 Cum
1828 340 1854 367 in

1069 388 1160 415 varios
1179 388 1338 415 incidissem
1352 385 1575 417 commentarios,
1590 384 1636 420 qui
1656 384 1756 419 partim
1773 384 1800 411 in
1815 384 1853 411 al—

1069 434 1200 469 legoriam
1218 435 1226 444 '
1247 441 1311 461 cum
1335 433 1422 460 multa
1448 431 1572 459 satietate
1601 430 1729 462 abibant;
1755 429 1853 464 partim

1069 487 1135 506 vero
1157 479 1328 514 prophetiam
1351 477 1515 513 quibusdam
1536 475 1660 504 historiis
1680 475 1720 502 sic
1742 474 1852 508 adapta-

1069 525 1145 557 bant,
1162 529 1191 552 ut
1205 524 1307 552 Judzeis
1328 523 1421 558 potius
1443 522 1633 557 interpretatio
1647 521 1852 555 suiIragaretur,

1069 578 1150 605 quam
1165 570 1227 597 ﬁdei
1245 569 1376 596 alumnis:
1393 568 1501 595 solertis
1512 574 1573 594 esse
1596 565 1700 601 putavi,
1713 569 1741 593 et
1755 565 1852 592 horum

1069 621 1097 643 et
1115 616 1225 643 illorum
1245 613 1470 641 immodicitatem
1487 613 1591 647 Fugere.
1609 611 1783 645 Quaecunque
1796 610 1855 645 qui-

1070 662 1131 689 dem
1144 661 1242 696 priscis
1265 659 1389 687 historiis
1405 659 1591 690 cohaerebant,
1606 657 1650 684 his
1670 657 1728 684 bmc
1749 663 1855 683 accom-

1069 707 1182 735 modare
1193 706 1361 737 etiamnunc,
1375 703 1567 739 praedictiones
1583 707 1674 730 autem
1692 702 1726 729 de
1740 702 1855 729 Domino

1068 753 1190 785 Christo,
1205 756 1232 780 et
1243 752 1277 779 de
1292 751 1414 778 Ecclesia
1429 759 1462 778 ex
1478 750 1605 785 gentibus
1621 747 1774 779 coniianda,
1790 754 1855 775 nec-

1069 806 1126 826 non
1141 798 1175 826 de
1186 797 1343 833 evangelica
1355 796 1505 831 republica,
1518 796 1606 830 deque
1618 794 1773 829 apostolicis
1787 801 1856 828 pm-

1070 843 1264 875 dicationibus,
1279 850 1333 869 non
1355 842 1417 868 aliis
1435 840 1598 875 quibusdam
1623 839 1771 871 ascribere,
1783 838 1854 873 quod

262 886 307 913 ΠῘ·
326 886 404 919 Ουοά
431 887 453 914 5i
475 891 566 914 autem
593 894 638 914 1‘85
661 887 699 914 ita
720 894 749 914 SC
768 886 861 919 habet.
886 886 914 913 id
928 886 1019 921 operis
1036 886 1054 914 Β
1070 890 1156 919 ,ιιιᾱωί
1177 889 1266 917 facere
1292 888 1392 919 solent,
1414 887 1461 921 qui
1477 885 1587 913 malitia:
1605 885 1707 913 assueti
1731 889 1804 916 sunt,
1828 888 1855 911 et

226 932 409 967 compositum
421 940 481 962 esse
495 937 601 967 oportet
616 936 677 967 post
692 932 826 968 synodum
842 932 1018 967 Ephesinam,

227 985 290 1005 cum
316 986 361 1005 res
388 978 556 1006 Nestorianze
585 979 677 1006 adhuc
703 978 852 1006 admodum
868 978 1019 1010 ferverent,

226 1031 333 1058 paxque
355 1024 426 1051 inter
448 1024 601 1057 Ecclesias,
629 1024 715 1051 invito
735 1023 919 1055 Theodoreto,
947 1026 1020 1050 esset

227 1068 305 1095 inita.
329 1067 442 1103 Oportet
453 1073 481 1096 et
492 1069 630 1103 pertinere
645 1069 678 1096 ad
697 1069 792 1101 libros,
806 1069 854 1103 qui
875 1068 903 1095 in
919 1068 1020 1095 litteris

226 1113 260 1140 ad
272 1118 394 1141 sanctum
403 1114 522 1142 Leonem
537 1122 608 1141 anno
617 1115 670 1142 M9
681 1114 762 1147 datis,
785 1118 848 1142 ante
860 1114 1019 1149 quindecim

225 1166 312 1186 annos
328 1158 423 1193 scripti
435 1159 573 1187 dicuntur.

261 1203 342 1239 265
363 1204 405 1232 IV.
425 1204 491 1231 Inde
510 1204 540 1231 iit
551 1208 591 1236 ut,
605 1205 734 1239 quoniam
750 1212 823 1239 aeger
842 1204 953 1231 animus
972 1204 1018 1231 vix

229 1250 373 1278 continere
388 1250 458 1277 solet
475 1255 636 1284 conceptam
656 1250 894 1285 perturbationem
904 1270 911 1282 ,
924 1257 1017 1277 erum—

226 1301 274 1331 pat
285 1296 358 1323 inter
368 1296 605 1331 interpretandum
619 1296 737 1323 subinde
749 1296 876 1323 nonnihil
901 1300 950 1323 aut
965 1295 1019 1323 ira-

227 1341 344 1373 cundiae,
360 1345 408 1368 aut
422 1341 608 1375 querelarum,
621 1346 668 1368 aut
685 1341 873 1376 aegritudinis:
887 1341 960 1376 quod
974 1346 1016 1368 at-

229 1390 320 1414 tentus
330 1387 418 1414 lector
429 1394 486 1414 non
497 1388 582 1414 semel
599 1387 767 1415 observabit.

265 1432 298 1460 ν.
316 1432 508 1459 Theodoretus
519 1432 606 1460 videri
620 1437 710 1467 potest
725 1433 846 1466 tradere,
863 1441 918 1460 non
931 1433 1018 1460 conti-

228 1485 314 1505 nuum
337 1477 422 1505 fuisse
449 1477 535 1505 totius
556 1478 649 1513 operis
671 1479 852 1506 elucubrandi
883 1479 1016 1512 laborem,

228 1523 276 1551 sed
299 1523 416 1550 aliorum
435 1523 587 1558 scriptione
608 1523 804 1559 interruptum.
817 1524 863 1551 Ait
886 1525 960 1552 enim
971 1525 992 1541 ³⁸
1008 1533 1015 1552 :

232 1579 242 1595 σ
256 1569 313 1597 Hoc
325 1574 450 1596 nostrum
462 1569 629 1597 desiderium
641 1570 815 1606 (explanandi
830 1571 1016 1606 Psalterium),

229 1623 285 1642 non
301 1615 426 1642 siverunt
437 1615 471 1642 ad
490 1615 571 1642 linem
584 1616 730 1650 pervenire
744 1615 773 1648 ii,
787 1616 834 1651 qui
851 1624 866 1643 a
877 1616 958 1643 nobis
972 1624 1017 1643 sa-

229 1668 339 1689 crorum
362 1661 480 1688 aliorum
496 1661 667 1688 voluminum
687 1662 893 1697 explanationes
913 1662 1018 1697 efﬂagi-

231 1711 334 1734 tarunt.
354 1716 363 1732 ι
378 1706 470 1734 Malim
484 1714 534 1741 ego
553 1710 644 1734 tamen
656 1708 784 1735 assentiri
797 1707 944 1735 Sirmondo
958 1707 1018 1734 exi—

230 1752 351 1780 stimanti
365 1751 503 1786 integrum
520 1760 589 1787 opus
601 1757 663 1787 post
677 1757 843 1780 memoratos
860 1753 947 1780 libros
958 1760 1018 1780 esse

229 1796 422 1831 compositum.
435 1796 463 1823 Id
474 1797 548 1824 enim
561 1797 679 1825 suadent
697 1798 781 1825 verba
792 1797 883 1824 allatis
900 1797 992 1832 priora
1009 1806 1016 1824 :

232 1852 241 1868 ‹
258 1843 408 1877 Propterea
420 1842 492 1869 hanc
505 1843 621 1877 primam
635 1843 808 1878 prophetiam
823 1843 949 1871 volebam
968 1851 1017 1871 ex-

231 1893 345 1922 ponere,
363 1891 446 1922 atque
469 1888 617 1923 ingeniosis
641 1889 857 1922 mercatoribus,
875 1897 934 1917 eam
957 1897 1018 1924 quae

230 1933 258 1960 in
277 1933 413 1968 profundo
425 1937 478 1966 est,
491 1933 639 1962 utilitatem
652 1942 816 1969 proponere,
837 1939 867 1962 ut
888 1939 1018 1962 canentes

229 1978 322 2010 simul,
340 1983 369 2006 et
389 1986 486 2006 eorum
504 1987 566 2014 qua:
585 1983 722 2006 canuntur
745 1980 910 2008 sententiam
930 1980 1019 2014 perci-

229 2024 346 2059 pientes,
358 2024 526 2059 duplicatum
544 2024 664 2052 fructum
677 2024 841 2060 percipiant.
866 2035 875 2051 »
897 2024 1019 2052 Suadent

228 2070 312 2097 etiam
337 2070 478 2105 sequentia
504 2078 511 2097 :
544 2080 553 2096 ι
572 2071 720 2105 Postquam
741 2071 825 2106 igitur
837 2070 915 2098 dedit
937 2071 1019 2099 nobis

228 2115 310 2147 Deus,
333 2119 364 2142 ut
384 2115 600 2143 commentarios
619 2116 647 2142 in
669 2115 727 2143 hinc
747 2116 834 2150 ipsius
849 2116 960 2151 eloquia
983 2115 1018 2144 ad

228 2160 310 2188 linem
335 2160 628 2196 perduceremus;age
652 2161 736 2196 hujus
758 2161 842 2189 etiam
865 2162 1019 2197 prophetia).

226 2206 426 2241 expositionem
440 2207 513 2234 bono
525 2206 618 2234 animo
630 2207 832 2242 aggrediamur.
847 2217 856 2233 ι

264 2252 307 2279 Vl.
319 2251 379 2285 Quo
391 2252 507 2280 consilio
521 2253 670 2280 accesserit
685 2252 718 2279 ad
732 2253 806 2280 hunc
822 2253 957 2285 laborem,
970 2261 1017 2280 ex-

229 2297 308 2331 ponit
318 2297 438 2324 dilucide
454 2306 460 2324 :
487 2306 496 2323 ι
513 2297 578 2324 Mihi
595 2297 706 2332 quidem
727 2305 783 2332 prze
797 2298 905 2325 caeteris
916 2298 1017 2325 divinis

228 2342 347 2370 oraculis
366 2343 486 2377 optabile
513 2343 574 2376 fuit,
599 2343 688 2378 magni
708 2343 819 2371 Davidis
844 2343 1016 2378 prophetiam

228 2387 420 2422 interpretari;
436 2388 659 2424 quandoquidem
676 2389 816 2424 religionis
831 2389 945 2421 alumni,
959 2394 1016 2416 tum

228 2433 275 2467 qui
291 2433 384 2466 urbes,
396 2438 454 2461 tum
471 2434 517 2468 qui
526 2442 605 2469 agros
618 2434 754 2467 incolunt,
766 2434 934 2469 praecipuam
947 2442 1016 2469 ope-

227 2487 286 2506 ram
311 2479 376 2507 huic
394 2481 466 2516 parti
485 2485 587 2508 navant
597 2489 709 2514 omnes;
722 2481 750 2508 in
769 2481 866 2516 primis
883 2489 950 2509 vero
971 2482 1018 2516 qui

228 2526 408 2553 monasticam
428 2527 512 2554 vitam
530 2531 624 2561 agunt,
635 2526 694 2554 dies
706 2531 857 2561 noctesque
872 2526 1019 2554 Davidicos

227 2577 324 2598 versus
333 2571 361 2598 in
373 2579 421 2599 ore
432 2571 545 2603 habent,
561 2581 570 2597 ι
588 2575 642 2599 etc.
665 2571 730 2599 lnde
741 2574 774 2599 se'
784 2572 878 2606 prodit
888 2571 1019 2599 nonnulla

226 2624 320 2650 causa,
337 2625 387 2644 cur
407 2625 422 2644 a
443 2617 586 2645 monachis
605 2617 860 2652 interpretationem
882 2618 953 2645 hanc
977 2616 1019 2644 sui

261 2696 276 2718 ιο
292 2695 364 2724 Psal.
377 2703 402 2728 L,
414 2697 441 2723 7.

1071 944 1126 964 suae
1138 934 1340 963 incredulitatis
1351 932 1556 960 excusationem
1573 935 1679 959 texunt.
1693 930 1764 958 Satis
1781 929 1854 957 enim

1069 986 1112 1010 est
1131 990 1224 1009 rerum
1247 981 1368 1015 ipsarum
1389 978 1588 1009 testimonium,
1608 982 1639 1004 ut
1655 976 1689 1003 ad
1710 976 1854 1003 veritatem

1071 1026 1306 1062 interpretationis
1322 1025 1440 1053 deducat
1455 1031 1512 1056 eos,
1523 1023 1570 1058 qui
1588 1022 1661 1049 illam
1675 1021 1794 1056 reperire
1807 1020 1855 1047 de~

1070 1072 1192 1100 siderant
1209 1080 1214 1098 :
1230 1071 1303 1098 unde
1321 1078 1377 1098 non
1393 1069 1540 1098 admodum
1561 1067 1696 1095 laboriosa
1712 1066 1766 1094 erit
1775 1065 1855 1093 nobis

1069 1118 1257 1154 praedictionis
1274 1118 1429 1153 expositio,
1452 1115 1587 1151 siquidem
1612 1114 1682 1141 hanc
1707 1112 1854 1140 dilucidam

1069 1163 1133 1192 facit
1145 1164 1226 1199 266
1238 1171 1330 1190 rerum
1348 1161 1551 1196 contemplatio.
1565 1159 1742 1187 Studebimus
1753 1162 1854 1190 autem,

1069 1209 1142 1245 quod
1161 1210 1187 1236 in
1205 1208 1285 1236 nobis
1297 1209 1360 1240 erit,
1373 1206 1506 1234 orationis
1523 1205 1704 1241 prolixitatem
1721 1204 1816 1234 vitare,
1829 1207 1856 1230 et

1069 1253 1291 1289 compendiosam
1313 1252 1470 1281 volentibus
1492 1251 1637 1278 utilitatem
1660 1255 1824 1284 proponere.
1843 1257 1852 1273 ι

1059 1298 1143 1332 Ωιιοε
1153 1299 1255 1334 arguit,
1271 1302 1319 1325 aut
1342 1297 1489 1325 fastidiose
1506 1295 1652 1330 allegoriae,
1669 1298 1716 1321 aut
1729 1293 1807 1321 nimii
1827 1292 1856 1320 in

1067 1343 1177 1372 Judteos
1188 1344 1301 1375 favoris,
1314 1346 1362 1370 aut
1373 1342 1490 1369 taediosa:
1505 1340 1669 1376 prolixitatis
1676 1339 1854 1374 expositores,

1068 1390 1086 1417 ii
1105 1393 1169 1417 sunt
1189 1389 1386 1423 Apollinarius,
1404 1387 1566 1415 Theodorus
1585 1386 1793 1420 Mopsucstenus
1805 1404 1812 1416 ,
1829 1388 1856 1412 et

1067 1436 1281 1472 Chrysostomus
1310 1445 1316 1462 :
1347 1434 1487 1470 allegoriis
1513 1433 1628 1461 indulsit
1661 1432 1856 1467 Apollinarius,

1067 1481 1189 1508 Judaicis
1207 1479 1425 1515 expositionibus
1446 1479 1618 1510 Theodorus,
1638 1477 1851 1512 Chrysostomus

1068 1526 1230 1561 prolixitati.
1249 1525 1466 1552 Ahstinuitvero
1485 1524 1519 1551 ab
1531 1524 1574 1550 his
1594 1523 1753 1550 auctoribus
1767 1522 1856 1549 nomi-

1068 1571 1153 1598 natim
1170 1570 1341 1605 appellandis
1357 1574 1470 1605 propter
1484 1568 1666 1596 reverentiam
1680 1577 1686 1594 :
1699 1575 1762 1594 nam
1775 1567 1857 1602 Apol-

1068 1617 1159 1644 linarii
1178 1617 1278 1644 famam
1297 1616 1484 1652 suspiciebat,
1503 1615 1626 1649 reliquos
1645 1613 1714 1641 duos
1728 1618 1757 1640 ut
1770 1609 1857 1648 magi-

1068 1668 1141 1690 stros
1157 1663 1275 1691 colebat.

1104 1708 1171 1735 Vill.
1193 1707 1419 1743 Chrysostomum
1445 1710 1535 1733 tamen
1560 1705 1597 1732 ita
1616 1707 1728 1732 secutus
1743 1706 1785 1730 est
1805 1702 1858 1729 hac

1068 1754 1097 1781 in
1121 1759 1214 1788 parte,
1242 1757 1271 1780 ut
1294 1752 1369 1780 aliud
1392 1752 1460 1779 nihil
1482 1751 1540 1779 fere
1569 1755 1699 1785 praestare
1723 1749 1857 1781 videatur,

1068 1807 1151 1834 quam
1178 1799 1252 1834 quod
1282 1799 1396 1826 eﬂ'usam
1424 1797 1498 1824 illius
1526 1796 1678 1824 orationem
1700 1795 1856 1822 contrahat.

1069 1844 1225 1872 Sententias
1238 1849 1311 1872 certe
1326 1844 1460 1879 expressit
1480 1851 1550 1878 saepe
1570 1851 1576 1870 :
1593 1842 1675 1870 verba
1694 1847 1785 1869 autem
1807 1841 1859 1868 ali-

1069 1890 1178 1924 quando
1192 1889 1346 1924 exscripsit.
1361 1889 1389 1916 ld
1407 1896 1468 1916 cum
1484 1888 1611 1923 pluribus
1624 1887 1756 1922 exemplis
1770 1885 1859 1912 mani-

1069 1937 1169 1964 festum
1183 1936 1244 1968 ﬂat,
1258 1941 1315 1963 tum
1332 1934 1484 1962 clarissime
1499 1938 1589 1969 patet,
1609 1934 1632 1960 si
1652 1932 1796 1967 utriusque
1813 1931 1857 1958 in-

1068 1981 1198 2017 terpretis
1209 1985 1237 2008 et
1250 1981 1357 2015 legatur
1375 1983 1403 2007 et
1423 1979 1581 2006 conferatur
1601 1977 1814 2005 commentarius
1830 1976 1858 2003 in

1068 2027 1203 2062 psalmum
1220 2034 1235 2053 L
1247 2025 1281 2053 ad
1293 2025 1351 2052 hac
1361 2025 1461 2052 verba:
1479 2024 1546 2051 Ecce
1555 2025 1584 2050 in
1603 2022 1786 2058 iniquitatibus
1796 2029 1859 2048 con—

1069 2078 1157 2108 ceptus
1171 2081 1230 2099 sum
1250 2072 1275 2104 ι’,
1289 2075 1343 2098 etc.

1104 2118 1150 2146 IX.
1165 2117 1222 2145 Etsi
1237 2116 1385 2151 aliquando
1397 2118 1508 2142 secutus
1529 2114 1564 2141 sit
1581 2112 1767 2144 Theodorum,
1783 2112 1859 2138 hunc

1070 2165 1172 2192 deserit
1180 2168 1271 2190 tamen
1282 2166 1313 2189 ut
1324 2162 1482 2197 plurimum,
1492 2159 1575 2194 idque
1584 2159 1665 2193 iustis
1676 2158 1710 2185 de
1718 2157 1809 2185 causis
1818 2157 1856 2184 "z

1031 2216 1055 2245 ι)
1068 2217 1132 2237 nam
1146 2208 1309 2237 Theodorus
1327 2207 1416 2242 primo
1428 2206 1513 2233 multa
1526 2205 1554 2232 in
1568 2204 1681 2232 Psalmis
1695 2204 1729 2231 de
1746 2203 1859 2230 Christo

1069 2256 1153 2286 dicta,
1172 2255 1319 2289 detorquet
1331 2253 1400 2285 alio;
1417 2251 1516 2278 deinde
1530 2250 1689 2278 adolescens
1703 2248 1859 2276 octodecim

1069 2308 1203 2328 annorum
1218 2298 1348 2326 Davidem
1363 2297 1560 2331 interpretatus
1578 2299 1629 2326 est,
1649 2301 1711 2320 eum
1728 2293 1790 2327 plus
1810 2292 1860 2319 ha-

1070 2347 1148 2373 beret
1167 2344 1290 2372 audacia:
1306 2351 1387 2377 quam
1407 2341 1583 2369 eruditionis.
1604 2340 1700 2366 Postea
1720 2337 1858 2373 ejusmodi

1070 2390 1241 2426 expositione
1253 2388 1384 2415 invidiam
1400 2387 1548 2413 multorum
1559 2384 1610 2412 sibi
1625 2382 1763 2414 conﬂavit,
1778 2381 1859 2416 quasi

1070 2437 1172 2465 Iudaeis
1190 2435 1292 2462 faveret
1308 2443 1314 2460 :
1330 2433 1449 2467 denique
1469 2432 1528 2466 ipse
1549 2438 1629 2458 suum
1647 2428 1768 2465 juvenile
1787 2435 1860 2462 opus

1069 2491 1124 2510 non
1141 2481 1288 2509 admodum
1312 2479 1455 2514 probabat,
1472 2482 1503 2504 ut
1521 2477 1652 2504 infectum
1664 2475 1747 2502 etiam
1763 2473 1859 2501 vellet.

1069 2529 1189 2563 Ingenue
1209 2531 1298 2554 tamen
1324 2524 1475 2555 fatendum,
1491 2522 1564 2557 quod
1586 2529 1629 2549 res
1651 2526 1710 2552 est;
1734 2527 1765 2546 ea
1789 2526 1861 2545 non-

1069 2579 1210 2606 nunquam
1233 2571 1260 2598 in
1274 2569 1386 2598 Calenis
1406 2568 1459 2603 legi
1475 2575 1508 2595 ex
1521 2566 1667 2594 Theodoro
1685 2566 1712 2592 in
1723 2565 1858 2596 Psalmos,

1070 2624 1132 2652 qua)
1145 2618 1301 2648 ostendant,
1319 2615 1354 2642 ab
1376 2614 1435 2648 ipso
1449 2613 1596 2640 litteralem
1610 2618 1720 2638 sensum
1740 2610 1862 2637 feliciter

893 2754 1050 2782 SCHULle
1071 2753 1188 2782 NOTAE.

262 2821 286 2858 ἶ*
297 2821 359 2858 Vid,
370 2821 461 2858 epist.
470 2821 531 2858 782.,
544 2822 625 2858 _"ﬂln
637 2823 719 2858 Praef.
729 2823 841 2856 huiusce
855 2823 961 2858 Operis.
1001 2825 1023 2840 ³⁸
1037 2824 1111 2851 Plur.
1122 2823 1266 2850 restinxit.
1279 2821 1340 2850 Haec
1354 2821 1462 2858 supplet
1476 2819 1612 2852 Oudinus,
1628 2817 1666 2845 Dc
1675 2818 1765 2853 script.
1776 2815 1856 2849 εισι..

228 2861 248 2885 ι.
267 2856 289 2890 l,
308 2864 335 2892 p.
351 2856 429 2884 1070.
468 2857 490 2873 ³⁷
503 2856 562 2884 Vid.
580 2857 695 2885 Fabricii
710 2857 832 2885 Biblioth.
851 2856 909 2891 61³..
925 2859 979 2886 vol.
999 2858 1017 2887 1ἶ

1070 2867 1085 2886 ι.
1102 2857 1151 2886 160
1165 2865 1224 2892 seq.
