1967 3047
149 148 202 182 217

150 254 255 278 tantam
274 249 425 285 Scripturae
441 249 648 284 intelligentiam
660 250 792 276 exsistere
803 249 935 284 potuisse.

255 295 269 331 ἕ
283 295 328 322 111.
345 287 532 330 Interpretatio
545 295 646 322 Cantici
659 296 830 322 canticorum.

185 341 206 368 1.
221 342 436 376 lnterpretatum
448 348 477 368 se
487 340 630 368 Canticum
641 341 810 368 canticorum
824 344 933 367 testatri

149 386 351 418 Theodoretus,
375 386 458 414 semel
485 385 607 420 quidem,
621 386 670 414 sed
687 390 796 421 aperte,
817 386 845 412 in
863 386 935 413 Prae-

149 431 252 459 l'atioue
273 431 458 466 Expositionis
484 431 511 458 in
539 431 661 458 Fsalmos
684 439 690 458 :
711 440 720 456 ‹
744 431 938 465 lmposuerunt

149 478 230 505 nobis
244 477 381 509 nonnulli,
401 481 430 504 ut
443 477 585 504 Canticum
603 477 772 504 canticorum
787 484 938 511 exponere-

149 531 226 556 mns;
239 523 322 558 aliqui
333 530 398 550 vero
407 522 458 549 viri
471 522 672 550 desideriorum
682 523 704 538 ³⁸
711 522 938 549 desideraverunt

149 569 323 604 prophetiam
336 576 519 604 cognoscere;
534 568 579 595 alii
601 568 688 595 divini
709 568 873 598 Ezechielis,
889 567 936 594 alii

148 614 295 642 duodecim
320 614 517 649 prophetarum
549 614 742 650 praedictiones
769 613 937 641 obscuritate

149 660 287 687 involutas
310 658 451 686 enucleari
471 658 523 686 sibi
545 666 577 686 ac
597 658 732 686 declarari
752 657 935 693 postularunt.

149 704 296 740 Postquam
314 704 398 739 igitur
419 703 496 731 dedit
519 703 598 731 nobis
618 704 747 735 Deus,ut
769 706 938 730 commenta-

148 750 207 778 rios
223 750 251 777 in
269 749 327 777 haec
343 750 431 784 ipsius
447 749 555 784 eloquia
570 749 602 776 ad
615 749 695 776 ﬁnem
708 748 935 784 perduceremus,

147 804 197 833 age
216 796 298 832 hujus
321 796 404 823 etiam
421 795 575 831 prophetiae
596 795 796 831 expositionem
820 794 937 822 fidenter

146 842 350 878 aggrediamur.
365 851 374 868 ι

182 887 215 914 ll.
232 887 270 916 De
281 886 510 922 interpretatione
519 892 613 921 porro,
628 892 710 920 quam
730 885 822 912 Graece
834 884 936 919 pariter

146 942 179 962 ac
190 934 287 962 Latine
298 942 331 961 ex
341 933 401 960 Zini
411 932 539 960 versione
550 931 808 959 ediditSirmondus
817 930 936 963 ",dubi—

146 980 246 1008 taverit
255 979 325 1006 forte
336 978 483 1014 quispiam,
492 978 563 1005 sitne
576 977 753 1009 Theodoreti,
763 985 797 1004 an
812 976 934 1004 alterius.

181 1026 226 1054 111.
240 1025 415 1059 Theodoreto
436 1024 533 1052 tribuit
545 1024 726 1056 Sirmondus,
744 1032 794 1059 pro
808 1032 862 1058 quo
875 1031 937 1058 gra—

145 1073 257 1100 vissima
277 1072 357 1107 267
378 1079 425 1098 sex
441 1071 463 1087 ⁸ο
487 1075 648 1106 argumenta
662 1070 776 1097 faciunt.
800 1069 933 1101 Primum,

146 1117 290 1152 ipsiusmet
307 1116 446 1144 Sirmondi
461 1115 758 1151 viri.perspicacissimi
773 1120 855 1149 atque
869 1123 935 1142 eru-

145 1162 275 1191 ditissimi
296 1162 441 1198 judicium.
459 1162 596 1193 Alterum,
613 1161 680 1188 ﬁdes
709 1161 810 1196 gemini
836 1169 934 1188 manu—

147 1208 243 1243 scripti
265 1207 379 1239 codicis,
395 1207 454 1234 ltali
470 1215 587 1242 nempe,
602 1214 658 1240 quo
673 1206 835 1233 Franciscus
852 1206 936 1234 Zinus

147 1260 214 1280 usus
230 1257 282 1284 est,
305 1257 333 1279 et
360 1251 458 1284 nostri,
475 1259 530 1286 quo
556 1251 728 1278 Sirmondus.
756 1251 879 1278 Tertium
900 1252 932 1284 ",

147 1299 291 1333 ipsiusmct
308 1297 475 1324 Theodoreti
499 1297 703 1330 testimonium,
721 1297 881 1332 exposuisse
905 1305 935 1326 se

145 1344 258 1373 Cantica
274 1344 444 1372 canticorum
457 1343 614 1370 scribentis.
629 1342 774 1375 Quartum,
787 1343 936 1370 auctoritas

146 1389 247 1424 Pelagii
259 1388 281 1416 ll
296 1388 445 1423 pontificis,
459 1393 506 1415 aut
525 1388 650 1423 Gregorii
664 1387 753 1422 Magni
770 1388 861 1423 potius
876 1388 935 1423 epi-

145 1435 244 1462 stolam
266 1434 366 1469 Pelagii
389 1433 500 1463 nomine
520 1433 553 1460 ad
577 1433 664 1461 Eliam
685 1433 888 1468 Aquileiensem
907 1438 936 1462 et

145 1481 289 1516 episcopos
305 1479 392 1507 Istrize
408 1479 565 1506 scribentis.
582 1488 591 1504 ‹
610 1479 679 1507 Cum
705 1479 879 1512 Theodorus.
894 1480 936 1507 in~

733 150 782 179 DE
800 128 929 179 lJBRlS
944 150 1198 182 THEODORETI.

149 205 304 240 expositum
325 203 425 236 fuisse,
449 209 480 231 ut
500 204 626 231 mirabile
648 204 684 231 sit
707 204 734 231 in
763 205 937 231 adolescente
954 206 975 233 Α
989 211 1070 237 sunt,
1094 214 1183 241 neque
1211 207 1326 234 minoris
1346 207 1475 233 momenti
1496 207 1518 222 "

1724 153 1778 186 218

1551 216 1556 233 :
1582 215 1644 234 nam
1670 213 1777 241 auctor,

989 251 1116 285 quisquis
1134 256 1185 284 est,
1203 252 1317 286 perinde
1330 260 1359 279 se
1374 252 1454 287 gerit,
1470 260 1501 279 ac
1517 253 1540 280 si
1555 253 1635 280 vell'et
1651 253 1733 280 alium
1747 261 1777 281 se

990 304 1004 322 a
1019 297 1191 324 Theodoreto
1208 298 1324 332 probare
1336 307 1343 330 ;
1356 298 1492 333 siquidem
1505 298 1589 325 refert
1598 299 1688 333 primo
1701 299 1733 332 “,
1749 299 1776 326 id

989 349 1018 368 se
1028 342 1119 376 operis
1131 350 1299 377 aggressum,
1315 344 1440 377 quamvis
1459 343 1708 372 innumerabilibus
1718 349 1776 372 tum

990 388 1111 419 urbanis,
1125 393 1181 414 tum
1198 389 1357 419 rusticanis.
1373 394 1430 416 tum
1447 390 1622 422 militaribus,
1639 395 1696 417 tum
1708 390 1776 417 civi-

989 432 1071 464 libus,
1102 437 1158 459 tum
1188 432 1221 458 ad
1247 433 1406 465 Ecclesium,
1430 438 1486 460 tum
1516 433 1549 460 ad
1580 434 1776 469 rempublicam

988 477 1191 512 pertinentibus
1215 478 1443 512 occupationibus
1462 479 1610 506 distractus
1626 485 1708 507 esset.
1724 480 1776 513 Qui

989 531 1054 550 vero
1065 523 1265 555 Theodoretus,
1284 531 1345 550 cum
1366 523 1393 550 in
1410 525 1577 552 monasterio
1588 525 1776 560 episcopatum

989 576 1076 603 usque
1089 569 1199 601 vixerit,
1220 573 1247 596 et
1258 573 1402 604 postquam
1431 570 1618 605 episcopatum
1642 572 1775 607 suscepit,

988 612 1089 639 divinis
1101 613 1183 639 rebus
1197 613 1347 640 tractandis
1362 618 1435 641 totus
1447 614 1613 647 incubuerit,
1627 620 1674 642 aut
1691 616 1776 642 rusti—

988 658 1074 690 canis,
1095 663 1142 686 aut
1165 659 1332 686 militaribus
1349 659 1466 694 aliisque
1484 660 1605 694 praefatis
1626 661 1699 688 euris
1717 661 1775 688 dis-

988 704 1148 731 trahebatur
1157 704 1168 731 ?

1024 749 1054 776 V.
1077 749 1170 776 lnnuit
1186 749 1296 781 deinde,
1310 757 1340 776 se
1359 749 1468 776 vivente
1483 749 1566 784 268
1581 749 1776 784 Chrysostomo

987 793 1108 820 scribere
1123 793 1157 820 ⁸⁵.
1179 803 1188 819 ε
1211 793 1301 820 Fortis
1316 793 1362 820 ille
1375 793 1484 828 pietatis
1505 798 1691 829 propugnator
1706 795 1772 822 Dio-

988 839 1084 870 dorus,
1102 843 1130 865 et
1141 839 1271 871 Joannes,
1288 839 1336 874 qui
1358 839 1392 866 ad
1418 839 1492 867 hunc
1518 848 1606 875 usque
1634 841 1706 868 diem
1726 841 1776 869 do-

988 885 1086 912 ctrinm
1106 884 1217 911 ﬂuentis
1234 884 1331 919 irrigat
1344 885 1503 912 universum
1516 886 1611 913 orbem
1628 891 1775 919 terrarum,

987 931 1088 957 librum
1105 930 1178 957 hunc
1194 930 1363 965 spiritualcm
1390 938 1450 957 esse
1471 936 1649 959 censuerunt.
1664 942 1672 958 ι
1689 933 1772 967 Atqui

988 977 1178 1003 Theodoretus
1203 976 1316 1011 scripsit
1339 976 1366 1003 in
1385 976 1515 1009 Cantica,
1539 985 1601 1004 cum
1628 979 1776 1014 episcopus

984 1024 1040 1058 jam
1054 1026 1136 1054 esset,
1147 1026 1175 1049 et
1189 1022 1235 1048 vix
1251 1022 1411 1049 vicesimum
1430 1023 1541 1050 tertium
1561 1024 1650 1051 aetatis
1673 1032 1776 1052 annum

987 1068 1125 1103 attigerat,
1156 1075 1218 1094 eum
1244 1067 1457 1103 Chrysostomus
1476 1069 1570 1096 vivere
1594 1069 1694 1096 desiit:
1710 1070 1774 1097 fun-

987 1118 1047 1142 ctus
1056 1113 1129 1140 enim
1145 1117 1186 1140 est
1199 1113 1254 1140 fato
1271 1121 1344 1140 anno
1360 1114 1422 1140 10⁵1.

1024 1161 1067 1187 Vl.
1094 1159 1199 1192 Tertio,
1222 1160 1249 1186 in
1265 1159 1443 1187 Theodorum
1463 1160 1686 1196 Mopsuestenum
1708 1169 1774 1197 gra-

986 1207 1058 1234 viter
1087 1207 1238 1238 invehitur,
1262 1207 1344 1233 tacito
1365 1207 1476 1241 quidem
1500 1207 1623 1239 nomine,
1644 1208 1691 1234 sed
1717 1208 1774 1235 suis

986 1253 1052 1280 satis
1074 1253 1281 1280 eharacteribus
1307 1253 1426 1280 indicata
1449 1261 1575 1287 persona.
1602 1253 1672 1286 Quid
1698 1254 1772 1281 enim

986 1288 1098 1334 gravius
1112 1298 1166 1325 dici
1183 1302 1266 1333 queat
1276 1299 1303 1325 in
1315 1298 1405 1325 virum
1420 1306 1451 1325 ea
1467 1302 1627 1332 tempestate
1649 1299 1774 1326 celeber-

987 1345 1097 1376 rimum,
1110 1352 1191 1379 quam
1215 1344 1306 1379 «quod
1322 1349 1416 1371 narret
1442 1343 1559 1375 fabulas,
1575 1351 1608 1371 ne
1632 1343 1775 1371 deliranti-

985 1391 1037 1418 bus
1052 1391 1163 1425 quidem
1178 1390 1295 1417 aniculis
1318 1389 1431 1425 dignas;
1450 1389 1533 1417 falsas
1557 1394 1585 1416 et
1607 1390 1775 1424 perniciosas

985 1437 1131 1472 opiniones
1161 1437 1288 1469 inducat;
1312 1435 1457 1463 maledicta
1480 1439 1508 1462 et
1535 1435 1717 1462 contumelias
1744 1436 1773 1462 in

987 1484 1119 1520 Spiritum
1133 1488 1258 1510 sanctum
1281 1483 1426 1517 conjiciat;
1454 1481 1581 1509 I’atribus
1603 1482 1683 1516 longe
1706 1481 1773 1508 infc-

145 1527 216 1562 quit,
234 1526 376 1554 Canticum
397 1525 568 1553 canticorum
585 1526 668 1553 vellet
690 1534 841 1561 exponere.
857 1526 934 1554 Salo—
948 1541 971 1570 ο
987 1531 1045 1557 rior
1066 1531 1102 1558 sit
1117 1529 1253 1564 sapientia
1270 1533 1298 1556 ct
1321 1528 1420 1563 spiritu
1434 1527 1487 1560 δεμ
1514 1532 1566 1555 ete.
1595 1527 1774 1554 Theodorum

145 1581 255 1601 nionem
278 1581 326 1608 per
339 1573 414 1599 hunc
427 1572 529 1599 librum
549 1571 723 1608 Ethiopissze
739 1573 838 1607 reginae
855 1573 934 1600 blan-

146 1619 234 1646 ditum
257 1626 319 1646 esse
336 1617 476 1653 professus
490 1622 531 1645 est
555 1617 650 1653 :quod
675 1618 867 1645 Theodoretus
891 1626 935 1646 rc-

146 1664 330 1700 prehendens,
348 1671 449 1691 nomen
473 1663 584 1698 quidem
608 1663 745 1691 Theodori
770 1663 933 1698 suppressit,

144 1710 195 1738 sed
218 1715 308 1737 tamen
330 1710 469 1744 vesaniam
499 1709 644 1744 patefecit;
670 1702 792 1744 ejusdem
817 1717 935 1744 namque

144 1757 209 1785 libri
227 1760 381 1784 commenta
393 1755 562 1787 describens,
577 1755 634 1782 ait:
655 1755 740 1782 Audio
757 1755 845 1790 plures
863 1754 934 1782 Can-

145 1803 226 1830 ticum
242 1802 404 1828 canticorum
424 1801 606 1833 detrahentes,
626 1804 651 1827 et
667 1809 718 1827 non
734 1800 866 1827 credentes
883 1801 936 1836 spi-

145 1847 270 1875 ritualcm
288 1855 342 1874 esse
364 1847 471 1879 librant,
490 1845 595 1882 fabulas
614 1850 704 1873 autent
723 1846 854 1880 quasdam
874 1846 934 1872 ani—

144 1893 249 1921 culares
272 1901 318 1928 per
342 1893 478 1920 vesaniam
501 1896 617 1918 texentes
636 1899 799 1926 componere,
821 1895 845 1918 et
868 1899 936 1926 pra?-

143 1947 247 1967 ntmere
266 1939 397 1970 dicentes,
416 1937 484 1973 quod
501 1938 606 1973 sapiens
624 1936 750 1964 Salomon
767 1937 802 1964 ad
820 1937 935 1972 seipsum

145 1991 170 2013 et
186 1986 272 2020 ﬁliam
289 1985 436 2012 Pharaonis
454 1984 522 2011 lium:
539 1983 634 2010 librum
649 1983 852 2018 conscripsisset.
870 1981 935 2015 Quae

144 2031 229 2060 verba
248 2035 355 2058 exstant
371 2030 393 2046 δ’
415 2030 443 2056 in
465 2029 624 2064 przefatione
640 2028 733 2063 operis
753 2036 768 2054 a
788 2027 935 2054 Sirmondo

143 2077 222 2105 editi.
237 2077 379 2110 Quintum,
398 2075 520 2110 prolixus
534 2074 643 2110 quidam
670 2073 820 2101 Ezechielis
846 2073 932 2105 locus,

144 2123 288 2150 continens
301 2121 384 2148 verba
393 2120 440 2147 Dei
453 2121 487 2147 ad
496 2120 721 2155 Hierosolymam,
742 2119 786 2146 cui
805 2119 876 2146 velut
894 2118 935 2145 iu-

144 2175 221 2195 sanm
236 2167 386 2198 meretrici,
400 2165 553 2201 allegoricis
567 2165 694 2197 vocibus,
710 2164 852 2191 infandum
875 2164 934 2191 ido—

988 1581 1078 1604 tatnen
1092 1575 1295 1605 Theodoretus,
1309 1572 1433 1600 etcoluit
1453 1572 1550 1607 junior
1566 1575 1596 1598 ut
1616 1576 1723 1606 patrem
1739 1579 1772 1598 ac

986 1622 1157 1657 magistrum,
1176 1625 1203 1647 et
1223 1624 1331 1646 matura
1358 1619 1412 1654 jam
1433 1621 1524 1649 :etate,
1547 1617 1658 1652 scriptis
1681 1617 1771 1649 libris,

986 1672 1080 1695 contra
1098 1666 1239 1702 Cyrillum,
1256 1665 1332 1692 velut
1342 1665 1464 1691 divinum
1477 1663 1588 1698 pietatis
1615 1671 1773 1698 propugna-

985 1719 1072 1740 torem
1085 1711 1225 1743 defendit;
1247 1715 1274 1737 et
1297 1710 1378 1745 paulo
1397 1715 1459 1736 ante
1478 1709 1593 1740 obitum,
1621 1712 1687 1735 tunc
1710 1716 1773 1735 cum

985 1758 1130 1785 Historiam
1139 1756 1342 1783 cctlesiastiram
1357 1755 1500 1786 scriberet,
1516 1754 1657 1781 immensis
1684 1753 1774 1781 laudi-

986 1803 1037 1830 bus
1053 1803 1172 1834 ornavit,
1187 1812 1196 1828 4
1211 1801 1289 1837 quasi
1315 1801 1398 1828 fuerit
1423 1801 1507 1828 totius
1531 1800 1661 1828 Ecclesia:
1686 1799 1773 1834 magi-

985 1854 1052 1880 ster,
1061 1849 1306 1882 haareticarumque
1313 1848 1435 1874 omnium
1446 1846 1601 1874 cohortium
1611 1845 1772 1878 debellator,

985 1903 1017 1922 ac
1041 1894 1172 1930 optimam
1189 1893 1412 1921 divinis-ovibus
1439 1892 1554 1920 herbam
1582 1890 1774 1927 suppeditave-

985 1941 1022 1968 t‘it
1032 1940 1065 1966 ⁸⁷.
1075 1949 1084 1965 ι

1020 1986 1076 2012 νη.
1088 1985 1202 2018 Quarto,
1220 1984 1302 2012 tradit
1321 1984 1344 2000 ⁸³
1374 1991 1452 2011 sacra
1476 1983 1618 2010 volumina
1643 1983 1742 2018 partim
1758 1989 1773 2009 a

985 2032 1120 2063 Manasse,
1137 2030 1184 2065 qui
1195 2037 1291 2057 onmes
1308 2030 1365 2056 sive
1379 2029 1497 2064 priores,
1520 2028 1577 2056 sive
1593 2027 1771 2063 posteriores,

985 2085 1065 2113 reges
1079 2077 1184 2104 scelere
1198 2081 1226 2103 et
1249 2076 1390 2111 impietate
1419 2075 1497 2107 vicit,
1526 2075 1667 2102 combusta
1693 2081 1771 2106 esse;

985 2123 1084 2159 partim
1096 2122 1264 2157 captivitatis
1282 2126 1418 2156 tempore.
1445 2121 1546 2155 templo
1575 2129 1590 2148 a
1615 2119 1773 2156 Babyloniis

985 2169 1109 2200 incenso,
1128 2168 1239 2203 penitus
1260 2167 1409 2194 interiisse.
1433 2167 1498 2193 Tale
1510 2166 1578 2193 nihil
1599 2166 1632 2192 de
1649 2165 1771 2192 Manasse

144 2214 258 2240 lolatriaa
281 2213 384 2240 crimen
405 2212 553 2247 exprobrat
571 2211 686 2238 :eodem
705 2210 750 2237 hic
768 2214 795 2237 et
812 2210 839 2237 in
854 2217 929 2237 com-
947 2216 968 2242 ι)
982 2213 1183 2245 Theodoretus,
1201 2220 1290 2247 neque
1320 2212 1393 2239 libro
1417 2216 1515 2246 quarto
1539 2212 1657 2246 Regum,
1682 2218 1772 2245 neque

144 2258 288 2285 mentariis
303 2257 337 2284 ad
353 2257 514 2292 prophetam
537 2264 619 2283 sensu
636 2263 667 2282 ac
687 2263 756 2290 pene
771 2255 863 2282 verbis
885 2262 932 2282 ex-

145 2304 272 2337 plicatur.
290 2305 298 2313 ‘
321 2303 450 2334 Sextum,
472 2301 651 2329 consonantia
670 2308 781 2332 eorum,
803 2308 863 2341 qpre
887 2300 932 2327 hic

142 2350 307 2382 aﬂeruntur,
321 2357 384 2377 cum
398 2349 514 2376 aliorum
528 2355 642 2382 operum
653 2352 680 2373 et
693 2346 844 2381 prtesertim
856 2346 932 2373 Com-

143 2396 343 2424 mentariorum
371 2396 398 2422 in
432 2395 555 2422 Psalmos
582 2393 650 2420 locis
673 2400 743 2427 pene
766 2392 929 2419 innumeris.

143 2443 330 2473 Postremum,
351 2447 504 2469 consensus
528 2439 701 2467 eruditorum
723 2437 857 2469 virorum,
873 2437 930 2465 sive

141 2489 191 2523 qui
203 2488 377 2516 Sirmoudum
395 2489 613 2516 antecesserunt,
624 2485 680 2512 sive
695 2484 741 2518 qui
755 2484 842 2511 secuti
855 2488 929 2511 sunt.

178 2535 222 2562 IV.
238 2534 304 2568 Quae
315 2534 343 2561 in
357 2533 527 2560 contrarium
543 2535 675 2567 pugnant,
696 2538 784 2565 neque
801 2531 930 2565 pauciora

985 2259 1107 2286 secundo
1120 2258 1347 2293 Paralipomenon
1364 2257 1471 2289 scribit,
1493 2264 1556 2284 cum
1579 2260 1670 2283 tamen
1686 2256 1772 2291 ipsius

985 2304 1076 2332 omnia
1091 2304 1194 2331 scelera
1206 2303 1344 2331 curiosius
1357 2307 1512 2330 recenseat.

1024 2349 1091 2377 Vill.
1104 2348 1216 2382 Quinto,
1233 2348 1398 2383 prolixiores
1410 2347 1449 2374 illi
1459 2346 1648 2374 commentarii
1661 2354 1715 2373 non
1728 2353 1773 2372 sa-

985 2395 1065 2430 piunt
1086 2394 1346 2429 breviloquentiam,
1365 2401 1447 2428 quam
1469 2393 1496 2420 in
1523 2392 1585 2419 aliis
1598 2392 1714 2419 aliorum
1735 2390 1771 2418 li-

985 2441 1097 2468 brorum
1112 2439 1338 2475 Expositionibus
1348 2439 1539 2466 Theodoretus
1553 2438 1690 2465 observat.

1020 2485 1065 2513 ιχ.
1080 2485 1213 2520 Denique,
1227 2485 1249 2512 si
1261 2494 1331 2520 opus
1351 2494 1366 2512 a
1378 2485 1446 2512 Zino
1472 2492 1582 2512 versum
1603 2481 1770 2511 Theodoreti

985 2532 1031 2565 sit,
1060 2531 1161 2559 mirum
1189 2531 1313 2566 profecto
1344 2539 1393 2558 cur
1429 2530 1637 2562 Theodoretus,
1668 2527 1771 2556 erroris

812 2611 969 2639 SCHULZII
985 2612 1103 2640 NOTAE.

179 2684 202 2700 ³⁸
215 2683 269 2710 Viri
284 2683 366 2710 desid.
384 2683 504 2710 Danielis
513 2682 653 2710 nimirum.

705 2683 727 2698 "
743 2682 804 2708 Vid.
818 2690 911 2717 supra.
926 2690 954 2717 p.
971 2683 1030 2710 M9.

142 2718 223 2746 Praef.
241 2719 268 2745 in
285 2719 416 2746 Psalmos.
453 2718 476 2733 δ’
489 2718 604 2745 Exstant
620 2717 654 2744 ab
671 2717 750 2744 initio
772 2721 793 2743 t.
812 2717 832 2744 ll
851 2715 933 2744 ‘editi
954 2722 1065 2746 nostrze.
1091 2716 1159 2744 Vide
1183 2715 1265 2743 etiam
1281 2716 1387 2743 Fabric.
1403 2716 1421 2742 l.
1436 2723 1462 2743 c.
1477 2723 1505 2750 p.
1519 2715 1580 2742 161.

1082 2683 1103 2698 ⁵⁸
1121 2681 1181 2708 Sea.
1195 2681 1347 2716 Septimum
1363 2680 1473 2707 additur
1489 2684 1606 2707 exeunte
1624 2679 1648 2714 §.
1687 2679 1708 2695 ⁸¹
1739 2679 1770 2706 In

1091 2716 1159 2741 Vide
1183 2717 1264 2741 etiam
1282 2716 1387 2741 Fabric.
1403 2716 1421 2741 l.
1436 2723 1462 2741 c.
1477 2723 1505 2741 n.
1519 2715 1580 2741 161.
1618 2714 1641 2730 ⁵³
1653 2714 1693 2741 Ad
1713 2714 1771 2741 haec

1732 2722 1754 2741 ἓ

142 2758 303 2793 argumenta
329 2753 521 2793 respondimus
539 2753 572 2793 .in
596 2752 662 2793 diss.
679 2752 712 2793 de
725 2752 832 2793 Vitaﬁet
849 2752 960 2793 scriptis
974 2752 1151 2792 Theodoreti,
1165 2751 1381 2793 quaeprgemissa
1398 2755 1440 2793 est
1467 2748 1541 2793 torno
1557 2748 1770 2793 [Argumentis

143 2784 429 2819 ibi'commemora'tis,
441 2796 501 2823 quas
515 2787 548 2814 ad
567 2787 734 2821 probandam
755 2787 896 2823 abeavtiav
907 2784 1215 2823 icommcntariitquem
1236 2784 1379 2823 habemus,
1392 2785 1517 2823 jaleant,
1534 2784 1660 2823 addepda
1675 2788 1716 2823 est
1729 2784 1769 2809 si-

142 2823 271 2850 militudo
298 2832 406 2855 eorutn,
421 2818 481 2857 quia?
504 2823 538 2850 ad
562 2818 697 2850 Psalmmu
717 2830 776 2848 um
798 2826 825 2847 et
838 2821 876 2857 de
892 2821 1013 2857 ejusdem
1030 2818 1466 2857 1³8³11)ιίίςιγιξηῐηςῃιολξιᾴμςιιῃι.
1492 2827 1530 2857 tu,
1553 2821 1585 2857 7,‘
1602 2819 1628 2857 ξ,
1643 2818 1766 2857 legimus.

142 2859 167 2873 "‘
184 2857 251 2886 Vide
268 2858 371 2893 pruriat.
389 2858 422 2886 ad
431 2856 515 2886 'Cant.
531 2862 604 2884 cant.
642 2857 665 2872 "
680 2856 747 2883 Ibid.
786 2856 808 2871 “‘
826 2856 894 2883 Ibid.

932 2858 951 2872 "
966 2856 1034 2884 Hist.
1052 2855 1126 2888 ενι-1.,
1142 2856 1160 2883 l.
1176 2853 1202 2887 v',
1216 2863 1238 2883 c.
1254 2855 1298 2883 39.
1316 2855 1339 2871 ⁸⁸
1351 2855 1412 2882 Vid.
1429 2854 1536 2882 l’rzefat.
1554 2854 1586 2881 ad
1601 2853 1679 2880 Cant.
1695 2855 1767 2879 cant.
