1967 3047
187 128 238 160 219

735 129 925 159 GARNERII
945 129 1192 161 DISSER'K‘ATIO
1212 132 1247 162 11.

1764 125 1816 157 220

187 184 298 212 nomine
311 188 464 218 suspectus,
479 184 512 210 ad
528 184 595 211 illud
609 192 663 211 non
685 185 800 219 perinde
831 190 914 220 atque
938 185 971 212 ad
988 189 1009 216 Α
1025 188 1121 214 Ιῑπειιι
1138 189 1304 215 solutionem
1322 186 1490 213 videbuntur
1502 186 1558 221 pati
1572 194 1578 212 :
1594 192 1656 212 nam
1670 190 1699 213 ut
1716 185 1815 213 ordine

186 230 356 257 alioslibros
383 231 582 264 provoeaverit,
605 238 659 265 quo
682 231 763 258 ﬁdem
789 239 866 258 suam
881 231 915 258 de
931 231 974 258 in-

186 276 345 303 carnatione
361 280 463 303 rectam
484 284 545 303 esse
575 277 716 311 probaret.
743 278 885 312 Nusquam
902 279 975 305 enim

186 324 234 347 aut
246 320 358 352 clarius,
378 324 425 347 aut
452 320 582 349 Ecclesim
610 322 753 349 catholica:
778 330 976 350 consonantiam

186 365 336 400 quidquam
350 365 384 392 de
398 365 509 392 Christo
521 367 646 400 protulit.

220 422 252 448 X.
267 422 343 449 Adde
356 422 428 456 quod
442 423 468 449 in
480 422 591 450 Catenis
603 424 635 450 ad
648 423 791 451 Canticum
803 425 973 453 canticorum

185 476 200 495 a
210 469 318 496 nemine
327 466 482 501 adducitur,
491 477 552 495 cum
563 474 651 496 tamen
660 471 756 503 soleat,
765 475 792 498 et
801 472 910 506 quidem
921 472 975 500 fre-

185 520 304 550 quenter
312 516 345 542 ad
356 516 424 542 alios
431 515 580 550 Scriptura:
588 516 682 549 libros,
692 526 762 551 quos
769 519 975 546 commentariis

184 561 327 595 exposuit;
349 561 404 588 imo
419 561 464 587 ubi
483 562 578 593 semel,
608 563 681 597 quod
703 563 815 597 quidem
842 564 978 592 memine~

187 606 248 638 riui,
263 614 277 632 a
291 606 435 641 Neophyto
451 607 588 633 monacho
615 607 743 634 laudatur
755 628 762 639 ,
791 608 974 643 fragmentum

185 652 218 679 ad
227 652 310 679 verba
325 660 365 684 Ill,
384 653 411 684 9,
428 653 538 688 Φορεῖον
554 652 680 687 ἐποίησεν
696 652 784 687 ἑαυτῷ
803 654 816 679 ὀ
835 653 973 688 βασιλεύς,

185 701 252 728 etc.,
271 697 396 729 aﬁ‘ertur,
410 696 483 731 quod
507 697 609 724 frustra
632 697 658 724 in
672 705 756 732 opere
772 698 974 725 Sirmondiana:

185 742 317 769 editionis
330 750 446 776 quaeras.

221 789 251 815 In
271 789 323 815 hac
352 788 515 824 quaestione,
541 788 642 821 fateor,
665 789 731 816 haesi
760 789 823 822 diu,
851 790 974 816 incertus

184 841 239 868 quo
251 841 294 860 me
308 838 443 861 verterem
454 843 461 860 ἒ
477 842 540 861 nam
558 835 702 869 utriusque
715 834 802 869 partis
813 839 973 870 argumenta

185 880 268 915 269
286 880 460 912 videbantur,
488 881 576 916 prima
596 881 708 916 quidem
733 881 823 916 specie
841 881 970 914 intuenti,

186 926 301 957 invicta;
323 926 372 954 sed
394 926 546 954 reﬂectenti
568 927 708 958 animum,
728 927 905 961 aliquatenus
928 927 971 953 in-

184 971 289 998 ﬁrmari
313 980 393 1007 posse
410 972 443 999 ".

219 1018 287 1044 Nam
303 1018 393 1052 primo
405 1018 431 1045 id
446 1019 519 1053 quod
533 1027 583 1054 pro
598 1019 689 1054 priore
715 1023 793 1054 parte
818 1019 972 1046 ducebatur

183 1064 218 1091 ab
232 1065 394 1092 auctoritate
422 1065 578 1098 doctorum,
602 1065 703 1093 elevari
734 1070 824 1100 potest
849 1065 908 1092 sine
926 1065 974 1092 de-

185 1110 315 1137 trimento
339 1111 453 1138 honoris
491 1111 574 1138 tantis
602 1111 761 1138 nominibus
790 1111 897 1138 debiti:
924 1111 971 1146 qui

183 1157 256 1183 enim
274 1156 451 1184 Sirmondum
468 1157 555 1185 secuti
574 1162 649 1190 sunt,
674 1157 822 1185 Sirmondo
845 1157 973 1192 religiose

183 1202 377 1235 crediderunt;
391 1202 554 1230 Sirmondus
566 1203 643 1236 Zino,
662 1203 747 1230 Zinus
764 1204 871 1230 codicis
885 1203 972 1230 Graeci

182 1248 357 1283 exscriptori.
370 1249 464 1275 Potuit
477 1253 567 1275 tamen
579 1250 733 1284 exscriptor
751 1249 778 1276 in
792 1257 914 1276 errorem
927 1249 971 1275 in-

183 1293 246 1319 duci
259 1301 273 1319 a
286 1293 425 1327 prioribus
438 1293 515 1320 aliis:
529 1302 580 1320 nec
592 1294 618 1321 id
645 1295 745 1321 mirum
770 1295 859 1321 videri
878 1294 970 1327 debet,

184 1347 246 1366 cum
260 1339 316 1374 jam
338 1340 403 1367 inde
420 1348 434 1366 a
458 1340 512 1366 ﬁne
535 1341 604 1367 sexti
631 1341 735 1373 s:eculi,
765 1348 820 1375 quo
847 1345 971 1375 tempore

183 1383 333 1419 Gregorius
350 1385 464 1421 Magnus
489 1386 590 1421 Pelagii
621 1387 733 1413 nomine
749 1387 899 1419 scribebat,
917 1391 971 1413 tam

183 1430 265 1457 facile
281 1431 405 1465 potuerit
426 1432 640 1459 commentarius
662 1432 762 1466 aliquis
782 1432 809 1459 in
827 1432 971 1459 Canticum

183 1476 358 1504 Theodoreto
374 1478 504 1512 supponi,
523 1486 605 1512 quam
631 1478 719 1513 reipsa
735 1478 794 1513 ipso
813 1479 910 1513 quinto
922 1486 972 1506 sae-

1027 234 1187 268 retrogrado
1203 242 1216 260 a
1234 239 1370 268 postrema
1385 232 1524 267 incipiam,
1546 239 1606 266 qua:
1622 231 1715 266 procul
1730 231 1816 258 dubio

1028 278 1145 304 multum
1179 278 1262 305 habet
1292 277 1440 312 ponderis,
1476 276 1657 304 nihilominus
1683 277 1815 304 adversus

1026 330 1086 349 eam
1102 331 1158 350 non
1178 322 1394 357 improbabiliter
1408 322 1462 349 dici
1483 326 1582 356 potest,
1593 322 1713 349 noluisse
1723 322 1814 349 Theo—

1027 369 1166 402 doretum,
1188 377 1250 396 cum
1266 369 1471 404 periclitaretur
1491 369 1525 396 de
1554 368 1617 401 fide,
1635 369 1757 396 exerceri
1771 370 1815 405 ju-

1026 415 1130 443 dicium
1146 423 1179 442 ex
1196 416 1277 448 libro,
1293 423 1348 450 quo
1364 415 1541 441 Theodorum
1558 415 1731 449 Mopsuestia:
1757 423 1815 442 ma-

1025 461 1139 497 gistrum
1154 470 1234 488 suum
1264 461 1405 496 arguebat,
1440 469 1473 488 ne
1504 461 1648 488 damnasse
1673 461 1815 489 videretur

1025 516 1106 543 quem
1117 513 1211 543 postea
1227 508 1410 538 defendisset;
1425 512 1508 541 atque
1525 507 1562 534 ita
1591 507 1712 534 levitatis
1727 512 1754 534 et
1770 508 1812 534 in-

1025 554 1186 581 constantia:
1200 562 1263 580 reus
1293 553 1378 584 ﬁeret,
1398 561 1453 587 quo
1470 556 1592 587 tempore
1612 553 1729 580 maxime
1749 561 1814 580 con-

1025 598 1153 626 stantiam
1169 606 1246 625 suam
1258 598 1416 625 extollebat.

1061 644 1187 677 Quintam
1221 644 1341 670 clevaret
1374 643 1532 677 quispiam,
1568 646 1697 669 causatus
1726 642 1814 677 primo

1025 690 1160 725 ejusmodi
1186 689 1362 716 Canticorum
1384 688 1585 723 expositionem
1607 696 1661 716 non
1678 696 1738 716 esse
1753 695 1815 723 pro-

1025 735 1164 766 lixiorem,
1192 743 1273 769 quam
1298 743 1358 769 qua:
1386 735 1524 767 Danielis;
1541 735 1641 762 deinde
1669 739 1814 770 utramque

1025 789 1085 808 esse
1098 781 1264 808 Theodoreti
1290 781 1368 815 quasi
1383 780 1552 812 tirocinium,
1573 780 1646 815 quod
1667 781 1736 807 solet
1752 788 1813 808 esse

1027 827 1187 858 verbosius;
1206 826 1326 860 denique
1336 834 1398 853 eum
1414 831 1489 858 tunc,
1513 833 1575 853 eum
1597 825 1679 860 270
1706 830 1814 852 utrum—

1026 880 1080 906 que
1095 880 1165 906 opus
1180 872 1324 903 scriberet,
1351 872 1473 898 nondum
1499 871 1758 907 breviloquentiam,
1784 875 1814 898 ut

1026 918 1065 950 ﬁt,
1082 918 1222 945 scribendi
1240 925 1302 950 usu,
1319 917 1459 945 didicisse.

1058 974 1116 1001 .laln
1139 982 1206 1001 vero
1232 979 1338 1008 quarta,
1361 979 1391 1001 ut
1408 978 1450 1002 est
1477 974 1512 1001 ab
1533 974 1710 1006 auctoritate,
1739 974 1814 1009 quod

1024 1019 1111 1052 aiunt,
1136 1020 1278 1055 negativa,
1297 1020 1333 1046 ita
1355 1020 1446 1047 minus
1473 1020 1552 1047 ﬁrma
1579 1024 1703 1055 apparet.
1727 1020 1813 1053 Quid-

1024 1066 1051 1092 ni
1085 1066 1159 1092 euim
1190 1065 1385 1092 'l‘heoloretus
1421 1073 1476 1092 uno
1502 1065 1528 1092 in
1563 1066 1623 1092 loco
1648 1066 1813 1100 scripserit,

1025 1111 1098 1145 quod
1119 1111 1162 1138 vel
1183 1111 1241 1145 ipse
1259 1111 1285 1138 in
1307 1111 1361 1138 alio
1370 1111 1588 1146 prsetermiscrit.
1600 1112 1644 1139 vel
1658 1112 1755 1146 reliqui
1767 1112 1813 1139 alii

1025 1157 1178 1183 tacuerint?
1189 1157 1289 1190 Quidni
1304 1157 1451 1189 Manasses,
1473 1165 1535 1184 cum
1551 1157 1685 1184 insaniret
1713 1157 1813 1192 impie-

1025 1203 1088 1229 tatis
1104 1206 1182 1233 testu.
1197 1207 1302 1238 partem
1325 1203 1458 1229 librorum
1486 1210 1627 1229 sacrorum
1653 1203 1813 1230 combusse-

1026 1248 1070 1279 rit,
1086 1248 1219 1283 reliquam
1234 1253 1326 1283 postea
1339 1249 1433 1284 templi
1446 1249 1603 1276 incendium
1613 1249 1814 1283 absumpserit?

1061 1293 1155 1320 Tertia
1171 1299 1272 1326 autem,
1287 1302 1348 1329 quae
1363 1294 1396 1320 ad
1409 1294 1585 1321 Theodorum
1600 1295 1730 1329 pertinet,
1744 1295 1814 1321 mul—

1025 1344 1138 1374 tumque
1151 1348 1248 1375 urgere
1260 1340 1379 1370 videtur,
1409 1345 1547 1375 utcunque
1571 1340 1703 1368 declinari
1724 1345 1815 1375 potest

1024 1394 1058 1414 ex
1073 1394 1116 1418 e0,
1132 1386 1203 1421 quod
1227 1386 1465 1420 interpretationis
1476 1387 1590 1420 hujusce
1611 1390 1706 1413 auctor
1722 1386 1813 1413 vidca—

1025 1436 1071 1459 tur
1083 1432 1110 1459 in
1128 1440 1191 1459 eum
1217 1431 1351 1465 scribere,
1367 1439 1449 1466 quem
1465 1433 1546 1463 colat,
1562 1432 1693 1466 cujusque
1714 1440 1813 1458 nomen

1024 1485 1080 1512 pra:
1096 1477 1251 1505 reverentia
1263 1477 1344 1504 silere
1356 1478 1422 1504 velit
1435 1486 1441 1504 :
1457 1477 1579 1512 alioquin
1590 1485 1638 1504 cur
1665 1481 1814 1504 testaretur

182 1524 246 1551 culo
276 1524 411 1558 suppositi
440 1531 504 1553 sunt
531 1525 654 1559 quinque
681 1524 858 1551 historiarum
888 1525 969 1552 libri:
985 1533 1007 1563 ρ
1025 1532 1054 1551 se
1070 1523 1104 1551 ad
1118 1531 1187 1558 opus
1206 1523 1310 1559 impelli
1323 1523 1465 1558 religionis
1477 1523 1578 1555 studio,
1596 1528 1624 1550 et
1638 1522 1814 1549 veneratione

182 1569 279 1604 quidni
293 1570 447 1604 suppositio
462 1570 640 1597 historiarum
657 1570 830 1597 Gennadiurn
846 1570 969 1606 ejusdem

183 1622 245 1642 cum
258 1615 433 1642 Theodoreto
445 1615 537 1642 saeculi
553 1615 716 1650 scriptorem
731 1615 860 1642 Latinum
876 1615 971 1648 latuit;

183 1660 219 1687 ita
234 1660 493 1687 commentariorum
507 1659 660 1694 suppositio
673 1660 775 1687 nesciri
788 1660 878 1695 potuit
889 1669 902 1687 a
918 1660 972 1687 La-

182 1706 241 1733 tino
256 1705 467 1733 alteriussazculi
490 1706 651 1740 posterioris
668 1706 813 1741 Gregorio.

222 1750 268 1777 XI.
283 1750 360 1777 Adde
372 1750 446 1785 quod
460 1750 613 1778 Ezechielis
638 1751 715 1779 locus
731 1752 811 1779 facile
836 1752 927 1787 potuit
942 1752 970 1780 in

182 1796 311 1823 eumdem
338 1804 449 1824 sensum
472 1804 487 1823 a
507 1796 615 1824 duobus
640 1798 838 1824 tractator-ibus
860 1799 971 1834 exponi,

183 1847 246 1867 cum
260 1839 294 1867 ab
320 1840 448 1867 omnibus
467 1849 522 1869 uno
537 1842 592 1869 fere
626 1842 708 1870 modo
729 1843 893 1878 explicetur,
920 1852 972 1871 nec

183 1885 296 1913 dubiam
320 1886 419 1914 habeat
444 1888 681 1923 multiplicemque
707 1889 845 1924 allegoria:
868 1890 972 1916 intelli-

184 1930 317 1966 gentiam.

220 1977 228 1986 ‘
245 1976 301 2003 XII.
321 1976 395 2004 Adde
407 1977 500 2010 etiam,
527 1978 599 2013 quod
615 1978 643 2005 in
669 1980 884 2007 commentarios
906 1989 971 2009 suos

184 2020 211 2048 in
235 2021 407 2050 Ezechielem
435 2023 626 2051 Theodoretus
650 2026 770 2059 potuerit
798 2027 969 2060 transferre,

183 2067 256 2101 quod
273 2068 308 2094 ab
321 2068 478 2103 antiquiore
498 2069 591 2096 forsan
612 2076 768 2105 sumpserat
793 2071 969 2099 Canticorum

184 2110 349 2147 interprete:
376 2114 496 2140 mutuari
521 2114 595 2141 enim
620 2115 690 2142 solet
718 2124 772 2142 non
788 2118 888 2151 pauca,
910 2126 971 2152 qu:c

183 2157 242 2184 suis
271 2158 382 2192 scriptis
411 2158 523 2186 inserat.
552 2159 610 2192 Qua
630 2161 809 2194 responsione
837 2162 970 2190 declinari

1027 1570 1149 1601 Patrum,
1159 1577 1228 1604 quos
1241 1569 1376 1600 nominat,
1389 1568 1513 1600 Eusebii,
1528 1567 1813 1603 0rigenis,Cypriani,

1024 1614 1129 1645 Basilii,
1141 1615 1285 1649 utriusque
1294 1613 1430 1648 Gregorii,
1444 1613 1553 1640 Diodori
1570 1617 1598 1639 et
1608 1612 1733 1641 Joannis.
1745 1620 1815 1647 quos

1024 1660 1195 1695 despexisset
1219 1659 1275 1691 ille,
1293 1667 1374 1693 quem
1392 1658 1549 1692 impugnat?
1581 1658 1637 1684 llos
1662 1661 1736 1684 certe
1758 1665 1813 1684 non

1023 1713 1119 1741 parum
1133 1705 1291 1740 despexisse
1305 1704 1469 1732 Theodorus
1485 1703 1612 1730 traditur.

1057 1751 1113 1779 Cur
1127 1752 1185 1779 haec
1201 1750 1316 1778 adderet
1331 1750 1373 1776 5°?
1393 1760 1401 1775 ι
1413 1749 1627 1777 Consideremus
1650 1757 1683 1776 an
1701 1755 1810 1783 mquum

1023 1797 1113 1828 situt.
1148 1801 1189 1824 tot
1211 1796 1349 1830 tantisque
1376 1795 1443 1822 viris
1468 1795 1616 1829 despectis,
1643 1798 1815 1828 contempto-

1023 1851 1076 1878 que
1090 1844 1148 1877 ipso
1160 1842 1265 1877 Spiritu
1279 1845 1383 1874 sancto,
1405 1841 1532 1877 proprias
1554 1841 1699 1876 opiniones
1717 1848 1814 1867 conse—

1022 1894 1141 1918 Ctt'nltlr,
1162 1894 1217 1913 non
1240 1885 1385 1913 audientes
1410 1893 1485 1918 eum,
1512 1887 1557 1921 qui
1576 1886 1706 1921 praeclare
1729 1885 1812 1912 dixit:

1023 1931 1200 1967 Cogitationes
1212 1931 1368 1958 mortalium
1381 1931 1493 1964 timida),
1510 1935 1534 1957 et
1553 1933 1658 1958 iuret-tce
1674 1931 1813 1966 providen-

1024 1979 1066 2005 [ἤιε
1076 1979 1194 2014 ipsorum
1210 1983 1238 2011 c;
1251 1981 1280 2004 et
1292 1977 1402 2004 beatum
1417 1977 1530 2004 Paulum
1550 1977 1584 2004 de
1599 1977 1763 2012 quibusdam
1777 1977 1813 2004 ita

1021 2025 1196 2059 loquentem:
1221 2024 1395 2051 Evanucrunt
1421 2023 1449 2049 in
1479 2023 1680 2057 cogitationibus
1701 2023 1765 2053 suis,
1790 2027 1813 2048 et

1021 2072 1188 2098 obscuratum
1202 2075 1238 2097 est
1250 2070 1374 2106 insipiens
1387 2078 1430 2096 cor
1442 2077 1532 2096 eorum
1545 2068 1568 2095 ἀ.
1583 2069 1638 2096 Nos
1654 2069 1738 2104 igitur
1749 2077 1812 2096 cum

1021 2117 1102 2144 beato
1129 2117 1211 2143 Petro
1236 2115 1273 2143 ita
1299 2116 1470 2143 elamemus:
1504 2114 1613 2141 Obedire
1636 2118 1737 2149 oportet
1760 2114 1815 2141 Dm

1024 2163 1106 2197 magis
1128 2170 1208 2197 quam
1231 2161 1378 2188 hominibus
1400 2165 1422 2186 ε.
1446 2160 1573 2186 Dicamus
1590 2160 1655 2186 item
1679 2160 1712 2186 ad
1739 2160 1812 2190 illos.

183 2208 288 2235 queunt
309 2203 360 2230 alia
375 2203 458 2230 etiam
474 2209 645 2239 argumenta,
662 2213 723 2240 qua:
738 2214 771 2233 ex
790 2209 969 2236 consonantia
986 2204 1010 2233 Ι)
1023 2207 1171 2242 anjustum
1187 2207 1222 2234 sit
1246 2206 1272 2233 in
1288 2210 1436 2241 conspectu
1455 2206 1513 2237 Dei,
1529 2213 1578 2232 vos
1598 2205 1690 2240 politis
1704 2205 1811 2237 audire,

184 2249 420 2284 interpretationis
446 2251 473 2277 in
502 2251 665 2285 Canticum,
705 2260 767 2279 cum
809 2254 970 2282 indubitatis

183 2293 350 2321 Theodoreti
366 2294 486 2329 scriptis,
503 2297 656 2331 cujusrrmdi
683 2298 819 2332 expositio
845 2299 968 2327 Psalmo-

183 2347 254 2372 rum,
271 2340 479 2374 prophetarum,
503 2346 530 2369 et
558 2342 692 2377 Apostoli,
713 2349 878 2372 sumuntur:
898 2345 969 2373 hanc

182 2391 247 2411 vero
274 2387 481 2413 consonantiam
511 2395 570 2414 esse
597 2397 651 2415 non
673 2389 851 2423 mediocrem,
875 2395 902 2417 et
919 2399 968 2427 ego

183 2429 300 2457 libenter
313 2431 409 2463 fateor,
423 2437 450 2459 et
467 2441 548 2459 nemo
561 2455 567 2464 ,
584 2434 629 2468 qui
648 2439 774 2462 versatus
790 2436 825 2462 sit
849 2436 875 2462 in
891 2437 969 2464 evol-

182 2475 287 2508 vendis,
304 2484 372 2510 quos
387 2478 453 2509 dixi,
473 2478 639 2506 Theodoreti
659 2480 747 2512 libris,
766 2483 917 2516 negaverit.

217 2521 383 2550 Posterioris
398 2531 464 2550 vero
479 2524 564 2558 partis
581 2526 700 2553 rationes
715 2527 776 2561 plus
792 2527 895 2554 habent
909 2529 970 2562 qui-

181 2565 242 2593 dem
259 2568 286 2594 in
301 2570 419 2604 speciem
436 2571 565 2597 momenti
579 2580 585 2597 :
602 2571 649 2598 sed
665 2572 794 2606 quoniam
810 2574 967 2608 opinionem

183 2612 359 2641 inveteratam
386 2617 540 2645 convellere
563 2619 701 2651 nituntur,
720 2620 822 2647 idcirco
837 2621 968 2654 probabi-

211 2698 230 2712 ὀ
247 2693 310 2728 Sap.
329 2702 364 2726 Ix,
380 2694 422 2721 H.
459 2694 472 2714 ἀ
488 2696 566 2722 Rom.
580 2704 598 2728 ι,
619 2697 663 2723 21.
704 2703 716 2717 θ
732 2699 791 2725 Act.
808 2707 834 2729 ν,
853 2699 897 2726 29.

1023 2260 1104 2287 quam
1117 2251 1362 2286 Dcum,judicatc:
1378 2259 1428 2277 nos
1441 2251 1514 2278 enim
1528 2258 1813 2285 nonpossumus,qu:e

1023 2297 1143 2324 vidimus
1155 2305 1204 2332 per
1220 2297 1355 2331 Spiritum
1375 2301 1512 2328 sanctum,
1533 2302 1561 2324 et
1580 2297 1746 2328 audivimus,
1758 2304 1812 2323 non

1022 2343 1108 2378 loqui.
1124 2353 1133 2368 ι
1149 2343 1225 2370 Adde
1242 2342 1315 2377 quod
1339 2342 1366 2369 in
1394 2342 1556 2377 przefatione
1579 2343 1761 2377 expositionis
1786 2342 1812 2369 in

1022 2389 1143 2416 Psalmos
1156 2388 1344 2419 Theodorum,
1364 2387 1419 2414 imo
1429 2392 1457 2415 et
1473 2388 1699 2424 Chrysostomum
1724 2389 1813 2415 tacitis

1023 2435 1182 2462 nominibus
1207 2434 1383 2469 perstringat,
1411 2434 1487 2460 illum
1510 2434 1613 2462 favoris
1642 2435 1667 2461 in
1692 2434 1811 2464 Juna‘os.

1024 2482 1105 2509 istum
1123 2481 1216 2508 nimiae
1230 2480 1398 2515 prolixitatis
1421 2488 1565 2507 accusans.

1059 2527 1185 2555 Secunda
1202 2527 1284 2562 paulo
1298 2526 1435 2554 diﬁicilior
1445 2531 1497 2558 est,
1524 2527 1575 2553 nisi
1601 2527 1662 2562 quis
1681 2526 1810 2561 excipiat,

1023 2574 1080 2601 haec
1098 2573 1219 2601 auctoris
1233 2573 1266 2600 de
1283 2572 1481 2606 Chr/sostomo
1496 2573 1592 2604 verba,
1613 2574 1640 2599 '0
1668 2575 1724 2604 τοῖς
1750 2573 1813 2608 psti-

1025 2628 1088 2654 p.171
1105 2620 1152 2654 τῆς
1166 2619 1342 2650 διδασκαλίας
1361 2620 1441 2654 μέχρι
1460 2620 1506 2646 καὶ
1519 2620 1641 2654 τήμερον
1660 2620 1750 2646 πᾶσαν
1762 2619 1810 2653 τὴν

843 2765 1002 2793 SCliUllll
1021 2766 1137 2792 Ntl'l‘di.

216 2816 236 2831 δ’
254 2817 322 2857 Non
340 2817 408 2844 adeo
421 2817 572 2857 limsitasfet
589 2819 747 2857 Garncrius,
765 2822 815 2849 nisi
844 2823 962 2850 alienum
989 2824 1084 2851 fretum
1101 2831 1150 2857 pro
1167 2824 1285 2857 genuino
1313 2825 1391 2852 nobis
1419 2825 1566 2853 oblrudcre
1584 2826 1724 2853 voluisset.
1747 2827 1808 2853 \‘id.

181 2856 260 2885 eaput
275 2851 400 2879 ultimum
422 2852 503 2887 hujus
517 2853 726 2883 dissertationis.

764 2857 786 2873 ⁶⁰
807 2857 864 2885 Vid.
885 2858 962 2885 Prmf.
980 2859 1012 2885 ad
1028 2859 1106 2886 Cant.
1125 2859 1224 2885 rantic.
