1967 3047
135 134 184 166 ῃ]

713 139 762 168 DE
783 140 910 169 LlBRlS
928 141 978 169 ΤΗ
984 141 1182 172 EODORE‘TI-

1713 149 1766 179 222

134 192 296 228 οἰκουμένην
325 193 446 229 ἁρδεύων
473 193 513 225 ⁵¹,
545 193 660 228 intelligi
680 194 782 221 debere
810 202 864 221 non
889 194 921 221 de

977 195 1026 226 illi,
1048 196 1149 223 obsunt
1166 198 1226 224 tria.
1248 198 1379 231 Primum,
1397 200 1498 227 locusa
1514 200 1656 236 Neopliyto
1670 210 1764 230 mona-

132 237 238 264 Joanne
251 238 321 272 ipso,
339 239 386 265 sed
399 239 433 266 de
454 238 568 266 Joannis
578 239 674 272 libris;
697 248 852 274 quanquam
867 240 925 266 vio-

133 283 207 310 lenta
220 284 278 310 hmc
294 288 336 311 est
348 285 484 319 pauloque
502 285 598 311 durior
611 285 771 319 explicatio.

168 328 197 354 In
210 329 297 362 prima
313 329 417 356 hwrere
445 329 512 356 mihi
528 338 627 364 aquam
653 330 757 357 fateor:
786 330 923 364 siquidem

132 373 300 400 militaribus
328 375 403 402 curis
433 375 582 408 impeditus
611 375 822 407 Theodoretus,
856 376 924 402 mihi

132 423 258 445 monstro
272 419 362 446 simile
378 420 508 454 quiddam
523 425 580 451 est;
604 421 656 448 nisi
684 421 756 448 forte
778 421 840 456 quis
861 426 925 449 tunc

135 463 300 499 Cyresticam
313 466 462 500 regionem,
478 467 623 493 Persarum
638 471 722 499 metu,
738 468 881 500 militibus,
895 471 925 495 u‘.

138 510 178 542 fit,
193 511 312 539 licenter
334 513 531 547 populantibus
554 514 640 548 magis
665 522 747 548 quam
772 514 922 546 tuentibus,

135 557 273 591 oppletam
291 557 376 584 fuisse
390 558 504 585 divinet.
520 559 579 586 Jam
604 566 681 590 vero,
706 559 779 593 quod
812 559 923 590 dicitur,

133 610 205 637 opus
220 603 272 630 hoc
291 603 318 629 in
340 603 485 630 Canticum
517 604 671 632 Salomonis
694 612 749 631 non
772 604 876 631 laudari
896 604 923 630 in

137 648 258 680 Catenis,
277 657 338 684 quin
350 650 430 684 vulgo
442 650 588 682 habentur,
604 649 631 676 id
644 650 753 684 quidem
767 657 860 676 \'(‘lllttl
872 654 922 676 est:

135 694 184 721 sed
210 694 268 721 ﬁeri
292 695 381 729 potuit
405 703 437 721 ex
466 695 545 729 271
570 695 686 722 duarum
715 704 858 723 causarum
882 696 923 722 γρ]

132 740 228 771 altera,
256 740 299 767 vel
324 745 440 775 utraque
461 750 467 767 :
495 748 558 767 nam
588 741 754 768 Catenarnm
779 741 925 768 effectores

132 785 244 819 plurimi
271 793 303 812 ea
331 790 412 813 attate
438 786 585 818 \ixcrunt,
618 795 672 821 qua
703 787 773 814 male
796 787 925 814 audiebat

133 830 343 863 Theodoretus,
374 839 473 866 nempe
496 832 569 858 circa
592 837 699 859 sextum
721 832 924 866 septimamque

132 877 274 909 naculum,
288 877 331 904 vel
357 881 501 904 octavum:
526 880 573 904 aut
591 877 697 904 rariora
723 877 846 907 fuerunt,
868 885 922 911 quo

133 928 257 958 tempore
271 923 338 953 dixi.
351 923 520 951 Theodoreti
536 931 630 958 opera,
650 924 747 950 saltem
773 924 920 950 nonnulla:

133 977 194 1003 qua:
206 977 288 996 causa
304 969 450 1001 exstiterit,
467 978 517 996 cur
542 970 658 997 Photius
688 970 815 996 curiosus
839 973 922 996 caete-

132 1014 230 1048 roqnin
250 1014 384 1041 librorum
412 1023 425 1041 a
444 1016 585 1043 veteribus
602 1015 741 1042 editorum
762 1015 920 1049 inquisitor,

132 1059 247 1094 hujusce
272 1060 300 1086 in
329 1060 473 1087 Canticum
501 1061 719 1088 elucubrationis
746 1068 801 1087 non
827 1061 923 1087 memi-

132 1105 215 1131 nerit.

166 1150 206 1177 Ad
223 1150 260 1182 id,
270 1151 342 1186 quod
353 1151 467 1179 all‘ertnr
478 1160 510 1179 ex
523 1152 624 1179 Catena
635 1153 769 1188 Neophyti
782 1152 920 1183 monachi,

131 1196 290 1230 responderi
308 1196 363 1223 duo
391 1202 515 1231 possunt.
539 1198 674 1229 Alterum,
702 1206 751 1232 pro
777 1197 922 1225 Theodoro

131 1242 202 1268 forte
219 1242 364 1269 librarium
390 1243 557 1269 Theodoreti
580 1251 680 1270 nomen
706 1244 848 1277 posuisse;
872 1251 921 1277 pro

131 1286 287 1318 Theodoro,
309 1287 430 1321 inquam,
449 1294 503 1313 non
520 1287 711 1321 Mopsucsteno
736 1287 782 1314 illo
808 1287 920 1318 celebri,

131 1333 180 1360 sed
208 1333 368 1360 Heracleota
395 1333 474 1367 longe
500 1333 650 1364 anteriore,
679 1336 707 1359 et
732 1332 792 1367 ipso
809 1333 920 1367 quidem

131 1379 216 1405 nobili
235 1379 440 1414 Scripturarum
459 1379 619 1413 interprete.
639 1379 774 1408 Alterum.
794 1379 921 1414 Neophy-

130 1429 189 1451 tum
201 1432 280 1451 suum
296 1425 442 1459 deceptum
467 1425 475 1434 ‘
494 1424 589 1456 fuisse,
614 1429 642 1451 et
669 1424 842 1451 Theodoreto
870 1425 922 1451 tri-

129 1470 233 1502 buisse,
262 1470 334 1504 quod
363 1470 477 1497 alterius
503 1470 645 1505 cujusdam
662 1470 732 1496 foret
745 1469 920 1497 Canticorum

129 1517 304 1552 expositoris.
326 1516 400 1547 ilice,
430 1516 528 1548 fateor,
554 1517 717 1551 conjectura:
730 1520 794 1543 sunt
809 1525 816 1542 τ
832 1517 878 1543 sed
894 1516 920 1543 in

129 1571 160 1590 re
175 1563 258 1590 dubia
271 1562 333 1597 quis
347 1562 575 1589 demonstrationi
593 1562 690 1589 locus?

164 1609 212 1636 His
229 1617 280 1643 ego
296 1608 451 1635 rationibus
470 1607 619 1642 impeditus
636 1608 759 1640 tenebar,
777 1616 839 1635 cum
853 1609 922 1636 forte

130 1654 214 1681 incidi
228 1654 255 1680 in
264 1653 389 1680 Griecum
405 1652 528 1680 codicem
536 1653 569 1685 ⁵³,
583 1661 664 1679 manu
676 1653 854 1680 eruditissimi
866 1653 924 1680 Sir-

129 1699 223 1727 mondi
234 1699 379 1733 scriptum,
394 1698 421 1725 in
436 1706 490 1732 quo
505 1699 699 1725 continebatur
708 1699 842 1733 expositio
852 1698 923 1726 Can-

131 1742 177 1769 tici
196 1742 378 1773 canticorum,
395 1742 497 1768 nullius
514 1743 636 1769 auctoris
655 1743 765 1769 nomine
780 1743 920 1777 inscripta.

129 1787 205 1815 Illam
221 1796 271 1823 ego
286 1796 348 1815 cum
361 1789 491 1823 legerem,
506 1789 582 1815 visus
594 1797 653 1815 sum
667 1788 733 1815 mihi
747 1789 841 1815 videre
852 1796 922 1815 non-

129 1834 203 1860 nulla
218 1834 384 1861 Theodoreti
397 1834 507 1866 indicia,
522 1843 583 1869 quae
596 1843 650 1869 quo
662 1834 793 1861 attentius
807 1835 921 1870 perlegi,

129 1887 163 1906 eo
181 1887 224 1907 me
239 1880 325 1915 magis
344 1880 511 1914 impulerunt
527 1881 552 1907 in
570 1884 684 1915 partem,
703 1880 730 1906 in
746 1888 826 1914 quam
843 1880 922 1907 valde

128 1925 333 1960 propendebam
353 1935 359 1952 :
380 1934 448 1961 opus
460 1934 569 1961 nempe,
582 1927 661 1960 cujus
677 1934 692 1952 a
713 1934 741 1953 sc
765 1926 792 1953 in
810 1925 922 1953 Cantica

128 1971 260 1998 elaborati
273 1971 464 1999 Theodoretus
476 1972 612 2003 meminit,
631 1980 687 1998 non
709 1979 769 1999 esse
784 1979 923 1999 commen-

129 2017 223 2048 tarios,
248 2025 317 2051 quos
340 2017 426 2045 edidit
453 2017 634 2050 Sirmondus;
649 2018 696 2045 sed
717 2018 796 2044 istam
819 2019 920 2053 politis,

128 2070 209 2096 qnam
229 2063 400 2095 evolvebam,
428 2063 639 2098 expositionem.
671 2063 745 2090 Nihil
774 2064 847 2090 enim
876 2063 921 2090 illa

127 2109 261 2140 continet,
276 2109 349 2143 quod
363 2109 511 2136 abhorreat
528 2118 541 2137 a
559 2110 771 2140 consuetudine.
785 2110 919 2141 doctrina,

127 2159 210 2189 atque
226 2158 305 2181 aetate
321 2155 487 2183 Theodoreti
501 2164 508 2188 ;
525 2156 607 2183 habet
632 2164 646 2183 c
665 2157 805 2183 contrario
830 2157 919 2191 plura,

128 2207 188 2234 qua:
205 2200 248 2227 his
265 2200 381 2228 miriﬁce
396 2206 548 2236 congruant
565 2210 572 2228 :
597 2201 733 2236 siquidem
751 2202 843 2229 brevis
864 2207 916 2234 est,

127 2245 280 2280 cujusmodi
295 2253 390 2273 omnes
406 2246 531 2281 genuina:
546 2246 711 2274 Theodoreti
721 2247 915 2281 expositiones;

128 2291 272 2326 mysticum
283 2299 394 2318 sensum
409 2291 446 2319 ita
462 2292 649 2326 persequitur,
666 2296 696 2319 ut
712 2292 819 2318 nutlum
837 2292 918 2320 faciat

128 2336 274 2364 Theodoro
287 2337 479 2372 Mopsuesteno
492 2337 644 2365 convicium
659 2347 666 2370 ;
680 2338 771 2365 verbis
785 2338 915 2371 abundat,

127 2389 188 2416 qua:
204 2381 397 2409 Theodorctus
419 2382 531 2409 videtur
543 2383 685 2410 aﬂectasse
703 2391 711 2416 ;
727 2387 755 2410 et
770 2383 918 2417 Seripturae

128 2427 198 2458 loca,
213 2435 273 2462 qua:
285 2428 448 2460 afferuntur,
466 2428 580 2463 perinde
597 2436 629 2455 ac
643 2429 834 2456 Thcodoretus
857 2429 918 2456 aliis

127 2473 154 2500 in
166 2473 244 2505 locis,
266 2474 473 2509 interpretatur.
491 2473 656 2502 Brevitatcm
674 2479 701 2502 et
718 2475 853 2502 Theodori
874 2484 918 2502 re-

127 2518 278 2544 verentiam
296 2518 353 2553 ipsa
369 2519 449 2546 lectio
463 2519 633 2547 demonstrat
650 2520 722 2547 :alia
736 2521 791 2547 duo
807 2520 917 2555 probari

127 2567 244 2597 possunt
259 2571 312 2589 non
325 2563 427 2590 ditiicili
444 2563 564 2598 negotio.

163 2609 264 2636 Verum
288 2609 437 2643 quominus
461 2610 614 2638 adhaercam
635 2610 749 2638 ﬁrmiter
760 2611 919 2646 cogitationi

976 240 1027 266 cho
1048 241 1075 267 in
1090 249 1167 268 suam
1179 243 1308 271 Catenam
1322 245 1433 277 relatus,
1449 254 1502 273 non
1519 247 1656 280 reperitur
1670 247 1696 274 in
1712 248 1765 275 hoc

976 294 1068 320 opere.
1086 287 1219 318 Alterum.
1239 290 1324 324 stylus
1338 299 1392 317 non
1405 291 1514 318 videtur
1530 292 1694 319 Theodoreti
1707 293 1764 320 ele-

975 332 1094 365 gantiam
1108 337 1136 358 et
1151 333 1229 367 quasi
1247 334 1438 368 limpiditatem
1455 344 1561 370 sapere.
1579 337 1762 370 Postremum,

977 381 1016 404 tot
1026 378 1188 406 saeculorum
1200 380 1345 414 possessio,
1356 383 1439 408 tantis
1450 382 1567 409 testibus
1575 384 1762 417 comprobata,

976 428 1052 451 tanto
1079 433 1214 452 consensu
1230 426 1402 454 eruditorum
1425 428 1555 460 stabilita,
1577 429 1705 463 prohibet
1730 438 1764 457 ne

976 469 1150 498 Theodoreto
1165 471 1339 506 abjudieetnr
1363 474 1490 508 vulgatus
1505 475 1721 502 commenlarius’
1736 476 1763 502 in

975 514 1116 542 Canticum
1134 517 1303 545 canticorum
1314 518 1346 545 ⁸³.

1238 574 1318 608 272
1329 574 1439 602 CAPUT
1455 575 1498 602 lV.

977 628 1100 655 Rccensio
1112 637 1231 663 operum,
1248 638 1307 664 qua!
1325 635 1393 657 tomo
1413 631 1526 657 secundo
1547 631 1609 658 edit.
1630 630 1763 658 Sirmomli

1281 666 1458 692 continentur.

1013 720 1115 747 Tomus
1137 721 1274 748 secundus
1299 721 1490 756 complectitur
1517 721 1711 749 commentaria
1735 722 1761 748 in

977 774 1072 793 omnes
1094 766 1232 793 sexdecim
1247 767 1406 800 prophetas.
1421 767 1483 794 llwc
1504 775 1554 801 pro
1568 767 1626 794 suis
1640 767 1764 802 agnoscit

978 812 1168 839 Theodoretus
1183 812 1263 846 epist.
1281 811 1334 838 82:
1356 822 1364 837 ι
1381 812 1433 839 Per
1445 811 1492 839 Dei
1509 812 1623 847 gratiam
1642 812 1764 846 Prophe-

941 865 961 893 Β
978 862 1018 885 tas
1046 866 1143 885 omnes
1171 857 1340 892 interpretati
1369 865 1471 884 sumus.
1487 867 1496 882 ι
1528 857 1561 884 Ει
1584 858 1664 892 epist.
1691 857 1761 884 H5:

978 914 986 930 (
1000 904 1138 939 Explicata
1157 909 1220 931 sunt
1234 913 1248 931 a
1264 912 1306 931 me
1318 904 1438 931 oracula.
1456 913 1464 929 ι
1495 904 1528 930 Ει
1553 904 1580 930 in
1603 904 1763 931 Prmfatione

973 951 1143 978 Psalmornin
1161 959 1166 976 :
1199 959 1207 975 ε
1226 949 1277 976 Alii
1301 949 1416 975 aliorum
1433 957 1575 976 sacrorum
1592 949 1761 976 voluminum

973 996 1178 1030 explanationes
1190 994 1373 1029 emagitarunt
1387 994 1593 1029 ;imposuerunt
1605 994 1684 1022 nobis
1695 1003 1764 1021 non-

974 1040 1043 1066 nulli
1071 1044 1100 1066 ut
1115 1039 1258 1067 Canticum
1286 1039 1456 1066 canticorum
1478 1047 1688 1074 exponercmus.
1704 1040 1762 1066 Ali-

972 1085 1018 1120 qui
1041 1093 1106 1112 vero
1130 1085 1182 1111 viri
1207 1084 1407 1111 desideriorum
1436 1084 1606 1119 prophetiam
1624 1085 1763 1111 desidera-

972 1134 1072 1157 verunt
1091 1137 1266 1164 cognoscere.
1280 1129 1333 1155 Alii
1353 1129 1439 1155 divini
1452 1129 1614 1159 Ezechielis.
1633 1129 1677 1155 alii
1695 1128 1762 1155 duo-

972 1175 1061 1203 decim
1086 1175 1281 1210 propbctarum
1298 1175 1490 1209 praedictiones
1503 1175 1670 1201 obscuritate
1683 1175 1762 1201 invo-

972 1221 1045 1248 lutas
1058 1221 1198 1248 enucleari
1211 1221 1263 1248 sibi
1279 1225 1307 1247 et
1321 1220 1453 1246 declarari
1468 1221 1641 1254 postularunt
1654 1230 1660 1247 :
1674 1220 1763 1247 dedit-

973 1275 1026 1302 que
1048 1267 1129 1294 nobis
1149 1267 1340 1293 universorum
1363 1266 1445 1297 Deus,
1462 1270 1492 1292 ut
1511 1266 1722 1293 commentarios
1736 1266 1762 1292 in

973 1313 1031 1340 haec
1046 1313 1133 1348 ipsius
1148 1312 1240 1339 divina
1252 1312 1361 1347 eloquia
1371 1313 1403 1339 ad
1417 1313 1498 1339 tinem
1511 1312 1735 1346 perducercmus.
1749 1321 1759 1336 ι

974 1369 987 1405 §
1002 1370 1023 1396 Ι.
1037 1369 1074 1396 De
1084 1369 1278 1396 commentariis
1293 1369 1319 1395 in
1331 1377 1422 1396 omnes
1442 1369 1582 1404 prop/ictas
1605 1369 1763 1403 generatim.

1007 1425 1027 1452 Ι.
1039 1426 1098 1459 Quo
1109 1426 1239 1460 temporis
1252 1426 1383 1453 ordinein
1398 1425 1520 1460 singulos
1530 1425 1677 1460 prophetas
1693 1425 1762 1451 scri-

973 1472 1070 1506 pserit,
1097 1471 1196 1506 partim
1224 1470 1282 1505 ipse
1307 1474 1400 1505 aperte
1421 1470 1543 1504 expellit,
1563 1469 1660 1503 partim
1681 1477 1764 1503 argu-

974 1522 1064 1544 menta
1084 1517 1229 1552 colligendi
1246 1517 1412 1551 suppeditat.
1427 1516 1535 1543 Primus
1558 1523 1622 1549 ergo
1635 1514 1713 1542 labor
1735 1514 1762 1540 in

974 1564 1112 1591 Danielem
1127 1563 1263 1595 incubuit,
1276 1563 1414 1590 secundus
1425 1563 1451 1588 in
1467 1561 1649 1592 Ezechielem,
1663 1560 1762 1587 tertius

973 1610 1000 1637 in
1018 1610 1138 1636 minores
1151 1609 1306 1640 duodecim,
1327 1611 1442 1642 quartus
1469 1607 1498 1634 in
1520 1607 1627 1637 lsaiam,
1647 1606 1762 1640 quintus

973 1656 1001 1683 in
1015 1655 1173 1686 Jeremiam,
1188 1659 1345 1689 postremus
1356 1654 1382 1680 in
1396 1654 1629 1683 Lamentationes,
1644 1660 1761 1687 quarum

973 1701 1002 1727 in
1030 1699 1083 1729 ﬁne
1098 1700 1155 1727 haec
1175 1700 1257 1727 habet
1271 1707 1278 1726 :
1307 1709 1315 1724 ι
1332 1699 1407 1728 lianc
1418 1698 1500 1725 etiam
1515 1698 1576 1725 aliis
1591 1697 1761 1732 propheticis

972 1745 1052 1773 libris
1066 1745 1218 1780 adiecimus
1234 1744 1503 1778 interpretationem,
1520 1744 1587 1770 adeo
1599 1747 1638 1775 ut,
1654 1751 1703 1778 per
1712 1743 1760 1770 Dei

972 1791 1098 1826 gratiam,
1127 1790 1229 1817 nullam
1256 1790 1428 1825 prophetiam
1454 1789 1691 1825 interpretationis
1713 1797 1762 1816 ex-

972 1841 1078 1872 pertem
1090 1836 1283 1871 reliquerimus
1295 1836 1327 1863 δ”.
1344 1845 1353 1861 ›

1007 1883 1040 1910 ll.
1062 1883 1092 1910 In
1114 1882 1313 1909 conunentario
1338 1881 1370 1908 ad
1388 1885 1470 1916 caput
1485 1890 1545 1908 xxxi
1565 1882 1691 1909 Jcrcmiae
1706 1889 1762 1908 mc-

972 1927 1052 1954 minit
1077 1927 1336 1955 commentariorum
1364 1926 1392 1953 in
1419 1927 1610 1954 Ezechielem:
1631 1936 1640 1951 ι
1656 1926 1764 1954 Clarius

973 1973 1024 2000 hoc
1042 1973 1125 2000 etiam
1143 1972 1212 1999 dixit
1230 1973 1360 1999 Dominus
1378 1980 1427 2006 per
1441 1972 1563 1998 divinum
1577 1972 1761 2003 Ezechielem,

972 2024 1000 2046 et
1017 2027 1066 2046 nos
1084 2018 1134 2053 ipsi
1156 2018 1283 2053 pluribus
1308 2018 1478 2052 interpretati
1502 2026 1598 2045 sumus
1612 2019 1645 2044 ⁸³.
1661 2027 1670 2043 ι
1696 2018 1763 2045 Eze-

972 2065 1088 2092 chielem
1103 2065 1187 2099 igitur
1202 2068 1264 2091 ante
1281 2064 1429 2091 Jeremiam
1443 2064 1640 2098 interpretatus
1655 2069 1707 2091 est.

1008 2110 1051 2137 Ill.
1069 2110 1109 2136 Ad
1126 2113 1208 2144 caput
1233 2117 1286 2136 xxii
1308 2108 1430 2143 ejusdem
1458 2108 1761 2136 Jercmiaamentioncm

972 2155 1037 2182 iacit
1050 2154 1230 2189 expositionis
1253 2154 1279 2180 in
1292 2153 1389 2180 Isaiam
1405 2161 1411 2179 :
1429 2162 1437 2177 ι
1457 2152 1553 2187 Ilujus,
1572 2152 1669 2185 inquit,
1684 2151 1762 2177 locn-

935 2201 1055 2232 ntionis
1083 2200 1218 2227 rationem
1250 2199 1379 2235 pluribus
1402 2198 1585 2233 explicuimus
1617 2197 1643 2224 in
1675 2197 1761 2224 divini

971 2246 1047 2274 Isaiae
1071 2245 1337 2280 interpretatione.»
1366 2245 1436 2279 Ergo
1460 2244 1543 2270 etiam
1570 2243 1668 2270 Isaiam
1698 2247 1761 2270 ante

970 2292 1116 2320 Jercmiam
1138 2290 1273 2326 exposuit.
1298 2291 1391 2324 Quid?
1409 2290 1482 2325 quod
1500 2289 1645 2316 admodum
1670 2289 1760 2316 credi-

971 2338 1025 2366 bile
1051 2341 1103 2369 est,
1129 2337 1325 2364 commentaria
1349 2336 1455 2371 singula
1477 2344 1510 2363 eo
1525 2335 1625 2370 scripta
1640 2343 1699 2362 esse
1716 2342 1760 2360 0r-

971 2383 1045 2414 dine,
1063 2390 1119 2418 quo
1133 2386 1281 2410 censentur
1295 2383 1322 2408 in
1337 2381 1499 2409 Prmfationc
1515 2381 1693 2411 Psahnorum,
1713 2379 1759 2405 ubi

971 2429 1065 2456 Daniel
1081 2429 1211 2463 primum,
1231 2427 1332 2455 deinde
1345 2427 1483 2459 Ezechiel,
1498 2427 1671 2462 postmodum
1690 2426 1760 2453 duo—

970 2474 1059 2501 decim
1074 2474 1214 2509 propheta:
1232 2473 1352 2500 minores
1369 2477 1566 2500 memorantur.

1003 2520 1038 2547 Et
1060 2528 1125 2548 vero
1146 2520 1174 2547 in
1193 2519 1355 2548 Przei‘atione
1376 2519 1497 2546 Danielis
1517 2518 1660 2546 manifeste
1680 2518 1760 2546 docet

969 2565 1161 2593 Thcodoretns
1184 2574 1199 2592 a
1221 2574 1249 2593 se
1267 2566 1407 2593 Danielem
1431 2565 1549 2600 primum
1560 2565 1682 2591 omnium
1694 2572 1759 2599 pro—

969 2612 1114 2647 phetarum
1138 2612 1292 2646 expositum
1308 2611 1403 2643 fuisse,
1418 2611 1555 2646 simulque
1569 2610 1633 2638 facti
1649 2618 1758 2638 causam

784 2710 943 2739 SCHULZII
962 2710 1076 2738 ΝΟΤΑΞ.

160 2779 180 2795 ¹¹
194 2779 276 2816 Praef.
286 2780 318 2807 ad
326 2779 405 2807 Cant.
438 2781 514 2808 “Hic
527 2782 586 2809 sine
597 2781 681 2809 dubio
690 2781 951 2809 estcommentarius
961 2781 1016 2812 ille,
1025 2788 1106 2815 quem
1117 2781 1181 2808 alibi
1193 2781 1328 2816 mysticum
1337 2785 1426 2812 vocat,
1436 2788 1572 2815 quemque
1580 2779 1707 2816 Aut-tario
1719 2778 1758 2806 in-

128 2821 223 2842 serere
236 2815 332 2851 voluit.
343 2816 415 2844 t\’id.
430 2817 644 2851 eaputultimum
654 2817 733 2851 hujus
745 2816 823 2850 diss.)
835 2816 888 2843 Sed
904 2824 957 2843 non
975 2817 1051 2842 stetit
1063 2817 1214 2850 promissis.

1254 2817 1276 2831 "'
1289 2816 1349 2848 Quo
1366 2821 1487 2850 tempore
1502 2816 1619 2849 scriptus
1633 2815 1668 2841 sit
1683 2822 1758 2850 coni-

129 2850 283 2877 msntarius
297 2850 323 2878 in
336 2850 414 2879 Cant.
434 2849 533 2879 cantic.
548 2849 703 2886 disputatur
717 2852 795 2883 intra,
812 2860 838 2886 p.
854 2852 916 2879 27L

993 2850 1052 2878 Yid.
1066 2849 1090 2878 ⁷ι.
1110 2851 1130 2878 ll
1159 2851 1225 2878 edit.
1246 2855 1356 2902 nostrae,
1375 2859 1401 2886 p.
1416 2849 1475 2878 668.
1516 2851 1538 2867 ⁸⁵
1556 2849 1637 2882 lbid.,
1654 2857 1679 2883 Ρ.
1697 2849 1756 2876 568,
