1967 3047
193 144 247 187 ἓξὲξ)

740 153 928 183 ῦΛΗΝΕΙὶΠ
950 153 1197 182 DISSER'I‘ATIO
1217 153 1257 182 II.

1769 146 1823 177 224

191 211 312 239 atl'ert“.
323 210 398 238 llunc
409 211 570 246 prophetam
581 211 608 237 in
622 210 748 244 praesenti
756 218 888 237 conamur
898 211 981 237 inter-
997 213 1017 240 A
1033 211 1079 238 sed
1094 211 1241 237 Ilebraicos
1251 215 1278 236 et
1291 209 1412 239 lunarcS,
1426 212 1455 233 ut
1465 211 1554 238 vocat;
1568 213 1615 232 seu
1631 206 1677 240 qui
1694 205 1822 232 undecim

192 257 307 294 pretari,
320 265 373 283 non
388 257 465 291 quasi
481 257 560 288 alios,
573 255 645 290 quod
656 255 726 282 absit
742 256 748 281 !
762 258 980 287 contemnentes;

192 311 289 330 omnes
301 303 374 330 enim
396 302 523 329 novimus
543 309 603 328 esse
625 301 744 336 Spiritus
766 301 853 327 sancti
878 300 982 327 instru-

194 357 220 376 ιιι
239 353 299 374 uta:
313 347 360 374 sed
376 348 492 382 primum
505 346 615 381 quidem
629 347 716 381 ipsius
726 346 981 380 interpretationem

193 403 208 422 a
229 394 308 420 nobis
325 392 471 419 familiares
486 392 679 427 elllagitarunt,
695 399 859 426 {equumque
872 392 983 419 censui-

194 448 265 470 mus,
287 438 450 466 beneficium
476 438 509 465 iis
530 438 577 472 qui
594 438 742 472 petierunt,
761 446 815 464 non
836 438 982 472 denegare.

194 484 298 513 Deinde
314 484 378 511 facit
393 483 472 519 273
487 483 645 511 Judazorum
666 482 795 515 amentia,
816 487 846 510 ut
869 483 930 510 aliis
957 483 984 510 in

195 530 321 565 praesenti
334 530 454 560 omissis,
470 529 553 564 hujus
565 528 757 563 praadictiones
769 528 891 555 enodare
903 532 986 563 atque

196 575 304 610 aperire
319 575 505 609 aggrediatur.
525 574 563 601 Eo
579 574 715 608 siquidem
731 574 907 609 impudentia:
921 581 986 608 pro-

196 628 314 652 cessere,
329 625 385 647 uta
395 620 593 654 prophetarum
609 620 694 647 choro
707 623 715 629 '
728 620 817 655 ipsum
831 624 985 656 segregent,

197 666 391 700 prophetaeque
410 670 592 700 cognomento
609 664 772 693 defraudem
791 666 824 692 ⁵⁷.

233 711 273 739 Ad
287 712 339 738 hoc
350 712 537 738 testimonium
562 712 709 739 observare
732 716 850 747 oportet,
870 712 942 746 quod
960 716 989 739 et

199 757 390 784 Theodoretus
413 757 480 784 alias
496 757 591 789 refert,
606 765 636 785 se
650 766 663 784 a
682 766 768 792 puero
781 758 808 785 in
825 758 910 786 sacris
929 758 987 785 Lit-

200 801 267 829 teris
280 801 426 829 educatum
444 810 450 828 :
470 802 599 828 Παιδόθεν
612 803 703 834 αὐτοῖς
720 803 873 838 ἐντραφείς.

235 847 274 874 De
298 848 368 882 stle
391 852 417 874 et
445 847 479 875 de
504 848 611 876 ratione
640 849 839 884 interpretandi
863 849 890 876 id
907 849 989 876 habet

201 892 324 924 I’botius,
353 893 425 927 quod
451 893 502 920 etsi
525 893 595 921 dixit
613 894 647 921 de
673 895 875 922 commentariis
894 894 922 921 in
936 894 989 921 Da-

201 938 312 970 nielem,
332 938 414 966 latius
431 943 522 966 tamen
536 941 631 975 procul
653 940 738 967 dubio
751 941 872 975 pertinet
887 949 893 967 :
912 950 920 966 ι
937 941 990 968 Le—

201 983 301 1018 gimus,
314 984 405 1018 inquit
415 985 448 1017 ⁵⁸,
464 985 538 1012 beati
551 985 717 1013 Theodoreti
731 986 989 1020 interpretationem

202 1029 331 1057 Danielis.
362 1030 410 1057 Vir
439 1038 504 1058 sane
529 1032 628 1059 doctus
651 1040 705 1059 non
727 1031 872 1067 Hippolyto
898 1032 989 1065 modo,

203 1082 298 1101 verum
315 1076 397 1102 etiam
409 1075 471 1103 aliis
482 1077 575 1104 multis
594 1077 817 1112 propheticorum
833 1086 990 1104 sermonum

203 1119 433 1155 interpretatione
457 1122 607 1149 antecellit.
635 1122 722 1149 Dictio
744 1123 804 1158 ejus
822 1128 991 1150 commenta-

203 1165 282 1198 tioui,
302 1166 324 1193 si
342 1168 502 1202 cujusquam
517 1168 597 1198 alius,
611 1168 750 1202 aptissima
768 1178 774 1195 :
793 1176 854 1196 nam
872 1173 900 1195 et
917 1169 992 1203 puris

203 1211 432 1247 eignantibusque
456 1213 549 1240 verbis
567 1213 658 1240 abdita
685 1221 800 1248 qumque
823 1218 850 1240 et
874 1214 991 1241 obscura

204 1257 318 1289 revelat,
345 1261 373 1284 et
388 1257 562 1293 jucunditate
579 1258 696 1292 quadam
713 1259 790 1293 quasi
812 1259 992 1286 delinimento

204 1304 339 1338 suavique
361 1304 455 1338 lepore
481 1304 513 1331 ad
533 1304 574 1330 sui
596 1304 743 1331 lectionem
758 1305 864 1331 invitat.
880 1304 950 1337 Quin
965 1308 994 1332 et

205 1356 238 1376 ex
265 1356 298 1375 eo
321 1349 395 1383 quod
420 1349 453 1376 ad
474 1350 602 1384 ambages
617 1351 706 1377 nullas
728 1350 993 1385 digressionesquea

205 1394 347 1428 proposito
359 1400 523 1429 argumento
540 1396 660 1427 recedat,
677 1396 832 1423 satietatem
846 1403 900 1423 non
912 1397 994 1423 modo

205 1439 308 1466 nullam
327 1439 416 1471 affert,
443 1440 490 1467 sed
504 1448 534 1466 ea
553 1441 676 1476 insuper,
693 1449 754 1475 qua:
771 1441 798 1468 in
813 1441 927 1469 dubiant
944 1450 994 1468 vo-

205 1490 315 1517 cantur,
336 1486 394 1513 sine
417 1486 471 1513 ulla
498 1487 539 1513 vel
562 1487 722 1514 confusione
744 1487 786 1514 vel
816 1487 994 1521 dissipatione

206 1529 285 1557 facile
302 1535 329 1557 et
344 1531 486 1558 commoda
502 1532 608 1559 ratione
624 1540 689 1559 suos
704 1532 821 1559 lectores
835 1532 925 1559 docet.
939 1532 994 1559 V0-

205 1582 268 1602 cum
294 1575 358 1603 item
384 1577 443 1611 ejus
468 1577 601 1610 delectus,
618 1582 699 1612 atque
713 1578 771 1612 ipsa
784 1578 946 1612 compositio
961 1578 996 1605 ab

205 1621 302 1649 Attica:
315 1622 456 1658 elegantia:
469 1623 575 1658 origine
588 1632 643 1650 non
655 1623 765 1658 refugit,
778 1624 831 1651 nisi
847 1624 913 1658 quid
925 1624 994 1651 forte

205 1668 342 1695 curiosius
367 1668 421 1695 illic
448 1675 585 1700 occurrat,
610 1669 683 1703 quod
699 1669 761 1704 quis
778 1670 928 1696 multorum
945 1677 995 1696 au—

206 1714 282 1741 ribus
310 1714 449 1742 iusolitum
478 1715 560 1741 dicat.
592 1715 649 1742 Iloc
677 1719 796 1746 constat,
822 1716 891 1742 nihil
920 1723 994 1748 cum,

206 1760 279 1794 quod
293 1760 326 1787 ad
339 1760 575 1795 interpretandum
598 1761 690 1793 faciat,
706 1761 856 1792 declinare,
873 1761 996 1796 adeoque

207 1806 235 1832 in
244 1813 381 1835 summum
390 1806 509 1833 evasisse
516 1807 682 1841 optimorum
690 1807 869 1842 interpretum
878 1808 996 1839 culmen,

209 1855 239 1878 ut
259 1859 315 1878 non
331 1851 410 1878 facile
431 1852 548 1886 aliquem
569 1852 607 1879 sis
625 1856 795 1887 reperturus,
813 1853 857 1887 qui
877 1853 924 1879 illo
940 1860 998 1880 me-

208 1897 262 1924 lius
273 1897 391 1924 obscura
402 1898 531 1932 explicet,
550 1907 558 1922 ι
576 1902 630 1925 etc.

211 1963 224 1998 ᾗ
246 1963 280 1991 II.
302 1964 340 1991 De
362 1966 560 1992 commentariis
585 1966 612 1992 in
633 1965 772 2000 prophetas
787 1965 813 1990 in
830 1964 997 1999 particulari.

245 2029 266 2056 I.
279 2031 370 2058 Pauca
383 2031 507 2066 quaedam
521 2032 693 2059 observanda
711 2036 778 2066 puto
800 2031 834 2058 de
858 2039 999 2059 commen-

212 2076 288 2103 tariis
303 2077 329 2103 in
347 2077 468 2112 singulos
486 2078 634 2112 prophetas
648 2087 654 2104 :
673 2078 706 2104 de
721 2082 843 2112 tempore
859 2077 998 2108 nimirum,

211 2130 267 2156 quo
291 2123 392 2157 scripta
412 2128 496 2155 sunt;
514 2123 547 2150 de
561 2124 604 2155 iis,
621 2132 682 2158 qua:
695 2132 726 2150 ex
738 2123 886 2151 Catenisin
904 2123 999 2150 Isaiam

211 2173 361 2203 excerpta;
381 2174 408 2196 et
421 2169 454 2197 de
472 2169 632 2204 Apollinarii
657 2169 845 2196 ἀνακυκλώσει
864 2169 891 2196 in
916 2177 1001 2203 expo-

212 2213 311 2241 sitione
326 2215 479 2242 Ezechielis
494 2215 621 2242 refutata.

248 2259 281 2285 Il.
300 2260 360 2292 Quo
379 2264 501 2294 tempore
519 2260 659 2287 Danielem
675 2259 846 2294 interpretari
861 2266 1004 2294 aggressus

213 2304 258 2335 sit,
272 2305 360 2339 aperit
381 2305 489 2332 duolms
507 2305 533 2332 in
552 2305 630 2336 locis,
646 2305 746 2340 quibus
763 2305 855 2335 tradit,
869 2312 883 2330 a
895 2304 1004 2331 Christo

213 2352 278 2374 nato
301 2348 334 2375 ad
352 2353 475 2382 tempora
491 2349 589 2384 quibus
601 2350 707 2381 scribit,
721 2349 907 2376 intercessisse
918 2356 1005 2375 annos

213 2393 430 2429 quadringentos
443 2395 623 2430 quadraginta
643 2399 671 2422 et
685 2395 813 2430 amplius,
831 2394 857 2421 id
874 2399 927 2425 est,
941 2402 1003 2420 cum

216 2439 321 2473 aliquot
346 2440 506 2467 mensibus:
529 2440 581 2466 boc
601 2439 674 2466 enim
698 2448 811 2467 numero
829 2439 931 2466 indicat
944 2440 1004 2466 vul-

214 2491 304 2517 garem
327 2484 429 2511 Christi
448 2493 550 2512 annum
567 2485 629 2516 426,
655 2485 727 2519 quod
754 2493 787 2511 ex
812 2485 884 2511 libro
910 2493 946 2516 ix,
970 2484 1003 2510 ad

214 2534 297 2563 caput
309 2530 336 2561 9,
354 2531 429 2558 hunc
442 2531 469 2557 in
484 2531 593 2558 modmn
605 2531 821 2558 demonstratur.

253 2574 295 2602 IlI.
310 2577 511 2608 ’I'hcodoretus,
528 2581 557 2603 ut
570 2581 687 2612 exponat
705 2585 851 2610 numerum
870 2585 1004 2604 annorum

216 2622 263 2656 qui
286 2621 406 2648 Danielis
423 2621 610 2649 hebdomadas
622 2622 742 2653 conﬁcit,
755 2622 839 2648 stituit
856 2630 942 2649 annos
972 2622 1006 2648 de

216 2667 318 2702 quibus
352 2667 463 2702 angelus
491 2667 594 2694 homini
627 2667 740 2694 Ichrzco
782 2667 918 2701 loquitur,
952 2675 1006 2694 non

218 2713 301 2740 fuisse
316 2713 442 2747 vulgares
452 2721 500 2740 seu
516 2713 629 2745 sol-ares,
644 2713 690 2747 qui
702 2713 800 2740 diebus
810 2713 1005 2745 Cutlstnnl365,

1034 257 1131 284 diebus
1159 264 1173 282 a
1201 255 1361 290 vulgaribus
1385 253 1529 284 deficiunt,
1548 258 1630 286 atque
1647 252 1683 278 ita
1695 257 1824 279 constant

1033 303 1131 330 diebus
1148 302 1260 328 omnino
1285 301 1346 328 554.
1369 300 1413 327 Ait
1430 300 1514 335 igitur
1528 307 1615 326 annos
1630 298 1763 333 ejusmodi
1782 298 1822 324 ef-

1034 347 1144 374 ﬂuxisse
1166 346 1384 381 quadringentos
1411 343 1593 379 quadraginta
1618 350 1632 369 a
1656 342 1766 368 Christo
1789 341 1822 368 ad

1036 396 1143 427 tempus
1167 400 1222 427 quo
1248 391 1329 426 274
1346 390 1494 417 scribebat.
1513 388 1576 415 Haec
1588 392 1678 414 autem
1690 394 1823 413 annorum

1035 446 1140 466 summa
1154 439 1176 466 si
1190 437 1388 472 multiplicetur
1402 437 1429 463 in
1441 435 1501 463 dies
1522 435 1584 466 554,
1607 433 1740 461 exsistent
1765 439 1824 459 om-

1035 484 1101 510 nino
1116 482 1230 515 I55,760
1243 482 1319 514 dies;
1332 488 1393 516 quze
1409 481 1515 507 dierum
1529 486 1634 505 summa
1652 477 1673 504 si
1688 476 1823 504 dividatul

1035 529 1065 558 in
1081 529 1143 561 565,
1167 529 1305 564 quomodo
1321 531 1441 562 oportet,
1460 530 1490 552 ut
1503 524 1629 552 Hebraici
1641 523 1706 551 anni
1719 522 1753 550 ad
1763 522 1823 549 vul-

1035 583 1115 611 gares
1137 579 1313 606 revocentur,
1338 573 1403 600 fient
1433 571 1486 598 426
1512 570 1577 597 anni
1607 577 1670 596 cum
1698 567 1826 595 undecim

1037 620 1148 648 circiter
1171 619 1322 647 mensibus.
1345 617 1436 652 Atque
1460 616 1496 642 ita
1512 614 1705 641 Theodoretus
1717 612 1828 647 scripsit

1038 666 1066 692 in
1089 664 1227 692 Danielem
1249 671 1321 690 anno
1341 658 1828 695 Ichraicoquadringentesimoqua—

1038 710 1193 746 dragesimo
1214 713 1275 744 post
1307 713 1400 735 natum
1428 705 1579 737 Christum,
1605 704 1631 731 id
1653 708 1706 735 est,
1722 702 1828 737 vulgari

1039 764 1111 784 anno
1133 753 1406 790 quadringentesimo
1431 751 1564 779 vicesimo
1578 754 1655 776 sexto
1670 748 1721 775 sub
1736 747 1828 773 finem.

1076 803 1120 830 IV.
1131 802 1170 829 Ex
1179 802 1230 828 bac
1238 805 1329 828 autem
1339 799 1443 834 epocha
1454 798 1632 824 innotescunt
1644 794 1705 821 tria.
1718 794 1742 820 I.
1757 792 1829 819 Can-

1042 849 1156 875 ticorum
1168 846 1368 880 expositionem
1383 843 1481 871 referri
1499 842 1598 868 debere
1612 839 1645 866 ad
1661 846 1762 866 annual
1777 837 1831 864 cir-

1043 894 1113 921 citer
1126 893 1188 924 425,
1203 900 1264 919 nam
1276 890 1416 927 prtccessit
1431 886 1628 916 commentaria
1641 885 1667 912 in
1679 884 1829 911 Danielem.

1042 940 1069 966 ‘2.
1090 939 1120 965 In
1142 945 1237 965 omnes
1255 937 1405 972 prophetas
1421 935 1553 968 scriptum
1572 932 1656 959 fuisse
1667 935 1730 958 ante
1743 933 1832 956 motas

1044 993 1058 1012 a
1083 983 1211 1011 Nestorio
1236 982 1342 1014 turbas,
1364 986 1411 1008 atlt
1428 984 1502 1007 certe
1527 979 1687 1014 priusquam
1706 975 1832 1003 Theodo-

1045 1036 1120 1057 retus
1136 1029 1169 1056 iis
1197 1036 1226 1056 se
1249 1027 1417 1055 immisceret
1436 1035 1442 1052 :
1467 1033 1518 1052 nec
1540 1024 1614 1051 enim
1643 1023 1670 1049 in
1697 1020 1831 1056 ejusmodi

1045 1074 1249 1104 commentariis
1266 1074 1299 1100 de
1311 1071 1501 1100 incarnatione
1514 1070 1660 1105 quidquam
1676 1066 1831 1096 disseritur,

1045 1122 1118 1157 quod
1146 1121 1188 1148 vel
1209 1120 1306 1147 leviter
1330 1117 1496 1152 qumstiones
1517 1115 1687 1142 contentiose
1711 1116 1832 1147 postmo-

1045 1169 1110 1195 dum
1123 1167 1238 1202 agitatas
1249 1166 1374 1200 attingat.
1393 1164 1420 1190 5.
1433 1163 1488 1190 Has
1504 1169 1600 1189 omnes
1611 1159 1834 1187 elucubrationes

1046 1213 1182 1248 pertinere
1197 1212 1228 1238 ad
1247 1219 1340 1246 opera,
1361 1218 1421 1244 qua:
1432 1210 1439 1218 '
1452 1208 1479 1234 in
1494 1206 1614 1241 Epistula
1631 1205 1663 1232 ad
1675 1203 1833 1234 Eusebium,

1046 1263 1109 1285 ante
1125 1257 1258 1293 synodum
1275 1255 1440 1290 Ephesinam
1459 1261 1465 1285 ;
1484 1252 1510 1278 in
1523 1250 1644 1285 Epistola
1658 1248 1690 1276 ad
1708 1252 1833 1275 sanctum

1047 1305 1176 1334 Leonem,
1190 1305 1252 1329 ante
1265 1300 1358 1335 viginti
1375 1306 1471 1329 annos,
1490 1295 1641 1330 composita
1659 1294 1798 1321 dicuntur.

1082 1351 1114 1378 V.
1132 1347 1318 1383 Expositionis
1330 1354 1386 1373 sua:
1399 1345 1425 1371 in
1443 1342 1540 1370 Isaiam
1562 1339 1686 1368 meminit
1711 1337 1835 1365 Theodo-

1048 1401 1124 1423 retus
1141 1393 1291 1429 qumstioue
1303 1392 1336 1419 52
1352 1391 1379 1417 in
1393 1393 1521 1424 quartum
1534 1388 1637 1422 Regum
1654 1395 1660 1412 :
1678 1396 1686 1410 ι
1701 1385 1834 1411 Caeterum

1047 1440 1174 1469 existimo
1191 1444 1427 1473 supervacaneum
1440 1434 1536 1462 eadem
1548 1433 1655 1460 dicere:
1667 1439 1728 1458 nam
1740 1430 1835 1457 Isaiam

1048 1487 1209 1522 prophetam
1226 1484 1408 1517 interpretans
1419 1481 1472 1507 hoc
1489 1477 1623 1513 explicavi
1641 1477 1673 1503 ⁵⁸.
1692 1486 1700 1501 ι
1717 1476 1749 1502 Et
1763 1479 1837 1509 post—

1047 1519 1080 1558 ea
1096 1519 1108 1557 ε-
1125 1539 1134 1555 ι
1154 1527 1273 1556 Ararath
1299 1530 1392 1553 autem
1417 1524 1525 1551 vocavit
1541 1521 1697 1549 Armeniam
1711 1529 1717 1546 :
1733 1519 1835 1547 ctenim

1047 1577 1124 1604 Isaia:
1151 1573 1294 1610 prophetia
1326 1573 1397 1598 hanc
1420 1570 1501 1597 habet
1516 1567 1781 1603 interpretationem.
1798 1565 1835 1591 Ea

1048 1629 1123 1653 vero,
1145 1628 1206 1655 quat
1218 1619 1252 1646 ad
1268 1617 1476 1653 aegrotationem
1493 1614 1616 1642 Ezecbize
1637 1613 1786 1647 pertinent,
1806 1611 1834 1638 in

1048 1667 1133 1696 divini
1145 1666 1220 1693 Isaia:
1235 1664 1409 1700 prophetiam
1424 1669 1486 1689 cum
1502 1661 1528 1688 id
1546 1660 1611 1686 satis
1623 1657 1834 1688 deelaraverim,

1048 1718 1281 1748 supervacaneum
1301 1709 1428 1737 existimo
1459 1707 1502 1734 bis
1528 1705 1653 1732 canalem
1679 1704 1768 1730 facere
1795 1703 1838 1729 in-

1049 1758 1283 1794 terpretationem.
1301 1766 1309 1781 ι
1341 1755 1376 1781 Ει
1397 1754 1548 1788 quzestione
1573 1751 1608 1778 2:2
1624 1751 1651 1777 in
1665 1748 1812 1777 Jcrcmiam
1828 1756 1837 1775 ι

1053 1815 1062 1831 ‹
1083 1805 1117 1831 Et
1130 1800 1368 1838 hujuslocutionis
1391 1799 1525 1826 rationem
1554 1796 1679 1831 pluribus
1703 1794 1839 1830 explicui—

1049 1855 1111 1875 mus
1123 1848 1150 1874 in
1163 1846 1247 1874 divini
1260 1845 1335 1872 Isaia!
1347 1842 1571 1877 interpretatione
1584 1841 1616 1867 6°.
1635 1850 1643 1866 ι

1086 1893 1128 1921 VI.
1148 1890 1361 1921 Comment-aria,
1379 1887 1532 1922 cuiusmodi
1551 1894 1566 1913 a
1582 1885 1757 1912 Tbeodoreto
1770 1883 1837 1910 scri-

1052 1942 1096 1972 pta
1121 1941 1196 1968 sunt,
1222 1943 1296 1962 nunc
1324 1942 1378 1961 non
1406 1932 1553 1962 habentur,
1581 1934 1628 1957 aut
1647 1929 1668 1956 si
1690 1929 1837 1957 habentur.

1051 1983 1124 2010 edita
1148 1990 1203 2009 non
1226 1985 1309 2008 sunt;
1331 1980 1378 2008 sed
1405 1987 1439 2006 ex
1455 1979 1565 2006 Catenis
1578 1977 1679 2005 Graecis
1691 1975 1839 2002 extraxisse

1052 2036 1092 2060 se,
1110 2036 1171 2062 quae
1195 2027 1288 2058 vertit,
1314 2030 1432 2053 testatur
1453 2023 1635 2052 Sirmondus:
1661 2021 1733 2048 unde
1751 2021 1791 2052 fit,
1810 2023 1841 2046 ut

1053 2075 1080 2102 id
1098 2074 1189 2109 operis
1215 2074 1241 2100 in
1255 2073 1311 2099 sola
1329 2071 1521 2100 Sirmondiana
1534 2070 1656 2096 editione
1677 2067 1839 2102 reperiatur.

1088 2119 1143 2146 VII.
1158 2119 1266 2146 Memini
1279 2126 1322 2145 me
1341 2117 1489 2152 aliquando
1503 2115 1600 2142 audire
1615 2114 1704 2141 virum
1717 2113 1839 2143 doctmn,

1054 2165 1100 2200 qui
1120 2165 1279 2191 nonnullam
1298 2162 1433 2198 ejusmodi
1458 2165 1650 2196 exeerptorum
1672 2163 1777 2194 partem
1793 2158 1841 2185 tri-

1019 2227 1040 2253 υ
1056 2211 1193 2238 buendam
1213 2210 1358 2236 Theodoro
1381 2209 1571 2242 Mopsucstcno
1596 2205 1659 2232 inde
1683 2204 1839 2238 conjiccret.

1056 2258 1080 2284 I.
1108 2256 1185 2289 Quod
1213 2255 1374 2282 Theodorus
1401 2254 1596 2287 interpretatus
1620 2251 1656 2278 sit
1676 2250 1785 2281 Isaiam,
1813 2254 1842 2276 ut

1054 2303 1138 2330 tradit
1163 2301 1345 2328 IIebed—Jesu.
1373 2300 1399 2326 ‘2.
1427 2298 1505 2332 Quod
1527 2297 1648 2324 breviata
1663 2295 1800 2322 Theodori
1815 2300 1843 2321 et

1055 2347 1222 2374 Theodoreti
1235 2346 1345 2373 nomina
1359 2353 1430 2379 saepe
1446 2343 1660 2373 confundantur,
1675 2346 1733 2368 tum
1749 2348 1763 2367 a
1774 2348 1842 2366 con-

1055 2391 1216 2423 fectoribus,
1230 2395 1288 2418 tum
1303 2398 1318 2417 a
1339 2389 1491 2417 lectoribus
1501 2388 1664 2415 Catenarum
1674 2385 1841 2412 Grzecarum.

1056 2439 1083 2465 '5.
1100 2440 1106 2448 '
1121 2438 1198 2471 Quod
1214 2435 1413 2471 interpretandi
1439 2435 1509 2462 ratio
1530 2441 1600 2468 saepe
1624 2432 1721 2459 similis
1746 2431 1782 2457 sit
1806 2431 1842 2462 ci,

1058 2492 1138 2518 quam
1157 2482 1319 2509 indubitatis
1341 2482 1367 2508 in
1389 2481 1457 2507 locis
1482 2479 1644 2506 Tbtodorus
1657 2481 1769 2504 secutus
1790 2481 1842 2503 cst.

1058 2530 1084 2555 xI.
1104 2529 1180 2562 Quod
1199 2529 1225 2555 in
1244 2527 1378 2562 ejusmodi
1391 2526 1526 2560 excerptis
1539 2525 1572 2551 de
1588 2523 1776 2550 incarnatione
1790 2529 1843 2548 non

1056 2575 1109 2601 alia
1122 2574 1178 2601 fere
1192 2573 1330 2604 dicantur,
1344 2581 1425 2607 quam
1451 2580 1511 2606 qua:
1528 2570 1692 2597 Theodorus
1710 2577 1763 2595 non
1781 2575 1842 2601 gra-

1057 2625 1118 2647 vate
1134 2624 1290 2654 usurparet.
1306 2619 1330 2645 5.
1348 2619 1425 2651 Quod
1439 2626 1499 2652 qua:
1512 2616 1703 2643 Thcodoretus
1717 2613 1841 2641 tradidit.

1057 2673 1085 2693 se
1098 2666 1125 2692 in
1138 2665 1342 2692 commentariis
1356 2665 1382 2691 in
1393 2664 1489 2690 Isaiam
1501 2662 1674 2696 explicuisse,
1687 2661 1714 2687 in
1727 2660 1771 2691 iis,
1783 2666 1844 2693 qua:

1058 2711 1221 2740 Sirmondus
1232 2711 1259 2737 in
1271 2711 1360 2738 lucem
1376 2709 1501 2745 protulit,
1513 2712 1559 2735 aut
1572 2707 1684 2735 omnino
1698 2714 1751 2733 non
1764 2712 1843 2738 repe-

872 2789 960 2818 SCHl‘
969 2789 1033 2817 LZlI
1054 2788 1168 2816 ΝΟΤΛΞ.
1679 2816 1682 2819 .

257 2855 281 2871 ⁸⁸⁸
295 2855 367 2883 Edil.
381 2859 479 2884 nostra:
506 2863 532 2890 p.
551 2856 611 2884 509.
652 2857 674 2873 ⁵⁷
692 2857 760 2885 Ibid.
799 2857 821 2874 "
837 2857 914 2884 I‘bot.
945 2857 1006 2885 cod.
1027 2857 1088 2884 ‘203.
1128 2857 1149 2872 '9
1163 2856 1222 2882 V'izl.
1241 2859 1260 2882 t.
1285 2855 1304 2886 Ι,
1320 2862 1346 2889 p.
1371 2853 1420 2881 M6
1436 2861 1493 2888 seq.
1533 2853 1554 2867 ⁸⁸
1571 2852 1630 2878 Vid.
1648 2857 1666 2879 t.
1683 2850 1714 2883 ll,
1733 2855 1760 2882 ι).
1781 2849 1843 2877 509.
