1967 3047
129 122 180 154 225

712 125 759 154 DE
780 125 908 156 LIBRIS
926 127 975 156 TH
981 127 1180 159 EODORETI-

1703 130 1757 162 2Ξὸ

132 182 246 211 riaatur,
265 184 313 206 aut
332 179 508 206 sa‘ltem.uon
523 179 604 214 275
620 179 745 214 pluribus
767 182 915 216 exposita;
934 188 952 212 Α
967 184 1104 217 posterior
1127 192 1199 210 anno
1212 185 1273 211 2H9.
1294 184 1383 217 Quare
1404 192 1436 211 ex
1454 185 1605 219 posteriore
1623 185 1760 221 cotligitur

131 225 203 261 quod
225 230 317 252 tamen
332 225 494 252 Theodorus
512 225 656 259 protuittit.

165 272 233 299 Vill.
252 271 291 298 Ad
315 276 440 298 extrema
461 271 544 297 verba
564 271 750 298 Ezechielis“
771 271 921 306 propheta‘,

131 316 231 350 quibus
251 315 423 350 promittitur
438 315 578 342 restitutio
590 316 708 343 civitatis
719 316 921 351 llierosolymw,

131 363 252 397 disputat
276 362 382 396 prolixe
409 361 603 388 Theodoretus
613 362 746 389 adversus
759 362 920 396 Apollinarii

131 415 252 435 errorem
271 407 305 434 de
316 406 518 438 ὰνακυκλώσει,
537 414 619 441 quem
631 407 754 433 Andreas
768 407 923 434 Samosate-

132 461 183 479 nus
203 452 306 487 Cyrillo
323 452 436 487 objecit,
453 459 514 478 cum
532 451 644 478 tertium
663 451 920 479 anathematismum

131 502 251 524 vexaret.
281 497 378 524 Mirum
406 504 482 528 vero,
507 504 557 523 cur
581 496 772 523 Theodoretus
784 497 812 522 in
828 503 924 522 recen-

130 543 224 569 sendis
235 542 396 577 Apollinarii
414 542 556 569 erroribus
574 541 601 568 in
613 541 684 568 libro
698 549 723 568 tv
731 541 921 568 llwreticarum

97 595 104 601 α
130 587 294 622 fabularum,
315 587 396 614 anilis
419 587 533 622 hujusce
548 587 652 614 fabella:
667 594 722 613 non
738 586 896 613 meminerit
915 596 920 613 :

131 642 226 660 verum
245 637 434 668 perspexerat,
449 633 550 669 Cyrillo
562 641 595 660 ne
615 633 735 667 speciem
748 632 858 667 quidem
872 632 923 659 de-

130 679 267 705 Iiramenti
284 683 339 705 tam
354 678 466 705 absurdi
482 677 572 712 attingi
597 685 696 712 posse;
721 677 838 711 ideoque
860 684 921 703 cum

130 725 163 751 de
180 725 319 752 haereticis
336 732 367 751 ea
385 729 489 751 tanturn
508 727 751 755 commemoraret,
768 731 829 757 qua:
850 731 921 749 non-

131 770 232 798 nullam
249 771 340 798 facere
358 775 470 805 possent
487 770 609 801 ὲνώσεως
626 769 687 796 καθ’
709 769 858 795 ὑπόστασιν
871 768 921 795 de—

130 816 286 844 fensoribus
309 816 440 843 invidiam
465 816 606 845 societatis
625 823 686 842 cum
702 814 871 849 Apollinario
886 814 919 845 ε’,

129 863 196 890 satis
210 863 307 890 habuit
321 871 354 890 ea
363 862 456 890 dicere
469 862 502 889 de
518 862 570 889 hoc
584 862 725 891 haeretica.
739 868 800 895 qua:
816 859 849 886 ad
864 867 920 886 rem
939 853 956 880 Β

129 915 205 935 suam
223 908 366 940 facerent;
385 913 485 935 caetera
501 906 687 942 praetermisit,
704 913 764 941 qua:
788 904 854 931 alias
883 908 923 931 ta-

130 961 191 980 men
211 954 394 988 exposuisset.

164 999 211 1026 ΙΧ.
239 999 365 1026 Notanda
389 1006 472 1034 porro
491 1002 534 1026 est
554 998 711 1026 dissertatio
729 999 782 1026 ista
796 999 922 1027 Theodo—

130 1046 201 1072 reti:
225 1045 348 1072 ostendit
361 1045 436 1072 enim
463 1052 524 1080 qua:
546 1044 630 1072 fuerit
648 1044 808 1079 Apollinarii
833 1053 920 1076 mens,

129 1099 210 1126 quam
237 1091 327 1123 multi,
351 1091 434 1118 etiam
458 1091 550 1126 magni
576 1090 707 1122 nominis,
733 1095 789 1117 tum
801 1095 920 1122 veteres,

131 1138 187 1160 tum
205 1135 374 1161 recentiores
392 1134 455 1166 viri,
470 1139 518 1162 aut
532 1135 692 1167 nescierint,
707 1140 754 1162 aut
768 1143 822 1162 non
842 1136 922 1162 refel-

129 1179 212 1206 lerint
225 1189 230 1206 :
247 1181 293 1215 qui
309 1180 382 1207 enim
399 1180 614 1211 ἁνακυκλώσεως
625 1185 654 1207 et
665 1180 919 1216 χιλιονταετηρίδος,

128 1231 227 1261 pneter
251 1227 395 1257 Basiliam,
412 1226 631 1258 Nazianzenum,
659 1227 872 1262 Hieronymum,
893 1231 921 1253 et

129 1272 266 1298 Andream
281 1272 489 1299 Samosatenum
506 1272 674 1304 meminerit,
690 1273 828 1300 neminem
845 1273 919 1304 novi,

127 1318 210 1344 etiam
228 1318 299 1345 inter
316 1319 526 1353 haereseologos.
545 1318 605 1345 Non
621 1318 747 1345 meminit
759 1324 833 1346 certe
855 1319 920 1345 Phi-

128 1361 248 1393 lustrius,
281 1370 335 1388 non
361 1362 541 1396 Epiphanius,
569 1369 624 1389 non
652 1362 832 1397 Augustinus,
865 1371 919 1389 non

128 1406 278 1433 Primasius
294 1406 485 1434 Prredestinati
501 1411 599 1433 auctor
621 1407 654 1439 ⁵³,
670 1414 722 1434 nec
748 1407 796 1434 alii
824 1414 921 1434 consc-

127 1452 239 1486 quentis
253 1452 314 1479 xcvi.

447 1506 560 1535 CAPUT
571 1508 602 1536 V.

167 1562 292 1591 Reoemt'o
312 1570 430 1598 operum,
453 1571 511 1597 qum
535 1563 701 1590 continentur
724 1567 792 1590 tanta
811 1566 887 1592 tertio

418 1597 537 1624 editionis
556 1597 637 1624 Sirm.

164 1643 268 1671 Tomos
291 1643 390 1671 tertius
415 1643 549 1670 dividitur
577 1643 604 1670 in
629 1643 699 1670 duas
721 1649 822 1678 partes.
842 1645 922 1672 Prior

127 1688 324 1723 complectitur
340 1687 561 1715 Commentarios
575 1687 602 1714 in
613 1695 708 1715 omnes
718 1689 842 1723 Apostoli
856 1690 922 1724 Epi-

126 1735 223 1766 stolas,
252 1733 389 1768 posterior
415 1733 561 1760 Historiam
590 1733 806 1767 ecclesiasticam,
834 1735 922 1762 [listo-

127 1780 196 1806 n'am
208 1779 359 1814 religiosam
367 1777 424 1805 sive
437 1777 614 1810 Philol/leum,
632 1783 660 1806 et
674 1779 811 1813 Epistolas
825 1779 885 1807 146.

127 1835 142 1870 ς
169 1835 188 1862 Ι.
215 1835 254 1862 De
286 1834 482 1870 commentariis
506 1835 534 1861 in
561 1834 694 1870 Epistolas
725 1836 922 1870 quatuordeeim

396 1869 476 1896 Pauli
499 1871 656 1904 generatim.

164 1916 184 1943 Ι.
207 1915 307 1943 Totum
332 1922 412 1950 opus,
436 1922 491 1949 quo
518 1914 711 1950 interpretatio
737 1915 921 1950 Epistolarum

128 1961 205 1989 Pauli
215 1961 384 1992 continetur,
394 1959 585 1987 Theodoretus
594 1959 860 1988 Commentariorum
873 1969 922 1987 no-

127 2007 202 2034 mine
213 2006 341 2041 appellat,
355 2006 508 2040 qutestione
520 2006 534 2033 1
548 2005 575 2032 in
587 2005 750 2033 Leviticum.
763 2005 831 2033 Cum
846 2006 920 2033 enim

127 2053 347 2087 interrogantem
378 2051 541 2083 induxisset,
572 2060 580 2076 ‹
599 2059 653 2086 qua
679 2051 712 2079 de
741 2059 822 2079 causa
848 2051 922 2079 Deus

126 2098 220 2125 oﬂ‘erri
249 2098 301 2125 sibi
319 2097 453 2125 sacriﬁcia
478 2097 661 2132 pneceperit;
683 2107 691 2122 ι
711 2097 897 2132 respondet.“
913 2107 919 2124 :

131 2151 140 2167 ι
157 2141 195 2168 De
218 2141 261 2168 his
274 2141 395 2168 diximus
410 2141 503 2168 multis
519 2141 547 2167 in
559 2141 627 2168 locis
643 2150 649 2167 :
668 2145 724 2168 tum
737 2142 766 2168 in
784 2142 838 2174 his,
861 2151 921 2177 quae

977 229 1141 263 compositos
1152 237 1212 256 esse
1225 230 1436 257 commentarius
1449 235 1510 256 ante
1527 239 1628 258 annum
1640 231 1691 258 457
1703 240 1711 264 ;
1727 239 1759 258 ex

975 274 1077 308 priore,
1092 275 1165 309 quod
1177 275 1257 302 etiam
1273 281 1335 302 ante.
1351 284 1451 302 annmn
1469 276 1530 303 455.

1010 320 1053 346 Ill.
1091 320 1204 347 Constat
1233 329 1298 347 vero
1324 321 1434 348 eosdem
1459 323 1672 349 commentarios
1696 330 1761 350 esse

974 366 1151 400 posteriores,
1168 371 1225 392 tum
1241 366 1356 402 dialogis
1379 367 1510 394 adversus
1532 367 1649 395 Arianos
1660 373 1688 395 et
1704 369 1758 395 Illa—

973 411 1149 444 cedonianos,
1169 417 1225 438 tlun
1244 412 1456 446 reprehensione
1471 413 1761 440 anathematismorum

974 456 1079 491 Cyrilli.
1089 457 1155 483 Nam
1164 457 1264 491 dialogi
1274 457 1299 483 in
1311 458 1403 491 primm
1413 458 1444 484 ad
1456 458 1613 485 Corinthios
1623 460 1711 494 capite
1730 468 1762 486 xv

974 506 1184 534 memorantur;
1203 502 1382 537 reprehensio
1398 503 1424 529 in
1440 504 1528 538 capite
1545 512 1568 530 xi
1583 505 1710 538 Epistolzc
1727 505 1760 531 ad

974 546 1173 581 Pliiiippenses.
1191 547 1290 580 Quare,
1309 556 1371 575 cum
1387 548 1485 583 dialogi
1501 549 1617 576 confecti
1634 550 1688 576 sint
1700 556 1761 577 ante
1804 581 1812 588 _

978 599 1076 618 mnum
1101 592 1162 623 429,
1180 593 1358 627 reprehensio
1385 601 1458 620 anno
1484 594 1554 626 4-51,
1580 602 1692 621 necesse
1720 600 1761 622 est

973 630 1190 667 commentarios
1217 641 1243 667 in
1275 641 1350 668 Pauli
1376 641 1511 676 Epistolas
1526 639 1644 676 scriptos
1655 650 1715 668 esse
1729 649 1761 668 eo

974 686 1105 720 temporis
1132 686 1286 716 intervallo.
1308 687 1379 721 quod
1403 688 1437 714 ab
1453 687 1590 722 Ephesina
1607 688 1710 723 synodo
1728 688 1761 714 ad

974 739 1075 758 annum
1086 732 1138 758 455
1151 732 1300 760 interthtxit
1316 742 1322 759 :
1342 741 1397 768 quo
1414 739 1535 768 tempore
1550 734 1656 761 scilicet
1674 733 1762 760 Theo-

975 777 1087 804 doretus
1104 783 1256 805 secesserat
1277 783 1374 813 sponte
1386 778 1498 814 Cyrum,
1516 787 1570 806 non
1587 782 1690 806 tantum
1705 786 1763 804 mo-

975 822 1042 849 leste
1067 823 1158 850 ferens
1175 823 1269 850 initam
1285 831 1300 850 a
1320 823 1424 851 Joanne
1441 832 1502 851 cum
1522 823 1625 860 Cyrillo
1646 831 1739 858 pacem
1754 832 1761 855 ;

973 868 1019 895 sed
1037 869 1121 895 etiam
1137 869 1309 896 Antiochiam
1324 878 1379 897 non
1401 871 1526 902 veniens,
1553 870 1604 897 nisi
1620 878 1682 898 cum
1697 877 1747 904 syn

973 914 1034 941 odis
1049 915 1182 941 interesse
1197 919 1351 950 cogeretur.

1008 959 1050 986 IV.
1068 959 1126 992 Quo
1138 960 1254 987 consilio
1272 961 1305 987 ad
1329 960 1505 988 scribendum
1524 961 1680 994 accesserit,
1707 970 1762 988 non

972 1006 1083 1039 aperit;
1110 1013 1209 1040 neque,
1236 1010 1267 1032 ut
1295 1006 1354 1033 fieri
1379 1007 1458 1038 solet,
1487 1007 1558 1033 inter
1573 1007 1761 1041 prtefandum;

972 1059 1062 1085 neque
1079 1052 1104 1078 itt
1120 1051 1234 1086 epistola
1252 1053 1339 1086 prima
1356 1057 1383 1079 et
1397 1053 1518 1080 secunda
1534 1053 1567 1079 ad
1592 1053 1722 1085 amicum,
1747 1062 1762 1080 a

972 1104 1027 1130 quo
1042 1096 1093 1131 legi
1110 1101 1262 1131 optaverat,
1279 1098 1351 1132 quod
1367 1098 1523 1132 scripsisset
1537 1107 1544 1131 ;
1557 1098 1656 1133 conjici
1673 1104 1762 1126 tamen

973 1141 999 1167 id
1019 1146 1107 1176 potest
1124 1150 1156 1168 ex
1184 1141 1343 1168 conditione
1366 1146 1538 1177 temporum:
1553 1143 1641 1169 voluit
1665 1151 1764 1178 nempe

973 1186 1014 1212 sui
1028 1193 1152 1213 secessus
1167 1187 1223 1212 otio
1239 1185 1303 1218 frui,
1318 1192 1345 1213 ct
1363 1187 1484 1213 animum
1508 1195 1624 1214 avocare
1643 1195 1658 1214 a
1681 1187 1765 1214 rebus

972 1240 1032 1266 qua:
1052 1232 1229 1266 gerebantur,
1248 1240 1362 1267 qumque
1378 1227 1409 1259 hei
1429 1233 1594 1274 videbantur
1607 1237 1635 1260 et
1651 1233 1764 1268 ingrata:

965 1281 998 1306 ,οι
1015 1277 1147 1304 ntolestze.

1008 1323 1039 1351 V.
1065 1324 1094 1350 lu
1119 1323 1280 1350 Praelatione
1305 1329 1422 1358 occupat
1435 1325 1640 1352 accusationem
1656 1333 1763 1357 eorum,

972 1369 1017 1405 qtti
1035 1377 1106 1404 a-gre
1122 1369 1225 1396 terrent
1237 1370 1270 1396 ab
1295 1370 1386 1404 aliquo
1403 1371 1526 1401 tractari,
1546 1371 1618 1405 quod
1633 1371 1684 1398 viri
1708 1372 1763 1398 duo

972 1415 1201 1450 prmstantissimi,
1217 1414 1429 1451 Chrysostomus
1444 1422 1527 1451 atque
1537 1416 1700 1444 Theodorus
1709 1418 1765 1444 Μο-

972 1465 1136 1495 psuestcnus
1162 1462 1170 1471 '
1192 1470 1280 1496 nuper
1303 1462 1495 1489 ahsolvissent.
1512 1463 1566 1490 [los
1581 1463 1654 1490 enim
1669 1464 1765 1491 ambos

947 1522 954 1548 1
972 1507 1107 1542 significat
1120 1507 1178 1534 istis
1191 1507 1315 1539 vocibus,
1333 1508 1401 1542 μετὰ
1415 1508 1460 1533 τὸν
1474 1508 1547 1534 δεῖνα
1563 1509 1608 1535 καὶ
1620 1509 1664 1534 τὸν
1679 1509 1763 1540 δεῖνα,

973 1554 1035 1584 τοὺς
1057 1553 1105 1588 τῆς
1128 1553 1288 1588 οἰκουμένης
1303 1553 1460 1587 φωστῆρας,
1475 1557 1528 1580 etc.
1544 1553 1654 1580 Refellit
1671 1558 1763 1581 autem

972 1597 1176 1624 accusationem
1204 1597 1335 1631 exemplis
1357 1605 1371 1623 a
1385 1597 1525 1631 Scriptura
1542 1597 1644 1631 petitis,
1662 1598 1764 1632 quibus

974 1642 1046 1677 ipsos
1067 1643 1148 1669 cliatn
1169 1643 1290 1669 minores
1311 1651 1325 1669 a
1343 1642 1399 1669 Deo
1419 1643 1506 1676 gratia
1528 1643 1644 1670 donatos
1658 1643 1692 1670 ad
1714 1651 1763 1670 co-

972 1687 1128 1722 gnoscenda
1150 1687 1279 1723 mysteria
1300 1687 1408 1722 probat.
1433 1688 1492 1715 Jam
1509 1695 1575 1715 vero
1594 1696 1762 1723 proponens,

973 1741 1025 1767 qua
1049 1733 1153 1760 ratione
1171 1733 1326 1766 exponendi
1345 1733 1477 1760 utendum
1494 1736 1582 1767 putet,
1598 1733 1719 1760 ostendit
1734 1741 1762 1760 se

973 1787 1021 1805 sua
1038 1779 1108 1805 velle
1131 1779 1264 1806 brevitate
1281 1779 1406 1806 homines
1427 1779 1461 1806 ad
1477 1779 1623 1814 legendum
1640 1779 1762 1811 allicere,

973 1832 1042 1859 quos
1057 1824 1245 1860 Chrysostomi
1260 1824 1453 1859 Thcodoriquc
1480 1824 1600 1851 oratoria
1620 1825 1763 1859 prolixitas

973 1871 1149 1897 absterreret.

1008 1917 1052 1944 V'I.
1077 1917 1166 1944 Locus
1190 1924 1273 1951 porro
1299 1916 1404 1951 prinms
1428 1916 1461 1943 ad
1485 1914 1655 1948 Corinthios,
1667 1916 1693 1943 in
1708 1914 1763 1952 quo

975 1961 1004 1988 tit
1034 1969 1124 1988 sermo
1150 1961 1183 1988 de
1212 1961 1328 1995 dialogis
1351 1960 1483 1987 adversus
1510 1960 1639 1992 Ariauos,
1665 1961 1704 1988 sic
1734 1969 1764 1988 se

972 2008 1055 2035 habet
1069 2017 1074 2034 :
1105 2017 1113 2032 ι
1127 2006 1205 2033 Hunc
1230 2007 1319 2034 locum
1335 2006 1364 2037 ii,
1376 2006 1422 2041 qui
1435 2014 1497 2033 culti
1511 2006 1576 2033 Ario
1587 2011 1614 2033 et
1628 2007 1764 2034 Eunomio

972 2054 1104 2085 sentiunt,
1121 2053 1146 2080 in
1161 2060 1209 2080 ore
1225 2053 1325 2080 habere
1339 2052 1448 2080 assidue
1472 2057 1684 2085 consueverunt,
1703 2053 1763 2080 exi—

972 2101 1125 2128 stimantes.
1143 2099 1195 2126 hac
1219 2099 1326 2126 ratione
1351 2107 1379 2126 se
1409 2098 1443 2125 de
1467 2098 1605 2133 Unigeniti
1629 2098 1762 2133 dignitate

973 2145 1118 2172 detrahere
1140 2145 1173 2170 "‘.
1194 2153 1202 2169 ι
1218 2143 1307 2170 Locus
1317 2151 1381 2170 vero
1397 2147 1458 2169 est:
1477 2152 1485 2168 ι
1503 2143 1571 2170 Cum
1588 2147 1680 2169 autem
1696 2143 1762 2170 sub-

126 2193 225 2215 contra
252 2188 362 2216 Gnecos
384 2188 556 2222 scripsimus,
581 2192 608 2215 et
626 2187 760 2214 adversus
781 2188 917 2220 haereses;
937 2191 1041 2225 Djecta
1067 2190 1104 2216 illi
1129 2189 1232 2217 fuerint
1254 2189 1356 2220 omnia,
1381 2193 1446 2215 tunc
1469 2192 1498 2215 et
1521 2188 1578 2223 ipse
1596 2188 1682 2215 Filius
1695 2189 1762 2216 sub-

128 2238 187 2261 tum
216 2235 245 2261 in
268 2234 312 2266 iis,
339 2242 399 2269 qua:
423 2234 554 2261 adversus
586 2241 697 2268 magos;
727 2238 860 2268 prteterea
891 2235 919 2261 in

126 2281 351 2308 enarrationibus
361 2280 572 2315 Prophetarum,
582 2283 610 2306 et
622 2280 649 2306 in
661 2279 843 2314 Epistolarum
856 2287 921 2314 apo-

127 2326 289 2354 stolicarum
302 2326 517 2353 commentariis.
536 2337 545 2350 ι

163 2372 196 2400 ll.
219 2372 344 2400 Meminit
372 2376 504 2407 praeterea
525 2371 640 2406 epistola
656 2372 681 2403 1,
693 2370 720 2403 '2,
737 2370 780 2402 8‘2,
796 2371 855 2403 115,
873 2371 921 2398 sed

126 2419 217 2453 prima
240 2423 268 2446 et
282 2418 403 2446 secunda
423 2418 525 2445 nullam
541 2418 645 2445 habent
666 2417 798 2452 temporis
814 2421 918 2448 notam,

126 2464 212 2500 276
231 2464 335 2491 habent
356 2464 416 2491 alite
440 2463 501 2491 dum
516 2472 522 2490 :
540 2471 601 2490 nam
616 2467 733 2497 utraque
750 2468 920 2490 commenta—

127 2510 187 2537 rios
212 2515 338 2537 rccenset
363 2510 435 2537 inter
459 2517 542 2544 opera
570 2513 633 2536 ante
660 2516 747 2536 annos
773 2509 918 2536 duodecim

125 2556 220 2590 edita;
236 2556 283 2583 sed
297 2556 373 2590 prior
381 2555 443 2583 data
454 2560 506 2588 est,
518 2560 549 2583 ut
557 2563 627 2590 saepe
637 2555 767 2586 diximus,
777 2562 848 2582 anno
857 2554 919 2586 145,

167 2633 178 2654 ί
198 2634 208 2662 1
222 2634 286 2662 Cor.
303 2643 348 2667 xv,
367 2634 413 2662 28.

969 2235 1061 2270 jectus
1074 2235 1127 2261 erit
1143 2234 1180 2266 ei,
1196 2234 1242 2268 qui
1256 2233 1437 2268 subjecitsibi
1449 2233 1540 2260 omnia
1557 2233 1578 2260 ί.
1598 2243 1606 2259 ι
1622 2233 1707 2266 Quem
1719 2234 1761 2261 lo-

972 2287 1034 2307 cum
1047 2283 1191 2313 postquam
1206 2279 1372 2305 deelarasset
1385 2279 1499 2314 prolixe,
1512 2279 1671 2306 memoratis
1681 2279 1762 2306 Chri-

972 2324 1007 2350 sti
1034 2323 1140 2350 naluris
1165 2322 1283 2353 duabus,
1313 2322 1422 2349 tandem
1450 2323 1548 2350 addit:
1576 2333 1585 2348 ι
1603 2324 1702 2351 Verum
1727 2323 1764 2351 de

972 2369 1016 2396 his
1030 2370 1140 2404 copiose
1165 2368 1348 2396 disseruimus
1375 2368 1402 2395 in
1431 2369 1533 2396 nostris
1562 2369 1694 2396 adversus
1714 2377 1761 2397 eos

971 2415 1222 2441 concertationilms
1244 2425 1252 2439 ι
1264 2414 1368 2446 Graece,
1380 2415 1408 2440 ἐν
1416 2415 1470 2446 τοῖς
1480 2415 1547 2449 πρὸς
1555 2414 1653 2445 αὐτοὺς
1662 2415 1762 2448 ἀγῶσι.

973 2461 1080 2496 Agones
1106 2468 1171 2486 vero
1200 2465 1264 2487 sunt
1289 2464 1390 2487 mutua:
1416 2459 1622 2495 conﬂigentium
1649 2460 1761 2495 petitio—

973 2515 1032 2538 nes,
1061 2506 1142 2541 277
1164 2514 1225 2540 qua:
1240 2506 1350 2540 proprie
1365 2506 1463 2540 dialogi
1477 2509 1551 2537 sunt,
1564 2505 1682 2532 maxime
1698 2513 1761 2533 eum

973 2552 1099 2587 polemici
1124 2552 1269 2579 exsistunt.
1298 2552 1335 2578 De
1361 2551 1484 2586 Apostoli
1509 2551 1570 2579 loco
1597 2552 1705 2580 dicetur
1732 2553 1761 2580 iu

796 2689 882 2717 SClll'
889 2688 954 2716 Lle
973 2688 1090 2715 ΝΟΤᾹΞ.

164 2774 186 2790 ⁶¹
200 2773 297 2801 Ezech.
310 2772 402 2800 Editio
418 2773 494 2807 prior
519 2772 637 2800 habebat
660 2771 794 2799 Jcremize.
811 2771 872 2798 Vid.
889 2780 919 2798 su

165 2816 181 2834 c
196 2808 341 2834 hvnothesi
359 2807 414 2834 vid.
430 2816 456 2834 n.
475 2808 533 2834 Mli.
573 2808 595 2823 ⁵³
616 2807 703 2834 Prwd.
723 2813 791 2834 nurl.
810 2807 918 2834 Oudinu

976 2791 982 2803 ,
1001 2776 1019 2798 ι.
1036 2771 1068 2801 ll,
1083 2778 1109 2805 p.
1134 2770 1209 2802 1015,
1223 2766 1327 2799 notata.

997 2815 1020 2832 e.
1041 2815 1068 2834 ιι.
1087 2806 1163 2834 1081.
1183 2806 1257 2833 addit
1283 2811 1327 2834 nul

641 2815 703 2834 rum.
723 2815 791 2834 Itttrl.
810 2815 934 2834 Ulttttltlls
954 2815 972 2832 t.

126 2809 181 2835 hac
196 2808 341 2843 hypothesi
359 2807 414 2835 vid.
430 2816 456 2842 p.
475 2808 533 2835 H9.

127 2843 152 2859 "
168 2843 230 2871 Vid.
246 2848 266 2871 ι.
283 2843 327 2876 111,
342 2843 431 2878 p.271
444 2850 502 2878 seq.

1368 2771 1389 2785 “
1409 2770 1518 2797 Cum—
1529 2771 1704 2805 Apollinario.
1720 2770 1757 2798 De

997 2815 1020 2832 (κ
1041 2815 1068 2840 p.
1087 2806 1163 2837 lOSI,
1183 2806 1257 2833 addit
1281 2811 1398 2840 putatus.
1439 2807 1459 2821 δ”
1482 2806 1541 2833 \‘id.
1565 2811 1583 2833 t.
1601 2807 1620 2839 I,
1645 2814 1671 2841 p.
1699 2807 1748 2832 17ῐὶ
