1967 3047
196 157 248 188 237

751 160 937 190 GARNERII
962 161 1209 193 DlSSERTATIO
1230 163 1270 194 II.

1774 166 1826 197 2‘28

198 211 357 240 recensione
382 217 428 239 aut
449 213 600 241 assertione
614 214 706 248 potius
721 215 910 250 hujuscemodi
927 216 986 243 dia—
1002 220 1021 246 Α
1037 217 1085 243 sed
1106 218 1215 252 szepius.
1237 219 1314 251 Quod
1333 226 1414 253 porro
1437 224 1546 254 negant,
1562 219 1645 254 hujus
1659 220 1826 247 mentionem

197 259 330 293 logornm.

233 304 288 331 Vll.
314 304 342 330 in
362 304 563 331 commentariis
579 304 610 331 ad
630 310 711 339 caput
732 314 763 332 xx
780 306 813 332 ad
831 305 985 341 Philippen-

197 356 251 379 ses.
264 356 324 374 eum
342 349 634 383 exposuisseteelebrc
643 350 709 377 illud
719 351 821 377 dictum
838 351 960 386 Apostoli
977 360 982 377 :

198 393 252 420 Hoc
273 394 341 420 l’llim
365 394 457 420 sentite
480 396 507 420 in
530 395 616 426 vobis,
642 396 711 430 quod
729 400 752 422 et
775 397 802 423 in
819 396 921 424 Christo
940 397 984 424 Je-

197 442 251 463 suB
265 458 272 468 ,
291 442 355 469 (δια,
377 439 463 472 pergit
481 439 508 465 in
532 439 590 465 lnec
613 440 694 466 verba
716 449 722 466 :
746 450 754 465 ι
775 440 888 468 Omnem
911 445 984 468 certe

198 482 312 509 haeresin
331 491 380 517 per
405 491 490 517 pauca
516 483 573 510 hrec
590 484 675 510 verba
691 486 855 520 expugnavit.
875 486 985 513 divinus

197 528 353 562 Apostolus,
373 533 428 555 tum
441 538 487 555 eos
499 530 544 564 qui
563 530 732 558 divinitatem
756 531 892 566 Unigeniti
910 532 981 560 blas-

197 574 336 608 phemant,
351 578 377 601 et
395 575 441 608 qui
468 576 528 609 ejus
542 576 736 603 humanitatem
747 581 856 612 negant,
870 582 926 604 tum
937 585 985 605 eos

198 622 346 652 prmterea,
376 619 421 652 qui
453 619 613 654 hypostases
641 628 688 647 seu
716 628 847 655 personas
872 623 982 649 confun-

198 662 266 689 dunt
275 663 341 688 “"7.
350 664 476 696 iDeinde,
487 665 627 692 contntato
636 666 821 694 Sabelliocnm
829 668 894 700 suis,
903 673 984 703 atque

196 707 278 734 etiam
293 709 358 734 Ario
375 713 402 735 et
422 709 567 742 Eunomio,
586 710 620 737 de
638 711 726 738 forma
739 712 785 738 Dei
802 717 829 739 et
840 714 910 740 servi
927 714 984 741 dis-

197 757 273 786 putat
291 754 419 780 eumdem
451 755 479 780 in
502 756 624 788 modum,
646 765 700 791 quo
722 759 823 785 iCt'Ot‘ﬂl
841 759 867 785 in
891 767 984 794 repre-

197 797 329 825 hensione
339 799 570 833 anathctnatismi;
582 802 727 828 cttandem
741 804 895 831 concludit:
912 815 919 830 ι
931 805 983 832 Sed

196 842 229 869 de
241 843 284 870 his
298 844 380 871 etiam
397 845 461 872 alibi
478 847 587 881 copiose
606 847 797 876 disseruimus.
818 859 826 874 ›

232 888 300 915 Vill.
315 889 521 917 Observandum
535 899 617 926 porro
642 892 844 920 ’l‘heodoretum
862 902 984 929 quacun—
999 884 1020 913 Β

195 941 249 967 que
262 933 323 960 data
341 935 483 961 occasione
502 935 592 962 invehi
608 936 635 963 in
655 937 749 964 Arium
763 943 790 965 ct
801 939 981 972 Eunomium;

197 977 224 1004 in
237 978 423 1006 Macedonium
433 980 466 1007 de
478 980 596 1014 Spiritus
608 982 694 1008 sancti
703 983 984 1012 consubstantialitate

196 1024 265 1051 male
290 1025 468 1058 sentientem;
494 1026 521 1052 in
541 1034 589 1053 eos
615 1027 662 1061 qui
690 1028 858 1064 passibilcm,
883 1029 984 1064 quique

197 1074 345 1101 mortuum,
359 1074 386 1097 et
409 1071 566 1105 pontiﬁcem
582 1076 716 1105 nostrum,
734 1063 818 1100 Dedm
833 1082 891 1102 esse
908 1075 981 1102 dice-

197 1118 267 1145 rent,
281 1114 327 1148 qui
344 1122 475 1148 personas
491 1116 518 1142 in
530 1115 640 1142 Christo
654 1117 861 1151 coitiunderent,
878 1127 932 1146 non
943 1119 985 1146 di-

195 1158 262 1185 visis
291 1159 324 1186 iis
340 1167 400 1194 qua).
421 1159 455 1187 de
478 1159 588 1188 Christo
613 1161 741 1188 dicuntur
767 1163 793 1189 in
813 1163 983 1198 Scripturis:

195 1211 250 1237 quo
265 1203 337 1231 facto
354 1204 524 1233 demonstrat
542 1207 679 1241 opinionis
691 1214 790 1235 nostra:
807 1209 984 1243 probabilita-

196 1252 250 1274 tem
270 1248 303 1275 de
319 1253 441 1284 tempore
460 1254 489 1277 et
500 1253 614 1278 consilio
629 1253 748 1287 suscepti
765 1255 867 1288 operis,
886 1264 984 1291 nempe

196 1298 256 1327 post
273 1294 407 1328 synodum
431 1295 596 1329 Ephesinam
610 1301 637 1323 et
656 1305 749 1331 pacem
775 1297 880 1331 initam,
904 1309 984 1335 quam

196 1347 257 1366 cum
269 1347 339 1374 :egre
357 1340 452 1371 ferret,
464 1341 538 1367 nulla
551 1349 606 1368 non
620 1350 686 1369 usus
699 1347 741 1369 est
753 1345 882 1378 carpendi
895 1346 984 1381 capita

195 1383 345 1419 Cyrilliana
364 1387 581 1420 opportunitate.

231 1429 275 1456 IX.
290 1430 322 1456 Et
334 1438 398 1457 vero
415 1431 646 1466 quibusApostoli
663 1434 730 1462 locis
741 1436 912 1470 potissimum
926 1445 984 1465 rem

195 1481 273 1500 suam
294 1474 321 1500 in
343 1475 558 1509 reprehensione
576 1478 697 1512 capitum
717 1480 851 1508 conﬁcere
871 1481 923 1509 sibi
943 1482 985 1509 vi-

195 1527 242 1547 sus
254 1524 323 1552 erat,
345 1521 378 1548 ad
399 1522 448 1549 hos
471 1522 594 1557 singulos
617 1525 719 1552 diutius
737 1526 763 1553 in
778 1529 982 1556 commentariis

196 1565 289 1598 haeret,
303 1568 444 1602 carpitque
469 1570 551 1595 tacito
573 1571 695 1603 nomine,
719 1578 830 1607 propter
847 1577 979 1608 tempora,

195 1620 277 1646 quem
300 1617 379 1640 antea
396 1614 483 1648 palam
503 1620 639 1649 arguerat.
663 1617 781 1652 Legendi
804 1627 858 1653 pne
878 1621 983 1648 ueteris

195 1657 247 1684 loci
264 1658 309 1685 isti
322 1659 421 1694 Ephes.
441 1668 460 1692 ι,
474 1660 522 1693 2ος
539 1661 644 1689 Coloss.
662 1672 679 1689 n
691 1684 697 1694 ,
714 1664 743 1696 8;
763 1665 880 1700 Philipp.
899 1675 932 1698 ll,
946 1667 980 1699 5;

195 1703 277 1731 llebr.
296 1713 314 1736 ι,
332 1706 380 1738 ll;
400 1714 435 1736 Iv,
450 1706 499 1739 M;
516 1715 542 1738 v,
559 1708 570 1734 1
585 1713 613 1734 et
627 1709 669 1736 l0.

231 1751 264 1777 Χ.
282 1751 436 1784 Quinetiam
458 1753 484 1779 in
513 1761 560 1780 eos
578 1755 692 1782 maxime
711 1756 854 1785 hrercticos
879 1758 982 1785 invehi-

195 1800 250 1828 tur,
271 1805 388 1831 qnorum
413 1798 571 1826 societatem
598 1800 698 1835 Cyrillo
724 1801 750 1828 in
771 1804 982 1837 reprehensione

195 1842 315 1876 capitum
336 1843 440 1878 objicit,
468 1844 562 1871 Arium
585 1850 613 1872 et
636 1847 811 1879 Eunomium,
837 1853 890 1876 etc.
912 1850 981 1882 Quid

195 1887 268 1920 quod
287 1887 320 1913 de
332 1887 418 1914 forma
434 1889 505 1915 servi
522 1893 549 1915 et
565 1890 691 1923 pontiﬁce
715 1892 787 1924 Deo,
810 1893 905 1920 eadem
925 1895 982 1921 fere

196 1931 279 1959 habet
304 1933 331 1959 in
349 1934 570 1965 commentariis,
593 1939 675 1969 atque
700 1937 728 1962 in
751 1939 979 1972 reprehensione;

195 1977 291 2004 (odem
307 1979 451 2013 utrobique
466 1981 546 2007 modo
565 1982 779 2009 incarnationem
793 1984 919 2018 explicat,
934 1993 982 2019 per

197 2022 367 2050 indutionem
387 2028 416 2051 et
443 2025 670 2054 inhabitationem
697 2028 817 2056 hominis
841 2037 855 2056 a
880 2030 980 2057 Verbo.

195 2067 265 2100 Ouid
286 2070 392 2096 multa?
416 2070 502 2098 Nemo
526 2073 623 2108 legerit
641 2078 790 2108 utrumque
811 2082 880 2109 opus
900 2077 982 2110 paulo

196 2114 345 2147 attentius,
375 2115 441 2150 quin
469 2118 595 2144 eumdem
622 2119 649 2145 in
682 2123 799 2154 utroque
831 2120 980 2155 spiritum,

195 2159 373 2195 eamdemque
385 2161 537 2190 doctrinam
550 2169 688 2199 agnoscat.

362 2245 376 2279 §
394 2245 425 2272 11.
442 2261 477 2266 -—
491 2247 608 2275 Historia
621 2249 805 2277 ecclesiastica.

230 2317 250 2343 l.
279 2318 348 2345 Sunt
365 2320 410 2353 qui
428 2321 630 2350 Theodoretum
650 2330 746 2360 putent
764 2327 887 2354 Historiae
901 2329 982 2355 eccle—

194 2362 306 2389 siasticw
331 2372 466 2399 nusquam
491 2369 649 2397 meminisse
671 2379 677 2397 :
695 2379 750 2398 non
766 2372 917 2400 difﬁtentur
940 2374 980 2401 illi

196 2411 296 2440 tamen,
311 2410 393 2445 278
408 2411 474 2446 quin
488 2422 548 2440 eam
564 2415 620 2450 ipse
639 2417 781 2452 agnoverit
798 2419 871 2445 velut
883 2427 979 2452 suam;

194 2454 415 2489 quandoquidem
430 2457 456 2484 in
475 2466 507 2486 ea
523 2461 689 2488 mentionem
706 2462 770 2490 fecit
782 2463 921 2496 Philol/mi,
933 2473 983 2492 ceu

196 2498 326 2534 religiosae
342 2501 464 2530 historia:
481 2512 495 2530 a
515 2512 544 2531 se
557 2507 729 2542 conscripto.

228 2544 260 2571 Il.
274 2545 351 2578 Quod
374 2547 401 2574 in
416 2556 447 2575 ea
466 2549 594 2578 Philotimi
610 2553 767 2581 meminisse
780 2554 886 2587 dicunt,
905 2555 983 2583 facile

195 2591 337 2618 consentio
352 2601 358 2617 :
373 2594 497 2620 meminit
510 2596 594 2629 enim,
614 2605 668 2624 non
685 2600 779 2631 semel,
798 2605 828 2626 ut
843 2601 881 2627 illi
895 2601 981 2634 aiunt,

232 2669 244 2688 ⁸
260 2669 376 2705 Philipp.
396 2679 426 2702 ιι,
444 2673 460 2699 5

999 2230 1020 2255 Ι)

1035 263 1131 290 fecisse
1159 264 1186 290 in
1210 264 1272 290 aliis
1298 265 1446 298 operibus,
1466 265 1592 292 assentiri
1620 273 1674 292 non
1702 273 1825 300 possum,

1034 312 1147 341 propter
1166 313 1258 342 aperta
1275 309 1359 335 verba
1373 317 1432 342 qum
1449 309 1572 343 leguntur
1599 309 1625 335 in
1643 309 1713 336 libro
1727 317 1752 335 iv
1765 309 1826 336 "IP-

1035 353 1176 379 rrticarum
1190 353 1351 387 fabularum,
1365 361 1425 388 cap.
1442 354 1467 380 1,
1484 354 1631 387 Postquam
1643 354 1716 380 enim
1736 353 1826 380 Theo-

1034 397 1147 425 doretus
1170 399 1255 426 multa
1277 399 1311 426 de
1338 399 1403 426 Ario
1429 399 1562 431 narravit,
1582 407 1642 426 mox
1664 399 1824 435 subjuugit:

1039 452 1047 468 ι
1068 442 1121 470 Sed
1148 451 1210 470 cum
1235 444 1292 471 lnec
1317 444 1345 471 in
1372 445 1490 471 Historia
1519 445 1695 472 ecclesiastica
1716 445 1826 480 copiose

1035 489 1254 523 conscripserim,
1267 497 1501 523 supervacaneum
1520 495 1586 524 pulo
1603 490 1648 516 hic
1662 489 1756 517 dicere
1767 491 1800 517 ⁸⁸.
1813 500 1822 516 ι

1035 533 1069 559 Et
1091 534 1182 560 statim
1198 534 1286 568 capite
1304 534 1331 565 ἓ,
1352 534 1398 561 ubi
1417 534 1450 561 de
1473 534 1597 562 Eudoxio
1610 535 1665 569 agit
1683 544 1688 561 :
1706 545 1715 560 ‹
1734 535 1772 562 Ac
1791 543 1826 562 ne

1034 579 1162 606 omnibus
1174 579 1300 607 dicendis
1310 580 1359 607 sim
1371 581 1494 614 longior;
1506 581 1605 608 horum
1615 582 1688 608 enim
1700 582 1824 609 omnium

1036 624 1063 650 in
1079 632 1162 658 opere
1177 625 1222 651 illo
1234 626 1344 652 memini
1357 626 1389 652 ⁸³.
1408 636 1416 651 ι
1434 626 1541 653 Τούτων
1550 627 1603 662 γὰρ
1616 627 1724 654 πάντων
1740 628 1824 663 ἐμνή-

1036 670 1101 704 σθην
1120 671 1148 696 ὲν
1163 672 1194 705 τῇ
1211 671 1300 706 ἐκείνῃ
1318 673 1474 706 συγγραφῇ.

1070 715 1113 741 lll.
1128 716 1310 743 Meminernnt
1320 721 1418 751 printer
1426 717 1628 744 Thcodoretum
1644 718 1700 751 alii,
1715 718 1824 746 Genna-

1034 760 1096 787 dius
1109 761 1147 792 7°,
1167 761 1346 789 Cassiodorus
1361 763 1394 794 ⁷¹,
1414 763 1526 790 Photius
1550 764 1582 792 τ’.
1608 769 1636 791 et
1654 764 1824 799 Nicephorus

1035 807 1162 834 Callistus
1174 808 1207 834 ⁷⁵.
1229 808 1281 834 Sed
1295 808 1453 835 Gennadius
1473 809 1564 835 verbis
1589 810 1736 836 admodum
1759 817 1823 844 per-

1035 853 1131 887 plexis,
1150 861 1210 888 qum
1231 862 1294 881 mox
1318 854 1351 881 ad
1374 862 1489 882 examen
1509 856 1700 882 vncabuntur:
1717 856 1824 883 Cassio-

1035 899 1119 925 dorus
1133 907 1230 934 magna
1245 907 1306 926 cum
1321 900 1411 932 laude,
1427 901 1515 936 utqui
1529 901 1677 929 Latinitate
1695 902 1824 929 donatam

1034 945 1068 971 ab
1091 945 1245 979 Epiphanio
1274 945 1443 973 Scholastico
1467 947 1605 974 contraxit
1623 947 1650 974 in
1669 948 1821 982 epitomen,

1034 989 1174 1023 voluitque
1196 997 1256 1016 esse
1274 994 1378 1024 partem
1395 990 1531 1022 hlSIOI‘iLE,
1548 999 1629 1025 quam
1647 992 1825 1026 Tripartitam

1033 1040 1143 1063 vocant.
1162 1036 1171 1046 ‘
1192 1036 1306 1063 Photins
1332 1037 1426 1064 critiee
1447 1045 1453 1063 :
1476 1047 1484 1062 ι
1501 1031 1582 1064 Lecta
1603 1042 1644 1064 est
1660 1037 1824 1065 Theodoreti

1035 1081 1150 1108 Historia
1174 1081 1358 1109 ecclesiastica.
1377 1082 1504 1110 Omnium
1521 1091 1590 1118 quos
1605 1084 1726 1118 proxime
1740 1085 1827 1111 nomi-

1033 1127 1095 1153 navi
1112 1126 1311 1161 (nominaverat
1325 1128 1484 1160 Eusebium,
1504 1129 1654 1160 Socratem,
1669 1130 1824 1164 Evagrium,

1034 1170 1241 1206 Solomenum),
1259 1173 1469 1200 convenientem
1481 1174 1567 1208 magis
1585 1174 1708 1201 historia:
1725 1175 1825 1210 stylum

1034 1216 1146 1243 adhibet
1165 1225 1171 1242 :
1189 1217 1280 1243 clarus
1302 1218 1375 1244 enim
1404 1222 1431 1244 et
1454 1218 1564 1252 grandis
1587 1223 1639 1250 est,
1660 1219 1826 1253 minimeque

1035 1262 1210 1295 redundans,
1229 1263 1281 1290 nisi
1299 1263 1372 1297 quod
1394 1265 1617 1292 translationibus
1638 1266 1768 1293 audacius
1783 1266 1826 1293 in-

1036 1308 1154 1339 terdum.
1166 1313 1194 1335 et
1211 1317 1280 1343 pene
1304 1309 1396 1344 inepte
1415 1315 1518 1337 utatur.
1535 1320 1543 1336 ι
1559 1311 1731 1345 Nicephorus
1743 1312 1827 1339 verbo

1035 1361 1091 1381 uno
1106 1363 1112 1380 :
1131 1363 1139 1379 ι
1153 1354 1312 1381 Elaboravit
1323 1359 1352 1381 et
1369 1355 1421 1381 alia
1434 1355 1498 1387 duo,
1509 1364 1625 1390 quorum
1639 1365 1722 1383 unum
1737 1357 1824 1384 [listo-

1035 1399 1104 1426 riam
1129 1399 1341 1431 ecclesiasticam,
1364 1401 1480 1428 alterum
1499 1401 1676 1434 Philotimum,
1698 1410 1745 1430 seu
1761 1403 1824 1430 reli-

1036 1442 1138 1478 giosam
1157 1443 1308 1476 historiam,
1324 1450 1413 1472 vocat.
1431 1455 1439 1471 ›

1071 1488 1209 1515 Audacem
1226 1489 1309 1523 igitur
1335 1494 1416 1524 atque
1435 1491 1517 1518 etiam
1535 1491 1721 1526 impudentem
1746 1500 1826 1526 opor-

1036 1537 1075 1560 tet.
1091 1542 1154 1561 eum
1173 1542 1242 1566 esse,
1257 1535 1303 1569 qui
1321 1537 1389 1570 opus
1407 1535 1442 1562 ita
1458 1540 1564 1568 notum,
1583 1537 1620 1564 ita
1633 1541 1773 1570 testatum,
1790 1538 1825 1565 ita

1037 1581 1209 1608 manifestum
1230 1582 1394 1609 Theodoreti
1409 1590 1468 1609 esse
1491 1587 1581 1617 neget,
1612 1587 1641 1609 ut
1668 1583 1781 1614 Caecus.
1800 1588 1826 1610 et

1036 1627 1081 1654 alii
1098 1635 1152 1654 non
1170 1627 1297 1654 meliores
1316 1637 1322 1654 :
1339 1628 1405 1655 certi
1430 1628 1543 1663 rejicere
1563 1628 1665 1662 scripta
1690 1633 1825 1658 veterum.

1036 1673 1234 1706 qualiacunque
1260 1673 1368 1700 tandem
1384 1673 1448 1705 sint.
1467 1673 1489 1700 si
1518 1673 1575 1700 suis
1602 1673 1771 1699 novitatibus
1784 1673 1826 1700 in-

1037 1718 1221 1746 commodent.

1071 1775 1114 1802 Ν.
1150 1775 1208 1808 Quo
1239 1779 1362 1810 tempore
1381 1775 1481 1810 scripta
1502 1775 1581 1807 sit",
1597 1783 1678 1802 nemo
1689 1775 1824 1802 hactenus

1036 1826 1112 1848 certo
1126 1821 1264 1848 deﬁnivit.
1283 1822 1339 1848 Nec
1354 1822 1427 1848 enim
1441 1822 1495 1848 ulla
1514 1829 1575 1856 pars
1592 1821 1648 1848 visa
1664 1825 1706 1848 est
1721 1827 1826 1855 tempo-

1036 1867 1074 1894 ris
1093 1871 1186 1894 notam
1214 1867 1352 1902 prmferre.
1376 1868 1435 1894 Non
1454 1867 1587 1902 pradatio,
1608 1867 1636 1894 in
1659 1875 1711 1901 qua
1734 1872 1825 1894 tamen

1011 1922 1013 1926 ί
1036 1913 1104 1939 solet
1119 1913 1220 1946 aliquid
1237 1913 1370 1948 ejusmodi
1390 1913 1539 1948 praemitti:
1555 1921 1608 1939 non
1630 1913 1699 1944 ﬁnis,
1718 1913 1764 1939 ubi
1785 1921 1827 1940 re-

1036 1957 1161 1984 feruntur
1181 1959 1327 1992 praesnlnm
1354 1959 1464 1985 nomina
1477 1979 1484 1990 ,
1499 1959 1545 1993 qui
1567 1959 1718 1993 majoribus
1732 1958 1827 1985 Eccle-

1035 2004 1083 2031 siis
1100 1995 1269 2039 praefuerunt
1285 2014 1290 2031 :
1303 2013 1357 2031 non
1369 2004 1455 2032 series
1468 2004 1598 2035 historiae,
1617 2014 1626 2028 ι
1641 2011 1701 2038 qua:
1716 2008 1825 2030 centum

1035 2053 1062 2076 et
1072 2049 1192 2083 quinque
1208 2057 1342 2076 annorum
1363 2054 1470 2084 tempus
1499 2048 1701 2083 complectitur,
1721 2048 1754 2075 ab
1767 2048 1824 2075 Arii

1035 2095 1143 2121 vesania
1166 2095 1310 2129 incipiens,
1333 2095 1517 2129 desinensqne
1537 2095 1564 2121 in
1577 2094 1652 2121 obitu
1676 2094 1824 2121 illustrium

1034 2140 1155 2166 virorum
1173 2141 1309 2167 Theodori
1327 2146 1354 2167 et
1366 2141 1499 2168 Theodoti
1513 2141 1545 2167 ⁷⁵.
1564 2150 1572 2166 ι

1069 2196 1100 2222 V.
1120 2196 1242 2222 Proclive
1255 2196 1442 2230 essetopinari
1464 2204 1497 2222 eo
1515 2201 1636 2230 tempore
1647 2196 1823 2227 elaboratam,

1034 2247 1089 2274 quo
1099 2239 1203 2271 ﬁnitur,
1226 2240 1252 2266 id
1269 2244 1321 2272 est,
1335 2248 1406 2267 anno
1419 2240 1520 2267 Christi
1540 2241 1607 2272 427;
1621 2241 1672 2267 nisi
1691 2241 1824 2272 obstaret,

1035 2285 1108 2319 quod
1121 2285 1148 2311 in
1161 2285 1230 2312 libro
1240 2286 1329 2320 primo
1341 2290 1493 2320 quartoque
1507 2286 1610 2313 mentio
1622 2286 1667 2313 ﬁat
1681 2286 1824 2317 Pliilotliei;

1035 2330 1063 2356 in
1079 2331 1190 2365 quinto,
1212 2336 1349 2358 motarum
1371 2331 1489 2358 Nestorii
1511 2339 1592 2359 causa
1619 2339 1769 2366 pugnarum
1791 2332 1824 2358 de

1035 2375 1097 2403 ﬁde.
1125 2376 1192 2403 Cum
1209 2377 1281 2403 enim
1305 2377 1463 2411 Apollinarii
1490 2377 1608 2405 hmrcsin
1637 2377 1826 2404 Theodorelus

1035 2426 1174 2448 narrasset
1188 2431 1193 2448 :
1207 2422 1289 2456 279
1305 2432 1314 2447 ‹
1330 2423 1368 2449 Ex
1385 2422 1436 2449 hac
1456 2422 1559 2454 radice,
1578 2422 1665 2456 inquit
1677 2423 1711 2454 "“,
1737 2422 1764 2448 in
1776 2422 1826 2448 Ec-

1034 2466 1126 2493 clesiis
1138 2472 1232 2494 natum
1248 2471 1300 2500 est,
1316 2467 1388 2502 quod
1401 2475 1454 2494 una
1470 2469 1562 2495 carnis
1574 2471 1602 2495 et
1616 2467 1767 2494 divinitatis
1777 2475 1825 2494 na-

1037 2516 1097 2539 tura
1115 2513 1233 2545 dicitur.
1257 2513 1385 2548 quodque
1412 2513 1550 2540 divinitati
1564 2513 1704 2548 Unigeniti
1731 2512 1824 2547 passio

1035 2558 1192 2590 ascribitur,
1211 2563 1239 2585 et
1253 2558 1305 2586 alia
1328 2559 1353 2586 id
1369 2566 1471 2593 genus,
1492 2559 1526 2586 de
1540 2558 1641 2593 quibus
1660 2557 1823 2593 populorum

1035 2604 1264 2638 sacerdotumque
1289 2605 1439 2632 certamina
1462 2605 1638 2632 exstiterunt.
1659 2613 1667 2629 ι
1684 2603 1749 2636 Quae
1768 2602 1824 2630 duo

865 2748 1025 2776 SCIIULZiI
1043 2748 1159 2776 ΝΟΤΑῑ.

228 2807 287 2849 ⁵ξ·⁶⁷
302 2808 516 2849 iimcperlinent
534 2814 566 2841 ad
580 2822 639 2849 cap.
653 2824 683 2845 ιι,
695 2825 766 2845 vers.
786 2818 826 2843 ll.
845 2817 904 2843 Vid-
921 2822 940 2843 ί·
951 2817 996 2846 Πιι

195 2843 216 2859 '°
234 2842 347 2882 qe‘viri
359 2842 469 2877 iliustr..
486 2857 544 2882 cap.
561 2850 603 2875 89.

196 2885 221 2912 ρ.
244 2879 301 2906 188.
339 2881 432 2909 “vni.
455 2879 624 2911 (latim-1.1.
642 2894 668 2917 γ,
685 2894 707 2912 ρ.
725 2887 768 2913 δίο.
807 2888 828 2902 τε
848 2887 928 2918 ihid.,
943 2879 1005 2913 (-13.

643 2851 662 2866 ⁷¹
677 2852 754 2878 Prml'.
772 2853 804 2878 ad
819 2852 918 2878 Hister.
931 2853 1036 2885 πήρην-ί.

1015 2825 1041 2851 p.
1059 2817 1118 2843 .435.
1158 2816 1180 2831 ⁶³
1200 2815 1259 2842 Vid.
1274 2819 1292 2842 t.
1306 2816 1349 2844 IV,
1369 2824 1395 2850 p.
1414 2816 1466 2843 552
1489 2824 1546 2850 seq.
1585 2815 1698 2844 αοιιιῑιι..
1714 2823 1739 2849 p.
1757 2817 1818 2844 ενδ.

1074 2853 1096 2867 τ’
1110 2851 1178 2878 Cod.
1199 2851 1242 2878 ⁸51.
1281 2851 1304 2867 ⁷³
1322 2851 1380 2877 ltili.
1397 2859 1450 2883 κη’,
1478 2862 1501 2878 (·.
1531 2852 1573 2877 δι.
1612 2851 1633 2866 ⁷³
1649 2851 1707 2878 Vid.
1725 2859 1818 2885 supra,
