1967 3047
151 119 202 150 229

733 116 780 145 DE
798 116 924 145 LlBRlS
941 116 1193 148 THEODORETI-

1720 119 1773 149 230

151 175 207 209 ipse
221 173 308 207 capita
340 171 442 206 Cyrillo
468 171 588 205 objicere
613 171 727 197 solebat.
751 171 832 205 Atqui
859 175 940 197 mota:
957 177 973 199 ,Α
993 175 1049 203 tus;
1069 180 1112 198 res
1125 173 1197 199 enim
1212 172 1369 206 complexus
1377 176 1419 199 est
1429 177 1538 200 centum
1553 177 1581 200 et
1594 173 1771 208 quadraginta

150 224 213 246 sunt
231 219 316 245 turhm
336 226 407 244 anno
429 217 490 248 429,
511 220 538 243 et
563 215 713 242 Philotimus
731 217 809 251 longe
833 216 937 243 tardius

149 265 238 291 editus
258 269 299 289 est
311 264 346 291 ⁷⁷,
371 269 468 296 nempe
485 269 557 288 anno
573 262 624 288 ΑΜ
640 267 686 288 aut
701 262 762 293 4-25,
782 266 856 289 certe
883 269 936 288 non

151 314 210 344 post
223 309 286 335 .i'tti.

185 353 227 380 Vl.
246 351 375 379 Nonnulli
397 355 504 386 tempus
523 350 691 386 conjiciunt,
711 352 810 385 partim
831 358 864 377 ex
885 358 935 382 eo,

149 399 220 432 quod
241 401 371 432 regnante
397 397 551 423 Theodosio
565 396 664 430 scripta
679 396 727 428 sit;
751 396 849 430 partim
863 395 936 430 quod

151 444 176 469 in
193 443 266 469 nullo
282 443 335 469 alio
352 450 435 476 opere
449 442 614 477 appelletur;
630 442 684 468 imo
699 450 750 469 nec
762 442 789 468 in
804 442 865 468 ullis
873 441 937 476 Epi-

149 489 244 519 stolis,
270 488 296 514 in
319 488 421 522 quibus
446 492 536 514 tamen
563 492 660 514 cetera
683 491 831 514 censentur
849 495 856 513 :
873 486 936 514 inde

143 533 220 559 enim
234 533 404 559 concludunt
428 532 498 558 hanc
517 532 754 559 elucubratiouem
775 531 859 558 fuisse
889 536 936 558 aut

146 579 268 605 omnium
291 583 475 612 postremam,
490 582 538 604 aut
553 584 753 612 postremarnm
771 585 862 604 unam.
882 578 935 605 νε-

147 631 208 650 rum
223 624 296 658 quod
319 624 353 650 de
375 631 458 658 regno
475 623 620 650 Theodosii
638 624 762 654 ail‘erlur,
784 630 845 650 mox
862 631 935 650 com-

148 669 414 704 probabiturzquod
436 669 469 695 de
496 669 605 695 silentio
628 669 752 700 additur,
776 670 881 702 prolata
902 676 935 695 cx

146 714 217 740 libro
248 719 347 747 quarto
372 713 563 740 Ilwretiwrum
587 713 738 748 fabularum
767 713 934 740 Theodoreti

146 759 229 785 verba
247 759 413 793 improbant.

181 805 236 831 Vll.
253 804 361 831 Ccrtius
376 804 478 838 aliquid
496 803 529 830 de
544 811 616 830 anno
632 803 779 830 conﬁcitur
808 812 842 831 ex
863 804 934 831 libro

147 858 173 881 v,
193 857 251 884 cap.
269 850 313 876 38.
333 849 424 876 Audas
436 849 525 880 enim,
550 849 627 882 cujus
647 849 751 875 mentio
772 848 802 874 fit
819 856 852 876 eo
868 849 930 881 loci,

147 895 175 922 in
195 895 306 922 Perside
321 902 417 929 passus
428 898 470 921 est
483 894 527 921 die
544 894 574 921 t6
588 894 649 921 Maii
670 902 742 921 anno
751 894 812 926 4‘20,
826 895 877 922 sub
891 894 930 922 ls-

146 941 262 974 degerde
287 948 349 975 rege
363 960 369 972 ,
388 940 472 974 Magis
489 940 707 974 persecutionem
727 940 905 968 suadentibus
923 948 929 966 :

145 986 220 1020 atqui
249 986 340 1012 Audas
368 985 540 1012 occasionem
571 984 645 1012 dedit
673 985 876 1019 persecutioni,
901 988 931 1012 ut

147 1037 268 1064 constat;
279 1036 306 1058 et
317 1031 509 1059 Theodoretus
524 1031 606 1059 tradit
622 1032 853 1066 persecutionem,
867 1035 932 1058 tunc

145 1086 206 1105 cum
222 1079 367 1110 scriberet,
378 1079 433 1113 jam
452 1078 565 1106 durasse
586 1078 697 1113 triginta
713 1079 792 1105 annis
809 1088 815 1104 :
829 1079 932 1106 scribe-

145 1122 192 1149 bat
206 1123 288 1158 igitur
302 1131 374 1150 anno
385 1123 446 1150 450.

181 1168 248 1195 Vlll.
265 1169 324 1195 Non
348 1168 381 1196 de
397 1177 469 1196 anno
492 1173 615 1201 tantum,
640 1169 687 1196 sed
709 1169 743 1196 de
764 1169 826 1196 anni
849 1170 931 1197 etiam

145 1217 220 1247 parte
233 1214 301 1240 certi
320 1214 423 1248 aliquid
434 1214 515 1241 statui
532 1219 642 1248 potest:
664 1223 726 1242 nam
742 1215 932 1242 Theodorctus

144 1263 227 1293 (‘upul
247 1259 280 1285 56
295 1259 358 1286 libri
375 1259 464 1293 quinti
479 1259 604 1291 absolvit,
621 1259 775 1286 Theodosio
790 1260 879 1287 adhuc
890 1260 931 1286 vi-

147 1309 237 1331 vente.
251 1304 319 1331 Cum
337 1305 411 1331 enim
430 1309 524 1339 ageret
539 1305 572 1331 de
599 1306 723 1340 reliquiis
744 1305 931 1341 Chrysostorni

143 1349 409 1384 Constantinopolim
428 1351 542 1378 relatis:
564 1360 572 1376 ι
595 1350 683 1382 llune,
711 1351 801 1385 inquit
816 1350 850 1382 7",
872 1351 932 1378 the-

144 1403 255 1422 saurum
271 1396 298 1422 in
311 1396 406 1423 urbem
420 1394 512 1422 intulit
528 1396 561 1427 is,
578 1397 624 1430 qui
644 1397 759 1430 imperio
774 1404 848 1423 nunc
863 1397 933 1431 poti-

146 1446 199 1471 tur,
214 1442 259 1476 qui
278 1442 320 1468 avi
338 1450 436 1468 nomen
451 1443 575 1472 sortitus,
599 1443 659 1477 ejus
675 1450 783 1477 quoque
802 1443 932 1477 pietatem

144 1493 236 1513 servat
248 1487 446 1521 incorruptam.
467 1487 516 1514 Hic
529 1488 623 1514 oeulos
635 1492 661 1514 et
672 1487 792 1515 frontem
805 1489 833 1515 in
842 1489 932 1515 loculo

144 1531 275 1565 deligens,
289 1539 338 1565 pro
354 1531 516 1565 parentibus
528 1539 624 1566 preces
635 1532 713 1563 fudit,
726 1535 754 1558 et
770 1533 805 1559 iis
820 1533 867 1566 qui
885 1541 933 1567 per

143 1576 325 1610 ignorantiam
339 1580 494 1610 peccarant,
514 1582 544 1603 ut
562 1577 726 1610 ignosceret,
743 1577 929 1611 supplicavit.)

142 1621 211 1648 Cum
225 1628 291 1654 ergo
303 1621 475 1648 Theodosius
490 1621 590 1648 obierit
600 1621 644 1648 die
659 1621 693 1648 29
706 1622 770 1649 Julii
784 1630 856 1648 anno
871 1622 931 1654 450,

145 1667 347 1701 imperiumque
366 1667 517 1693 Marcianus
528 1675 542 1694 a
558 1667 703 1694 Pulcheria
713 1672 864 1702 senatuque
877 1668 932 1694 (110-

144 1716 207 1738 ctus
224 1712 401 1746 capessiverit
414 1712 458 1739 die
468 1712 503 1739 25
520 1712 653 1747 Augusti;
675 1717 782 1747 oportet
796 1717 826 1740 ut
843 1713 933 1748 priore

145 1758 208 1784 anni
222 1762 298 1791 parte
309 1757 456 1785 Historiam
465 1758 655 1785 Theodoretns
668 1763 714 1785 aut
728 1759 932 1793 conscripserit,

144 1807 191 1828 aut
217 1806 291 1828 certe
316 1802 481 1834 absolverit;
509 1802 630 1828 nondum
654 1802 758 1830 scilicet
783 1803 884 1830 auditis
906 1803 933 1829 in

144 1845 258 1885 Oriente
268 1846 302 1872 de
314 1846 391 1873 obitu
408 1846 554 1874 Theodosii
572 1847 691 1879 nuntiis,
708 1847 754 1882 qui
768 1848 857 1874 solent
873 1856 932 1875 esse

145 1891 189 1918 his
204 1891 237 1918 de
252 1892 333 1918 rebus
350 1892 496 1919 celerrimi.

181 1936 226 1963 IX.
257 1937 372 1972 Scripsit
399 1937 589 1965 Theodoretus
606 1957 613 1969 ,
637 1937 710 1971 quod
739 1937 797 1972 ipse
821 1937 932 1972 quidem

146 1981 240 2013 tradit,
271 1982 305 2009 τὰ
327 1982 474 2017 λειπόμενα
497 1983 546 2018 τῆς
568 1983 838 2017 Ἐκκλησιιιστικῆς
855 1985 934 2010 ἱστο-

143 2027 222 2060 ρίαςο
252 2035 320 2062 quas
332 2036 414 2055 voces
435 2029 632 2062 interpretatur
648 2029 690 2055 vir
705 2028 830 2055 eruditus
840 2049 846 2060 ,
859 2029 934 2056 velut

145 2071 261 2103 diceret,
280 2080 312 2099 ea
333 2081 394 2107 quae
418 2073 522 2100 Socrati
544 2073 768 2108 Sozomenoque.
788 2074 854 2101 viris
878 2082 932 2101 non

146 2117 338 2144 scientissimis
354 2126 446 2145 rerum
463 2119 651 2150 orientalium,
662 2119 778 2150 desunt,
793 2127 832 2150 se,
844 2119 891 2154 qui
905 2120 931 2146 in

144 2161 259 2189 Oriente
277 2164 390 2196 viveret,
411 2164 654 2199 intelligentiorem
674 2165 812 2199 supplere.
830 2165 932 2191 Verum

146 2216 201 2236 non
215 2209 301 2241 aliud,
317 2211 423 2244 opinor,
437 2210 480 2237 his
495 2210 609 2237 vocibus
621 2210 756 2241 innuitur,
766 2218 846 2244 quam
858 2210 931 2244 quod

146 2253 337 2282 Theodoretus
350 2255 458 2282 Eusebii
471 2255 590 2282 voluerit
600 2255 748 2282 Historiam
759 2255 930 2282 continuare.

145 2299 192 2326 Ait
202 2299 275 2326 enim
290 2300 329 2326 79:
348 2310 356 2324 ι
370 2299 439 2332 Quia
461 2301 597 2327 Eusebius
620 2300 779 2327 Palaestinos
795 2307 810 2326 a
832 2299 933 2326 sanctis

145 2345 278 2379 apostolis
294 2346 376 2380 280
383 2354 498 2373 exorsus
511 2355 556 2374 res
566 2347 593 2373 in
603 2346 732 2373 Ecclesiis
746 2350 835 2380 gestas
846 2353 932 2379 usque

145 2389 180 2415 ad
199 2388 371 2416 Constantini
390 2391 446 2418 Deo
473 2391 565 2418 dilecti
581 2391 737 2426 imperium,
753 2391 930 2424 conscripsit;

144 2441 198 2468 ego
223 2434 296 2466 inde,
313 2435 358 2461 ubi
377 2435 421 2461 ille
445 2436 584 2463 scribendi
607 2436 689 2463 tinem
707 2436 791 2468 fecit,
810 2436 931 2464 historia:

145 2485 216 2505 mea:
230 2478 327 2505 ducam
341 2479 460 2506 initium.
477 2490 486 2505 ι
503 2480 624 2515 ldipsum
638 2484 716 2507 antea
727 2480 853 2507 Socrates
865 2487 932 2514 prae-

145 2523 255 2550 stiterat
269 2532 275 2550 :
290 2524 352 2551 inde
366 2525 437 2551 enim
451 2533 574 2558 exorsus,
593 2526 638 2553 ubi
648 2526 780 2553 Eusebius
795 2525 875 2553 tinem
893 2526 933 2553 fe-

145 2573 235 2600 cerat,
252 2570 360 2605 longius
375 2571 489 2599 deduxit
506 2573 660 2605 historiam,
676 2580 758 2607 quam
777 2573 934 2600 Theodore-

950 845 969 869 il

988 224 1134 243 annorum.

1023 261 1056 288 Χ.
1079 262 1147 288 Cum
1161 263 1258 289 scribit
1279 271 1307 290 se
1320 263 1462 290 historiam
1474 268 1583 291 centum
1604 269 1633 291 et
1651 265 1772 299 quinque

987 313 1122 332 annorum
1135 304 1271 338 texuisse,
1300 317 1308 332 ι
1329 308 1430 342 quippe
1448 317 1507 342 qum
1527 309 1561 335 ab
1582 309 1639 336 Arii
1662 311 1773 337 vesania

989 351 1132 385 incipiens,
1158 352 1263 379 desinat
1293 353 1319 379 in
1346 354 1422 380 ohitu
1445 354 1624 381 laudabilium
1650 355 1772 382 virorum

988 397 1126 424 Theodori
1148 403 1176 424 et
1202 398 1369 426 Theodoti“o
1384 408 1390 425 :
1408 410 1416 424 ι
1432 404 1541 433 oportet
1560 407 1623 426 eum
1652 400 1772 427 historize

988 443 1095 469 initium
1115 442 1224 469 duxisse
1239 443 1273 469 ab
1289 451 1360 469 anno
1374 443 1435 470 522.
1450 444 1515 471 inde
1532 445 1604 471 enim
1622 445 1654 472 ad
1667 446 1771 472 obitum

988 488 1125 515 Theodori
1139 493 1167 515 et
1185 488 1319 515 Theodoti
1334 489 1453 523 spatium
1470 489 1518 515 105
1536 497 1668 517 annorum
1682 491 1766 518 inter-

988 533 1082 565 lluxit;
1099 533 1235 567 siquidem
1249 533 1370 560 defuncti
1387 539 1453 560 sunt
1467 534 1548 560 ambo
1565 542 1636 561 anno
1645 535 1706 562 427.

1022 579 1067 605 XI.
1082 579 1132 606 Sed
1148 578 1286 613 quomodo
1301 579 1397 605 scribit
1412 586 1440 605 se
1454 578 1488 604 ab
1510 579 1567 606 Arii
1580 581 1588 588 '
1603 579 1712 606 vesania
1730 580 1772 606 in-

986 625 1101 659 cepisse,
1115 633 1176 651 cum
1192 624 1338 651 litei'eticns
1354 624 1398 650 ille
1413 623 1565 650 insaniendi
1583 623 1690 650 initium
1701 625 1772 652 fece—

987 670 1083 704 ritjani
1098 669 1160 695 inde
1177 669 1211 695 ab
1222 676 1293 694 anno
1308 668 1368 695 515.
1381 667 1524 700 Quomodo
1536 671 1628 694 contra
1649 668 1681 694 ab
1699 676 1772 694 anno

985 715 1036 741 522
1054 715 1196 741 historiam
1213 714 1356 740 inchoasse
1370 713 1513 743 dicendus,
1528 720 1589 739 cum
1612 720 1665 745 res,
1679 713 1770 740 subia-

986 761 1020 787 lis
1035 761 1157 795 tyrannis
1175 760 1321 790 Maxentio,
1339 759 1494 790 Maximino,
1507 762 1535 786 et
1551 759 1666 791 Licinio,
1681 763 1771 794 gestas

985 814 1013 833 se
1029 814 1142 834 narrare
1160 805 1299 833 fateatur?
1317 805 1456 840 Siquidem
1478 805 1601 832 Licinius
1626 813 1698 832 anno
1719 805 1770 832 525

983 852 1109 878 sublatus
1119 851 1164 878 sit.
1183 851 1284 878 Verum
1299 850 1333 877 ab
1347 858 1380 876 eo
1394 853 1516 884 tempore
1527 849 1639 884 incepit,
1655 857 1710 884 quo
1725 857 1771 877 ve-

982 896 1058 923 sania
1070 896 1128 922 Arii
1148 903 1203 922 non
1214 896 1271 930 jam
1284 903 1313 922 se
1329 894 1445 929 [Egypto
1459 894 1604 926 continuit,
1617 894 1665 921 sed
1682 895 1771 922 allatis

981 941 1016 968 ad
1030 942 1224 976 imperatorem
1238 941 1360 975 querelis
1377 940 1415 967 ita
1433 939 1534 974 erupit,
1553 944 1583 966 ut
1602 940 1636 967 de
1650 941 1770 975 cogenda

981 987 1086 1023 synodo
1098 987 1208 1014 Nicaeus
1222 986 1355 1013 continuo
1374 986 1541 1020 cogitaretur
1555 995 1560 1012 :
1575 986 1673 1013 idvero
1681 987 1769 1013 conti-

981 1034 1020 1068 git
1046 1033 1118 1060 circa
1139 1040 1239 1059 annum
1258 1031 1320 1058 522.
1349 1031 1408 1064 Quo
1423 1031 1505 1058 etiam
1532 1039 1604 1059 anno
1627 1032 1717 1059 victus
1733 1033 1770 1060 ita

981 1083 1039 1106 erat
1051 1078 1181 1109 Licinius,
1195 1082 1225 1104 ut
1240 1077 1345 1104 sublata
1360 1076 1446 1111 ipsius
1462 1077 1584 1112 tyrannis
1603 1077 1702 1104 merito
1715 1077 1768 1105 diei

981 1125 1074 1155 queat.

1018 1167 1073 1194 Xll.
1090 1167 1119 1193 ld
1140 1166 1231 1201 operis
1247 1166 1362 1193 Photius
1388 1174 1441 1193 non
1466 1166 1641 1194 mediocriter
1665 1167 1768 1199 laudat,

982 1212 1144 1246 prretertque
1153 1211 1283 1243 Socratis,
1296 1211 1439 1238 Sozomeni
1460 1211 1622 1246 Evagriique
1631 1211 1767 1240 historiis:

982 1265 1036 1292 quo
1056 1257 1154 1283 merito
1168 1257 1225 1291 ipse
1240 1257 1357 1289 viderit;
1373 1248 1454 1283 in’eo
1467 1260 1556 1283 tamen
1575 1257 1712 1284 desiderat
1726 1258 1766 1284 di-

982 1304 1081 1331 ctionis
1094 1305 1301 1339 proprietatem.
1315 1303 1385 1330 Sunt
1397 1303 1443 1337 qui
1464 1303 1621 1330 desiderent
1634 1304 1714 1330 etiam
1730 1303 1770 1330 di—

982 1349 1153 1383 ligentiorem
1169 1353 1323 1382 temporum
1344 1347 1550 1374 distinctionem
1580 1352 1661 1382 atque
1678 1357 1769 1375 rerum

982 1395 1118 1422 ordinem.

1017 1440 1084 1467 Xl'll.
1101 1440 1202 1475 Objicit
1221 1439 1370 1474 Gregorius
1392 1439 1506 1473 Magnus
1530 1439 1660 1465 memoria
1678 1440 1770 1473 lapsus

984 1486 1011 1512 in
1025 1485 1188 1520 appellando
1202 1485 1311 1511 nomine
1321 1484 1354 1516 ",
1369 1484 1509 1518 multiplex
1519 1484 1690 1511 mendacium
1703 1485 1770 1511 alia—

984 1539 1036 1566 que
1052 1531 1149 1566 ﬂagitia
1165 1539 1170 1556 :
1193 1540 1201 1556 ι
1224 1530 1277 1557 Sed
1295 1530 1379 1564 ipsum
1395 1538 1505 1564 quoque
1519 1530 1661 1557 Sozomeni
1679 1530 1770 1557 llisto-

984 1578 1051 1604 riam
1076 1577 1154 1604 sedes
1179 1576 1327 1610 apostolica
1349 1576 1473 1609 accipere
1499 1579 1617 1605 recusat,
1641 1577 1768 1609 quoniam

984 1623 1069 1649 multa
1082 1622 1223 1652 mentitur,
1240 1625 1267 1648 et
1281 1621 1453 1648 Theodorum
1479 1620 1651 1654 Mopsuestia:
1666 1622 1769 1657 laudat,

984 1672 1011 1694 et
1029 1675 1115 1701 usque
1143 1667 1176 1693 ad
1196 1666 1278 1692 ﬁnem
1303 1666 1396 1693 obitus
1418 1668 1460 1693 sui
1485 1674 1611 1701 magnum
1629 1658 1770 1694 doctorem

984 1713 1069 1740 fuisse
1085 1712 1221 1747 perhibet.
1245 1712 1338 1738 Restat
1359 1719 1423 1746 ergo
1441 1715 1480 1743 ut,
1500 1711 1521 1738 si
1542 1711 1605 1746 quis
1629 1711 1770 1739 historiam

975 1759 1057 1785 -illam
1075 1758 1186 1792 recipit,
1203 1757 1306 1792 synodo
1321 1757 1371 1791 pia:
1386 1757 1524 1784 memorias
1538 1757 1685 1784 Justiniani
1703 1763 1772 1785 tem-

984 1803 1096 1838 poribus
1116 1803 1150 1830 de
1171 1803 1259 1829 tribus
1279 1802 1406 1836 capitulis
1422 1802 1499 1829 facta:
1517 1803 1698 1829 contradicat.
1718 1803 1769 1836 Qui

983 1857 1049 1884 ergo
1072 1849 1136 1875 huic
1151 1848 1287 1875 contraria
1308 1847 1399 1874 dicere
1420 1855 1474 1874 non
1489 1847 1571 1879 valet,
1594 1847 1665 1874 illam
1687 1849 1771 1875 histo-

984 1896 1052 1922 riam
1065 1902 1176 1921 necesse
1192 1898 1234 1920 est
1248 1898 1278 1920 ut
1294 1894 1432 1928 repellat.)
1445 1892 1624 1920 Sozomcnum
1635 1894 1703 1921 dixit
1722 1903 1771 1929 pro

984 1939 1184 1966 Theodoreto'"
1201 1947 1208 1965 :
1223 1946 1311 1972 neque
1335 1938 1408 1965 enim
1430 1938 1563 1965 hactenus
1576 1939 1692 1965 eruditis
1706 1947 1770 1973 per-

984 1985 1070 2011 suasit
1092 1983 1292 2011 illustrissimus
1318 1983 1462 2010 Annalium
1483 1984 1639 2018 scriptor",
1668 1985 1770 2020 Grego-

983 2030 1055 2056 rium
1068 2029 1152 2055 verbo
1169 2036 1223 2055 non
1235 2037 1294 2055 esse
1311 2029 1426 2063 lapsum.

1020 2074 1089 2101 XIV.
1103 2073 1240 2101 Judicium
1263 2078 1336 2100 certe
1354 2073 1478 2108 Gregorii
1503 2074 1590 2109 Magni
1609 2075 1644 2101 de
1659 2076 1770 2102 menda-

983 2119 1033 2146 ciis
1049 2119 1224 2149 Theodoreti,
1247 2118 1274 2144 id
1291 2122 1342 2149 est,
1360 2118 1393 2144 de
1409 2119 1529 2152 peccatis
1551 2119 1682 2146 adversus
1700 2124 1769 2146 tem-

949 2178 972 2206 ι)
987 2172 1081 2199 porum
1094 2169 1122 2191 et
1137 2171 1228 2190 rerum
1244 2164 1378 2190 rationem
1388 2183 1394 2194 ,
1417 2163 1559 2190 manifeste
1574 2164 1708 2191 Baronius
1723 2173 1770 2200 ap-

985 2209 1123 2244 probavit,
1139 2208 1281 2243 productis
1295 2208 1373 2242 281
1392 2212 1465 2234 tomo
1488 2208 1521 2235 IV
1537 2209 1582 2240 (ne
1596 2209 1661 2243 quid
1680 2209 1768 2236 dicam

985 2255 1019 2281 de
1038 2254 1072 2280 lll
1085 2254 1151 2288 etV)
1166 2254 1307 2287 plusquam
1321 2253 1478 2287 quindecim
1490 2254 1645 2283 erroribus;
1656 2262 1724 2290 quos
1741 2255 1769 2282 in

987 2299 1070 2326 haece
1089 2299 1202 2325 historia
1216 2298 1451 2333 deprehendisset.
1467 2299 1584 2326 Protulit
1599 2300 1668 2327 alios
1686 2309 1755 2335 quos

985 2345 1047 2371 dam
1068 2344 1094 2370 in
1109 2344 1182 2370 notis
1201 2344 1259 2370 suis
1271 2343 1394 2370 Valesius
1410 2352 1416 2369 :
1432 2351 1484 2370 nec
1504 2351 1599 2371 omnes
1613 2349 1703 2371 tamen
1727 2353 1769 2371 re-

985 2389 1102 2421 censuit,
1131 2392 1170 2420 ut,
1197 2388 1270 2423 quod
1297 2388 1437 2415 Bonifacio
1463 2389 1590 2416 Zozimus
1613 2389 1640 2416 in
1664 2398 1771 2417 summo

986 2435 1145 2470 pontiﬁcatu
1157 2434 1321 2461 successisse
1337 2433 1453 2465 dicatur,
1467 2442 1529 2460 cum
1542 2434 1666 2461 Zosimus
1676 2439 1770 2462 contra

985 2481 1125 2508 Bonifacio
1155 2480 1319 2512 decesserit,
1341 2484 1393 2507 etc.
1425 2479 1490 2506 Tam
1513 2480 1664 2514 frequentis
1679 2480 1772 2514 lapsus

986 2535 1066 2554 causa
1080 2534 1142 2553 mox
1156 2525 1297 2553 afferetur.

1024 2572 1068 2599 XV
1097 2572 1126 2598 ln
1138 2571 1211 2598 hunc
1227 2571 1349 2598 laborem
1363 2571 1487 2598 incubuit
1499 2571 1533 2598 ab
1542 2571 1638 2598 amicis
1651 2577 1769 2606 rogatus,

816 2648 976 2675 SCllULle
997 2647 1113 2674 ΝΟΤιΕ.

184 2737 206 2753 ⁷⁷
223 2739 283 2767 Vid.
295 2747 386 2773 supra,
402 2747 462 2774 pag.
477 2739 539 2766 261..
578 2740 600 2755 ""
616 2739 682 2766 Hist.
695 2739 756 2766 (νηί.
769 2739 787 2765 l.
800 2748 825 2768 v,
838 2747 861 2765 (ι.
877 2739 920 2765 56.

145 2773 167 2789 ¹¹
189 2774 250 2801 Lib.
264 2782 308 2803 vn,
322 2775 401 2808 epist.
418 2775 460 2800 iii.

146 2810 205 2836 nuit
233 2809 338 2844 lttigius
360 2809 395 2835 De
417 2809 537 2836 Bibliot/t.
555 2814 578 2836 ct
600 2809 704 2837 Catenis
723 2809 788 2840 PR,
803 2817 828 2843 p.
847 2809 908 2835 730.

959 2740 981 2755 ⁷9
993 2739 1227 2776 ῩὶιΙπΡιιοαιιιιὶιιιη
1245 2741 1311 2768 Hist.
1322 2742 1382 2768 πεί.
1421 2742 1444 2757 ⁸⁰
1460 2741 1526 2769 Hist.
1540 2743 1600 2770 eccl.
1614 2751 1670 2776 t.,v,
1683 2751 1707 2770 c.

499 2774 569 2801 “Ad
587 2774 706 2800 Socratis
722 2774 866 2800 Historiam
884 2774 972 2800 θυήεις.
991 2775 1036 2801 alii
1053 2775 1109 2803 hmc
1126 2777 1229 2803 referre
1249 2778 1403 2806 voluerunt,
1414 2777 1460 2802 sed
1475 2778 1565 2805 minus
1578 2774 1698 2809 recte,rut
1713 2786 1770 2804 mw

946 2809 968 2824 ⁸³
985 2809 1044 2836 νξιι.
1064 2810 1209 2839 Baronium
1233 2812 1259 2838 in
1273 2812 1383 2843 Amml.,
1396 2817 1414 2837 ι.
1432 2811 1462 2843 ν,
1481 2819 1506 2846 p.
1525 2813 1585 2840 57'2.
