1967 3047
192 150 244 183 231

757 147 945 177 GARNERII
967 146 1212 177 DISSERTATIO
1231 146 1272 176 ΙΙ.

1769 146 1825 180 232

193 214 248 234 non
260 204 332 240 quod
345 203 491 231 crederem
504 209 572 237 opus
582 209 642 228 esse
655 201 681 228 id
699 201 753 237 agi,
765 201 838 236 quod
852 201 980 228 Socrates
995 205 1015 231 Α
1031 201 1104 228 enim
1117 200 1288 235 frequentius
1303 199 1404 235 objecit
1421 199 1534 235 Cyrillo,
1545 207 1628 234 quam
1645 200 1719 235 quod
1732 200 1767 228 ab
1783 201 1822 229 is-

198 252 421 284 Sozomenusque
446 248 651 283 praestitissent,
668 246 716 273 sed
735 252 765 273 ut
787 246 838 273 hac
865 253 982 280 occupa-

196 297 272 324 tione
296 295 416 322 animum
440 293 585 320 scribentis
607 301 622 320 a
639 292 802 320 calamitatis
819 292 984 328 cogitatione

196 342 376 369 abducerent.

232 385 301 412 XVI.
316 383 520 418 Oportuitvero
536 384 606 409 miro
627 383 654 409 in
669 382 696 409 id
709 382 801 410 studio
817 381 883 409 ferri
896 381 985 408 Theo-

196 432 334 462 doretum,
349 435 378 456 ut
395 429 442 464 qui
464 437 511 456 sex
533 429 670 456 mensium
687 429 777 463 spatio
795 432 849 455 tam
865 427 985 455 laborio-

195 485 254 506 sam
270 476 410 504 historiam
427 476 554 503 texuerit.
567 475 657 508 Quare
671 475 745 501 credi
756 478 847 509 posset
858 481 926 508 opus
937 479 987 508 per

198 524 288 550 otium
305 527 385 550 antea
401 521 554 553 inchoasse,
566 529 639 548 nunc
655 521 813 552 absolvisse,
826 519 880 547 nisi
895 524 987 546 texen-

198 569 240 596 dae
256 569 378 596 historia:
394 567 504 594 modum
526 567 668 597 tenuisset,
686 566 733 601 qui
753 573 808 593 non
825 565 987 592 diuturnum

198 615 319 649 exigeret
331 619 437 648 tempus
450 613 485 639 ab
500 613 611 639 homine
628 620 719 639 rerum
739 612 842 639 sciente
857 615 885 638 et
896 618 988 646 prom-

198 664 246 694 pto
260 659 382 686 scribere
401 667 408 684 τ
428 657 512 685 totius
525 657 598 684 enim
618 665 680 692 pars
692 657 792 689 media,
805 661 886 691 atque
904 656 987 684 etiam

199 705 296 740 major,
311 705 390 738 plena
404 708 446 731 est
468 703 593 738 epistolis
607 703 754 739 synodicis,
770 703 988 737 tcstimoniisque

199 749 322 780 insertis,
339 756 400 783 quae
417 748 548 775 brevibus
563 748 768 775 narrationibus
776 751 987 775 connectuntur.

236 795 317 822 XVII.
334 794 411 827 Quod
425 794 447 821 si
464 793 656 820 Theodoretus
670 793 703 820 ad
724 792 902 820 scribendum
911 792 989 819 abre-

199 846 264 876 ptus
272 845 314 867 est
322 843 388 867 testu
401 839 554 874 praefervidi
568 839 680 867 doloris.
690 838 799 874 ingenio
811 838 947 865 abutentis
956 837 988 864 ad

1035 246 1070 273 tis
1083 253 1209 273 errorum
1225 245 1362 280 magistris
1380 252 1468 276 suam,
1482 245 1538 271 sive
1549 244 1583 271 de
1596 245 1698 272 unione
1712 250 1823 273 natura-

1034 299 1106 324 rum,
1124 291 1180 318 sive
1193 291 1227 318 de
1239 291 1415 326 processione
1433 289 1552 326 Spiritus
1564 289 1660 323 sancti,
1670 291 1823 318 doctrinam

1035 337 1172 372 acceperit
1186 337 1198 364 ?

1071 384 1130 411 XX.
1142 383 1246 419 Opinor
1259 383 1342 418 igitur
1362 382 1556 418 primum.hoe
1569 390 1639 417 opus
1657 382 1823 410 Theodoreti

1035 430 1110 456 aliud
1124 429 1194 456 nihil
1207 437 1268 456 esse
1279 433 1378 463 printer
1388 430 1395 438 ⁴
1406 428 1548 455 historiam
1560 427 1666 454 Arianae
1677 427 1823 458 haereseos.

1036 475 1093 503 sive
1108 475 1136 502 in
1149 475 1249 510 scipsa,
1266 475 1322 502 sive
1337 474 1364 501 in
1382 473 1540 510 propagine.
1561 473 1675 504 Deinde,
1693 473 1779 508 ipsam
1790 480 1824 500 eo

1037 521 1152 548 consilio
1173 521 1302 556 scriptam
1325 520 1420 553 fuisse,
1438 524 1469 547 ut
1486 519 1698 547 ostenderentur
1724 519 1824 550 fontes,

1037 575 1071 595 ex
1102 567 1203 602 quibus
1231 566 1406 594 Theodoreto
1430 566 1592 593 viderentur
1622 566 1675 592 orti
1702 573 1823 597 errores,

1037 620 1106 647 quos
1117 612 1261 647 allingebat
1273 612 1433 640 Catholicis.
1450 611 1555 643 Tertio,
1568 611 1595 638 in
1612 610 1732 642 Arianis,
1746 610 1826 637 unio-

1037 659 1081 686 nis
1109 658 1285 694 hypostaticze
1311 658 1486 690 defensores;
1509 657 1535 684 in
1559 656 1678 684 Eusebio
1701 656 1827 683 Nicome-

1038 703 1137 736 diensi,
1149 704 1293 739 Cyrillum;
1311 703 1338 730 in
1356 703 1504 731 Athanasio
1517 707 1598 737 atque
1606 702 1687 729 etiam
1699 702 1726 729 in
1743 701 1827 737 Chry-

1039 752 1159 776 sostomo
1169 768 1176 780 ,
1196 749 1352 776 Nestorium
1365 757 1372 781 ;
1395 748 1463 775 alios
1476 746 1593 775 Nestorii
1605 746 1708 773 amicos
1723 746 1750 773 in
1766 746 1827 773 aliis

1039 794 1214 821 adumbratos
1226 802 1295 821 esse.
1317 794 1421 827 Quarto
1434 793 1552 828 denique
1564 793 1695 829 Cyrillum
1714 796 1742 819 et
1759 792 1826 819 Pro-

1040 840 1112 867 clum
1128 839 1155 866 in
1170 840 1213 872 iis,
1223 840 1269 874 qui
1278 840 1426 867 Diodorum
1435 839 1596 866 Tarsensem
1609 842 1638 866 et
1651 838 1826 865 Theodorum

200 885 348 912 vindictam
368 884 401 911 de
417 884 580 911 adversariis
594 883 754 911 sumendam
765 883 798 914 ⁸⁸,
817 882 988 909 admirabili-
1004 884 1025 910 Β
1039 885 1275 920 Mopsuestenum,
1294 885 1371 913 velut
1392 885 1552 917 hmreticos,
1567 884 1677 919 scriptis
1694 884 1826 918 factisque

201 931 264 958 tatis
289 930 405 957 multum
432 929 552 957 brevitas
580 929 711 964 temporis
739 928 846 955 amittet
866 936 872 954 :
893 932 988 954 notum

201 977 274 1004 enim
300 976 366 1011 quid
382 975 467 1010 possit
481 975 607 1002 facundia
620 975 750 1006 irascens,
764 981 899 1008 quamque
916 973 988 1000 cele-

202 1029 246 1048 res
267 1021 366 1048 habeat
383 1025 484 1051 motus,
507 1028 570 1046 cum
593 1027 621 1047 se
642 1024 689 1047 aut
705 1019 864 1049 ulciscitur,
881 1023 928 1045 aut
943 1018 990 1045 de-

202 1067 299 1098 fendit.
313 1065 462 1102 praesertim
475 1066 497 1092 si
511 1065 649 1097 defendit,
669 1065 706 1092 ita
722 1068 752 1092 ut
765 1071 890 1099 regerere
903 1063 990 1099 possit

202 1113 350 1140 artificiose
361 1113 464 1140 crimen
479 1112 505 1139 in
519 1111 698 1138 adversarios.

240 1169 333 1197 XVlll.
353 1169 442 1203 Atque
466 1169 524 1196 hzec
543 1175 624 1194 causa
644 1171 686 1194 est
711 1175 766 1194 non
791 1166 988 1202 improbabilis,

202 1215 275 1243 unde
294 1219 333 1242 tot
356 1214 585 1242 hallucinatioues
600 1213 737 1240 historica:
757 1212 891 1247 originem
907 1212 990 1239 duxe-

203 1263 259 1290 rint
275 1271 282 1288 :
296 1261 433 1296 siquidem
449 1267 570 1295 prmceps
586 1263 614 1286 et
630 1259 805 1286 turbulentus
821 1258 929 1285 animus
945 1265 990 1285 so-

201 1308 241 1336 let
253 1308 304 1335 sibi
323 1307 407 1342 magis
421 1314 502 1341 quam
522 1305 582 1332 aliis
599 1305 758 1336 attendere;
772 1304 893 1338 dumque
913 1308 989 1330 motu

204 1361 255 1381 suo
279 1353 425 1387 abripitur,
441 1351 468 1378 in
484 1350 619 1386 adjunctis
631 1358 721 1377 rerum
739 1349 991 1385 circumspiciendis

205 1399 310 1426 haerere
318 1405 373 1424 non
386 1401 487 1432 potest.

239 1453 310 1480 XIX.
338 1453 396 1480 Jam
421 1459 488 1479 vero
506 1451 582 1486 quod
611 1455 724 1486 propter
742 1450 884 1477 levandam
908 1450 991 1477 animi

205 1499 397 1535 aegritudinem
418 1497 608 1525 Theodoretus
622 1497 656 1524 ad
678 1496 852 1524 scribendum
870 1504 992 1523 accesse—

1040 931 1235 964 traduxissent,
1253 931 1334 958 tacite
1353 935 1418 958 tunc
1431 931 1529 964 refelli,
1548 938 1611 958 cum
1622 934 1738 965 uterque
1752 930 1828 957 velut

1040 978 1104 1005 fidei
1118 977 1246 1005 defensor
1263 977 1443 1005 inducitur".

1075 1021 1145 1048 XXI.
1158 1022 1259 1049 Horum
1276 1026 1393 1057 quatuor
1403 1022 1540 1057 opinionis
1552 1029 1618 1049 mea:
1634 1021 1753 1056 capitum
1773 1020 1830 1056 pri-

1041 1077 1115 1096 mum
1131 1069 1208 1096 facile
1219 1069 1270 1095 sibi
1286 1068 1463 1103 persuadebit
1480 1068 1513 1100 is,
1530 1067 1576 1102 qui
1588 1067 1652 1094 totis
1661 1067 1781 1102 quinque
1793 1066 1828 1093 li-

1040 1113 1097 1140 bris
1107 1113 1180 1140 aliud
1195 1113 1263 1140 nihil
1279 1121 1328 1148 per
1343 1121 1371 1140 se
1383 1113 1493 1140 tractari
1505 1112 1662 1143 adverterit,
1675 1119 1756 1146 quam
1769 1118 1829 1146 quae

1041 1158 1075 1185 ad
1099 1158 1215 1185 hazresin
1230 1158 1358 1184 Arianam
1379 1158 1546 1192 spectant".
1574 1157 1639 1190 Quae
1655 1157 1728 1184 enim
1744 1157 1829 1184 attin-

1041 1208 1142 1240 guntur
1158 1209 1298 1240 prmterea,
1315 1203 1438 1239 episodia
1459 1203 1582 1238 quaedam
1597 1207 1676 1236 sunt,
1690 1210 1741 1230 nec
1764 1210 1828 1238 pro-

1042 1251 1106 1282 lixa,
1126 1258 1177 1277 nec
1190 1249 1354 1284 frequentia.

1073 1307 1155 1334 XXII.
1170 1307 1302 1334 Narratur
1317 1307 1343 1333 in
1361 1306 1432 1333 libro
1448 1306 1536 1340 primo
1546 1326 1552 1337 ,
1567 1313 1622 1340 quo
1637 1312 1728 1332 rerum
1746 1308 1829 1336 statu,

1042 1362 1097 1389 quo
1118 1354 1146 1380 in
1169 1354 1239 1384 loco,
1264 1353 1375 1380 haeresis
1395 1352 1504 1384 Ariana,
1518 1351 1638 1386 quando,
1650 1359 1705 1385 quo
1718 1355 1830 1386 parente

1041 1404 1105 1427 nata
1117 1399 1162 1431 sit,
1184 1407 1251 1433 quas
1268 1403 1360 1433 partes
1378 1398 1515 1429 habuerit,
1540 1405 1608 1432 quas
1627 1396 1829 1428 conversiones,

1043 1453 1164 1480 quasque
1179 1445 1296 1472 diversis
1312 1444 1482 1479 temporibus
1501 1444 1611 1476 formas,
1626 1451 1642 1470 a
1663 1443 1763 1478 quibus
1778 1442 1830 1469 im-

1044 1496 1170 1526 pugnata,
1188 1499 1256 1526 quas
1272 1491 1388 1518 moverit
1402 1495 1430 1518 et
1443 1495 1558 1525 quantas
1573 1490 1676 1521 turbas,
1694 1489 1831 1524 quomodo

206 1534 252 1577 rit,
263 1545 340 1572 facile
350 1544 467 1579 probant
479 1543 600 1570 conditio
616 1547 768 1578 temporum
779 1541 813 1574 ⁸⁸,
827 1541 993 1569 Theodoreti
1008 1548 1030 1576 ο
1045 1536 1141 1563 Μωὶὲ
1165 1535 1293 1562 damna“!
1313 1535 1363 1568 Sil;
1382 1540 1483 1570 quanta
1501 1536 1587 1570 ρίεῑτιε
1609 1534 1782 1562 Commmini
1803 1534 1830 1561 in

207 1591 355 1627 ingenium,
376 1594 404 1616 et
421 1590 478 1624 ipsa
497 1590 591 1621 etiam,
611 1589 633 1616 si
650 1589 731 1624 paulo
751 1589 882 1616 attentius
905 1588 995 1615 consi-

206 1637 328 1668 deretur,
347 1635 473 1662 historia.
487 1635 554 1661 Nam
580 1634 740 1661 incredibile
759 1642 815 1660 non
835 1638 877 1660 cst
895 1637 995 1668 myste-

208 1682 240 1708 rii
262 1681 386 1708 nonnihil
402 1680 428 1707 in
446 1680 573 1707 ealaterc
584 1700 590 1711 ,
610 1687 662 1706 nec
674 1680 733 1706 sine
746 1679 900 1714 conquisita
917 1678 994 1705 calli-

207 1727 269 1754 dius
280 1734 372 1758 causa-t
387 1725 530 1753 exordium
550 1725 612 1752 duci
627 1725 661 1751 ab
675 1729 737 1751 ortu
749 1725 860 1752 haeresis
876 1724 994 1755 Arianzc,

208 1772 357 1800 terminum
371 1771 435 1807 poni
451 1771 477 1798 in
494 1770 628 1798 Theodoti
653 1770 846 1805 Theodorique
866 1770 953 1802 obitu,
968 1769 995 1796 id

207 1823 260 1850 est,
278 1818 304 1844 in
320 1822 443 1852 tempore
467 1824 522 1850 quo
542 1816 686 1843 Nestorius
707 1816 829 1843 Sisinnlo
857 1816 885 1842 in
903 1815 995 1843 sedem

209 1863 286 1890 urbis
308 1862 387 1897 regiae
407 1860 548 1888 successit.
575 1860 643 1888 Nam
665 1868 727 1888 cum
757 1861 867 1888 lueresis
891 1860 997 1888 Arianm

208 1908 365 1935 exstiterint
387 1911 479 1942 partes
492 1906 569 1933 dum:
592 1906 686 1938 altera,
701 1914 762 1940 qua:
775 1905 914 1932 Christum
935 1913 997 1939 per-

210 1953 311 1981 fectum
326 1961 387 1980 esse
407 1953 508 1984 Deum;
527 1951 628 1983 altera,
645 1959 705 1986 quae
730 1952 881 1986 perfectum
909 1950 997 1976 homi-

210 2006 272 2026 nem
288 2001 399 2032 negaret
415 2005 422 2023 z
438 1996 628 2024 Theodoretus
642 1996 729 2023 videri
748 2000 836 2031 potest
854 1995 997 2029 utriusque

210 2045 296 2081 partis
320 2044 463 2072 historiam
485 2052 569 2079 opera
596 2052 650 2071 una
669 2044 788 2071 voluisse
814 2051 996 2078 componere;

209 2090 259 2118 sed
270 2089 370 2126 prioris
386 2097 492 2121 revera,
519 2089 680 2124 posterioris
698 2089 773 2116 velut
789 2088 816 2115 in
831 2088 958 2123 imagine,
970 2092 998 2114 et

210 2135 421 2170 αἰνιγματικῶς.
446 2135 538 2161 Potest
559 2134 640 2162 etiam
656 2134 755 2167 videri,
780 2134 845 2161 dum
870 2133 997 2161 Arianam

211 2181 328 2210 haresin
347 2181 428 2216 282
440 2180 582 2212 describit,
598 2181 754 2212 ostendere,
771 2189 840 2215 quas
865 2188 915 2208 suo
928 2186 997 2208 tetu—

1045 1582 1108 1612 lidc,
1124 1588 1185 1608 cum
1208 1581 1338 1608 adversus
1353 1581 1469 1607 Arianos
1481 1580 1592 1613 tuenda,
1610 1585 1667 1607 tum
1685 1580 1757 1615 apud
1772 1579 1834 1607 inli-

1044 1627 1120 1654 deles
1132 1627 1322 1662 propaganda;
1335 1631 1402 1662 quot
1419 1631 1508 1653 tamen
1523 1626 1713 1654 haereticorum
1729 1626 1832 1653 fraudi-

1045 1673 1097 1700 bus
1113 1677 1209 1708 captus
1221 1673 1273 1705 sit;
1294 1673 1340 1707 qui
1356 1672 1448 1700 obitus
1462 1672 1536 1705 Arii;
1549 1673 1595 1707 qui
1610 1677 1638 1699 et
1653 1681 1768 1707 quarum
1782 1673 1834 1700 Ec-

1045 1718 1190 1745 clesiarum
1204 1717 1443 1752 episeopiArianis
1459 1717 1587 1749 faverint,
1601 1721 1649 1744 aut
1660 1717 1832 1749 obstiterint;

1046 1769 1148 1799 quanta
1166 1772 1261 1798 passus
1275 1763 1440 1791 Athanasius
1451 1783 1458 1794 ,
1478 1763 1513 1790 ab
1527 1763 1588 1798 ipso
1601 1763 1683 1790 etiam
1698 1762 1833 1790 Constan-

1047 1809 1115 1840 tino,
1139 1817 1189 1844 pro
1203 1808 1285 1836 Verbi
1299 1808 1457 1840 divinitate;
1477 1816 1539 1842 qua;
1563 1807 1589 1834 in
1604 1807 1697 1834 exsilia
1709 1807 1832 1841 ejectus;

1046 1862 1127 1889 quam
1137 1854 1217 1889 283
1227 1854 1271 1889 pie
1279 1854 1475 1881 Constantinus
1483 1853 1593 1881 obierit.
1603 1852 1692 1887 Atque
1701 1852 1759 1879 haec
1769 1859 1833 1886 syn-

1046 1901 1121 1936 opsis
1137 1901 1199 1928 libri
1218 1901 1308 1935 primi.

1084 1958 1176 1985 λΧιιι.
1197 1957 1340 1985 Secundus
1360 1957 1482 1984 continet
1502 1957 1540 1983 rei
1561 1957 1668 1984 Ariana‘.
1688 1955 1833 1982 historiam

1048 2003 1099 2031 sub
1117 2003 1280 2030 Constantio
1301 2011 1307 2029 :
1326 2006 1454 2029 narratur
1474 2003 1547 2029 enim
1567 2001 1672 2036 primus
1692 1999 1833 2027 Athanasii

1047 2048 1240 2076 Alexandriam
1254 2055 1270 2075 e
1287 2047 1382 2075 Galliis
1403 2048 1518 2079 reditus,
1542 2051 1600 2074 tum
1617 2046 1769 2074 Constantii
1783 2046 1835 2072 ilu-

1048 2093 1183 2127 pcratoris
1200 2092 1317 2120 defectio
1337 2101 1352 2120 a
1369 2093 1422 2119 fide
1439 2092 1588 2123 catholica,
1609 2091 1730 2118 secunda
1748 2091 1833 2117 Atha-

1049 2138 1116 2165 nasii
1135 2138 1275 2173 relegatio,
1290 2138 1421 2172 Paulique
1430 2137 1725 2172 Constantinopolitani
1736 2137 1835 2173 ejectio

1049 2182 1077 2209 in
1086 2183 1182 2210 urbem
1193 2183 1333 2210 Cucusum
1350 2191 1357 2209 :
1371 2187 1466 2217 postea
1477 2181 1628 2209 Macedonii
1638 2181 1762 2213 haeresis,
1774 2189 1835 2216 quae

211 2234 278 2261 pore
291 2233 401 2260 serpere
414 2225 538 2260 putabat,
556 2225 641 2259 ipsius
655 2225 827 2259 propagines,
841 2224 868 2252 id
879 2229 932 2256 est,
950 2225 998 2251 de-
1014 2216 1036 2243 ί)
1050 2227 1156 2254 Arianae
1168 2227 1286 2258 soboles,
1297 2231 1429 2259 exortus;
1443 2234 1502 2261 quae
1514 2226 1540 2253 in
1549 2226 1666 2253 concilio
1678 2225 1834 2252 Sardicensi

212 2277 366 2300 monstrare
384 2272 411 2299 in
423 2272 498 2303 Ario,
511 2272 657 2303 Eunomio,
680 2272 847 2306 Apollinario
865 2276 893 2298 ct
908 2271 996 2298 Macer-

212 2318 305 2346 donio.
320 2318 395 2344 velut
412 2317 438 2344 in
456 2317 625 2351 parentibus,
650 2317 781 2352 Cyrillum
797 2322 824 2344 et
841 2316 998 2345 Catholicos

213 2363 324 2390 unionis
338 2362 527 2389 substantialis
549 2362 719 2395 defensores,
739 2370 809 2397 quos
827 2362 997 2394 traducebat,

213 2409 288 2436 velut
307 2407 440 2443 eiusmodi
467 2408 586 2442 pestium
611 2407 682 2436 ﬁlios
707 2413 754 2436 aut
773 2412 896 2442 nepotes.
927 2407 999 2440 Quid

1050 2279 1124 2308 gesta
1138 2273 1205 2303 sint;
1221 2273 1286 2307 quid
1298 2272 1449 2299 Antiochia
1459 2271 1553 2299 Ariani
1567 2271 1699 2298 adversus
1710 2271 1835 2305 Euphrao

1052 2323 1109 2344 tum
1133 2322 1161 2344 et
1187 2317 1360 2344 Vincentium
1383 2316 1486 2347 moliti;
1521 2314 1660 2350 quomodo
1681 2314 1836 2348 Stephanus

1053 2363 1241 2390 Antiochenus
1262 2362 1380 2389 Arianus
1395 2361 1535 2396 dejectus;
1559 2359 1699 2395 quomodo
1717 2359 1837 2386 Athana-

1054 2408 1112 2436 sius
1127 2408 1226 2435 iterum
1242 2407 1356 2435 rcdicrit
1372 2407 1407 2434 ab
1426 2406 1539 2438 exsilio,
1561 2411 1591 2434 et
1606 2405 1717 2433 tertium
1732 2405 1837 2440 ejectus

882 2491 1042 2520 SCllULle
1062 2492 1178 2520 ΝΟΤᾹΞ.

250 2565 271 2581 ⁸⁵
283 2565 320 2592 Ita
338 2564 488 2591 Camerius
499 2562 623 2597 pneludit
635 2561 790 2598 hypothesi,
807 2570 886 2596 quam
903 2562 916 2597 §
937 2563 970 2589 lt)
983 2567 1009 2589 et
1027 2561 1072 2593 20,
1099 2569 1262 2598 expromere
1285 2561 1358 2598 haud
1390 2561 1535 2588 dubitavit.
1585 2561 1607 2576 ⁸⁸
1622 2559 1682 2598 Soli
1704 2558 1838 2598 Camerio

215 2600 257 2628 ha‘
270 2600 413 2626 levissima!
426 2593 590 2633 conjecturte
601 2605 629 2624 se
646 2593 763 2632 probare
774 2593 932 2633 pot-uerunt.
949 2599 972 2613 ⁸⁸
985 2598 1096 2624 Somnia
1106 2593 1163 2633 hit-rc
1177 2597 1467 2633 digerispotiusquam
1476 2597 1645 2633 conjecturas
1658 2595 1717 2633 virBO
1729 2593 1838 2620 erudito

216 2635 319 2670 dignas.
331 2635 392 2670 \‘id.
403 2629 724 2670 DupiniiBibliotQLaut.
739 2629 813 2670 θίξιν
920 2641 945 2667 p.
958 2633 1002 2670 94,
1018 2632 1062 2670 95,
1077 2637 1104 2659 et
1114 2632 1199 2670 _lttigii
1213 2629 1293 2670 Praef.
1304 2632 1337 2670 ad
1351 2629 1419 2658 Hist.
1432 2629 1534 2662 eadem,
1545 2629 1776 2670 saec.tt,_p._85(‘q_.
1789 2636 1838 2668 nec

216 2663 269 2697 udi.
287 2670 322 2696 De
335 2663 454 2696 Biblioth:
468 2673 491 2694 et
504 2668 609 2694 Catenis
621 2667 687 2697 PP.,
705 2675 731 2701 p.
748 2668 808 2693 72‘).
846 2667 868 2681 ⁸⁷
883 2668 910 2694 Si
921 2663 970 2694 'vel
984 2668 1100 2694 maxime
1114 2663 1220 2694 hzreyita
1235 2675 1263 2693 δι’
1279 2667 1421 2698 haberent,
1435 2670 1524 2693 tamen
1541 2663 1665 2701 Carnerii
1682 2663 1838 2701 hypothesis

216 2713 312 2766 parum
323 2704 440 2739 przesidii
457 2703 518 2729 inde
531 2707 622 2737 petere
632 2693 732 2736 posset.
751 2701 818 2727 Cum
835 2693 909 2728 enim
925 2693 1125 2733 Theodoretus,
1138 2706 1168 2728 ut
1185 2702 1242 2736 ipse
1255 2702 1273 2728 l.
1289 2710 1315 2732 v,
1332 2710 1355 2728 c.
1371 2693 1559 2732 59,1tcstatur,
1574 2693 1837 2734 scribendi'inilium

227 2741 312 2766 ecerit
325 2740 359 2765 ab
373 2739 429 2765 Arii
445 2738 565 2766 vesania,
577 2737 633 2763 lucc
648 2741 737 2763 autent
752 2745 800 2766 pro
812 2736 930 2764 diversis
944 2739 1150 2766 imperatorum.
1164 2737 1326 2766 aulicorum,
1340 2737 1532 2766 episcoporum
1547 2736 1656 2764 studiis,
1668 2734 1738 2760 ultra
1755 2740 1837 2759 διφρη-

227 2741 312 2767 eccrit
324 2734 359 2765 ab
373 2739 429 2765 Arii
445 2734 565 2768 vesania,
577 2734 640 2763 hch
648 2741 737 2763 autent
752 2745 800 2771 pro
812 2736 930 2772 diversis
944 2739 1150 2772 imperatorum.
1164 2734 1326 2767 aulicorum,
1340 2737 1532 2771 episcoporum
1547 2736 1656 2764 studiis,
1668 2734 1738 2772 ultra
1755 2740 1839 2772 δωρει-

217 2774 273 2802 lum
296 2774 442 2800 Ecclesium
456 2772 616 2803 turbaverit,
635 2778 689 2797 non
709 2767 759 2798 est'
769 2771 841 2805 quod
865 2767 1007 2802 miremur,
1027 2773 1189 2806 scriptorem
1207 2776 1339 2803 nostrum,
1355 2767 1416 2798 cum
1432 2767 1541 2798 centum
1564 2775 1591 2797 et
1611 2768 1683 2804 quod
1708 2767 1838 2806 excurrit.

217 2807 515 2836 annorum'historiam
534 2807 677 2836 scriberet,
696 2815 749 2833 non
764 2802 795 2833 ad
824 2806 975 2840 primordia
990 2802 1093 2833 tantum
1110 2807 1266 2838 Arianislni,
1281 2807 1328 2832 sed
1345 2806 1379 2835 ad
1407 2807 1561 2833 universam
1589 2802 1647 2839 ejus
1681 2802 1838 2838 progeniem

220 2844 327 2878 plenius
344 2842 550 2871 describendam
569 2841 695 2874 animum
720 2842 862 2875 :ttljcrisst‘.
