1967 3047
134 116 189 148 233

716 113 765 143 DE
784 114 821 143 LI
826 113 912 142 BRIS
929 113 1182 144 THEODORETI.

1710 96 1761 146 234

135 173 366 209 fugerit;quanta
381 171 457 199 rabie
470 169 556 206 ipsius
570 170 664 198 sedem
677 170 779 205 impius
789 170 924 206 Georgius
939 172 962 200 Α
1010 170 1104 199 XXVI.
1122 171 1240 204 Quintus
1254 175 1355 199 statum
1374 171 1486 199 haeresis
1496 170 1614 206 Aridum,
1627 172 1760 203 duarum-

136 219 280 252 invaserit,
304 222 332 245 et
351 216 562 245 Alexandrinam
588 216 738 243 Ecclesiam
757 216 922 249 vastaverit;

135 265 238 299 quibus
256 264 421 291 Arianorum
443 263 550 290 artibus
572 266 697 289 coactum
720 261 755 288 sit
775 262 923 289 concilium

135 310 337 337 Mediolancnse
348 309 512 336 Arianorum
527 312 622 334 contra
641 307 839 340 Athanasium;
857 306 923 342 quid

136 355 264 382 Liberius
278 362 349 389 papa
367 361 430 381 cum
443 353 605 381 Constantio
621 353 788 387 imperatore
803 352 923 379 collocu—

136 404 197 431 tus;
210 399 349 434 quomodo
361 402 388 425 et
397 399 500 433 ejectus
510 398 545 424 sit
557 398 584 424 in
598 397 737 429 exsilium,
750 401 778 424 et
793 396 922 429 redierit;

136 449 231 480 postea
248 445 282 471 de
299 443 416 471 concilio
431 443 609 475 Ariminensi,
625 443 709 477 impia
726 442 844 469 formula
860 441 925 469 fidei

136 490 233 516 Nitrata:
244 489 368 516 Thracia
378 488 524 520 fabricata;
536 487 666 522 synodica
675 487 794 518 Damasi,
806 487 925 514 Athana-

135 534 226 569 siique
241 534 357 568 epistola
373 540 456 568 super
474 532 591 560 concilio
605 532 791 564 Ariminensi;
816 531 924 558 Leontii

135 579 301 607 Antioclteni
317 579 411 606 Ariani
423 578 530 605 artibus
541 577 575 604 ad
586 577 720 604 fallendos
735 576 850 609 ﬁdeles;
867 576 924 604 Eu-

135 626 222 657 doxii,
243 625 291 660 qui
315 624 432 652 Leontio
456 623 598 654 successit,
618 622 742 657 professa
763 621 922 656 impietate;

135 671 256 698 concilio
270 671 369 697 iterum
383 670 481 697 Nicaea:
493 673 662 701 convocato;
676 667 710 695 de
726 667 845 694 concilio
858 666 924 693 item

136 716 269 744 Seleuciae
283 715 395 744 lsaurize
412 714 526 747 habito;
554 714 587 741 de
604 713 676 741 Aetii
693 712 818 740 Anomoei
839 711 925 739 initiis

136 766 165 788 et
185 761 432 793 condemnatione;
453 760 487 787 de
509 760 744 787 Eunomianorum
762 758 797 785 ab
816 757 926 785 Arianis

138 807 307 834 discessione
319 815 325 840 ;
338 807 373 834 de
385 806 487 834 Jacobo
504 797 636 833 Nisibeno
645 813 695 840 per
705 804 904 839 digressionem
916 811 923 836 ;

137 852 172 879 de
186 852 303 879 concilio
319 852 430 879 tandem
446 851 629 883 Antiocheno,
646 850 673 877 in
685 858 739 885 quo
752 850 878 877 Melctius
891 849 925 876 ab

137 897 248 924 Arianis
263 902 376 924 vexatus
393 901 454 929 est;
469 896 503 924 de
516 896 636 923 Eusebio
650 895 834 923 Samosatensi
846 895 925 922 Aria—

137 951 236 970 norum
247 943 336 974 hoste,
347 946 375 969 et
382 942 460 969 obitu
472 941 625 969 Constantii
636 941 795 968 eorumdem
806 940 925 975 patroni.

172 987 267 1015 XXIV.
300 987 409 1014 Tertius
439 986 617 1021 prosequitur
647 985 793 1020 imperium
824 985 926 1013 Juliani

137 1031 284 1066 Apostatte,
305 1038 360 1065 quo
379 1030 538 1058 dominante
575 1031 622 1058 vix
648 1030 785 1064 respirare
814 1029 926 1064 quidem

138 1076 240 1103 licebat
254 1076 427 1108 Christianis,
439 1075 587 1111 gentilibus
601 1075 732 1103 audacter
747 1075 903 1103 furentibus
918 1084 924 1101 :

139 1129 206 1148 ausa
221 1125 263 1148 est
278 1125 369 1148 tamen
385 1121 535 1148 identidem
555 1120 678 1152 haeresis,
694 1125 817 1154 cognatae
829 1119 927 1154 impie-

139 1167 202 1194 tatis
214 1167 253 1193 uti
269 1167 402 1201 potentia,
415 1167 449 1193 ad
462 1166 620 1193 Catholieos
632 1166 817 1194 insectandos.
834 1166 864 1193 In
875 1166 927 1193 hoc

137 1211 220 1246 igitur
251 1211 344 1244 libro,
379 1215 441 1245 post
476 1211 628 1246 descriptos
647 1211 748 1238 Juliani
777 1218 868 1238 mores
900 1214 928 1237 et

140 1262 269 1284 enarrata
291 1257 384 1289 initia,
403 1256 522 1284 refertur
541 1257 731 1291 episcoporum
748 1256 875 1283 exsilium
892 1255 926 1282 ab

136 1303 247 1331 Arianis
255 1310 397 1338 passorum
412 1302 526 1334 reditus,
536 1302 642 1328 Paulini
656 1301 820 1328 Antiocheni
831 1300 926 1328 catho-

136 1349 184 1376 Iiei
198 1349 347 1380 ordinatio,
363 1349 505 1384 gentilium
522 1349 550 1375 in
566 1347 736 1375 Christianos
747 1347 834 1379 furor,
846 1354 928 1381 quar-

137 1399 253 1430 tumque
277 1395 418 1422 Athanasii
452 1394 589 1422 exsilium.
624 1393 690 1427 Quae
721 1397 928 1428 consequuntur

137 1449 225 1475 usque
237 1441 271 1468 ad
288 1441 418 1473 linetn,in
433 1441 532 1468 Juliani
548 1441 701 1476 tyrannide,
717 1446 873 1468 sanctorum
893 1440 927 1466 de

976 224 1029 251 quc
1048 217 1134 252 ipsius
1153 218 1343 253 propaginum,
1363 215 1574 252 Apollinarianm
1591 221 1619 246 et
1637 217 1761 247 Macedoa

975 261 1063 288 niana:
1074 261 1276 289 damnationem
1286 258 1487 297 complectitur,
1498 263 1634 299 simulque
1646 264 1761 292 immen-

975 314 1019 334 sas
1051 306 1199 335 Theodosii
1227 308 1416 347 imperatoris,
1447 309 1586 345 Ambrosii
1627 309 1758 344 episcopi,

975 351 1087 380 Joannis
1097 352 1293 388 Chrysostomi,
1312 350 1586 382 et'Autiocbenorum
1599 355 1758 389 praesulem,

976 403 1008 424 ac
1024 396 1161 424 Theodori
1173 397 1471 433 Mopsuesteni'laudes.
1486 398 1575 432 Quare
1592 404 1653 434 post
1666 400 1762 427 lauda-
1781 429 1783 432 η

977 446 1035 469 tum
1048 443 1219 475 Gratianum,
1235 444 1282 478 qui
1294 449 1404 471 mortuo
1415 445 1538 478 Valente,
1555 445 1638 472 totius
1652 445 1760 480 imperii

975 488 1079 522 potitus
1093 492 1145 521 est,
1161 489 1266 517 reditus
1278 490 1396 524 primum
1408 490 1605 518 catholicorum
1619 491 1762 526 episcopo.

976 541 1037 560 rum
1054 542 1105 568 pro
1121 534 1174 562 fide
1188 535 1324 566 exsulum,
1336 535 1500 563 Arianorum
1516 536 1576 570 lege
1591 536 1645 564 lata
1661 537 1760 572 ejectio

975 581 1102 604 narratur
1126 586 1132 604 :
1155 582 1212 605 tum
1236 579 1384 614 exponitur
1411 580 1522 607 haeresis
1550 580 1762 615 Apollinariana

976 625 1092 656 utraque
1102 630 1176 656 pars,
1189 627 1216 650 et
1227 624 1363 658 posterior
1376 625 1564 652 maxime.cEx
1575 625 1626 653 hac
1638 626 1757 659 radice,»

976 666 1066 702 inquit
1078 667 1269 696 Theodoretus
1279 668 1328 701 ³⁸,ε
1338 670 1365 696 in
1378 670 1508 698 Ecclesiis
1520 675 1612 698 natura
1623 676 1674 702 est.
1687 673 1761 707 quod

976 720 1030 740 una
1047 713 1139 740 carnis
1158 718 1186 740 et
1205 714 1360 743 divinitatis
1378 720 1478 743 natura
1499 717 1612 749 dicitur,
1633 718 1762 752 quodque

977 757 1113 784 divinitati
1129 758 1266 793 Unigeniti
1282 761 1374 794 passio
1386 761 1546 793 ascribitur,
1561 766 1589 789 et
1602 761 1654 789 alia
1669 762 1697 789 id
1716 770 1763 798 ge-

976 810 1038 835 nus,
1055 803 1090 830 de
1105 804 1207 838 quibus
1230 806 1410 840 populorum,
1428 807 1656 842 sacerdotumque
1672 812 1762 836 certa-

977 850 1051 876 mina
1064 850 1238 878 exstiterunt.
1254 861 1263 876 »
1286 852 1390 880 Deinde
1403 853 1516 881 Diodori
1531 854 1674 882 Tarsensis
1686 856 1761 883 ordi-

977 896 1062 928 natio,
1085 896 1197 923 Eusebii
1215 896 1414 926 Samosatcnsis
1434 899 1553 933 reditus,
1574 901 1706 936 factaeque
1726 902 1761 928 ab

977 941 1038 977 ipso
1047 942 1233 970 ordinationes
1243 943 1458 977 Catholicorum,
1468 946 1609 981 caedesque
1618 947 1652 974 ab
1664 948 1762 975 Ariana

977 987 1092 1015 muliere
1112 989 1279 1016 describitur
1297 999 1304 1016 :
1323 990 1422 1018 deinde
1439 991 1585 1019 Theodosii
1602 992 1691 1028 Magni
1708 993 1761 1020 im-

976 1035 1112 1069 peratoris
1130 1035 1314 1071 inauguratio,
1335 1037 1457 1064 studi-um
1476 1046 1526 1073 pro
1540 1038 1602 1071 fide,
1618 1039 1696 1074 cujus
1710 1040 1761 1066 im-

977 1085 1144 1116 pugnatores
1169 1082 1290 1117 episcopi
1310 1087 1474 1116 censentur;
1508 1084 1616 1112 concilii
1647 1085 1762 1113 secundi

978 1127 1148 1159 convocatio,
1172 1127 1302 1162 synodica
1321 1127 1355 1154 ad
1377 1128 1522 1155 Damasum
1539 1137 1611 1156 anno
1630 1135 1762 1164 sequente

978 1171 1072 1204 missa,
1093 1180 1146 1207 qua
1168 1172 1333 1199 damnantur
1350 1173 1525 1201 Macedonius
1543 1179 1570 1201 et
1587 1174 1761 1209 Apollinaris.

977 1219 1086 1246 Damasi
1098 1219 1230 1246 adversus
1239 1219 1423 1254 Apollinarem
1434 1220 1572 1255 synodica,
1582 1221 1762 1257 ejusdemque

979 1265 1114 1293 confessio
1131 1265 1165 1292 ad
1180 1266 1324 1292 Paulinum
1339 1265 1514 1293 describitur.
1540 1266 1601 1294 Mox
1616 1267 1762 1302 perstricta

977 1311 1100 1338 Gratiani
1116 1319 1183 1338 nece
1201 1316 1228 1339 et
1245 1311 1389 1346 tyrannide
1403 1312 1523 1346 Maximi,
1534 1312 1688 1340 instituitur
1702 1323 1763 1341 nar-

977 1355 1047 1382 ratio
1059 1355 1093 1382 de
1104 1355 1217 1383 Iustinae
1230 1356 1320 1383 studio
1334 1364 1398 1391 erga
1412 1356 1539 1389 Arianos,
1552 1357 1694 1392 turbisque
1709 1358 1763 1385 Me-

979 1399 1082 1427 diolani
1098 1401 1189 1433 motis,
1200 1409 1233 1428 ac
1244 1401 1352 1428 Maximi
1365 1402 1483 1437 tyranni,
1497 1402 1700 1438 Theodosiique
1713 1404 1764 1431 im-

979 1445 1114 1480 peratoris
1129 1453 1161 1473 ea
1173 1445 1205 1473 de
1217 1453 1246 1473 re
1256 1446 1370 1481 judicio,
1384 1451 1411 1474 et
1427 1447 1460 1474 de.
1472 1447 1618 1475 Theodosii
1632 1449 1764 1477 adversus

139 1490 257 1522 tyranno
279 1486 437 1521 triumphis,
450 1487 573 1522 ejusdem
594 1486 768 1522 expeditione
782 1487 809 1513 in
820 1487 926 1519 Persa,
940 1500 962 1530 ο
978 1489 1096 1518 Arianos
1105 1491 1164 1525 lege
1175 1491 1358 1526 Amphilochii
1371 1492 1499 1527 precibus
1512 1493 1703 1522 cditaJ’ostea
1715 1502 1765 1529 per

137 1536 166 1559 et
178 1532 251 1567 justa
264 1532 338 1559 caede
351 1532 515 1564 enarranda,
530 1532 618 1567 posita
634 1536 707 1559 sunt.

174 1577 256 1605 XXV.
274 1577 393 1610 Quartus
408 1578 533 1605 continet
551 1586 596 1606 res
611 1577 690 1611 ﬁdei,
711 1586 772 1612 quae
787 1577 927 1613 regnanti—

138 1624 192 1652 bus
205 1624 293 1651 tribus
310 1632 400 1651 rerum
415 1624 545 1657 dominis,
564 1624 679 1652 Joviano
699 1624 810 1658 quidem
829 1627 857 1651 et
873 1623 926 1651 Va-

137 1668 290 1696 lentiniano
303 1669 460 1701 catholicis,
474 1669 588 1696 Valente
602 1673 692 1696 autem
706 1669 807 1696 Ariano
817 1689 823 1700 ,
839 1667 928 1695 conti—

137 1718 263 1749 gerunt:
286 1721 371 1749 quare
393 1718 454 1749 post
470 1717 684 1742 commemorata
706 1713 812 1741 Ioviani
838 1713 926 1744 initia,

137 1759 257 1786 refertur
273 1760 393 1794 primum
410 1759 514 1786 reditus
527 1759 666 1787 Athanasii
680 1767 687 1792 ;
703 1759 831 1794 synodica
844 1758 927 1794 Egy-

137 1804 222 1841 ptiaci
237 1805 346 1831 concilii
358 1805 392 1831 ad
400 1805 555 1836 Jovianum,
572 1805 734 1839 Jovianique
746 1812 820 1832 mors
831 1812 927 1839 repen-

139 1850 196 1877 tina
219 1859 226 1875 ε
248 1854 305 1877 tum
330 1850 513 1877 Valentiniani
539 1850 725 1885 inauguratio,
751 1849 927 1884 Valentisque

139 1895 232 1922 fratris
246 1895 273 1921 in
286 1898 441 1922 consortem
453 1895 529 1930 regni
543 1895 704 1929 assumptio,
717 1895 854 1922 ordinatio
864 1894 928 1921 Am-

137 1940 224 1967 brosii
245 1940 454 1968 Mediolanensis
473 1940 604 1976 episcopi,
623 1941 809 1976 Augustorum
831 1941 875 1968 lex
892 1941 926 1968 de

137 1987 374 2021 consubstantiali,
387 1988 420 2015 de
428 1995 482 2022 quo
491 1987 573 2014 etiam
583 1986 703 2022 synodus
717 1986 868 2022 Illyriciana
879 1986 927 2013 Ita-

137 2034 196 2062 bita
206 2039 246 2062 est
256 2043 263 2067 ;
277 2035 466 2062 Audianorum
478 2034 511 2062 de
521 2034 577 2061 Deo
588 2038 743 2068 eorporato,
752 2034 926 2061 Messaliano-

137 2088 200 2107 rum
222 2080 304 2117 284
326 2081 360 2108 de
387 2080 520 2108 orationis
549 2079 644 2107 fictitia
668 2079 785 2114 quadam
811 2079 924 2111 virtute,

137 2124 251 2151 haeresis
267 2124 428 2157 exordium;
458 2129 551 2159 postea
568 2124 688 2151 Valentis
707 2124 881 2158 imperatoris
897 2123 923 2150 in

978 1535 1131 1571 episodium
1154 1537 1241 1564 caedes
1257 1537 1527 1570 Thessalonicensis,
1548 1539 1763 1568 ethnliochcna

979 1580 1079 1608 seditio
1090 1585 1230 1612 narratur,
1250 1586 1279 1608 ut
1291 1582 1439 1613 Ambrosii,
1449 1586 1476 1608 et
1490 1582 1621 1615 Flaviani,
1633 1583 1762 1612 Theodo-

978 1627 1067 1661 siique
1079 1626 1208 1654 laudandi
1219 1627 1326 1654 occasio
1338 1628 1462 1661 capiatur
1476 1636 1483 1654 :
1496 1632 1624 1655 narratur
1635 1634 1664 1656 et
1675 1629 1763 1656 idolo-

978 1679 1038 1698 rum
1061 1671 1282 1706 tcmplorumquc
1310 1672 1474 1704 destructio,
1496 1672 1674 1707 Flavianique
1700 1681 1763 1701 cum

978 1717 1144 1752 imperatore
1157 1717 1303 1744 eollocutio
1318 1717 1351 1744 de
1364 1717 1524 1752 episcopatu
1539 1718 1721 1752 Antiochcno,
1735 1725 1763 1748 et

978 1762 1167 1790 reconciliatio
1181 1770 1243 1789 cum
1257 1762 1496 1795 Occidentalibus,
1513 1771 1570 1790 rem
1584 1769 1764 1798 promovente

977 1807 1077 1835 Acacio
1087 1816 1095 1840 ;
1106 1807 1221 1842 Eugenii
1233 1808 1365 1843 tyrannis,
1377 1807 1579 1842 Theodosiique
1591 1808 1706 1836 victoria
1722 1814 1764 1837 at-

977 1862 1031 1889 que
1047 1854 1149 1881 obitus.
1169 1854 1285 1882 Venitur
1302 1855 1402 1882 deinde
1422 1854 1455 1881 ad
1478 1854 1587 1882 Arcadii
1604 1855 1761 1890 imperium,
1778 1866 1782 1871 λ

978 1904 1076 1932 resque
1090 1897 1288 1933 Chrysostomi,
1302 1898 1402 1932 quibus
1410 1898 1514 1933 prolixe
1528 1899 1668 1933 expositis,
1681 1900 1762 1936 285

977 1941 1104 1969 laudatur
1124 1947 1152 1969 et
1175 1942 1330 1970 Alexander
1345 1943 1533 1972 Antiocltenus
1556 1945 1713 1980 episcopus,
1735 1950 1763 1974 et

978 1988 1065 2023 pietas
1076 1988 1223 2017 Theodosii
1232 1989 1354 2017 Junioris
1366 1997 1398 2017 ac
1411 1997 1549 2021 sororum,
1562 1994 1590 2017 et
1603 1991 1762 2020 Theodotus

975 2033 1123 2061 Alexandri
1146 2042 1299 2067 successor,
1326 2035 1372 2070 qui
1390 2035 1598 2070 Apollinaristas
1614 2036 1648 2063 ad
1667 2037 1761 2064 Eccle-

977 2079 1044 2106 siam
1059 2079 1178 2107 reduxit.
1194 2080 1326 2112 Tandem,
1346 2085 1455 2108 narrata
1469 2088 1518 2116 per
1530 2081 1682 2115 episodium
1694 2082 1757 2108 1³61·-

977 2132 1069 2152 sarum
1091 2125 1293 2159 persecutione,
1314 2126 1455 2152 immensis
1473 2125 1600 2152 laudibus
1620 2126 1761 2153 extollitur

135 2168 266 2196 Arianam
279 2169 445 2203 impietatem
456 2169 566 2204 lapsus;
580 2168 642 2195 inde
654 2172 809 2195 sanctorum
818 2168 924 2200 exsilia,
941 2166 962 2193 D
977 2169 1139 2196 Theodorus
1158 2169 1373 2204 Mopsucstenus,
1399 2177 1430 2196 ac
1453 2169 1515 2196 linis
1537 2169 1659 2197 historiae
1675 2170 1760 2205 impo-

136 2218 196 2241 tnm
218 2213 361 2240 Athanasii
382 2213 493 2246 obitus,
519 2213 591 2240 Petri
612 2213 780 2240 successoris
796 2213 924 2240 catholici

136 2259 255 2289 vexatio,
280 2258 358 2285 Lucii
384 2258 476 2285 Ariani
498 2258 579 2285 Petro
599 2257 707 2285 sull‘ecti
725 2258 836 2285 infanda
857 2258 924 2286 faci—

135 2310 215 2335 nora,
232 2307 260 2330 et
278 2311 293 2330 a
311 2303 510 2330 Saracenorum
525 2303 613 2330 electo
632 2303 760 2338 episcopo
776 2304 926 2338 reprehen-

135 2348 196 2381 sio;
211 2349 342 2383 deinceps
352 2348 718 2383 Constantinopolitanorum
731 2356 763 2375 ac
778 2349 926 2377 Antioche-

134 2402 236 2422 norum
253 2394 375 2422 fidelium
388 2394 554 2429 persecutio,
572 2393 693 2422 Flaviani
707 2398 734 2421 et
751 2394 863 2422 Diodori
875 2403 925 2430 pro

134 2439 189 2468 ﬁde
199 2440 368 2472 sollicitudo,
379 2444 538 2468 sanctorum
553 2440 560 2449 '
573 2439 771 2467 monachorum
783 2447 846 2467 cum
858 2441 927 2468 duo-

134 2486 187 2514 bus
199 2486 242 2513 his
256 2486 319 2513 fidei
336 2486 527 2514 defensoribus
543 2485 726 2520 conspiratio;
739 2485 881 2521 Ephremii
897 2488 925 2515 in

133 2531 224 2568 Syria,
242 2531 349 2567 Didymi
364 2531 551 2563 Alexandriae,
567 2530 717 2559 illustrium
731 2531 922 2566 episcoporum

133 2577 164 2604 in
180 2577 293 2604 Pontica
312 2581 340 2604 et
354 2577 465 2609 Asiana,
481 2576 588 2603 Damasi
605 2581 633 2602 et
647 2576 784 2604 Ambrosii
797 2577 824 2603 in
842 2576 922 2604 Occi-

132 2623 228 2655 dente,
249 2631 300 2657 pro
318 2622 371 2650 fide
390 2623 497 2650 sincera
516 2622 655 2654 studium;
670 2621 787 2657 denique
803 2620 923 2649 Valentis

133 2668 276 2703 expeditio
285 2673 315 2696 et
325 2669 423 2700 caedes,
435 2668 642 2702 Gothornmque
652 2668 685 2695 ad
696 2668 824 2695 Arianam
838 2668 924 2696 haere—

133 2714 177 2742 sin
195 2714 337 2742 abductio.

976 2215 1060 2241 nitur.

1012 2259 1118 2288 XXVII.
1133 2259 1201 2287 Cum
1218 2267 1250 2288 ea
1271 2260 1305 2287 sit
1320 2260 1389 2287 ratio
1410 2261 1512 2295 operis,
1537 2260 1611 2295 quod
1632 2268 1759 2289 recense-

977 2311 1048 2336 mus,
1068 2303 1181 2335 nemini,
1195 2304 1305 2339 opinor,
1317 2304 1455 2332 historica:
1465 2305 1533 2332 artis
1544 2305 1633 2340 perito
1644 2305 1759 2333 dubium

977 2353 1028 2382 est,
1047 2350 1113 2385 quin
1126 2357 1190 2377 vere
1202 2350 1314 2378 inscribi
1332 2350 1431 2377 debeat
1447 2350 1580 2378 Hier-eteo:
1596 2351 1704 2378 Arium:
1718 2352 1760 2378 hi-

975 2394 1068 2421 storia.
1080 2394 1147 2422 Nam
1162 2402 1196 2423 ex
1211 2395 1279 2422 artis
1296 2398 1443 2429 praecepto,
1460 2395 1549 2429 primo
1567 2394 1653 2430 ipsius
1668 2395 1760 2422 omnia

974 2445 1192 2476 pertractantur;
1205 2441 1304 2468 deinde
1318 2445 1425 2473 cuncta,
1439 2448 1499 2475 quae
1508 2441 1680 2476 attinguntur
1694 2441 1758 2473 alia,

974 2484 1009 2512 ad
1024 2485 1149 2512 eamdem
1163 2484 1330 2512 referuntur.

1012 2530 1129 2557 XXVIII.
1155 2531 1214 2558 Jam
1239 2538 1306 2558 vero
1330 2530 1472 2558 historiam
1494 2530 1565 2558 hanc
1587 2537 1622 2558 eo
1646 2531 1761 2559 consilio

977 2575 1106 2610 scriptam
1117 2583 1188 2608 esse,
1204 2579 1235 2603 ut
1247 2575 1440 2603 ostenderetur
1450 2575 1527 2602 radix
1536 2582 1674 2608 errorum,
1692 2583 1761 2610 quos

976 2621 1029 2648 sibi
1042 2621 1117 2648 visus
1130 2626 1172 2648 est
1189 2621 1378 2649 Theodoretus
1392 2621 1420 2648 in
1437 2621 1547 2656 scriptis
1567 2622 1653 2649 sancti
1667 2621 1760 2658 Cyriili

975 2667 1080 2699 videre,
1101 2667 1173 2694 facili
1189 2667 1298 2702 negotio
1314 2667 1467 2695 conﬁcitur.

1010 2711 1106 2738 XXIX.
1126 2712 1259 2740 Docuerat
1272 2711 1388 2748 Cyrillus
1405 2711 1476 2739 inter
1493 2712 1586 2741 ambas
1596 2712 1698 2742 Christi
1713 2720 1761 2741 na-

782 2779 942 2807 SCHULZII
966 2778 1080 2806 ΝΟΤᾹΞ.

166 2830 190 2846 ⁵³
206 2828 275 2857 Hist.
296 2828 384 2856 acules.
412 2829 429 2856 1.
454 2837 479 2861 v,
498 2837 522 2855 c.
541 2829 567 2855 5.

252 2878 387 2909 ΡΑτιιοι..
409 2878 465 2908 Gn.
482 2876 635 2908 LXXXIV.
