1967 3047
216 125 271 157 235

784 121 971 152 GARNERII
991 122 1237 153 DISSERTATIO
1258 123 1298 152 Il.

1797 118 1850 149 236

216 187 291 209 turns
308 179 479 207 intercedere
492 178 590 206 ἔνωπιν
602 178 718 212 φυσικὴν
730 181 758 204 et
772 177 834 203 καθ’
846 176 1005 221 umquam

1093 177 1214 212 Uterque
1235 176 1388 204 divinitatis
1414 175 1495 204 V'crbi
1523 174 1780 202 vehementissimus
1802 174 1850 202 de-

218 226 244 254 td
252 229 304 258 est,
313 234 394 253 unam
401 233 461 253 esse
469 224 620 252 divinitatis
626 228 653 251 et
662 223 840 250 humanitatis
849 223 1007 254 ὑπόστασιν,

218 281 334 308 eamque
347 272 478 303 divinam,
490 274 519 297 et
532 270 614 297 Verbi
635 269 786 305 propriam.
803 269 858 296 l‘ro
869 267 1009 304 hypostasi

219 321 349 353 posuerat
380 316 460 350 φύσιν
478 324 484 341 ;
501 322 555 349 qua
573 318 708 349 potestate
728 312 862 348 signiﬁcat
882 312 909 340 id
928 320 1009 340 omne

220 363 293 398 quod
301 361 450 397 opponitur
463 360 578 396 σχετικῷ
592 365 621 387 et
629 360 735 392 morali,
747 359 818 386 unde
826 359 1008 390 concluserat,

220 412 282 443 post
297 406 450 433 unitionem
471 412 552 432 unam
568 412 628 432 esse
644 405 672 431 in
690 404 800 432 Christo
817 404 898 438 Verbi
918 403 1009 430 incar-

220 452 277 481 ttati
295 452 387 486 φύσιν,
402 459 521 486 vereque
541 450 596 478 diei
618 451 791 486 unigenitum
804 442 852 478 Dei
867 450 967 477 Filium
981 449 1010 476 in

220 507 303 527 carne
318 506 439 534 passum.
457 499 594 526 Docuerat
611 497 694 525 etiam
719 497 851 532 Spiritum
873 500 1009 527 sanctum,

219 553 274 573 non
291 553 306 572 a
323 546 403 573 Patre
425 549 542 576 tantum,
562 544 610 572 sed
625 544 707 571 etiam
729 551 745 570 a
763 543 832 570 Filio
849 541 1010 577 procedere.

219 592 372 626 Utrumque
387 590 578 618 Theodore-tus
591 590 634 617 vel
651 590 769 624 maligne
785 589 818 621 “,
835 593 866 616 ut
880 587 1012 615 invidiam

219 637 321 673 Cyrillo
342 637 462 669 faceret;
487 637 531 664 vel
560 635 772 667 inconsiderate,
793 639 908 670 propter
927 633 1012 661 animi

218 682 468 718 perturbationem,
494 683 689 717 interpretatus
709 685 751 709 est
776 690 783 708 :
808 687 893 716 quare
911 679 1012 715 Cyrillo

216 728 342 763 apprime
353 728 488 755 catholico
498 727 707 755 consensionem
719 734 782 754 cum
791 725 868 758 Ario,
875 725 1013 760 Apollina-

221 773 263 801 rio
280 777 309 801 et
330 773 490 800 Macedonio
503 772 605 808 obiecit
620 781 627 799 :
645 776 673 799 et
692 779 754 799 cum
767 771 833 798 Ario
847 770 959 806 quidem
980 777 1013 797 ac

218 819 400 854 Apollinario,
418 818 452 846 de
473 826 527 846 una
543 817 646 845 Christi
665 822 782 851 natura;
805 824 868 844 cum
885 815 1012 844 Macedo-

218 865 266 892 nio
283 872 358 897 vero,
377 864 411 892 de
429 864 549 899 Spiritus
563 864 650 892 sancti
666 863 852 899 processione.

255 910 340 937 XXX.
358 910 393 938 Ut
408 910 493 945 igitur
508 910 600 941 tacite,
616 913 644 937 et
661 908 738 937 velut
752 908 825 936 aliud
841 915 934 944 agens,
949 915 1015 935 eon-

219 956 377 984 sensionem
395 963 458 983 cum
477 956 542 983 Ario
558 955 702 988 ostendat,
718 954 876 986 Alexandri,
896 954 943 989 qui
955 953 1013 989 pri-

219 1010 282 1030 mus
312 1001 340 1029 in
371 1001 486 1038 Egypto
515 1002 611 1029 Arium
641 1009 703 1029 cum
736 1000 793 1029 suis
827 1000 953 1027 sectariis
980 1007 1015 1027 ex

219 1048 344 1076 Ecclesia
358 1048 449 1083 ejecit,
473 1048 616 1084 epistolam
636 1047 752 1082 profert,
775 1047 802 1074 in
817 1055 870 1082 qua
885 1046 943 1074 Arii
961 1046 1014 1074 im—

219 1093 308 1129 pietas
329 1093 426 1121 iisdem
450 1093 508 1121 fere
536 1093 667 1129 loquendi
695 1093 822 1120 formulis
840 1092 1013 1127 exprimitur,

220 1139 318 1167 iisdem
329 1139 484 1167 rationibus
497 1140 683 1175 impugnatur,
696 1139 798 1173 quibus
811 1138 904 1173 opinio
914 1138 1016 1174 Cyrillo

220 1185 318 1217 allicta,
330 1185 424 1221 utjam
436 1185 498 1212 inde
512 1192 527 1212 a
538 1184 636 1219 quinto
651 1193 700 1212 suo
713 1185 858 1212 decessore
870 1185 1015 1213 damnatus

219 1230 338 1266 Cyrillus
357 1230 508 1257 videretur.

255 1275 353 1304 XXXI.
374 1275 591 1303 Consensionem
619 1284 682 1303 cum
702 1276 872 1311 Apollinario
894 1276 1016 1304 insinuat

219 1330 283 1350 cum
297 1321 422 1357 exposito
437 1329 544 1349 errore.
563 1331 572 1347 t
592 1322 630 1348 Ex
647 1322 709 1355 hac,
728 1322 817 1357 inquit
828 1323 861 1354 νο,
878 1322 971 1350 radice
987 1323 1016 1350 in

220 1367 352 1396 Ecclesiis
369 1373 464 1395 natum
477 1372 529 1400 est,
545 1368 618 1403 quod
640 1376 693 1395 una
715 1369 806 1396 carnis
820 1373 848 1396 et
864 1369 1016 1397 divinitatis

220 1416 320 1441 natura
331 1413 444 1446 dicitur,
467 1413 595 1448 quodque
610 1413 750 1449 Unigeniti
771 1414 911 1442 divinitati
925 1415 1016 1450 passio

221 1458 380 1492 asa-ibitur,
402 1463 430 1486 et
447 1459 500 1486 alia
516 1458 544 1486 id
559 1466 656 1493 genus,
680 1459 714 1486 de
733 1459 834 1493 quibus
851 1460 1016 1494 pepulorum

221 1503 452 1538 sacerdotumque
472 1503 623 1530 certamina
642 1502 819 1530 exstiterunt.
840 1504 941 1531 Verum
958 1504 1016 1532 haec

220 1549 334 1584 quidem
352 1553 447 1583 postea
458 1549 644 1584 contigerunt.
663 1559 672 1575 ι

257 1597 266 1606 ⁸
281 1595 389 1622 XXXII.
405 1594 623 1622 Consensionem
644 1596 748 1630 pariter
771 1604 834 1623 cum
856 1597 1016 1624 Macedonio

218 1641 322 1674 innuit,
335 1649 399 1669 cum
413 1641 510 1677 synodi
524 1641 653 1669 Romanae
670 1642 722 1669 sub
739 1642 854 1670 Damaso
865 1643 1016 1670 confessio-

219 1695 284 1716 nem
303 1687 365 1714 ﬁdei
384 1687 487 1722 profert
503 1687 531 1714 in
546 1687 604 1714 haec
614 1687 698 1715 verba
713 1688 735 1704 ⁹¹
754 1697 760 1714 :
780 1698 788 1713 ι
803 1688 939 1721 Quoniam
955 1694 1016 1724 post

219 1732 369 1760 concilium
393 1732 477 1767 286
498 1732 640 1759 Niczenum
662 1733 707 1760 hic
732 1741 811 1761 error
837 1736 959 1767 emersit,
986 1739 1018 1762 ut

220 1778 333 1813 quidam
348 1785 396 1805 ore
411 1778 525 1812 profano
538 1778 630 1805 dicere
647 1778 776 1812 audeant,
801 1779 934 1815 Spiritum
952 1788 1016 1808 san-

220 1827 296 1851 ctum
323 1831 373 1858 per
401 1823 500 1850 Filium
525 1823 627 1851 factum
651 1832 726 1856 esse,
753 1825 1017 1854 anathematizamus

221 1879 278 1904 eos,
291 1870 338 1905 qui
355 1877 410 1897 non
427 1870 568 1897 liberrime
580 1870 731 1905 pradicant
742 1871 873 1906 Spiritum
890 1877 1017 1900 sanctum

222 1916 305 1943 unius
322 1915 500 1951 ejusdemque
513 1922 575 1942 cum
588 1915 669 1944 Patre
683 1920 711 1944 et
724 1917 794 1944 Filio
812 1917 972 1945 substantiae
985 1926 1017 1946 ac

222 1961 367 1997 potestatis
381 1961 526 1988 exsistere.
540 1970 549 1986 ι

258 2007 378 2035 XXXIII.
405 2007 465 2035 1am
491 2015 557 2034 vero
584 2006 728 2036 Nestorius
750 2009 801 2036 sub
826 2009 969 2037 Athanasii
989 2015 1018 2038 et

221 2053 410 2090 Chrysostomi
433 2061 550 2089 persona
574 2058 627 2081 tam
649 2055 780 2089 graphice
801 2055 969 2092 depingitur,
986 2062 1017 2084 ut

222 2100 302 2129 facile
317 2100 427 2136 agnosci
443 2103 527 2135 queat
544 2099 705 2132 lectoribus,
719 2101 762 2128 vel
780 2101 879 2129 leviter
892 2103 1014 2130 attentis.

223 2147 286 2175 Fuit
299 2147 374 2174 enim
392 2146 534 2174 Athanasii
549 2146 724 2181 Nestoriique
742 2147 800 2175 haec
816 2148 971 2176 similitudo
984 2157 1016 2177 ac

222 2191 416 2220 convenientia
427 2192 461 2218 ".

257 2238 379 2273 Uterque
386 2237 604 2272 patriarchatum
615 2237 710 2272 gessit,
721 2237 888 2266 Athanasius
899 2238 1016 2266 Alexan-

222 2284 345 2315 drinum,
361 2283 505 2310 Nestorius
521 2282 856 2318 Constantinopolitanum
874 2293 881 2310 :
898 2288 1016 2320 uterque

223 2330 359 2357 haereseos
382 2328 490 2355 Arianae
519 2327 672 2355 acerrimus
701 2328 875 2363 impugnator
899 2329 1014 2362 exstitit,

223 2381 338 2409 eamque
353 2373 388 2400 ob
401 2380 458 2400 rem
474 2372 641 2400 Athanasius
653 2372 738 2399 libros
755 2373 852 2409 edidit,
868 2378 896 2401 et
910 2381 1015 2401 senue-

223 2426 274 2446 nes
283 2418 386 2446 nemini
398 2418 515 2453 ignotos.
526 2418 619 2445 Edidit
630 2417 773 2445 Nestorius
783 2418 864 2445 etiam
876 2426 1016 2447 sermones

223 2469 252 2492 et
268 2468 401 2492 tractatus
411 2464 467 2499 jam
484 2463 619 2499 vulgatos,
636 2467 665 2490 et
681 2463 810 2498 insuper,
833 2465 880 2492 ubi
896 2466 1015 2500 primum

224 2511 252 2538 in
263 2510 356 2538 sedem
367 2510 550 2544 episcopalem
562 2510 643 2546 regia:
657 2510 733 2537 urbis
746 2511 880 2544 ascendit,
898 2511 1015 2539 Ariano-

223 2562 284 2582 rum
297 2555 399 2590 templa
413 2555 537 2582 evertit.‘

1059 222 1154 250 fcnsor
1181 223 1241 249 fuit.
1262 223 1335 250 Nihil
1361 227 1437 250 certe
1461 222 1518 249 fere
1539 221 1615 249 aliud
1633 219 1798 247 Athanasius
1822 219 1849 245 in

1059 268 1172 304 scriptis
1185 268 1250 304 agit,
1265 268 1333 295 nihil
1348 267 1519 302 frequentius
1531 266 1559 293 in
1570 265 1746 293 sermonibus
1756 264 1851 292 Nesto-

1061 314 1118 342 rius
1136 323 1143 341 ε
1159 314 1212 341 hoc
1224 318 1314 341 tamen
1331 313 1502 344 discrimine,
1515 311 1587 346 quod
1600 311 1645 338 ille
1659 311 1696 338 ita
1710 311 1852 346 ὁμοούσιον

1061 367 1122 387 esse
1135 360 1297 386 Trinitatem
1309 359 1521 391 demonstraret,
1539 362 1568 384 ut
1581 365 1641 384 eam
1656 364 1720 383 cum
1736 355 1851 383 veritate

1062 405 1259 434 incarnationis
1279 405 1454 436 conciliaret;
1489 403 1573 430 vellet
1597 403 1648 430 iste
1679 402 1851 429 divinitatem

1063 452 1146 479 Verbi
1160 460 1223 479 cum
1243 452 1344 479 unione
1361 451 1422 478 καθ’
1439 450 1587 477 ὑπόστασιν
1604 456 1736 484 pugnare.

1097 498 1219 532 Uterque
1241 498 1379 524 Niemnam
1404 496 1485 523 ﬁdem
1512 494 1655 530 magniﬁce
1677 493 1852 528 depraedicat,

1062 542 1137 570 velut
1148 543 1268 575 unicam,
1279 550 1339 577 qua:
1348 541 1474 573 suﬁiciat,
1487 540 1550 567 ﬁdei
1562 540 1683 575 regulam
1697 548 1704 566 :
1714 539 1761 566 sed
1771 538 1855 566 Atha-

1064 589 1167 620 nasius,
1181 593 1211 616 ut
1223 596 1303 615 veros
1315 588 1431 615 Arianos
1448 587 1639 621 impugnaret;
1655 584 1808 617 Nestorius,
1824 587 1855 611 ut

1064 634 1098 662 iis
1107 634 1265 667 detrahens,
1277 641 1347 669 quos
1360 633 1468 660 Arianae
1481 633 1617 660 haereseos
1628 638 1677 666 per
1689 630 1853 658 calumniam

1063 688 1126 708 reos
1143 679 1271 715 ﬁngebat.

1100 726 1221 761 Uterque
1245 726 1279 753 ab
1298 725 1478 760 imperatore,
1502 729 1532 752 ut
1553 723 1725 760 iactabatur,
1747 722 1856 750 artibus

1063 772 1256 807 episcoporum
1270 771 1377 804 deluso,
1389 771 1513 806 dejectus
1526 775 1568 798 est
1583 770 1617 797 de
1630 769 1694 797 sede
1712 778 1719 796 :
1733 769 1854 796 Athana-

1065 819 1124 846 sius
1135 827 1150 846 ιι
1160 818 1352 851 Constantino,
1367 824 1449 852 quem
1461 816 1614 849 Eusebius;
1628 820 1656 843 et
1671 824 1685 843 a
1695 816 1854 846 Constante,

1065 873 1147 900 quem
1168 865 1287 892 Euzoius
1304 864 1468 898 deceperat;
1491 863 1634 890 Nestorius
1654 870 1669 889 a
1690 861 1854 893 Theodosio,

1065 919 1147 946 quem
1163 910 1280 946 Cyrillus
1293 918 1342 946 per
1352 909 1422 937 aulas
1436 909 1576 936 ministros
1588 907 1801 936 circumvenisse
1816 906 1858 934 di-

1065 956 1190 984 cebatur.

1099 1002 1219 1037 Uterque
1235 1009 1357 1030 sororem
1379 1001 1566 1036 imperatoris,
1589 1008 1649 1036 quae
1677 1007 1768 1027 rerum
1784 999 1857 1034 poti-

1067 1053 1154 1081 retur,
1169 1048 1335 1076 contrariam
1347 1055 1379 1075 ac
1394 1047 1528 1075 infensam
1548 1050 1677 1081 expertus
1691 1049 1733 1073 est
1748 1054 1753 1072 :
1772 1045 1857 1072 Atha-

1066 1095 1161 1122 nasius
1189 1094 1377 1121 Constantiam
1399 1093 1591 1125 Constantini,
1620 1092 1764 1119 Nestorius
1793 1091 1857 1118 ['uI-

1066 1140 1188 1167 cheriam
1210 1139 1357 1167 Theodosii
1383 1146 1523 1171 sororem,
1547 1137 1642 1165 ambas
1665 1137 1857 1172 episcoporum

1066 1185 1174 1212 artibus
1192 1185 1333 1220 impulsas.

1102 1231 1224 1266 Uterque
1238 1231 1263 1258 in
1278 1231 1404 1257 exsilium
1419 1231 1516 1266 pulsus
1531 1235 1573 1257 est
1587 1230 1621 1257 ab
1636 1230 1802 1264 imperatore
1812 1236 1858 1255 ar-

1067 1278 1141 1305 tibus
1154 1278 1375 1305 adversariorum
1395 1278 1511 1312 deccpto
1530 1286 1537 1304 :
1556 1277 1723 1304 Athanasius
1746 1276 1858 1310 quidem

1066 1332 1082 1351 a
1096 1324 1287 1356 Constantino,
1303 1331 1384 1358 quem
1403 1323 1497 1350 Ariani
1511 1323 1655 1350 fraudibus
1669 1322 1858 1349 circumventa.

1067 1375 1144 1403 rant;
1166 1370 1311 1398 Nestorius
1332 1378 1347 1397 a
1368 1364 1536 1401 Theodosio,
1556 1368 1806 1403 Apollinariorum,
1828 1371 1860 1394 ut

1067 1416 1178 1450 quidem
1203 1415 1255 1443 sibi
1283 1414 1467 1450 persuadebat
1493 1414 1702 1446 Theodorctus,
1726 1413 1798 1440 dolis
1825 1412 1858 1439 il—

1067 1461 1137 1488 luso.

1029 1524 1050 1553 ο
1101 1506 1222 1540 Uterque
1240 1512 1305 1533 suos
1321 1505 1420 1533 habuit
1430 1509 1541 1540 apertos
1556 1505 1724 1537 defensores,
1743 1505 1789 1532 sed
1804 1512 1859 1539 prae

1068 1550 1236 1578 adversariis
1251 1559 1353 1586 paucos
1371 1560 1378 1578 :
1399 1556 1427 1578 et
1440 1552 1585 1586 utriusque
1600 1551 1760 1578 defensores
1776 1559 1807 1578 ea
1825 1550 1859 1578 de

1068 1604 1150 1624 causa
1176 1597 1397 1632 persecutionem
1417 1597 1505 1632 passi,
1528 1597 1658 1632 depositi,
1678 1598 1759 1633 ejecti
1782 1599 1859 1626 urbi-

1067 1643 1130 1675 bus,
1145 1647 1198 1671 etc.

1102 1689 1188 1716 l’orro
1203 1693 1293 1717 autem
1305 1690 1328 1705 ⁸³
1343 1697 1406 1716 cum
1420 1689 1502 1716 vellet
1511 1690 1591 1724 287
1601 1690 1792 1718 Theodoretus
1805 1691 1860 1718 Ne-

1068 1735 1185 1763 storium
1197 1736 1357 1768 defendere,
1367 1743 1419 1763 nec
1435 1735 1569 1763 invidiose
1585 1740 1687 1767 tamen,
1701 1743 1747 1765 aut
1761 1738 1860 1773 impor-

1067 1786 1134 1809 tune
1153 1782 1178 1809 id
1193 1790 1284 1817 agere,
1297 1782 1352 1809 duo
1369 1787 1498 1817 praestare
1509 1783 1624 1809 statuit:
1639 1783 1766 1815 alterum,
1778 1783 1860 1810 silere

1067 1836 1168 1855 nomen
1179 1828 1309 1861 Nestorii,
1322 1828 1424 1863 quippe
1442 1828 1552 1856 invidim
1564 1829 1686 1864 plenum,
1699 1834 1725 1856 et
1739 1830 1859 1856 alienum

1067 1882 1082 1901 a
1115 1874 1198 1901 rebus
1224 1878 1390 1909 temporum,
1421 1882 1482 1909 qua:
1508 1875 1702 1910 persequitur;
1731 1875 1858 1907 alterum,

1068 1920 1217 1947 Diodorum
1234 1921 1396 1947 Tarsensem
1407 1924 1435 1947 et
1446 1921 1621 1948 Theodorum
1640 1922 1860 1956 illopsucstcnum

1068 1969 1180 2000 propter
1192 1965 1254 1992 ﬁdei
1266 1965 1388 1992 studium
1404 1970 1432 1993 et
1445 1966 1577 1993 doctrina:
1589 1965 1796 1998 rectitudinem,
1810 1966 1862 1992 im-r

1068 2012 1172 2039 mensis
1198 2012 1328 2039 laudibus
1352 2012 1494 2039 extollere.
1523 2011 1591 2039 Cum
1617 2012 1691 2038 enim
1724 2012 1862 2039 Diodorus

1069 2057 1218 2089 Theodori,
1241 2057 1404 2085 Theodorus
1428 2057 1547 2085 Nestorii
1569 2057 1700 2092 magister
1724 2057 1813 2092 reipsa
1834 2062 1862 2084 et

1069 2102 1177 2133 fuisset,
1191 2109 1218 2130 et
1235 2103 1269 2130 ab
1285 2103 1414 2129 omnibus
1431 2102 1515 2129 fuisse
1529 2106 1753 2136 cognosceretur,
1773 2101 1860 2128 artiﬁ-

1069 2149 1142 2175 ciosa
1155 2147 1206 2175 fuit
1216 2148 1275 2175 hzec
1285 2148 1438 2182 callidaque
1449 2152 1476 2174 et
1487 2146 1581 2174 efﬁcax
1589 2146 1753 2174 defendendi
1764 2148 1861 2174 Nesto-

1033 2194 1053 2222 D
1068 2193 1102 2220 rii
1118 2194 1199 2225 ratio,
1212 2195 1363 2229 prrcsertim
1377 2201 1439 2220 cum
1451 2192 1570 2229 Cyrillus
1582 2193 1691 2220 audiret
1701 2193 1861 2220 corumdcm

1069 2240 1164 2272 trium,
1185 2239 1308 2271 Diodori,
1320 2239 1470 2271 Theodori,
1489 2242 1516 2266 et
1533 2238 1652 2265 Nestorii
1676 2238 1861 2273 impugnator,

1069 2284 1285 2319 credereturque
1303 2283 1472 2319 impugnatio
1489 2283 1573 2310 etiam
1590 2290 1605 2309 a
1622 2283 1724 2310 sanctis.
1740 2290 1772 2309 ex
1790 2282 1862 2308 invi-

1070 2329 1115 2357 dia
1129 2330 1247 2364 quadam
1260 2330 1347 2356 nasci.

1106 2376 1227 2403 XXXIV.
1251 2375 1315 2402 Visa
1341 2375 1393 2402 fuit
1415 2374 1591 2402 Thcodoreto
1610 2374 1762 2402 similitudo
1783 2375 1862 2409 longe

1070 2423 1158 2457 major
1179 2421 1250 2448 inter
1263 2421 1419 2448 Nestorium
1439 2426 1467 2447 et
1487 2420 1712 2456 Chrysostomunt
1732 2419 1766 2446 νδ.
1795 2420 1862 2446 Nam

1071 2472 1188 2502 uterque
1210 2467 1333 2502 ejusdem
1355 2458 1408 2494 loci
1425 2467 1578 2493 monachus
1601 2466 1661 2497 fuit,
1683 2465 1863 2500 ejusdemque

1070 2513 1250 2540 Antiocheme
1262 2513 1391 2540 Eeelesim
1403 2512 1548 2548 presbyter
1566 2521 1572 2538 :
1591 2517 1706 2546 uterque
1723 2510 1862 2538 dissiden-

1072 2558 1146 2586 tibus
1155 2558 1467 2594 Constantinopolitanis
1481 2558 1590 2585 clericis
1607 2557 1670 2584 inde
1685 2561 1815 2584 evocatus
1827 2555 1862 2582 ad

923 2621 1082 2651 SCIIULZII
1101 2623 1218 2652 NOTAE.

257 2678 279 2694 "
291 2677 383 2704 Tacite
399 2684 465 2712 vero
475 2676 527 2712 hoc
536 2676 625 2711 egisse
633 2675 736 2712 dicitur
749 2676 762 2711 ς
777 2677 822 2704 30.
859 2678 882 2693 ’⁸
891 2677 959 2705 Hist.
979 2678 1069 2706 ecclea.
1088 2679 1107 2706 l.
1123 2688 1149 2712 v,
1165 2688 1189 2707 c.
1207 2679 1234 2707 5.
1273 2680 1294 2696 ’ί
1309 2679 1377 2706 ibid.
1393 2680 1411 2707 |.
1425 2688 1450 2711 v,
1464 2688 1489 2707 e.
1502 2681 1543 2706 Il.

1582 2679 1604 2695 ν·
1621 2679 1692 2706 Sane
1705 2687 1759 2705 non
1776 2683 1861 2708 tanta.

225 2719 258 2754 ut_
266 2713 410 2754 veritatem
423 2710 616 2754 hy'potheseos,
633 2710 659 2737 in
674 2710 760 2752 cujus
767 2712 888 2753 favorem
902 2713 959 2741 haec
974 2715 1067 2754 omnia
1078 2710 1179 2754 scripta
1192 2715 1366 2754 sunt,__n_obis
1381 2715 1547 2754 persuadere
1558 2715 1654 2749 possit.
1693 2713 1794 2754 "Quis
1807 2722 1862 2742 non

223 2749 338 2788 miretur
351 2745 487 2788 Gnrnei‘ii,
500 2753 533 2772 an
555 2745 642 2772 dicam
655 2745 851 2788 perspicaciam
870 2747 897 2774 in
909 2749 1045 2788 .eruemlis
1067 2745 1177 2777 arcaiiis
1197 2745 1332 2788 consiliis,
1345 2745 1405 2784 quin
1430 2745 1616 2788 Thcodor‘eto,
1634 2756 1696 2776 eum
1716 2745 1862 2776 Historiam

221 2781 312 2824 ccc-les.
326 2781 478 2824 "scriberet,
498 2787 563 2824 sane
575 2781 839 2824 I‘IIOIIIIIIIHIIEI'IISIII'I
855 2783 1095 2824 \cnirepoterant,
1111 2792 1146 2811 an
1161 2781 1487 2824 per_t.iuacissini_um_cjus
1502 2785 1864 2824 inaccusandoa-niniinan-

222 2819 313 2851 doque
326 2815 500 2854 Theotloreto
511 2815 661 2854 _stu>di_um'!
701 2817 723 2832 ”
739 2817 777 2844 Ex
793 2815 966 2845 Theodoreti
980 2819 1059 2846 libris
1081 2820 1131 2846 hoc
1154 2815 1264 2854 probari
1286 2821 1390 2854 nequit.
1413 2815 1468 2847 Nec
1490 2820 1584 2848 videre
1600 2820 1685 2847 voluit
1701 2819 1863 2854 Camerina,

219 2859 305 2887 quam
324 2851 425 2878 distent
439 2858 493 2878 'cra
510 2851 620 2886 lupinis.
