1967 3047
147 134 200 168 237

727 134 775 165 DE
795 134 921 166 LIBRIS
937 132 1189 166 THEODORETI.

1718 138 1770 169 238

149 191 336 227 episcopatum
347 189 425 217 urbis
437 189 527 225 regiae,
540 193 650 224 propter
660 189 823 224 eloquentia:
832 194 860 217 et
870 197 933 217 san-
951 193 972 221 Α
987 191 1120 219 hactenus
1134 191 1300 226 interpretes
1312 191 1444 226 quinque,
1458 191 1531 226 quod
1550 191 1660 226 quidem
1673 192 1769 226 sciam,

148 236 286 264 ctimonim
299 236 409 262 famam.
426 235 546 270 Uterque
558 235 626 263 aula:
644 235 777 271 principis
795 241 825 263 et
839 236 936 264 civita-

149 283 185 310 tis
196 282 297 317 populo
305 286 415 316 gratus;
427 285 542 315 uterque
555 281 663 308 clericis
674 285 702 308 et
715 282 856 309 monachis
867 281 938 309 Con-

149 328 398 362 stantinopolitanae
424 327 552 354 Eeclesia:
569 327 670 362 gravis.
690 327 810 362 Uterque
827 327 938 355 Arianis

149 374 287 406 infensus,
304 381 421 408 quorum
441 373 575 400 coitiones
592 373 817 408 Chrysostomus,
837 373 936 408 templa

148 420 291 447 Nestorius
301 420 422 446 sustulit.
438 419 557 454 Uterque
570 418 598 446 in
610 419 789 446 oﬂ‘ensionem
804 420 932 454 Augustae

147 466 224 493 venit
246 469 359 500 propter
380 465 623 500 reprehensionem
643 464 774 492 Eudoxio:
788 473 804 492 a
818 465 936 500 Chryso—

146 516 247 544 stomo,
261 511 413 538 Pulcheriae
429 519 444 538 a
458 511 603 543 Nestorio;
621 516 736 545 uterque
751 511 891 546 depositus
908 511 935 538 iu

145 556 252 592 synodo
275 556 310 583 ab
327 555 512 583 Alexandrino
535 556 661 590 praesule,
690 555 900 591 Chrysostomus
919 563 936 582 a

147 601 311 636 Theophila,
331 601 476 628 Nestorius
488 609 503 628 a
516 601 636 636 Cyrillo;
655 606 770 636 uterque
783 601 887 636 ejectus
907 601 935 628 in

146 647 286 675 desertum
298 647 425 674 exsiliunt
437 651 465 673 et
479 655 494 674 a
503 647 630 674 Barbaris
640 647 768 674 infestum
777 667 783 679 ,
795 646 935 674 Cucuzum

145 693 370 728 Chrysostomus,
381 692 474 719 Oasim
485 693 639 720 Nestorius.
656 693 777 727 Uterque
789 693 824 720 ab
837 692 935 720 eodem

146 739 314 773 imperatore
337 743 491 770 revocatus,
521 746 536 765 a
561 746 617 772 quo
640 738 803 765 amandatus
824 738 934 770 luerat,

145 784 360 820 Chrysostomus
379 784 412 810 ab
431 783 559 815 Arcadio,
580 783 724 811 Nestorius
737 792 753 811 a
768 784 932 812 Theodosio.

145 830 266 865 Uterque
283 830 347 857 dum
363 829 476 862 rediret,
489 829 517 856 in
532 829 575 856 via
588 829 652 856 vitae
664 829 745 856 tinem
759 829 834 857 fecit.
855 830 935 858 Uter-

987 236 1158 271 Epiphanius
1181 236 1383 269 Scholasticus,
1404 237 1563 265 Joachimus
1585 237 1768 270 Camerarius,

986 280 1104 308 Joannes
1127 281 1412 316 Christophorsouus,
1446 282 1566 309 Jacobus
1595 283 1769 315 Sirmondus,

988 325 1123 352 Henricus
1137 325 1272 353 Valesius.
1291 327 1385 354 Versio
1399 335 1459 362 qua:
1476 328 1623 363 Epiphanii
1640 333 1692 360 est,
1709 329 1769 356 Tri-

987 372 1093 406 partiue
1108 372 1223 398 historia
1237 372 1367 399 inseritur
1377 382 1383 399 :
1393 381 1454 408 quae
1465 373 1626 406 Camerarii,
1641 375 1715 402 edita
1728 379 1771 402 est

987 417 1097 444 Basileze
1109 417 1238 451 primum,
1252 417 1351 445 deinde
1362 419 1489 452 Parisiis;
1504 427 1564 454 qua:
1577 419 1771 455 Christophor—

986 463 1064 494 soni,
1088 462 1191 497 prodiit
1208 461 1324 490 Genera:
1343 471 1414 491 anno
1433 464 1517 497 1612;
1541 473 1601 500 qum
1620 465 1769 498 Sirmondi,

986 508 1097 536 Parisiis
1108 516 1180 535 anno
1191 508 1259 535 1662
1270 517 1277 540 ;
1289 516 1349 543 qua:
1360 509 1470 541 Valesii,
1487 510 1588 538 ibidem
1606 511 1672 538 1675
1684 511 1718 538 ⁸⁸.

1023 554 1166 581 XXXVIII.
1178 554 1239 581 Non
1257 554 1367 581 videtur
1386 555 1555 590 Epiphanius
1571 556 1771 583 scientissimus

985 598 1143 626 Latinitatis
1155 598 1240 626 fuisse
1256 607 1263 625 :
1277 607 1362 633 quare
1373 607 1428 626 non
1443 605 1486 627 est
1498 601 1671 628 exactissima
1683 601 1770 628 inter-

986 645 1114 679 pretatio,
1143 653 1226 679 quam
1247 645 1410 672 elaboravit.
1436 645 1519 673 Suam
1550 646 1713 674 Sirmondus
1736 656 1770 675 ex

986 689 1093 718 duabus
1112 690 1252 725 prioribus
1260 690 1409 718 Camerarii
1419 696 1448 718 et
1461 691 1703 726 Christophorsoni
1712 692 1770 720 fere

985 739 1070 763 totam
1081 735 1255 763 concinnavit
1270 736 1304 763 ".
1315 736 1440 763 Valesius
1456 744 1553 764 novam
1570 737 1694 769 tentavit,
1708 737 1770 764 aliis

985 789 1040 808 non
1052 785 1207 808 contentus.
1224 781 1337 808 Addidit
1352 785 1381 809 et
1395 786 1473 809 notas
1491 782 1614 810 eruditas
1629 789 1704 815 sane,
1722 783 1770 811 sed

984 826 1078 860 plures
1091 825 1291 861 grammaticas,
1308 835 1389 860 quam
1403 827 1558 855 historicas.

145 884 198 911 que
217 880 277 910 post
290 876 397 903 obitum
412 879 514 902 sectam
529 875 572 902 sui
585 875 705 902 nominis
721 875 828 907 habuit,
845 883 860 902 a
880 883 934 910 qua
952 879 971 906 Β
1019 870 1149 897 Εθωάεω
1163 870 1306 897 Ῑ¹ί⁵ιοτίείη¹
1319 878 1334 897 θ
1344 870 1428 898 Gallis
1443 871 1591 898 εάίάθτυηῑ
1601 871 1656 899 duo
1666 881 1671 899 ε
1682 880 1769 907 MDC"

144 923 296 954 coleretur,
313 921 504 950 Joannitarum
519 921 740 957 Chrysostomus,
754 921 932 949 Nestoriano-

145 977 207 997 rum
230 969 430 996 monachorum
464 967 618 995 Nestorius.
645 967 794 1002 Utriusque
822 967 933 995 tandem

131 1039 133 1042 .
144 1015 221 1043 velut
229 1014 358 1050 martyris
367 1013 497 1048 reliquias
505 1013 547 1040 sui
558 1012 778 1047 conquisierunt,
790 1013 862 1047 quod
871 1021 933 1040 eum

145 1061 180 1088 de
189 1061 386 1095 Chrysostomo
400 1059 436 1086 sit
448 1059 555 1086 cunctis
570 1062 675 1090 notum,
688 1058 722 1086 de
732 1058 859 1086 Ncstorio
869 1066 935 1086 eon-

146 1111 199 1134 stat
217 1113 251 1134 e:
266 1105 381 1140 Evagrio
400 1105 449 1131 lib.
469 1112 487 1131 ιι
511 1104 645 1136 Πέδιον-ἤιε,
667 1111 729 1139 cap.
748 1104 782 1136 εὶ,
803 1103 932 1132 laudante

146 1151 306 1179 Zachariam
317 1151 469 1178 rhetorem.

181 1196 290 1224 XXXV.
307 1196 370 1223 Fuit
386 1196 531 1223 Flavianus
547 1200 651 1230 martyr
669 1203 766 1230 magna
783 1196 790 1205 ‘
811 1203 874 1229 pars
892 1194 934 1221 bi-

145 1243 246 1273 storige,
266 1250 348 1276 quam
364 1241 555 1268 Theodoretus
570 1240 728 1273 adumbrat,
750 1241 866 1275 ideoque
881 1240 933 1267 sub

145 1288 234 1315 aliena
245 1287 329 1315 etiam
343 1295 461 1322 persona
474 1287 624 1318 inducitur,
638 1291 708 1313 eteo
721 1285 831 1320 quidem
843 1285 933 1312 liben-

145 1335 210 1366 tius,
233 1334 305 1369 quod
333 1334 509 1368 conjunctam
535 1333 649 1360 haberet
673 1340 734 1359 cum
760 1332 933 1359 Thcodoreto

144 1388 255 1408 causam
275 1389 281 1406 :
298 1387 360 1406 nam
374 1379 401 1405 in
417 1379 514 1406 eodem
527 1383 641 1413 uterque
652 1378 779 1410 concilio,
792 1378 826 1404 ab
835 1377 932 1405 eodem

144 1425 275 1452 Dioscoro
283 1424 538 1460 Apollinariauismi
551 1428 676 1458 patrono,
687 1427 799 1458 propter
809 1422 932 1457 ejusdem

145 1469 208 1497 ﬁdei
224 1469 422 1501 defensionem,
437 1473 468 1496 ut
478 1468 589 1503 quidem
600 1468 790 1495 Thcodoretus
801 1467 852 1494 sibi
869 1475 932 1502 per-

145 1514 286 1546 suadebat,
304 1514 447 1549 depositus
466 1518 516 1541 est.
536 1513 615 1540 Ilunc
630 1513 658 1539 in
673 1513 758 1540 Paulo
772 1512 930 1540 Constanti-

985 923 1066 948 unus,
1073 916 1204 943 Dominus
1210 915 1315 948 Cousin,
1323 924 1356 943 cu
1361 916 1405 943 riae
1414 917 1572 944 monetarim
1579 925 1688 952 pnescs;
1700 918 1770 945 alter

983 965 1046 988 ante
1056 969 1142 988 annos
1148 966 1258 988 centum
1269 961 1325 989 fere
1333 962 1555 997 ctquadraginta,
1563 963 1694 990 Martinus
1702 963 1770 990 Mat-

984 1007 1083 1039 tliaaus,
1092 1007 1168 1042 prior
1187 1007 1346 1035 Monasterii
1363 1008 1432 1035 Novi
1453 1008 1525 1043 apud
1539 1008 1674 1041 Pictavos,
1692 1009 1769 1037 ordi-

984 1052 1028 1079 nis
1037 1052 1228 1080 Cluniaccnsis
1241 1062 1246 1079 :
1261 1057 1375 1088 uterque
1387 1054 1467 1081 laude
1478 1054 1586 1089 dignus,
1602 1055 1647 1082 ille
1658 1061 1770 1090 propter

983 1097 1155 1132 elegantiam,
1167 1097 1218 1124 iste
1230 1101 1340 1132 propter
1353 1098 1551 1131 sinceritatem,
1564 1099 1689 1134 quamvis
1705 1100 1769 1128 bar--

984 1142 1087 1169 haram.
1106 1142 1248 1169 Matthmus
1261 1150 1293 1169 ex
1304 1141 1397 1169 Graeco
1407 1143 1500 1175 vertit,
1512 1143 1648 1171 Cousinus
1662 1153 1696 1171 ex
1705 1153 1768 1172 ver—

984 1188 1060 1215 sione
1071 1187 1166 1214 Latina
1179 1187 1289 1214 Valcsii.
1301 1188 1421 1222 Uterque
1438 1188 1625 1222 praefationem
1637 1189 1666 1216 in
1678 1189 1768 1217 fronte

983 1233 1074 1268 operis
1090 1233 1154 1260 fecit
1174 1241 1180 1259 τ
1199 1233 1246 1260 sed
1262 1233 1404 1266 Matthmus
1415 1233 1526 1261 brevem
1541 1238 1624 1269 atque
1638 1235 1768 1269 epistola-

984 1287 1052 1310 rcm,
1065 1287 1119 1314 qua
1136 1279 1309 1307 commendat
1323 1280 1466 1307 historiam
1479 1281 1513 1307 ab
1531 1286 1701 1315 argumento,
1718 1289 1768 1309 au—

984 1330 1060 1352 ctore
1087 1330 1115 1352 et
1144 1325 1281 1358 utilitate;
1303 1325 1439 1354 Cousinus
1461 1326 1682 1360 prolixissimam,
1714 1335 1769 1362 qua

983 1370 1064 1398 ﬁdem
1090 1371 1254 1398 Theodoreti
1277 1371 1410 1398 adversus
1435 1371 1638 1399 accusationem
1657 1373 1768 1400 Patrum

983 1416 1139 1451 aequalium,
1149 1413 1592 1451 damnationenrqueconciliorum
1601 1419 1769 1453 generalium

983 1462 1065 1497 289
1077 1466 1204 1496 quatuor,
1218 1467 1246 1489 et
1261 1459 1429 1490 summorum
1443 1463 1603 1497 pontiﬁcum
1614 1464 1693 1500 longe
1707 1466 1768 1500 plu-

984 1508 1056 1534 rium
1080 1507 1228 1536 defcnderc
1252 1512 1377 1535 conatur.
1403 1508 1492 1541 Quare
1518 1508 1545 1536 id
1571 1509 1622 1544 ipsi
1643 1511 1767 1546 contigit,

145 1560 304 1595 nopolitano
323 1560 357 1587 ab
375 1559 485 1586 Arianis
509 1560 616 1595 dejecto
639 1559 675 1585 ita
692 1563 879 1593 repraesentat,
900 1562 931 1584 ut
944 1549 965 1578 (ἶ
982 1554 1056 1588 quod
1066 1553 1135 1580 solet
1148 1561 1251 1588 magna:
1267 1553 1388 1588 quidem,
1401 1554 1448 1581 sed
1462 1554 1609 1589 deplorata:
1621 1564 1709 1584 causa:
1719 1565 1768 1591 pa-

143 1607 189 1634 vix
206 1606 354 1641 quidquam
379 1606 402 1622 ’⁵
427 1614 512 1632 unum
536 1604 616 1632 alteri
639 1605 756 1632 similius
772 1604 855 1638 288
871 1611 931 1630 esse

143 1653 240 1689 possit.
259 1652 359 1679 Paulus
372 1651 445 1678 enim
461 1651 564 1686 pariter
580 1655 661 1685 atque
680 1649 836 1680 Flavianus,
857 1649 931 1676 Con-

145 1697 396 1732 stantinopolitanm
415 1696 542 1724 Ecclesiae
557 1695 665 1731 praefuit
683 1703 689 1721 :
706 1698 822 1729 uterque
839 1698 930 1720 recto—

144 1750 204 1770 rum
220 1743 378 1778 dogmatum
399 1742 525 1769 defensor
541 1750 557 1769 a
574 1741 748 1768 Thcodoreto
764 1740 854 1766 dictus
868 1744 928 1771 est;

143 1793 258 1822 uterque
283 1787 393 1815 Arianis
415 1792 461 1814 aut
484 1786 648 1814 Arianorum
674 1785 761 1812 soboli
789 1785 928 1817 infensus;

143 1838 258 1868 uterque
282 1833 425 1860 seditionis
448 1832 571 1859 conflatm
584 1832 757 1866 aliorumque
780 1831 929 1858 criminum

142 1883 300 1911 accusatus;
322 1883 438 1914 uterque
448 1879 579 1913 depulsus
594 1876 827 1912 thronojussione
844 1876 930 1910 impe-

142 1924 242 1952 ratoris
261 1925 296 1952 ab
315 1925 424 1951 Arionis
452 1924 580 1959 impulsi;
609 1927 725 1958 uterque
749 1923 885 1957 relegatus
900 1921 927 1948 in

145 1969 274 1996 miserum
289 1967 377 1995 exsilii
394 1969 496 1998 locum,
510 1967 610 1994 Paulus
620 1967 771 1997 Cucuzum,
784 1964 928 1991 Flavianus

141 2014 271 2049 Epipam;
295 2019 410 2048 uterque
425 2013 451 2040 in
464 2012 560 2040 exsilio
574 2012 692 2038 violenta
704 2014 791 2038 morte
807 2009 926 2042 interiit;

142 2064 255 2094 uterque
277 2059 304 2086 id
324 2066 421 2094 passus
445 2058 566 2093 potentia
579 2057 698 2085 hominis
717 2056 744 2083 in
763 2056 824 2082 aula
837 2054 926 2082 domi-

138 2105 230 2131 nantis
240 2113 247 2137 ;
257 2105 369 2136 Paulus,
383 2103 506 2139 prmfecti
519 2103 648 2138 Philippi,
669 2101 824 2133 Flavianus,
838 2108 927 2128 eunu-

139 2150 183 2177 chi
197 2150 370 2185 Chrysaphii,
386 2154 440 2177 etc.

173 2194 292 2222 XXXVI.
303 2194 432 2230 Ejusdem
444 2194 567 2221 historia:
576 2201 640 2229 pars
651 2193 734 2221 etiam
747 2193 799 2220 fuit
812 2199 926 2227 magnus

139 2240 184 2267 ille
195 2240 318 2271 Proclus,
338 2242 386 2275 qui
403 2239 437 2266 de
458 2239 645 2266 incarnatione
666 2237 818 2265 orationem
830 2236 926 2264 [tabuit

139 2293 230 2312 coram
243 2285 381 2318 Nestorio,
393 2293 446 2320 qua
458 2285 544 2312 Deum
557 2292 666 2320 passum
678 2284 765 2311 dixit:
779 2288 806 2310 et
820 2288 924 2310 tomum

139 2330 248 2365 scripsit
260 2330 293 2357 ad
307 2331 450 2362 Armenes,
464 2338 519 2365 quo
534 2334 662 2365 excerpta
680 2329 802 2356 exlibris
812 2327 924 2355 Diodori

138 2379 166 2402 et
179 2375 346 2402 Theodoreti
365 2375 597 2402 refutavit:hunc
618 2375 645 2402 in
660 2375 784 2402 Eudoxio
802 2374 924 2409 ejusdem

139 2419 212 2447 sedis
223 2419 532 2454 Constantinopolitanae
547 2421 662 2455 praesule
674 2419 807 2455 depingit.
821 2419 924 2446 Cretera

138 2465 266 2499 persequi
279 2473 334 2492 non
351 2465 498 2492 admodum
512 2472 581 2500 opus
591 2469 642 2492 est.

174 2509 305 2547 XXXV".
316 2510 462 2538 Historiam
477 2510 643 2538 Theodoreti
661 2510 786 2537 Latinam
798 2509 926 2538 fecerunt

983 1599 1080 1626 tronis.
1097 1599 1168 1627 Usus
1189 1603 1231 1626 est
1249 1598 1410 1634 exceptione
1430 1599 1491 1626 falsi
1512 1600 1643 1627 adversus
1663 1601 1768 1629 instru-

982 1649 1074 1672 menta
1085 1644 1296 1679 probatissima;
1312 1644 1383 1671 facta
1397 1644 1495 1672 callide
1510 1645 1567 1672 fere
1584 1647 1674 1673 omnia
1685 1647 1767 1675 aliter

982 1698 1062 1725 quam
1076 1690 1251 1721 accidissent,
1266 1690 1402 1724 exposuit,
1420 1694 1447 1716 et
1462 1690 1521 1724 ipsa
1537 1690 1619 1718 etiam
1637 1691 1766 1720 Ecclesia:

982 1734 1067 1762 totius
1083 1735 1198 1762 concilia
1214 1734 1408 1762 inconsiderati
1424 1739 1452 1762 et
1466 1736 1709 1771 temerariiju'dicii
1721 1745 1768 1765 ac-

982 1781 1097 1808 cusavit.
1112 1781 1213 1808 Verum
1229 1780 1256 1807 id
1273 1780 1449 1808 tribuendum
1464 1789 1519 1808 non
1536 1782 1689 1810 defensoris
1702 1791 1765 1818 per-

980 1834 1064 1859 sonae,
1075 1826 1118 1854 cui
1131 1834 1179 1853 sua
1193 1825 1252 1853 laus
1264 1825 1371 1853 detrahi
1384 1834 1439 1853 non
1453 1827 1544 1859 debet,
1554 1828 1601 1854 sed
1614 1829 1766 1857 conditioni

979 1879 1078 1904 causae,
1092 1879 1154 1907 quae
1169 1871 1210 1899 vel
1227 1871 1327 1907 suscipi
1342 1880 1397 1899 non
1413 1872 1517 1905 debuit,
1527 1873 1571 1900 vel
1586 1873 1707 1908 defendi,
1723 1876 1766 1903 vel

979 1916 1019 1943 sic
1032 1915 1064 1942 ".

1065 1979 1079 2015 §
1103 1979 1147 2007 lll.
1161 1979 1278 2007 Historia
1296 1980 1428 2016 religiosa,
1442 1982 1496 2008 sive
1509 1981 1680 2010 Philothcus.

1013 2059 1033 2085 1.
1060 2057 1188 2091 Historia,
1206 2066 1266 2094 quae
1292 2059 1453 2086 inscribitur
1465 2059 1628 2101 Philotheas,
1642 2063 1765 2091 continet

977 2105 1065 2140 elogia
1087 2104 1321 2132 sanctissimorum
1345 2110 1515 2137 ascetarum,
1540 2105 1587 2140 qui
1611 2107 1711 2140 partim
1736 2107 1764 2134 in

977 2150 1098 2182 Oriente,
1118 2150 1217 2185 partim
1238 2150 1265 2177 in
1278 2150 1345 2178 locis
1363 2150 1461 2178 vicinis
1475 2151 1664 2178 admirabilem
1678 2152 1762 2180 vitam

942 2197 1125 2243 Dduxerunt.
1148 2195 1219 2223 Sunt
1243 2200 1335 2223 autem
1362 2196 1402 2223 illi
1428 2195 1537 2230 triginta
1559 2196 1684 2230 omnino,
1708 2205 1763 2225 non

980 2241 1032 2268 viri
1059 2245 1175 2273 tantum,
1199 2241 1247 2268 sed
1267 2241 1349 2267 etiam
1371 2240 1494 2272 feminae,
1519 2249 1648 2276 quorum
1663 2250 1764 2277 agones

979 2285 1136 2321 spirituales
1157 2284 1347 2312 Theodorctus
1368 2285 1412 2311 vel
1441 2285 1500 2319 ipse
1521 2285 1601 2318 vidit,
1627 2286 1670 2313 vel
1690 2286 1764 2314 rele-

977 2329 1103 2356 rentibus
1131 2328 1191 2356 aliis
1210 2329 1353 2356 sanctitate
1382 2337 1437 2356 non
1466 2328 1563 2364 impari
1593 2330 1763 2365 hominibus,

976 2373 1081 2402 didicit.

1013 2419 1043 2446 ll.
1057 2419 1116 2446 Non
1134 2418 1205 2446 hanc
1224 2419 1332 2454 scripsit
1351 2419 1444 2454 procul
1470 2419 1554 2446 dubio
1574 2420 1764 2450 Theodoretus

976 2469 1038 2501 post
1057 2472 1158 2492 annum
1186 2464 1248 2496 ΗΞ,
1271 2472 1326 2499 quo
1349 2472 1421 2492 anno
1440 2465 1547 2492 litteras
1562 2465 1638 2492 dedit
1654 2465 1688 2492 ad
1706 2466 1762 2494 Eu-

977 2510 1084 2537 sebium
1107 2509 1129 2525 ⁹⁹
1145 2518 1151 2536 :
1169 2509 1196 2536 in
1221 2508 1274 2536 illis
1300 2509 1372 2536 enim
1390 2509 1474 2544 ipsius
1495 2509 1662 2537 mentionem
1686 2510 1760 2544 facit.

798 2585 957 2614 SCHULZII
978 2586 1092 2614 NOTAE.

175 2672 198 2688 "
212 2670 262 2699 Hic
275 2672 368 2703 etiam,
382 2675 410 2699 et
423 2671 470 2706 qui
485 2669 639 2732 scquituré

175 2710 265 2732 censet
291 2706 441 2732 Fabricius.
470 2705 516 2732 Bib
530 2706 594 2732 ioth.

140 2710 265 2734 recenset
291 2703 441 2738 Fabricius,
470 2703 594 2732 Biblioth.
618 2703 664 2732 Gr.
685 2704 740 2730 vol.
760 2703 804 2735 Vl,
824 2711 851 2737 p.

652 2669 685 2696 56
700 2668 909 2703 parallelismus.
924 2668 1015 2702 prodit
1034 2667 1177 2694 luxurians
1190 2667 1340 2703 ingenium.

884 2701 949 2735 1‘25;
971 2703 1080 2737 plenius
1093 2707 1183 2729 autem
1203 2702 1337 2737 Ondinus,
1356 2702 1374 2728 Ι.
1391 2709 1416 2729 c.
1439 2706 1458 2728 t.
1476 2701 1501 2734 1,
1522 2709 1549 2736 p.
1567 2702 1644 2730 1094.
1661 2701 1761 2730 Valesii

1391 2667 1413 2683 "
1424 2666 1600 2701 Antiquiores
1619 2667 1762 2695 versioues

139 2741 226 2768 editio
245 2745 305 2775 post
318 2736 500 2776 Moguntinam
515 2741 548 2776 de
567 2746 639 2766 anno
654 2738 731 2769 1679,
748 2742 776 2776 et
794 2736 1078 2776 Amstelodamensenl
1091 2736 1259 2776 de_a._1(i95,
1275 2737 1496 2776 emendatissime
1521 2737 1622 2776 prodiit
1634 2737 1762 2772 Augusta:

141 2771 326 2803 Taurinorum
343 2771 463 2803 £1718.
485 2775 507 2791 ⁹⁷
521 2775 559 2802 Ita
578 2779 678 2806 tamen,
698 2777 727 2800 ut
745 2773 810 2800 ferri
827 2781 881 2799 non
897 2776 999 2807 posset.
1020 2772 1112 2807 judice
1126 2772 1244 2805 Valesio,
1258 2772 1378 2799 melioris
1392 2771 1624 2807 interpretationis
1638 2771 1759 2799 auctore.

140 2810 163 2825 ”
182 2810 256 2838 Hanc
275 2810 385 2845 quidem
403 2810 589 2845 prmfationern
606 2808 739 2845 Camerio
754 2815 787 2845 se
801 2806 1111 2845 parumprobassehnon
1127 2810 1168 2833 est
1184 2807 1416 2845 quodurniremur.
1437 2806 1571 2845 Dii-lerunt
1587 2807 1659 2834 enim
1680 2814 1763 2841 quam

141 2846 259 2872 Inarime
274 2841 334 2880 q'nm
348 2841 485 2874 Con-sinus
507 2849 533 2872 et
554 2843 702 2871 Garnerius
719 2843 753 2870 dc
774 2841 824 2870 tidc
843 2842 1007 2869 Theodoreti
1030 2841 1197 2876 disputant}
1217 2843 1240 2858 ἐ’
1255 2842 1315 2869 Vid.
1339 2848 1358 2868 ῑ.
1375 2841 1418 2873 lV,
1439 2841 1518 2876 epist.
1534 2841 1577 2869 8‘2.
