1967 3047
189 147 241 177 239

749 140 937 171 GARNERII
957 139 1205 169 DISSERTATIO
1225 139 1265 168 II.

1764 138 1816 171 2'10

191 208 320 236 tanquam
345 198 435 234 operis
457 196 620 232 pervulgati,
650 199 731 229 atque
756 195 793 221 ita
818 194 885 221 editi
914 198 976 220 ante
994 199 1013 223 Α
1029 200 1101 219 anno
1125 192 1187 224 “4,
1211 199 1282 219 anno
1304 192 1409 220 scilicet
1427 196 1612 228 consequente
1633 195 1762 220 octavum
1791 199 1818 220 et

192 256 294 275 annum
322 255 406 274 unum
431 250 478 273 aut
504 245 630 271 alterum.
658 243 801 276 Quomodo
818 242 890 269 enim
914 242 980 269 alias

192 295 226 322 ad
242 294 339 328 ipsam,
356 292 431 318 velut
446 291 478 318 ad
496 294 591 317 testem
608 296 663 316 sua:
681 288 755 320 ﬁdei,
775 291 871 315 contra
885 287 981 314 adver-

192 340 281 368 sarios
301 343 329 366 et
352 338 459 373 judices
487 336 638 371 prudenter
660 335 841 370 provocarct?

227 386 271 413 lll.
286 385 345 418 Quo
362 382 499 410 anteriore
517 381 661 416 tempore?
678 381 737 407 Non
759 383 833 407 certe
857 383 919 406 ante
935 387 982 405 an-

192 439 258 459 num
276 430 326 458 457
346 433 393 455 aut
413 427 474 459 458,
496 435 551 461 quo
566 426 711 453 defunctus
725 425 780 451 vita
800 424 915 451 Aeacius
933 423 982 450 Bc-

193 477 308 505 rmensis
326 485 331 502 :
353 475 383 502 lit
405 474 478 501 enim
500 476 575 499 certa
593 472 626 498 de
649 471 734 505 ipsius
749 470 824 497 obitu
847 469 983 496 sententia

192 530 226 549 ex
241 529 274 548 co
294 520 366 555 quod
388 519 416 546 in
445 517 572 545 encomio
596 516 689 544 Jacobi
712 515 861 543 Nisibeni‘
882 515 983 542 dicitur

193 567 314 594 tenuisse
326 565 512 600 episcopatum
533 570 619 590 annos
632 561 846 596 quinquaginta'
860 565 887 587 et
899 565 961 587 octo
974 569 980 586 ι

193 612 257 640 inde
268 612 340 639 enim
357 611 442 638 scitur
458 609 558 636 abiisse
572 615 644 634 anno
656 608 707 634 457
720 611 767 633 aut
782 607 843 638 458,
863 606 984 641 quando-

193 657 304 692 quidem
332 655 477 685 ordinatus
493 657 535 680 est
546 659 618 679 anno
633 652 684 679 578
693 657 741 678 aut
753 652 814 678 579.
829 651 888 684 Quo
899 651 983 686 igitur

194 702 305 730 definite
329 708 401 728 anno
426 698 547 726 sexennii
573 697 657 729 illius,
684 697 756 732 quod
780 697 852 724 inter
877 697 983 723 obitum

194 747 286 774 Aeacii
309 750 337 773 et
352 745 493 780 epistolam
509 743 543 770 ad
560 742 708 769 Eusebium
727 742 903 776 interlapsutn
924 740 984 768 est?

194 791 367 828 Responderi
388 791 468 817 facile
484 793 582 824 potest,
603 789 624 815 si
639 787 813 815 Theodorcto
829 787 982 814 credimus:

194 842 203 849 '
227 839 339 866 credere
372 844 439 864 vero
462 843 511 870 par
534 839 576 862 est
601 842 656 869 prae
680 834 752 865 aliis,
777 833 912 867 siquidem
940 839 984 860 res

194 888 298 916 narret,
314 891 381 918 quas
394 881 472 914 vidit,
486 888 607 916 quasque
618 888 652 907 ex
663 880 729 915 ipsis
741 879 847 911 didicit,
865 885 982 913 quorum

194 929 264 956 facta
289 932 392 955 narrat.

230 974 273 1002 IV.
293 974 362 1001 Cum
371 973 460 1000 Vitam
473 971 605 999 scriberet
616 970 752 998 Simeonis
766 970 879 1006 Stylitte,
895 970 984 1004 ipsum

196 1019 279 1047 tradit
303 1018 401 1053 viginti
420 1018 475 1052 jam
492 1020 519 1043 et
540 1020 602 1043 octo
626 1024 715 1044 annos
736 1015 899 1050 transegisse
912 1015 933 1047 ³,
951 1022 984 1042 ex

194 1072 250 1099 quo
283 1063 422 1097 inceperat
447 1061 657 1096 quadragesimo
685 1067 793 1095 quoque
822 1060 866 1087 die
900 1060 985 1087 semel

195 1110 286 1142 vesci;
310 1108 413 1142 incepit
436 1115 513 1139 vero,
535 1111 678 1141 postquam
697 1114 713 1132 a
736 1106 915 1133 conversione
936 1114 986 1133 sua

196 1155 266 1182 duos
288 1161 350 1181 cum
376 1152 519 1180 monachis
541 1150 706 1186 quibusdam
728 1159 824 1184 annos,
844 1152 938 1179 decem
957 1152 985 1178 in

196 1199 337 1228 licliodori
375 1198 542 1226 monasterio
572 1197 703 1224 duxisset.
741 1197 808 1225 Cum
841 1206 907 1232 ergo
934 1197 985 1225 do-

195 1250 258 1273 ceat
281 1244 414 1279 Evagrius
444 1242 600 1270 Simeonem
622 1243 727 1269 auxisse
765 1250 781 1269 a
805 1243 986 1269 conversione

197 1299 245 1318 sex
272 1294 300 1318 et
320 1289 518 1324 quinquaginta
543 1295 640 1319 annos,
669 1295 786 1322 cumque
812 1295 908 1314 omnes
931 1287 987 1314 fere

196 1336 345 1366 fateantur,
369 1338 493 1361 sanctum
525 1337 643 1360 ascetam
666 1340 739 1359 anno
759 1332 840 1367 290
856 1333 908 1359 460
931 1332 986 1359 vita

197 1381 339 1411 functum,
365 1386 477 1405 necesse
503 1382 545 1405 est
575 1383 605 1405 ut
635 1385 784 1404 conversus
808 1378 891 1404 fuerit
916 1385 987 1405 anno

197 1426 260 1453 404.
281 1425 309 1452 Si
331 1431 396 1460 ergo
423 1423 458 1450 ad
486 1431 573 1450 annos
592 1423 644 1450 401
664 1422 799 1449 addantur
831 1423 987 1455 duodecim,

197 1471 296 1506 partim
334 1470 407 1497 inter
435 1468 597 1500 monachos,
623 1468 722 1503 partim
749 1468 821 1503 apud
857 1469 987 1496 Heliodo-

1033 237 1201 264 tricesimum
1219 238 1273 273 jam
1288 239 1438 273 expletum.
1455 239 1518 266 llaec
1533 239 1601 265 ratio
1619 239 1748 272 temporis
1760 239 1818 274 plu-

1031 281 1107 307 ribus
1122 281 1319 315 qutestionibus
1337 282 1476 310 solvendis
1498 282 1573 310 utilis
1590 286 1641 315 est,
1666 283 1699 309 de
1718 283 1818 317 quibus

1031 326 1122 353 obiter
1143 330 1247 361 postea.

1067 372 1122 399 νη.
1144 372 1335 400 Diih‘cnltatem
1361 378 1437 401 creat
1459 374 1539 400 unica
1553 382 1605 406 res,
1617 382 1678 408 quze
1689 373 1818 402 illustris.

1032 417 1130 444 simum
1142 417 1287 444 Annalium
1298 418 1459 453 scriptorem
1475 419 1501 445 in
1519 419 1708 446 admirabilem
1723 428 1820 454 quam-

1032 464 1105 496 dam,
1131 464 1165 490 de
1187 465 1240 491 vita
1264 465 1401 492 Simeonis
1426 469 1502 492 extra
1519 466 1698 492 centesimum
1717 473 1819 493 annum

1033 510 1219 544 producenda,
1247 511 1556 545 scntentiam.impulit.
1583 511 1678 538 Credit
1698 512 1782 543 enim,
1803 518 1819 539 ι

1032 563 1131 591 magno
1152 557 1198 583 illo
1213 556 1321 584 Meletio
1338 557 1516 584 Antiochenm
1534 557 1662 584 Ecclesizc
1677 557 1817 592 episcopo,

1034 604 1080 638 qui
1099 603 1334 638 Constantinopoli
1358 612 1431 631 anno
1452 605 1500 632 581
1525 605 1604 637 obiit,
1623 613 1684 631 cum
1701 605 1820 640 synodus

1034 649 1154 676 secunda
1173 650 1308 684 generalis
1336 649 1493 681 haberetur,
1512 651 1651 677 visitatum
1679 651 1763 678 fuisse
1777 651 1820 678 Si-

1034 702 1170 726 meonem,
1185 699 1329 729 postquam
1349 695 1376 722 in
1398 696 1552 722 columnam
1571 696 1626 730 jam
1641 696 1818 723 ascendisset.

1034 740 1125 768 Utitur
1145 740 1179 767 ad
1202 741 1282 767 fidem
1298 741 1353 767 sibi
1371 741 1521 768 faciendam
1547 741 1710 768 auctoritate
1731 741 1820 768 Theo-

1034 786 1134 818 doreti,
1155 787 1234 821 cujus
1251 791 1315 813 stlnt
1339 790 1396 814 haec
1418 787 1502 813 verba
1521 795 1527 812 :
1550 796 1559 812 ‹
1575 786 1642 814 Cum
1654 795 1718 814 vero
1732 787 1821 814 admi-

1035 831 1137 859 randus
1166 832 1300 863 Meletius,
1332 832 1378 866 qui
1404 832 1582 860 Antiochenm
1611 833 1730 867 regionis
1758 838 1822 860 tunc

1034 879 1221 914 episcopatum
1245 878 1366 913 regebat,
1375 879 1423 906 .vir
1439 878 1584 912 prudentia
1601 882 1627 905 et
1644 879 1823 913 intelligentia

1034 922 1135 954 clarus,
1154 922 1311 957 ingeniique
1321 922 1431 950 solertia
1451 927 1575 954 ornatus,
1592 930 1823 958 supervacaneum

1036 967 1141 994 diceret
1161 967 1263 994 ferrum
1278 975 1350 1000 esse,
1371 975 1432 995 cum
1459 968 1492 995 ad
1514 968 1629 995 rationis
1644 969 1751 996 vincula
1765 976 1825 996 cor-

1035 1013 1096 1047 pori
1115 1013 1262 1048 injicienda
1274 1014 1401 1041 voluntas
1418 1013 1570 1040 sutliceret:
1587 1014 1679 1045 cessit,
1695 1018 1722 1041 et
1732 1014 1826 1041 admo-

1036 1059 1135 1086 nitioni
1148 1060 1208 1094 ejus
1226 1060 1327 1094 paruit,
1345 1060 1486 1095 accitoque
1508 1060 1584 1087 fabro
1600 1060 1740 1087 vinculum
1757 1060 1826 1088 solvi

1035 1106 1119 1140 jussit
1131 1106 1152 1132 ⁵.
1169 1115 1178 1131 ›

1070 1162 1139 1189 Vill.
1150 1162 1206 1188 Hoc
1218 1162 1374 1188 testimonio
1385 1161 1471 1189 frctus
1480 1162 1531 1189 tria
1543 1163 1711 1197 pronuntiat.
1723 1163 1828 1191 LCon-

1036 1211 1147 1233 ventum
1174 1214 1188 1233 a
1210 1206 1317 1233 Mcletio
1336 1206 1428 1241 aliquo
1443 1206 1613 1233 Antiocheno
1635 1207 1763 1242 episcopo
1784 1207 1827 1235 Si-

1037 1259 1173 1284 meonem,
1181 1259 1244 1278 cum
1254 1252 1308 1286 jam
1321 1251 1490 1279 ascendisset
1501 1252 1527 1278 in
1538 1252 1703 1278 columnam.
1712 1249 1738 1278 Ξ.
1750 1252 1828 1280 ilunc

1037 1305 1052 1324 a
1063 1305 1116 1332 quo
1127 1301 1279 1324 conventus
1290 1302 1341 1328 est,
1355 1297 1504 1329 Meletium,
1517 1305 1570 1324 non
1583 1298 1693 1324 diti'crre
1705 1305 1719 1324 a
1730 1305 1827 1332 magno

1037 1343 1094 1374 illo,
1108 1343 1155 1377 qui
1170 1343 1249 1378 291
1265 1342 1500 1378 Constantinopoli
1510 1344 1578 1370 obiit
1600 1351 1671 1370 anno
1683 1343 1745 1370 581.
1758 1344 1784 1370 5.
1799 1344 1826 1370 ln

1037 1389 1165 1416 columna
1201 1389 1310 1416 stetisse
1336 1389 1492 1416 Simeonem
1514 1391 1658 1424 plusquam
1689 1390 1828 1424 octoginta

1013 1446 1017 1450 -
1039 1443 1136 1466 annos,
1164 1435 1308 1470 Vitamque
1334 1435 1420 1470 ipsius
1453 1444 1468 1463 a
1494 1436 1667 1463 'l'heodoreto
1698 1436 1827 1470 scriptam

1039 1488 1110 1512 esse,
1132 1489 1194 1507 cum
1222 1481 1342 1507 nondum
1365 1482 1501 1516 explesset
1521 1482 1681 1509 vicesimum
1702 1487 1828 1509 octavum

198 1525 259 1544 rum
279 1516 343 1549 acti,
367 1515 505 1543 addantur
528 1515 612 1542 etiam
634 1514 729 1548 viginti
756 1518 782 1541 et
803 1519 876 1546 octo,
901 1515 948 1549 qui
973 1523 986 1542 a

1040 1525 1166 1552 stationis
1184 1533 1296 1552 annuat.
1314 1527 1413 1553 Verum
1434 1527 1486 1553 tria
1501 1527 1558 1554 hzec
1574 1531 1714 1562 pugnant:
1729 1527 1828 1562 primo,

198 1567 325 1597 suscepto
345 1562 449 1596 jejunio
459 1560 631 1590 efﬂuxerant.
647 1559 821 1587 Thcodorcto
837 1560 985 1593 scribente,

198 1610 311 1636 exsistet
334 1615 423 1635 annus
446 1607 498 1634 414
514 1607 535 1638 ⁸,
559 1614 613 1641 quo
634 1606 752 1633 Historia
775 1605 899 1641 religiosa
914 1614 989 1634 com-

199 1655 288 1690 posita
315 1654 360 1681 sit.

234 1711 266 1739 ν.
286 1711 353 1738 Inde
380 1709 496 1737 solvitur
519 1708 637 1735 celebris
654 1708 767 1742 qumstio
786 1707 820 1735 de
837 1716 919 1741 anno,
934 1716 988 1744 quo

200 1757 310 1785 Simeon
335 1756 363 1782 in
387 1755 541 1782 columnam
569 1753 734 1786 ascenderit,
755 1753 932 1789 quandiuque
961 1754 989 1782 in

200 1811 232 1830 ea
243 1802 360 1830 steterit.
369 1801 437 1828 Nam
448 1808 511 1827 cum
520 1799 546 1826 in
557 1799 723 1826 domuncula
731 1800 829 1826 vixerit
840 1805 894 1827 tres
903 1808 990 1828 annos

200 1852 343 1883 postquam
371 1846 404 1873 ab
427 1845 571 1873 Heliodoro
594 1844 717 1877 recessit,
751 1845 895 1872 recesserit
925 1853 990 1872 vero

200 1899 272 1920 anno
297 1892 358 1922 416,
382 1897 495 1917 necesse
515 1894 557 1917 est
572 1893 602 1916 ut
616 1889 773 1916 columnam
797 1889 990 1917 conscenderit

202 1945 272 1965 anno
288 1937 351 1968 419,
370 1939 451 1970 atque
467 1935 503 1962 ita
518 1935 546 1962 in
564 1943 596 1961 ea
610 1934 762 1969 perstiterit
777 1942 861 1961 unum
876 1939 904 1961 et
918 1943 988 1969 qua-

202 1985 327 2020 draginta
339 1991 434 2010 annos.
446 1981 586 2016 Siquidem
599 1981 631 2008 ad
643 1981 750 2008 obitum
762 1989 848 2016 usque
860 1982 989 2016 perstitit,

202 2030 371 2064 contigitque
390 2029 482 2056 obitus
501 2036 573 2055 anno
592 2027 654 2055 460.

237 2075 281 2102 Vl.
299 2075 348 2102 Est
369 2077 397 2100 et
419 2073 471 2100 alia
491 2073 615 2109 ejusdem
640 2073 785 2108 temporis,
803 2081 858 2107 quo
870 2073 990 2100 Historia

204 2120 328 2155 religiosa
356 2119 481 2146 confecta
507 2121 558 2150 est,
585 2118 744 2145 inveniendi
771 2121 851 2145 ratio.
874 2119 991 2146 Iacobus

204 2165 249 2192 ille
266 2164 443 2196 admirabilis,
460 2171 542 2198 quem
565 2163 754 2190 Theodoretus
779 2164 867 2199 capite
883 2163 914 2191 21
933 2164 992 2191 lau-

203 2210 261 2242 dat,
273 2209 394 2237 exerceri
407 2209 500 2244 cmpit,
512 2216 566 2244 quo
585 2212 707 2243 tempore
718 2208 804 2235 Isauri
822 2209 991 2244 populaban-

203 2260 249 2283 tur
272 2255 376 2282 vicinas
402 2254 537 2289 regiones.
564 2253 711 2288 Populatos
736 2261 809 2281 anno
832 2254 885 2281 405
908 2254 993 2281 tradit

203 2300 379 2328 Marcellinus
402 2299 431 2326 in
451 2298 588 2331 Chronico,
600 2303 760 2333 constatque
772 2303 829 2326 tum
843 2307 875 2327 ex
892 2299 994 2328 litteris

203 2344 402 2380 Chrysostomi,
436 2348 493 2371 tum
523 2343 684 2371 indubitatis
709 2343 770 2371 aliis
785 2345 990 2378 monumentis;

203 2390 279 2425 atqui
300 2389 491 2416 Theodoretus
507 2389 548 2415 ait
563 2388 696 2416 Iacobum
719 2392 845 2416 octavum
869 2392 898 2416 et
910 2389 992 2416 trice-

201 2437 302 2463 simum
315 2435 520 2463 exercitationis
531 2441 633 2461 annum
643 2434 805 2468 explevisse,
818 2442 880 2461 cum
900 2434 990 2461 Histo-

204 2483 273 2509 riam
287 2481 437 2516 religiosam
459 2480 600 2507 scriberet.
621 2489 629 2505 I
645 2479 779 2506 lnitorum
797 2479 848 2506 sub
864 2479 910 2507 dio
932 2487 992 2507 cer-

205 2527 338 2555 taminum
368 2526 455 2560 ipsius
475 2523 611 2560 (Limnaai)
633 2527 662 2550 et
684 2523 773 2558 magni
797 2523 891 2551 Jacobi
917 2524 989 2552 idem

204 2577 246 2600 est
267 2572 399 2607 temporis
422 2571 540 2606 spatium
559 2577 566 2596 :
591 2573 716 2596 octavum
734 2569 807 2596 enim
833 2573 860 2596 et
881 2569 989 2597 tricesi—

205 2629 278 2649 mum
306 2627 408 2648 annum
432 2621 487 2655 jam
512 2619 700 2654 expleverunt.
720 2628 729 2643 ι
761 2618 878 2653 Scripsit
906 2619 991 2652 igitur

1039 1579 1102 1598 cum
1125 1572 1254 1598 omnibus
1274 1572 1337 1599 vita:
1353 1572 1490 1600 Simeonis
1507 1573 1707 1608 scriptoribus,
1729 1573 1829 1600 deinde

1039 1625 1100 1644 cum
1117 1617 1307 1649 Theodoreto,
1319 1618 1437 1653 denique
1456 1626 1517 1645 cum
1533 1618 1648 1653 ipsemet
1664 1619 1791 1646 Baronio.

1073 1662 1118 1689 IX.
1128 1662 1195 1689 Nam
1212 1667 1241 1689 ut
1255 1663 1289 1689 ab
1303 1663 1399 1690 ultimo
1411 1663 1509 1690 ducam
1526 1663 1644 1695 initium,
1657 1664 1678 1690 si
1691 1664 1828 1698 octoginta

1039 1715 1126 1735 annos
1150 1708 1260 1735 Simeon
1272 1709 1427 1736 columnam
1449 1709 1580 1740 incoluit,
1595 1713 1622 1736 et
1633 1713 1734 1742 tamen,
1756 1710 1829 1744 quod

1039 1752 1141 1780 fatetur
1153 1753 1297 1785 Batonius,
1310 1753 1382 1780 diem
1401 1754 1499 1781 clausit
1511 1758 1664 1781 extremum
1678 1762 1750 1780 anno
1761 1754 1828 1781 460:

1040 1807 1151 1826 necesse
1170 1804 1212 1827 est
1230 1803 1259 1826 ut
1282 1799 1437 1827 ascenderit
1451 1800 1480 1827 in
1501 1800 1656 1827 columnam
1678 1807 1749 1826 anno
1766 1799 1828 1832 580,

1040 1845 1189 1872 autetiam
1216 1845 1317 1878 citius;
1347 1853 1458 1872 necesse
1486 1853 1604 1880 quoque,
1630 1850 1660 1872 ut
1688 1845 1831 1880 scripserit

1041 1889 1231 1917 Thcodorctus
1251 1889 1388 1917 Simeonis
1414 1891 1569 1917 encotnium
1597 1899 1668 1917 anno
1691 1891 1752 1923 408,
1769 1899 1830 1918 cum

1042 1936 1087 1963 vix
1110 1944 1212 1963 annum
1234 1936 1396 1963 vicesimum
1415 1936 1565 1963 secundum
1592 1937 1734 1972 attigisset,
1757 1943 1831 1965 certe

1041 1982 1162 2009 nondum
1185 1981 1255 2008 foret
1268 1982 1427 2017 episcopus;
1444 1982 1565 2009 nondum
1592 1982 1757 2015 evenissent,
1771 1991 1832 2018 qua:

1031 2028 1075 2057 .de
1102 2027 1229 2055 Simeone
1255 2032 1358 2059 narrat,
1385 2028 1418 2055 ad
1445 2036 1474 2055 se
1497 2036 1565 2062 quos
1581 2029 1832 2055 convcrtcratmit-

1043 2078 1127 2106 tente,
1152 2078 1182 2100 ut
1205 2074 1402 2101 sacerdotalem
1424 2074 1643 2101 benedictionem
1665 2075 1830 2109 acciperent.

1042 2118 1105 2147 Ilaec
1125 2124 1217 2147 autem
1241 2120 1348 2154 aliaque
1372 2120 1434 2147 inde
1462 2120 1656 2154 consequentia
1678 2121 1830 2154 complura,

1041 2166 1180 2201 quomodo
1197 2166 1269 2193 inter
1281 2174 1320 2198 se,
1340 2167 1478 2201 quomodo
1490 2174 1552 2193 cum
1565 2166 1674 2193 Baronii
1692 2166 1832 2193 relationi-

1008 2218 1030 2246 ι)
1043 2209 1095 2238 bus
1110 2210 1143 2238 de
1160 2210 1244 2246 gestis
1265 2211 1431 2238 Theodoreti
1454 2216 1482 2238 et
1510 2210 1647 2238 Simeonis
1675 2210 1833 2237 coluerent?

1078 2256 1113 2283 Χ.
1135 2256 1188 2284 Sed
1208 2256 1346 2291 quomodo
1361 2257 1433 2292 quod
1453 2257 1490 2284 ait
1511 2256 1544 2283 de
1566 2256 1675 2284 Melctio
1698 2256 1833 2283 invisente

1044 2301 1211 2335 Simeonem,
1245 2311 1307 2330 cum
1333 2303 1389 2338 jam
1416 2302 1585 2330 ascendisset
1610 2302 1636 2329 in
1664 2301 1830 2332 columnam,

1043 2348 1173 2375 convenit
1202 2356 1264 2375 cum
1294 2347 1461 2375 Theodoreti
1487 2347 1645 2374 narratione
1676 2346 1709 2373 de
1723 2344 1832 2373 Meletio

1043 2391 1199 2420 Simeonem
1219 2393 1363 2424 invisente,
1387 2391 1558 2427 ferreamque
1583 2396 1706 2420 catenam
1729 2391 1831 2419 auferri

1042 2438 1195 2466 suadente?
1228 2438 1256 2465 Id
1282 2437 1355 2465 enim
1381 2438 1573 2465 Theodoretus
1608 2438 1711 2473 apertis
1739 2437 1832 2464 verbis

1043 2483 1126 2510 tradit
1151 2483 1293 2516 accidisse,
1311 2488 1457 2519 antequam
1474 2483 1502 2510 in
1520 2483 1674 2510 columnam
1691 2481 1831 2509 ascendis-

1042 2533 1093 2556 set.
1121 2528 1254 2561 tTribus,
1281 2529 1371 2564 inquit
1390 2530 1410 2561 ⁵,
1438 2529 1466 2555 in
1490 2528 1655 2556 domuncula
1689 2527 1833 2554 transactis

1042 2575 1121 2602 annis
1131 2574 1166 2602 ad
1181 2575 1392 2603 celeberrimum
1405 2575 1478 2602 hunc
1490 2575 1590 2601 montis
1601 2574 1731 2602 verticem
1745 2573 1830 2604 venit,

1042 2622 1189 2650 maceriam
1206 2621 1376 2649 circumduci
1391 2621 1564 2656 praecipiens,
1577 2625 1727 2654 catenaque
1743 2619 1832 2646 ferrea

902 2719 1060 2748 SCllULle
1079 2720 1196 2748 ΝΟΤΑΞ.

218 2779 246 2806 τι
263 2790 344 2817 Nisib.
361 2789 408 2817 Vel
420 2797 456 2851 po

218 2826 255 2851 ιειι
270 2824 405 2851 Oudinus.
434 2844 441 2851 .

199 2826 255 2853 Sed
270 2824 405 2856 Oudinus,
422 2822 441 2851 1.
457 2832 493 2855 c.,
504 2831 531 2858 p.
546 2823 624 2855 1091,
642 2822 724 2858 habet
739 2822 927 2858 quadraginta.

458 2789 512 2816 tius
529 2788 642 2815 alterius
659 2787 762 2823 Jacobi,
780 2786 813 2815 de
831 2796 886 2823 quo
904 2789 960 2817 vid.
980 2790 1107 2821 Philoth.,
1129 2798 1153 2817 c.
1173 2790 1218 2817 2i.
1268 2790 1279 2804 ¹

1296 2789 1392 2824 Quinq.
1414 2790 1460 2818 Sic
1481 2798 1590 2825 quoque
1613 2788 1743 2825 infraxp.
1764 2787 1828 2825 29'].

710 2826 724 2862 :_t
739 2823 943 2862 quadraginta.”
966 2825 980 2862 ³ν
991 2826 1053 2853 Vid.
1072 2825 1187 2862 Philptlr.
1209 2833 1234 2862 e.
1248 2824 1302 2862 26._
1313 2824 1341 2862 ᾖ
1355 2823 1419 2862 γῇς]νῖ
1434 2823 1566 2862 supra,
1578 2825 1640 2854 279.
1655 2823 1708 2852 Sed
1720 2831 1748 2859 p.
1764 2823 1828 2856 εει,

199 2860 343 2893 astruitur,
369 2860 414 2887 vix
438 2864 500 2888 ante
518 2866 581 2886 ann.
600 2858 651 2886 415
664 2858 795 2893 Scriptum
809 2865 870 2900 esse
882 2859 986 2887 Philoth

1039 2869 1058 2887 ι.
1097 2861 1107 2876 ⁸
1121 2859 1237 2888 Pltiloth.
1252 2868 1275 2887 c.
1289 2859 1334 2888 26.

1379 2860 1388 2876 ⁸
1403 2860 1472 2888 ibid.
