1967 3047
126 149 178 182 241

709 151 757 180 DE
776 149 905 180 LIBRIS
922 149 1175 179 THEODORETI.

1704 143 1760 175 242

127 204 226 240 viginti
251 203 409 231 cubitorum
440 202 590 235 fabricata,
617 203 731 239 ejusque
762 204 850 239 capite
880 203 913 230 ad
930 207 952 236 Α
966 211 1019 238 que
1042 203 1076 230 ad
1100 210 1200 230 munus
1223 201 1377 236 pertinebat
1390 200 1531 237 invigilare
1545 198 1683 232 omnibus,
1698 206 1759 234 quat

129 256 226 277 saxum
249 248 345 283 ingens
368 246 458 279 afﬁxo,
485 248 572 275 altero
604 248 638 275 ad
664 248 791 276 dextrum
821 248 923 284 pedem

130 295 246 329 illigato,
274 298 305 320 ut
322 297 399 320 extra
413 293 515 320 limites
530 293 603 326 illos,
621 301 673 321 nec
685 293 707 320 si
722 294 812 326 vellet,
827 293 920 329 egredi

130 343 233 375 posset.
252 339 327 366 intus
356 339 466 372 mansit,
498 339 597 366 cadum
617 339 727 366 assidue
756 339 848 366 animo
866 340 922 374 agi-

132 391 202 417 tans,
224 389 252 412 et
265 392 325 418 quae
345 392 427 418 supra
440 383 524 411 caelos
536 389 610 416 sunt,
626 385 633 394 ‘
652 385 831 419 contemplari
845 385 922 411 anni-

132 434 203 457 tens.
228 429 327 456 Mentis
356 429 430 456 enim
453 429 572 456 volatum
597 429 663 456 ferri
690 429 831 457 vinculum
854 429 922 457 illud

131 483 187 502 non
211 474 389 509 impediebat.
415 473 483 502 Cum
511 482 578 502 vero
599 475 777 503 admirandus
798 474 844 502 ille
866 474 923 502 Me-

131 518 224 551 letius,
239 528 248 543 ι
263 523 318 546 etc.

169 563 214 591 XI.
237 564 266 591 In
285 572 318 591 eo
343 563 463 599 denique
482 564 554 599 quod
579 565 686 597 scribit,
713 564 870 592 Simeonem
895 564 923 592 in

111 635 118 640 ,
133 609 262 637 columna
288 610 399 637 stetisse
429 611 491 644 plus
505 618 586 645 quam
603 611 740 646 octoginta
757 618 854 643 annos,
867 610 924 638 dis-

134 655 218 683 sentit
226 656 261 682 ab
271 656 400 683 omnibus
410 656 531 691 antiquis
538 657 731 692 scriptoribus,
741 657 923 689 Tlicodorcto,

135 701 256 728 Antonio
278 701 414 729 Simeonis
431 702 577 737 discipulo,
597 708 624 729 et
641 703 756 738 Evagrio
775 702 924 734 historico;

135 754 171 773 ne
184 746 249 780 quid
261 747 349 773 dicam
363 747 398 774 de
418 748 602 782 Metaphraste
620 752 680 782 post
693 748 761 775 alios
777 747 925 774 scribente.

138 792 176 819 De
201 791 374 819 Theodoreto
390 793 457 820 satis
483 793 625 820 hactenus.
651 793 787 821 Antonius
801 798 829 820 et
856 793 927 820 Eva-

137 838 213 872 grius
228 842 313 864 lotam
332 838 370 865 ita
386 843 510 871 narrant,
531 839 588 866 sive,
605 839 676 866 inter
691 839 851 870 monachos,
871 838 927 865 sive

971 249 1004 276 a'd
1027 249 1154 284 pietatem
1177 249 1355 283 pertinerent.

1006 294 1076 322 XVI.
1094 295 1187 329 Neque
1204 302 1267 321 vero
1282 297 1308 321 te
1322 296 1439 326 moveat,
1455 292 1527 327 quod
1551 299 1566 319 a
1588 289 1760 318 Theodoreto

972 339 1097 366 Melelius
1116 338 1225 365 dicatur
1243 339 1257 364 ὁ
1273 338 1434 372 θαυμάσιος,
1454 336 1531 371 quasi
1552 335 1604 362 hoc
1620 334 1761 369 epitheton

973 392 1071 419 magno
1091 384 1130 411 illi
1147 384 1255 411 Meletio
1275 383 1325 411 soli
1341 383 1494 410 conveniat.
1521 382 1587 408 Nam
1607 380 1641 407 de
1667 380 1760 411 Basso,

973 430 1020 465 qui
1035 430 1132 465 procul
1145 429 1230 456 dubio
1245 437 1299 456 non
1310 431 1380 460 erat,
1395 428 1448 455 nisi
1463 427 1496 454 ad
1510 433 1658 458 summum,
1679 425 1760 451 chor-

973 476 1129 510 episcopus,
1149 475 1274 510 loquens,
1285 473 1434 508 θαυμάσιον
1451 472 1586 503 nominat;
1597 471 1653 497 imo
1665 469 1762 496 eadem

975 521 1158 556 appellatione
1181 521 1262 553 solet,
1288 526 1467 555 quoscunque
1491 518 1646 553 praecellere
1671 519 1760 551 putat,

975 574 1116 594 exornare.
1144 566 1216 599 Quin
1240 569 1268 593 et
1292 564 1355 592 inde
1385 564 1562 592 conﬁrmatur
1586 563 1763 590 vehementer

975 612 1069 646 opinio
1088 615 1181 638 nostra
1198 619 1205 637 ε
1221 610 1356 645 siquidem
1368 609 1567 640 Theodoretus,
1583 615 1644 634 cum
1658 607 1692 634 dc
1709 606 1764 633 Me-

976 657 1042 683 letio
1058 656 1291 683 Antiochenorum
1304 655 1434 690 episcopo
1444 660 1596 680 sermonem
1609 651 1683 682 facit,
1695 658 1764 686 non-

975 702 1028 728 nisi
1051 709 1177 736 magnum
1198 704 1287 732 vocat,
1304 699 1372 726 Hist.
1395 698 1458 725 eccl.
1475 698 1524 725 lib.
1546 705 1573 728 v,
1589 704 1649 730 cap.
1665 695 1700 722 ’55
1715 704 1720 721 :
1736 694 1764 720 ὲν

978 746 1131 782 Ἀντιοχείᾳ
1147 747 1175 772 δὲ
1191 745 1323 773 Μελετίου
1346 744 1393 770 τοῦ
1418 743 1535 779 μεγάλου
1551 742 1600 777 τὴν
1622 739 1764 776 προεδρίαν

977 792 1123 823 Mamurra;
1139 791 1272 823 διεδέξατο
1291 791 1323 817 ὀ.
1344 789 1433 818 Semel
1455 793 1537 823 atque
1551 788 1650 815 iterum
1672 790 1763 817 antea,

979 837 1145 871 tertiumque
1155 837 1271 869 dixerat,
1286 835 1367 863 modo
1382 835 1463 865 θεῖον,
1488 833 1570 860 modo
1586 833 1682 867 μέγαν,
1693 839 1765 858 nun-

137 882 165 909 in
191 881 358 910 domuncula
380 886 408 910 et
436 883 559 915 mandra,
581 883 637 911 sive
662 884 689 910 in
716 883 851 910 columnis
873 883 929 918 pri-

984 889 1060 915 quam
1083 881 1242 917 θαυμάσιον,
1261 885 1306 914 et,
1332 881 1412 915 epist.
1439 879 1501 912 112,
1519 880 1562 906 ὅτε
1579 877 1624 904 τὸν
1637 877 1683 904 τοῦ
1697 876 1764 903 Θεοῦ

121 935 211 955 ‘mum
239 928 468 962 depressioribus,
496 929 595 956 deinde
618 929 771 961 altioribus,
804 929 928 956 ascetica:

139 973 275 1002 Simeonis
287 975 349 1001 vita:
361 975 513 1006 historiam,
530 979 559 1002 ut
574 983 627 1002 non
647 975 738 1009 plures
750 982 831 1009 quam
846 974 927 1009 quin-

142 1019 271 1053 quaginta
302 1026 348 1046 sex
381 1023 429 1046 aut
461 1023 565 1054 septem
597 1027 683 1049 annos
710 1019 850 1054 complexa
882 1019 926 1051 sit,

144 1063 309 1098 Simeonque
328 1063 356 1091 in
375 1065 541 1097 columnam,
555 1069 615 1099 post
629 1064 776 1092 detractam
793 1069 926 1095 catenam,

142 1109 297 1136 ascenderit
313 1110 424 1137 circiter
443 1118 543 1136 annum
569 1110 670 1137 Christi
699 1110 762 1142 420,
788 1118 841 1144 quo
860 1113 929 1136 tem-

138 1163 205 1191 pore
231 1155 430 1184 Antiochenam
449 1156 601 1183 Ecclesiam
629 1156 741 1191 regebat
759 1155 928 1186 Theodotus,

139 1205 223 1234 atque
241 1200 280 1227 ita
296 1201 378 1228 modo
394 1201 580 1233 humiliorem,
596 1201 678 1228 modo
697 1201 875 1228 excelsiorem
889 1200 930 1226 in-

139 1245 319 1277 habitavcrit,
338 1246 517 1281 quadraginta
546 1246 657 1273 circiter
681 1254 815 1273 annorum
831 1246 928 1281 spatio.

176 1289 257 1323 292
276 1289 334 1316 XII.
356 1289 409 1317 Sed
428 1290 548 1321 Meletio,
569 1290 687 1324 inquies,
701 1291 766 1325 quid
781 1291 846 1317 ﬁet?
860 1290 930 1323 Quid

141 1332 333 1361 Theodoreto?
346 1334 428 1367 Quid,
445 1335 467 1362 si
487 1334 677 1362 Theodoretus
694 1336 824 1362 memoria
839 1336 930 1370 lapsus

140 1379 279 1406 lleletium
301 1380 443 1414 scripserit
466 1388 515 1415 pro
539 1380 702 1408 Theodoto?
729 1381 827 1408 Verum
851 1380 878 1407 id
903 1380 931 1407 in

139 1433 170 1453 re
194 1429 248 1452 tam
271 1425 376 1453 recenti
398 1430 506 1461 tamque
526 1431 590 1453 nota
609 1426 741 1454 accidisse
757 1427 802 1454 vix
823 1427 930 1461 opinor.

140 1470 233 1506 Longe
249 1471 421 1506 probabilius
442 1471 515 1506 quod
533 1472 571 1499 ait
588 1472 734 1499 Bollandus
753 1476 856 1504 noster,
874 1471 930 1499 Me-

139 1517 236 1544 letium
260 1517 334 1544 hunc
349 1518 434 1544 fuisse
462 1518 690 1553 chorepiscopum
707 1518 758 1545 sub
776 1518 928 1550 Theodoto,

139 1563 186 1589 cui
211 1563 357 1591 commissa
385 1567 459 1591 esset
487 1554 606 1599 regionis
640 1565 724 1597 illius,
752 1564 779 1591 in
801 1572 855 1599 qua
879 1564 931 1592 fuit

141 1607 279 1635 Simeonis
309 1609 438 1641 mandra,
469 1608 646 1643 inspicienda:
671 1609 850 1644 regendaque
881 1610 931 1637 sub

139 1653 258 1687 primate
292 1661 366 1680 cura.
399 1653 429 1680 Id
461 1653 590 1680 videntur
620 1654 735 1681 innuere
766 1653 932 1681 Theodoreti

140 1697 226 1724 verba
244 1707 250 1724 :
269 1698 426 1724 ἐπισκοπεῖν
442 1698 593 1732 τηνικαῦτα
609 1698 658 1732 τῆς
674 1698 811 1734 Ἀντιόχου
829 1699 932 1730 πόλεως

139 1744 306 1777 τεταγμένῠς
331 1743 380 1778 τὴν
402 1743 493 1778 χώραν
517 1744 538 1774 ⁷,
563 1751 624 1778 qua:
641 1751 721 1770 nemo
747 1743 781 1771 de
803 1744 932 1778 episcopo

140 1788 221 1815 urbis
245 1788 355 1823 proprie
388 1789 497 1816 dixerit.
524 1789 628 1816 Dixerit
658 1797 723 1817 vero
753 1790 875 1824 apposite
897 1790 943 1824 de,

142 1833 357 1869 chorepiscopo,
386 1834 546 1870 τεταγμένῳ
569 1835 728 1861 ἐπισκοπεῖν
751 1834 801 1870 τὴν
826 1834 930 1870 χώραν,

143 1879 218 1906 unde
236 1879 425 1915 chorepiscopi
451 1888 550 1908 nomen
575 1881 667 1908 habet.

179 1924 248 1952 XIII.
264 1925 340 1953 Hane
361 1926 615 1960 interpretationem
628 1925 803 1959 conﬁrmant,
823 1935 884 1962 quae
897 1926 931 1954 de

143 1969 228 1996 Basso
252 1971 328 2005 prius
348 1971 479 1998 dicuntur
492 1971 502 1986 ³
516 1981 523 2005 ;
540 1972 614 2000 hunc
639 1980 738 2007 nempe
753 1973 931 2007 praepositum

143 2015 229 2042 fuisse
239 2016 407 2052 presbyteris
416 2017 491 2044 vicos
502 2018 676 2052 regentibus:
690 2019 743 2049 τοῖς
755 2018 824 2044 κατὰ
837 2017 932 2053 κώμας

146 2060 265 2094 ἱερεῦσιν
292 2062 455 2088 ἐπιστατῶν.
487 2062 556 2089 Nam
585 2062 652 2097 quid
683 2063 844 2089 ἐπίστασθαι
877 2064 932 2094 τοϊς

146 2105 274 2139 ἱερεῦςιν,
303 2106 356 2134 nisi
383 2107 559 2133 ἐπισκοπεῖ-ιτ

180 2150 250 2178 ΧΠ.
267 2151 343 2179 Hanc
354 2152 477 2179 eamdem
495 2152 748 2187 interpretationem
769 2153 845 2180 locus
863 2152 932 2180 alter

145 2194 243 2226 affinis,
260 2195 349 2230 capite
375 2196 420 2228 24,
447 2197 575 2224 illustrat.
599 2197 667 2224 Cum
692 2198 765 2225 enim
790 2198 824 2225 ad
852 2198 931 2233 Poly-
950 2212 970 2238 υ

146 2241 292 2268 chronium
311 2242 442 2268 siccitatis
461 2247 583 2276 tempore
602 2243 776 2275 conﬂuxisse,
802 2244 863 2278 opis
885 2251 934 2278 pc-

147 2285 236 2313 tendae
248 2293 339 2317 causa,
357 2291 504 2315 narrantur
522 2287 682 2323 presbyteri,
698 2295 760 2315 cum
780 2288 814 2315 iis
826 2289 934 2316 venisse

146 2329 248 2356 dicitur
270 2331 318 2369 καὶ,
327 2331 378 2365 τῆς
394 2331 550 2366 Ἀντιοχέων
559 2341 600 2361 τις
616 2332 707 2367 χώρας
725 2332 820 2367 κώμας
834 2333 934 2364 πολλὰς

148 2375 297 2411 ποιμαίνειν
320 2378 484 2411 τεταγμένος
504 2379 525 2405 ⁹.
547 2378 625 2411 Quod
642 2379 715 2406 enim
741 2387 796 2406 uno
819 2379 846 2406 in
870 2379 931 2406 loco

147 2422 307 2447 ἐπισκοπεῖν
319 2421 423 2448 dictum
435 2426 487 2454 est,
501 2423 654 2458 ποιμαίνειν
666 2423 694 2450 in
705 2423 793 2451 altero
806 2423 929 2451 eﬂ‘ertur.

183 2465 240 2492 XV.
265 2466 318 2493 Sed
342 2474 398 2493 rem
420 2467 535 2495 deﬁnire
563 2469 630 2495 mihi
658 2469 767 2496 videtur
791 2477 879 2497 canon
900 2469 932 2496 10

147 2511 346 2543 Antiochenus,
368 2512 414 2546 qui
442 2518 483 2539 est
506 2513 540 2540 dc
554 2513 758 2549 chorepiscopis
777 2515 934 2542 constitutis

148 2558 176 2584 in
195 2557 264 2584 vicis
274 2557 316 2584 vel
330 2558 407 2592 pagis
425 2559 647 2587 :ostcnditcnim
664 2568 719 2587 non
733 2568 834 2595 paucos
852 2561 935 2588 fuisse

148 2603 282 2637 ejusmodi
296 2603 516 2639 chorepiscopos,
529 2606 630 2640 quibus
643 2606 788 2634 distributa
801 2611 861 2634 erat
871 2615 936 2634 cura

150 2647 334 2675 Ecclesiarum
354 2653 431 2676 extra
455 2649 593 2678 civitatem
622 2652 782 2686 positarum,
804 2660 937 2686 quorum-

977 928 1129 963 ἄνθρωπον,
1144 927 1190 954 τὸν
1205 927 1292 963 μέγαν
1306 926 1446 954 Μελέτιον.

1012 989 1093 1017 XVII.
1110 990 1189 1018 Iluue
1205 998 1256 1025 ego
1270 989 1407 1017 Mcletium
1429 989 1527 1024 opinor
1543 987 1628 1015 fuisse
1641 990 1735 1021 postea
1749 993 1764 1013 a

977 1036 1118 1063 Theodoto
1138 1035 1313 1070 prmpositum
1326 1034 1539 1063 Neocresaricusi
1556 1032 1701 1065 Ecclesia;
1715 1038 1766 1058 nec

977 1081 1115 1109 diversum
1137 1081 1171 1109 ab
1192 1089 1236 1113 co,
1258 1081 1305 1116 qui
1321 1081 1391 1116 apud
1413 1081 1546 1108 Joannem
1564 1078 1765 1106 Antiochcnum

977 1131 1037 1154 erat
1059 1135 1120 1154 cum
1141 1127 1326 1159 'Ihcodoreto,
1347 1131 1375 1154 et
1399 1126 1462 1153 aliis
1486 1129 1612 1160 quatuor,
1644 1131 1706 1151 cum
1731 1123 1765 1150 ad

977 1173 1134 1202 Nestorium
1157 1173 1276 1201 Joannes
1299 1172 1451 1204 scriberet;
1475 1171 1576 1206 quique
1599 1170 1626 1197 in
1641 1169 1766 1196 Orienta-

978 1217 1045 1245 lium
1063 1219 1142 1253 293
1162 1218 1269 1253 synodo
1286 1223 1381 1245 contra
1398 1217 1529 1252 Cyrillum
1548 1220 1576 1243 et
1594 1215 1766 1242 Memnonem

979 1265 1142 1291 sententiam
1167 1263 1235 1291 dixit
1260 1263 1292 1290 ”.

1015 1315 1107 1342 XVIII.
1122 1315 1182 1342 Non
1195 1315 1367 1343 incommode
1383 1319 1474 1350 posset
1490 1321 1560 1349 opus
1575 1317 1663 1340 totum
1679 1312 1766 1340 dividi

980 1360 1049 1387 duos
1076 1361 1103 1386 in
1124 1360 1221 1392 libros,
1246 1368 1363 1395 quorum
1388 1360 1465 1394 prior
1494 1359 1589 1394 viginti
1619 1358 1767 1393 capitibus,

980 1405 1118 1442 posterior
1133 1405 1229 1433 decem
1244 1410 1386 1433 constaret
1396 1406 1416 1421 ¹²
1434 1414 1440 1431 :
1458 1405 1503 1432 ille
1517 1409 1674 1432 sanctorum
1691 1408 1766 1436 tunc,

981 1459 1044 1479 eum
1062 1451 1254 1478 Theodoretus
1274 1451 1420 1483 scriberet,
1447 1450 1502 1478 fato
1524 1450 1697 1483 functorum;
1716 1450 1769 1477 iste

981 1496 1160 1531 superstitum
1185 1497 1273 1531 elogia
1288 1497 1462 1524 contineret:
1481 1501 1597 1531 uterque
1615 1496 1649 1523 ab
1668 1496 1766 1531 insigni

943 1549 964 1577 ε
981 1540 1098 1576 quodam
1109 1540 1211 1568 Jacobo
1223 1540 1337 1567 duceret
1347 1540 1467 1567 initium.

1017 1595 1088 1624 XIX.
1106 1596 1201 1630 Neque
1213 1604 1278 1623 vero
1293 1596 1352 1623 haec
1365 1596 1476 1630 partitio
1493 1595 1571 1622 ﬁeret
1584 1595 1670 1622 invito
1681 1593 1766 1625 Theo-

981 1641 1088 1672 doreto,
1106 1641 1207 1675 quippe
1217 1641 1264 1675 qui
1279 1648 1356 1668 suam
1368 1640 1527 1675 apposuerit
1538 1640 1620 1675 capiti
1637 1641 1769 1668 vicesimo

981 1686 1081 1721 primo,
1100 1686 1179 1721 quasi
1196 1694 1267 1713 novo
1283 1685 1364 1718 libro,
1383 1685 1580 1720 pnefationem.
1597 1695 1606 1710 ‹
1621 1685 1768 1719 Postquam

981 1732 1146 1759 athletarum
1181 1731 1303 1763 virtutis,
1331 1732 1379 1766 qui
1402 1732 1457 1766 jam
1482 1731 1601 1758 victores
1617 1730 1768 1758 renuntiati

981 1782 1057 1809 sunt,
1077 1784 1179 1812 agones
1212 1777 1432 1812 percensuimus,
1465 1776 1629 1810 illorumquc
1654 1780 1711 1803 tum
1741 1775 1769 1802 in

981 1823 1176 1850 exercitatione
1187 1823 1306 1855 labores,
1317 1827 1374 1849 tum
1387 1823 1414 1849 in
1429 1822 1626 1849 certaminibus
1643 1821 1768 1853 sudores,

981 1868 1204 1903 elarissimasque
1219 1872 1247 1895 et
1266 1868 1452 1896 nobilissimas
1467 1868 1597 1895 victorias
1612 1866 1768 1894 summatim

981 1914 1181 1946 enarravimus,
1194 1921 1253 1949 age,
1271 1922 1345 1941 nunc
1356 1921 1452 1941 eorum
1463 1913 1510 1948 qui
1523 1913 1685 1948 superstites
1695 1917 1768 1944 sunt,

982 1964 1009 1993 et
1022 1960 1164 1995 magniﬁce
1180 1960 1332 1992 decertant,
1353 1964 1436 1994 atque
1451 1959 1603 1986 anteriores
1622 1959 1770 1986 sudoribus

981 2005 1093 2033 vincere
1107 2005 1227 2037 student,
1235 2005 1319 2032 vitam
1331 2005 1520 2032 describamus
1531 2005 1562 2031 ¹³.
1580 2014 1589 2030 ι
1608 2005 1641 2031 Et
1653 2009 1746 2039 postea
1761 2012 1768 2030 τ

986 2060 995 2076 ι
1012 2050 1115 2078 llorum
1135 2050 1244 2077 initium
1272 2049 1370 2077 ducam
1386 2057 1401 2076 a
1418 2057 1516 2085 magno
1528 2049 1639 2077 Iacobo.
1659 2049 1684 2076 Is
1696 2048 1769 2076 enim

982 2101 1010 2124 et
1023 2099 1144 2130 tempore
1163 2099 1191 2123 et
1205 2095 1300 2122 labore
1316 2099 1429 2122 caeteros
1443 2094 1598 2127 antecedit;
1619 2094 1665 2128 qui
1680 2095 1768 2128 ipsum

983 2140 1116 2167 imitando
1128 2139 1197 2166 mira
1210 2144 1236 2166 et
1253 2139 1388 2174 stupenda
1398 2139 1512 2166 faciunt.
1525 2138 1645 2173 Contigit
1661 2141 1764 2168 autent,

985 2185 1078 2212 nescio
1091 2193 1145 2219 quo
1161 2189 1250 2219 pacto,
1275 2189 1305 2212 ut
1323 2189 1351 2212 ct
1366 2184 1421 2211 vita
1446 2184 1613 2216 functorum,
1630 2186 1658 2210 et
1679 2182 1770 2209 adhuc

985 2230 1175 2265 superstitum,
1189 2237 1288 2256 nomen
1303 2229 1354 2256 hoc
1366 2229 1485 2264 primum
1498 2229 1588 2256 locum
1600 2232 1699 2255 teneat.
1718 2228 1770 2255 De-

985 2275 1142 2303 functorum
1158 2275 1259 2310 quippe
1272 2275 1354 2302 vitam
1366 2283 1428 2302 eum
1439 2274 1634 2306 describerent,
1655 2281 1770 2301 exorsus

986 2330 1046 2349 sum
1058 2330 1073 2349 a
1085 2322 1178 2349 divino
1192 2321 1237 2349 illo
1248 2322 1360 2354 Iacobo,
1382 2322 1429 2356 qui
1447 2322 1590 2349 Persarum
1601 2323 1607 2330 ‘
1618 2321 1768 2348 exercitum

986 2367 1109 2395 oratione
1123 2375 1172 2395 sua
1182 2367 1334 2402 dissipavit,
1352 2378 1361 2393 ›
1381 2372 1434 2395 etc.

1022 2425 1082 2452 XX.
1103 2425 1418 2457 llctcrodoxiccnsores,
1432 2424 1585 2460 cujusmodi
1605 2423 1719 2450 Rivetus
1741 2426 1770 2449 et

989 2470 1166 2505 Hottingerus
1177 2491 1183 2500 .
1196 2470 1298 2505 aliique
1314 2471 1428 2501 similes,
1443 2478 1504 2497 cum
1519 2469 1684 2496 Pliilothcum
1708 2475 1770 2495 cer-

985 2515 1150 2542 uerentsuis
1162 2515 1270 2549 placitis
1292 2523 1430 2550 pugnare;
1454 2522 1505 2542 nec
1520 2514 1654 2540 auderent
1675 2518 1768 2540 tamen

986 2569 1055 2596 opus
1079 2559 1148 2587 adeo
1173 2561 1382 2595 comprobatum
1404 2559 1507 2587 auctori
1533 2567 1583 2586 suo
1605 2558 1770 2590 subducere,

987 2606 1077 2634 addita
1101 2606 1219 2640 plurima
1236 2607 1391 2642 jactaruut;
1409 2609 1436 2633 et
1458 2606 1487 2632 in
1516 2605 1586 2633 hanc
1605 2605 1769 2632 sententiam

988 2652 1114 2680 Gcntiani
1143 2653 1253 2681 Hcrvcti
1280 2653 1439 2688 interpretis
1467 2652 1705 2684 observationem,
1735 2651 1771 2678 ad

817 2721 973 2749 SCHL’LZII
995 2722 1111 2750 NOT.~E.

185 2777 195 2792 τ
210 2776 366 2816 ηιρμυμιλρ.
385 2777 429 2804 26.
467 2779 477 2794 ε
493 2778 680 2816 ibid.__'_yid.
697 2783 716 2806 t.
736 2780 786 2811 Ill,
806 2788 831 2815 p.
846 2780 929 2816 tam.

983 2780 1054 2808 Adde
1070 2781 1184 2808 Philam.
1198 2789 1222 2809 c.
1240 2782 1256 2809 2
1268 2802 1274 2813 ,
1299 2786 1318 2814 ι,
1335 2781 1380 2814 lli,
1394 2789 1421 2816 ι).
1437 2781 1514 2808 1150.

1556 2782 1575 2797 ¹¹
1592 2780 1738 2815 Ῡίᾶημνι.
1752 2786 1771 2805 u

149 2811 534 2851 0οηςῇὶῇΕνῐιεε..ἓς·ορ.η2ἓξ.
573 2814 592 2828 ¹²
608 2813 712 2851 Epilogi
737 2811 812 2843 vices
827 2816 895 2851 gerit
915 2815 1006 2844 Oratio
1027 2816 1058 2842 de
1078 2816 1222 2849 c/mrilutr,
1247 2811 1354 2851 quat'irr
1369 2811 1462 2844 nostra
1481 2816 1600 2844 editione
1627 2811 1770 2850 subiuncta

150 2851 193 2874 cst
213 2845 359 2875 Philodu'o.
399 2845 544 2875 “liliilolh.
564 2856 589 2875 c.
606 2845 647 2874 Ξῖ.
