1967 3047
211 162 262 193 ειη

769 165 957 195 GAl’tNEtlII
979 164 1229 196 DISSERTATIO
1249 152 1289 196 Π.

1795 163 1845 196 2H

213 218 296 245 finem
322 218 420 253 capitis
442 218 564 246 vicesimi
590 219 670 252 primi
693 218 727 246 de
753 218 882 247 Simeonc
906 219 1003 254 Stylita
1017 220 1041 250 Α
1058 219 1141 247 fuisse
1157 219 1414 254 scriptururn,misi
1432 219 1612 254 intclligentis
1626 219 1768 254 divinique
1783 219 1845 255 Spi-

212 263 365 299 appositam
384 265 488 291 causali
507 268 572 292 sunt
584 265 615 291 ".

247 309 318 337 XXI.
341 310 368 337 γε
380 318 441 336 rum
454 309 593 338 Sirmondi
610 310 696 338 editio
707 311 797 346 arguit
812 310 939 338 Gcntiani
959 310 1002 338 vel

210 355 304 388 fidem,
322 355 394 390 quod
412 356 503 384 minus
523 365 596 390 reor,
609 357 651 384 vel
662 357 797 390 codicem,
814 357 887 392 quod
908 357 1004 392 opina-

210 401 292 428 bilius
307 409 313 427 :
326 409 376 435 ego
394 409 460 428 vero
476 410 533 430 non
551 402 729 430 mediocriter
739 403 824 430 miror
837 403 948 430 Ilerveti
962 402 1003 429 in-

209 448 397 483 cogitantiam,
418 448 466 484 qui
480 457 536 476 non
556 450 705 477 adverterit
719 450 897 484 depravatum
913 449 1002 476 mani-

207 492 277 521 feste
291 502 351 522 esse
363 499 468 522 textum
482 495 556 523 hunc
569 496 603 523 de
614 499 702 523 morte
714 495 861 528 Simeonis,
871 499 899 523 et
909 500 1001 523 notam

208 539 238 566 in
262 544 367 567 tevtum
395 540 560 568 inconcinne
586 542 780 576 perturbatum
810 541 844 568 de
879 542 1002 576 margine

207 584 365 619 irrepsisse,
386 593 449 613 cum
466 585 555 613 simile
569 586 639 614 nihil
666 587 720 614 ulla
736 587 764 614 in
780 591 855 622 parte
868 587 920 614 alia
937 593 1002 613 con-

206 630 310 666 tigerit.

242 676 327 704 XXII.
346 678 515 706 Praevidcrat
539 679 733 707 Tbeodoretus
754 678 813 706 fore
831 684 860 706 ut
875 678 1000 706 nonnulli

206 723 354 758 aliquando
365 723 580 752 admirabilitate
598 733 702 758 rerum,
720 733 788 760 quas
798 725 939 757 narrabat,
954 725 1001 753 de-

206 773 380 797 terrerentur
403 779 418 798 a
442 771 580 799 credendo
592 771 625 798 ".
643 781 652 797 ι
672 771 724 804 Qui
742 776 833 799 autem
851 772 895 804 iis,
909 780 968 806 quae
984 769 1003 799 ad

206 822 250 842 me
270 815 386 843 dicenda
408 821 491 849 sunt,
510 817 667 845 crediturus
690 826 745 844 non
762 821 818 851 est,
833 817 920 852 liquet
935 825 999 844 eum

206 869 241 888 ne
270 861 316 889 illa
331 862 443 897 quidem
462 871 526 891 vera
543 864 726 897 crediturum,
744 872 805 899 qua:
830 872 880 899 per
892 864 996 896 Mosen,

205 906 328 937 Josuam,
348 911 376 934 et
396 907 494 940 Etiam,
519 912 546 935 et
568 909 696 936 Elisreum
716 913 791 944 gesta
810 913 883 940 sunt,
899 912 926 936 ct
948 917 998 943 pro

206 951 307 978 fabulis
321 952 423 980 habere
448 953 591 986 miracula,
618 962 678 989 qua:
707 962 722 981 a
749 954 851 982 sanctis
867 955 999 989 apostolis

204 1001 311 1031 patrata
325 1003 398 1026 sunt.
416 999 495 1032 Quod
512 1000 535 1027 si
553 1008 627 1029 vera.
642 1001 687 1028 illa
709 1009 770 1028 esse
789 1004 915 1033 testatur,
941 1000 999 1028 haec

205 1053 315 1080 quoque
341 1054 356 1073 a
382 1046 451 1074 falso
478 1047 566 1074 aliena
593 1055 654 1075 esse
676 1047 864 1082 crcdet:qu;e
884 1047 957 1074 enim
970 1047 998 1074 in

205 1091 287 1127 294.
296 1092 349 1120 illis
359 1097 471 1128 operata
481 1097 524 1121 est
539 1094 636 1129 gratia,
648 1094 743 1121 eadem
753 1102 802 1129 per
817 1094 996 1129 bosquoquc,

204 1141 235 1164 ut
248 1137 355 1171 flerent,
370 1139 472 1172 effecit,
492 1149 501 1166 ι
520 1144 574 1167 etc.
591 1140 684 1176 Pergit
709 1148 784 1172 vero,
802 1144 831 1168 ut
858 1140 939 1167 fidem
948 1140 998 1167 ad-

204 1184 381 1212 mirabilitate
406 1193 498 1213 rerum
531 1190 675 1214 nutantem
698 1186 819 1214 stabiliat
841 1195 848 1212 :
872 1195 881 1210 ι
900 1185 939 1213 Ex
964 1185 998 1212 iis

203 1241 298 1267 porro,
317 1241 378 1268 quce
394 1233 510 1260 dicenda
537 1238 612 1266 sunt,
640 1234 732 1268 aliqua
758 1233 817 1268 ipse
835 1232 892 1259 vidi
910 1242 916 1258 :
937 1240 997 1267 quae

203 1279 295 1302 autem
308 1283 364 1302 non
394 1275 461 1307 vidi,
488 1276 522 1303 ab
543 1276 577 1303 iis
594 1276 697 1308 audivi,
714 1277 761 1311 qui
777 1276 913 1308 viderant,
930 1276 997 1303 viris

153 1312 159 1315 ”
205 1320 318 1348 virtutis
344 1321 514 1352 amanlibus,
542 1321 688 1356 dignisque
717 1322 831 1354 habitis,
860 1321 907 1357 qui
935 1321 996 1350 illos

203 1366 342 1399 viderent,
353 1371 382 1394 et
398 1374 495 1394 eorum
515 1367 641 1395 doctrina
659 1367 829 1395 fruerentur.
841 1378 850 1394 ›

237 1411 332 1438 XXIII.
347 1412 382 1440 At
397 1420 460 1439 cum
475 1413 613 1441 Simeonis
624 1421 767 1441 ascensum
780 1414 810 1441 in
827 1414 994 1447 columnam,

202 1458 352 1494 instigante
378 1460 434 1487 Deo
451 1464 621 1494 susceptum,
649 1465 799 1492 narrasset,
822 1467 919 1488 causas
951 1461 995 1488 in-

201 1505 321 1533 stinctus
340 1506 461 1533 reddens
477 1514 483 1534 :
503 1515 511 1532 4
534 1507 600 1542 Ego,
618 1507 748 1542 inquit”,
762 1507 909 1535 stationem
924 1508 995 1536 banc

200 1558 256 1578 non
283 1552 386 1587 absque
405 1552 499 1580 divino
522 1553 640 1581 consilio
657 1553 756 1581 factam
774 1553 873 1587 credo;
896 1562 994 1589 quam-

200 1597 295 1624 obrem
310 1605 358 1625 eos
375 1606 433 1630 oro,
450 1607 521 1634 quos
532 1599 738 1634 reprehendere
753 1600 883 1633 delectat,
895 1605 926 1628 ut
938 1601 992 1628 lin-

199 1649 259 1677 gua:
272 1642 382 1669 frenum
411 1643 545 1679 injiciant,
575 1652 665 1679 neque
687 1645 761 1672 illam
794 1649 898 1673 temere
923 1646 990 1673 ferri

199 1687 307 1721 sinant;
324 1689 370 1716 sed
387 1689 565 1717 considerent
575 1691 721 1718 Dominum
737 1691 799 1719 talia
812 1699 934 1727 persaepe
960 1691 1008 1725 ad.

199 1732 359 1767 segniorum
399 1733 548 1761 utilitatem
581 1735 744 1763 instituisse.
766 1746 775 1762 ι
803 1737 872 1764 Tum
904 1737 994 1764 allatis

199 1777 400 1812 prophetarum
423 1779 562 1807 inusitatis
574 1781 739 1815 quibusdam
757 1781 847 1814 factis,
863 1790 924 1817 qum
941 1790 992 1810 no-

198 1823 283 1849 vitate
299 1830 349 1850 sua
364 1823 471 1851 animos
485 1824 641 1852 videntium
655 1826 689 1853 ad
709 1826 860 1854 audiendas
873 1827 994 1863 prophe-

198 1874 290 1897 tarum
315 1870 527 1899 vaticinationes
546 1877 758 1901 converterent:
776 1883 785 1900 ‹
816 1873 863 1902 Sic
890 1883 992 1902 novum

198 1915 284 1948 istud,
301 1916 349 1949 ait,
376 1917 626 1954 admirandumque
646 1920 834 1954 spectaculum
862 1921 991 1955 instituit,

199 1966 230 1988 ut
245 1969 342 1990 omnes
371 1963 410 1990 rei
427 1963 548 1992 novitate
563 1964 597 1992 ad
622 1965 802 2000 spectandum
828 1966 990 1999 attralieret,

197 2007 423 2043 probabilemque
451 2009 664 2038 adventantibus
677 2011 804 2039 traditam
822 2011 875 2039 sibi
897 2012 992 2040 admov

196 2052 331 2080 nitionem
346 2053 476 2087 efﬁceret,
492 2065 501 2081 ι
519 2060 573 2084 etc.

232 2098 327 2126 XXIV.
339 2099 379 2128 Eo
390 2101 502 2136 majoris
513 2110 596 2136 porro
612 2103 755 2130 faciendus
780 2104 826 2131 hic
841 2104 921 2136 liber,
936 2113 991 2139 quo

195 2145 397 2174 calumniosius
426 2147 462 2174 ab
480 2141 629 2177 'bmreticis
655 2150 820 2178 traducitur.
850 2151 990 2187 Nugarum

195 2192 307 2227 plenum
317 2193 457 2227 effutiunt,
468 2202 500 2222 ac
512 2195 679 2223 Theodoreti
689 2197 798 2224 nomine
808 2188 988 2232 indignum”,

190 2245 251 2264 non
263 2238 345 2266 aliam
356 2243 432 2267 certe
446 2240 482 2267 ob
496 2248 618 2273 causam,
634 2249 716 2276 quam
725 2243 789 2277 quia
806 2243 986 2276 demonstrat,

194 2283 268 2317 quod
284 2283 422 2311 hrcreticis
433 2285 612 2313 vehementer
630 2286 714 2319 dolet,
732 2288 860 2315 Ecclesiae
876 2288 987 2316 illorum

194 2334 352 2364 temporum
375 2330 541 2358 sententiam
556 2331 590 2359 de
617 2332 789 2361 invocatione
818 2339 985 2368 sanctorum,

194 2375 377 2410 reliquiarum
391 2377 479 2410 cultu,
491 2378 633 2406 erectione
654 2379 819 2414 templorum
837 2380 863 2407 in
880 2389 985 2408 memo-

193 2421 264 2448 riam
281 2426 444 2457 martyrum,
473 2423 599 2450 oratione
620 2432 669 2458 pro
692 2425 819 2456 mortuis,
836 2425 985 2453 miraculo-

192 2474 255 2494 rum
280 2467 447 2502 patratione,
469 2469 684 2505 spontaneisque
704 2471 900 2500 afﬂictionibus
923 2480 985 2500 cor—

192 2513 278 2548 poris.

227 2557 311 2584 XXV.
328 2558 362 2585 Et
376 2559 409 2587 de
424 2559 599 2588 invocatione
612 2562 723 2596 quidem
741 2567 910 2596 sanctorum,
927 2564 986 2599 ipso

191 2602 283 2637 primo
300 2604 400 2638 capite,
427 2613 490 2633 cum
507 2606 541 2633 ad
569 2615 639 2641 opus
668 2608 828 2640 accederet,
855 2609 986 2644 praefatus

191 2646 287 2674 Mosen
312 2652 437 2676 veterum
453 2656 612 2679 sanctorum
634 2653 765 2687 przcclara
789 2653 911 2682 facinora
929 2664 984 2683 non

1056 265 1126 292 ritus
1138 265 1229 293 radios
1237 265 1389 300 accepisset
1402 273 1407 291 :
1418 265 1475 292 Hoc
1486 265 1552 291 mihi
1561 265 1733 299 'qnoque,ait,
1743 266 1771 292 in
1779 273 1843 300 pne

1055 311 1144 338 sentia
1159 319 1229 346 opus
1242 315 1284 338 est
1297 311 1410 343 auxilio,
1423 311 1470 345 qui
1482 318 1565 337 coner
1576 310 1660 337 vitam
1671 311 1845 338 conscribere

1055 361 1225 389 sanctorum,
1240 357 1286 392 qui
1300 357 1382 392 paulo
1394 361 1457 384 ante
1466 364 1516 384 nos
1528 360 1555 384 et
1566 356 1668 384 nostris
1677 357 1844 391 temporibus

1054 402 1179 429 clarucre
1192 411 1197 428 :
1210 403 1320 429 illorum
1331 409 1396 437 ergo
1408 401 1567 428 invocanda:
1578 405 1642 428 sunt
1653 409 1760 436 preces,
1769 406 1797 428 et
1805 401 1844 428 in-

1054 446 1180 481 cipienda
1202 447 1334 474 narratio.
1349 456 1358 472 ι
1387 447 1421 474 Et
1433 454 1493 481 cap.
1505 446 1550 479 21,
1567 453 1629 473 cum
1649 446 1789 474 retulisset
1803 454 1841 480 se,

1054 499 1116 519 cum
1131 491 1225 519 Jacobi
1242 499 1338 527 preces
1353 495 1520 526 exponeret,
1547 499 1709 526 responsum
1722 500 1738 518 a
1749 495 1843 519 sancto

1053 537 1113 565 viro
1127 538 1267 573 accepisse
1287 547 1293 564 :
1315 538 1391 565 «Nec
1405 545 1459 570 me,
1477 545 1528 564 nec
1542 537 1597 564 alio
1609 536 1681 571 apud
1692 537 1779 564 Deum
1794 536 1843 564 tibi

1053 591 1122 619 opus
1142 590 1184 612 est
1205 584 1405 617 intercessore;
1437 590 1576 611 summum
1595 582 1680 610 habes
1698 582 1842 614 Joannem,

1052 630 1135 657 Verbi
1146 637 1241 658 vocem
1252 650 1259 662 ,
1279 629 1387 668 Domini
1398 636 1596 664 praecursorem
1608 649 1614 661 ,
1633 628 1680 663 qui
1693 628 1745 656 hoc
1757 636 1807 663 pro
1818 633 1842 656 te

1052 675 1217 711 deprecatur
1231 675 1352 703 assidue.
1371 675 1482 702 Etcum
1500 674 1622 702 dicerem
1641 675 1780 702 confidere
1800 683 1843 702 me

1051 726 1181 761 precibus
1203 732 1260 753 tum
1283 725 1365 761 hujus
1375 747 1382 759 ,
1407 729 1466 752 tum
1480 724 1598 751 aliorum
1610 728 1768 752 sanctorum
1781 731 1843 759 apo-

1051 773 1185 800 stolorum
1197 776 1224 800 ct
1234 773 1442 808 prophetarum,
1456 779 1573 806 quorum
1583 778 1671 805 nuper
1679 771 1768 797 aliaue
1776 770 1842 797 mihi

1051 823 1131 846 erant
1145 818 1267 853 reliquia:
1285 826 1291 844 :
1306 817 1404 849 Crede,
1422 817 1475 849 ait,
1497 821 1523 844 te
1535 816 1668 843 Joannem
1681 815 1783 842 habere
1794 815 1842 842 Ba-

1051 863 1172 898 ptistam.
1193 863 1249 898 Ego
1264 871 1329 890 vero
1344 870 1396 890 nec
1408 862 1448 889 sic
1463 861 1563 889 adduci
1576 861 1664 896 potui,
1677 864 1707 888 ut
1717 861 1840 893 silerem;

1013 894 1035 921 Β
1051 909 1098 935 sed
1114 912 1190 936 tanto
1202 908 1287 943 magis
1301 907 1388 934 institi
1402 915 1539 942 qurercns,
1555 910 1582 933 et
1598 907 1668 934 scire
1684 907 1779 933 volens
1793 913 1842 933 cur

1050 954 1132 990 hujus
1143 955 1235 989 potius
1250 954 1351 981 faceret
1365 953 1549 984 mentionem;
1579 957 1635 979 tum
1649 951 1694 979 ille
1704 972 1710 984 ,
1727 952 1840 984 Vellem,

1050 1001 1098 1033 ait,
1111 1000 1249 1035 amplecti,
1265 1003 1292 1027 et
1307 992 1461 1026 exosculari
1473 998 1604 1025 amabiles
1617 998 1676 1033 ejus
1685 997 1837 1032 reliquias.»

1084 1046 1241 1081 Quinetiam
1266 1046 1439 1081 singulorum
1477 1044 1533 1072 vita
1562 1044 1719 1071 {tinctorum
1753 1043 1841 1078 elogia

1049 1094 1216 1122 concludere
1233 1094 1302 1121 solet
1324 1092 1405 1127 295
1429 1091 1603 1118 invocatione
1627 1090 1730 1117 auxilii.
1747 1090 1840 1117 Jacobi

1049 1139 1172 1167 Nisibeni
1187 1149 1192 1166 :
1214 1149 1222 1164 ι
1241 1139 1290 1166 llis
1305 1138 1339 1165 de
1349 1139 1407 1164 viro
1419 1137 1513 1165 divino
1530 1136 1662 1172 expositis
1677 1137 1736 1172 ejus
1753 1135 1840 1163 bene-

1048 1185 1200 1213 dictionem
1215 1185 1365 1220 implorans
1382 1184 1415 1211 ad
1427 1184 1508 1211 aliam
1525 1182 1711 1211 narrationem
1729 1189 1840 1217 progre-

1048 1232 1108 1259 diar
1119 1232 1148 1258 ’⁸.
1166 1242 1174 1256 ι

1082 1277 1184 1304 Juliani
1208 1277 1311 1304 Fabae:
1335 1286 1343 1302 ι
1377 1276 1433 1311 Ego
1459 1283 1527 1304 meae
1551 1275 1584 1303 de
1611 1275 1657 1302 illo
1672 1273 1841 1302 narrationis

1048 1321 1130 1350 fmcm
1148 1323 1192 1350 hic
1203 1323 1319 1355 faciens,
1332 1323 1365 1350 ad
1384 1323 1468 1350 alium
1481 1330 1603 1357 pergam,
1621 1325 1730 1348 sanctos
1746 1328 1839 1353 orans,

1047 1377 1117 1404 quos
1129 1369 1353 1400 commemoravi,
1371 1368 1438 1396 mihi
1459 1373 1490 1396 ut
1508 1376 1557 1403 per
1572 1376 1650 1395 suam
1666 1367 1841 1398 intercessio-

1047 1422 1110 1442 nem
1122 1422 1270 1450 supernam
1282 1414 1503 1442 benedictionem
1520 1414 1709 1442 concilient".
1729 1423 1738 1439 ›

1082 1461 1211 1489 Marciani
1229 1461 1320 1497 magni
1337 1470 1343 1488 :
1363 1471 1372 1487 Ι
1391 1461 1448 1497 Ego
1459 1469 1526 1489 vero
1539 1461 1605 1488 huic
1623 1469 1720 1488 rursus
1745 1469 1841 1489 narra-

1048 1507 1123 1535 tioni
1138 1506 1224 1537 finem
1248 1507 1404 1542 imponens,
1425 1514 1475 1534 oro
1499 1511 1527 1534 et
1546 1507 1663 1534 obsecro
1686 1512 1717 1535 ut
1740 1507 1838 1535 horum

1047 1554 1172 1582 omnium
1204 1554 1404 1581 intercessione
1431 1553 1556 1581 divinum
1589 1553 1723 1581 auxilium
1752 1553 1840 1589 adipi-

1047 1607 1108 1627 scar
1122 1599 1155 1626 ’°.
1175 1609 1184 1625 ι

1081 1645 1205 1678 Eusebii,
1236 1644 1337 1678 Publii,
1371 1643 1507 1672 Simeonis
1530 1644 1627 1678 Prisci,
1653 1649 1720 1677 etc.,
1743 1645 1838 1673 eadem

1045 1690 1162 1719 formula
1178 1692 1267 1727 elogia
1283 1691 1417 1719 finiuntur
1428 1691 1460 1718 “.

1080 1739 1175 1766 XXVI.
1193 1738 1288 1772 Quoad
1318 1738 1499 1773 reliquiarum
1523 1738 1639 1771 cultum,
1655 1742 1838 1773 praeterquam

1044 1785 1118 1820 quod
1134 1785 1216 1812 modo
1232 1785 1349 1812 relatum
1362 1788 1405 1811 est
1418 1784 1451 1812 de
1476 1784 1577 1817 studio,
1596 1793 1651 1820 quo
1667 1784 1839 1812 admirabilis

1044 1830 1090 1858 ille
1100 1831 1220 1859 Jacobus
1235 1831 1380 1858 tenebatur
1390 1831 1567 1858 exosculandi
1584 1831 1713 1866 reliquias
1724 1831 1838 1859 Joannis

1044 1875 1240 1908 Prtccursoris,
1258 1875 1391 1903 eximium
1413 1876 1480 1903 illud
1500 1876 1624 1911 ejusdem
1650 1881 1702 1908 est,
1719 1884 1774 1911 quo
1788 1884 1837 1904 cx-

1044 1925 1148 1949 structa
1161 1922 1187 1949 in
1204 1926 1297 1949 monte
1321 1922 1436 1949 aedicula
1451 1930 1457 1948 :
1474 1931 1482 1947 ι
1499 1922 1558 1950 Non
1583 1922 1682 1956 patiar,
1698 1922 1788 1956 inquit
1802 1922 1836 1954 “,

1044 1971 1076 1995 ut
1091 1967 1185 1996 Jacobi
1214 1968 1372 2002 sepulcrum
1399 1967 1452 1995 hoc
1468 1968 1635 2002 appelletur;
1663 1967 1709 1995 sed
1737 1968 1836 1995 trium-

1044 2013 1188 2049 phantium
1205 2017 1356 2048 martyrum
1374 2012 1506 2047 templum
1523 2012 1575 2040 hoc
1595 2012 1654 2039 fieri
1666 2012 1738 2045 volo,
1751 2016 1779 2039 et
1792 2019 1837 2042 me

1044 2059 1121 2087 velut
1139 2057 1486 2093 inquilinum'qucmpiam
1500 2057 1620 2089 illorum,
1632 2057 1837 2085 cohabitatione

1043 2105 1185 2141 dignatum
1197 2105 1250 2132 alia
1266 2104 1292 2131 in
1307 2112 1369 2131 arca
1382 2103 1457 2138 poni.
1475 2103 1569 2138 Neque
1583 2103 1641 2130 bzec
1653 2102 1722 2129 dixit
1741 2103 1835 2135 modo,

1043 2151 1091 2179 sed
1107 2151 1197 2185 reipsa
1210 2149 1352 2185 praestitit;
1375 2149 1500 2176 collectis
1511 2148 1584 2175 cnim
1603 2148 1724 2183 undique
1740 2148 1836 2177 multis

1042 2196 1197 2231 prophetis,
1213 2195 1362 2230 multisque
1378 2195 1509 2230 apostolis
1523 2197 1551 2221 ct
1562 2194 1729 2230 martyribus
1739 2203 1836 2229 quam-

1007 2246 1027 2274 n
1042 2241 1178 2276 plurimis,
1191 2248 1287 2269 omnes
1303 2248 1357 2271 una
1369 2240 1396 2268 in
1408 2247 1470 2267 arca
1484 2240 1616 2274 reposuit,
1644 2247 1707 2267 cum
1725 2245 1834 2267 sancto-

1041 2295 1103 2314 rum
1116 2287 1218 2322 populo
1232 2286 1357 2314 habitare
1371 2286 1497 2321 cupiens,
1511 2290 1538 2312 et
1555 2293 1616 2313 cum
1635 2286 1676 2313 cis
1692 2294 1835 2321 resurgere

1041 2333 1190 2367 divinoque
1206 2336 1354 2367 conspectu
1368 2331 1433 2364 frui,
1449 2341 1458 2357 ι
1479 2336 1523 2358 etc

1089 2378 1194 2407 XXVlI.
1222 2378 1326 2406 Eodem
1361 2377 1521 2404 testimonio
1550 2378 1756 2405 demonstratur
1788 2379 1835 2414 pia

1041 2425 1116 2452 illius
1131 2425 1262 2460 temporis
1279 2423 1450 2452 consuetudo
1466 2423 1588 2458 crigendi
1614 2424 1713 2458 templa
1730 2424 1756 2450 in
1773 2431 1833 2450 me-

1041 2471 1155 2498 moriam
1181 2475 1348 2506 martyrum:
1370 2469 1426 2497 imo
1444 2469 1546 2496 ibidem
1571 2469 1628 2504 ipse
1642 2469 1834 2497 Tbeodoretus

1039 2522 1156 2545 testatur
1177 2525 1205 2544 se
1220 2524 1331 2552 parasse
1346 2523 1448 2548 arcam,
1468 2515 1502 2543 dc
1528 2523 1582 2549 qua
1607 2524 1669 2542 mox
1685 2523 1786 2548 sermo,
1802 2516 1832 2543 in

1041 2564 1142 2599 templo
1155 2563 1383 2598 triumphantium
1399 2566 1561 2598 martyrum.
1573 2562 1740 2589 Tbalelzeum
1761 2570 1833 2597 quo-

1039 2618 1093 2645 que
1108 2609 1192 2637 refert
1206 2609 1359 2637 daemonum
1384 2608 1531 2636 delubrum
1552 2609 1696 2640 evertisse,
1713 2612 1741 2636 et
1764 2613 1834 2636 tem-

1039 2656 1115 2691 plum
1126 2655 1273 2683 maximum
1280 2654 1516 2689 triumphantibus
1525 2655 1691 2690 martyribus
1698 2654 1832 2687 erexisse,

879 2734 1040 2762 SCIIULZII
1060 2734 1176 2762 NOTAE.

229 2784 457 2826 Vidensupra,
485 2791 509 2826 t._
529 2789 575 2821 III,
594 2797 622 2826 p.
650 2791 726 2819 l282.
755 2792 830 2819 Adde
851 2793 1006 2825 Oudinnm,

1144 2797 1163 2821 ί,
1179 2793 1204 2823 Ι.
1224 2801 1251 2828 p.
1272 2792 1351 2825 1095,
1370 2793 1480 2829 Dupinii
1504 2794 1624 2821 Bilvliotli.
1646 2798 1716 2821 aurt.
1739 2793 1831 2821 certes.

1036 2795 1054 2822 1.
1080 2802 1118 2825 c..

191 2826 211 2848 ι.
228 2819 272 2864 ιχ..
285 2821 374 2864 pupa,
394 2819 422 2849 ἐι
435 2819 623 2864 Lambecjinii,
644 2826 663 2853 t.
679 2835 735 2864 VIII,
764 2836 790 2862 ν.
812 2819 1009 2857 διῆΪὶῖϋίὲΙῘ
1030 2819 1162 2857 suain
1183 2819 1351 2856 ῙῖΙιῖιοΠοείιὴἱ
1363 2819 1422 2859 i.’
1434 2819 1489 2860 'iii,
1504 2819 1541 2864 ’τίς
1553 2819 1658 2857 Hoc."
1678 2819 1830 2856 mpii-1a,};

191 2855 293 2900 ς-ξὲςέδῖξ
318 2857 338 2898 ³1⁷
356 2858 409 2898 SN!
427 2855 704 2900 utilut‘sudignitmtsi
725 2855 832 2900 .496pr
855 2855 979 2897 reliquos
987 2855 1058 2900 ejus.
1067 2855 1159 2892 libros.
1177 2855 1229 2892 Ista
1248 2855 1331 2891 enim
1351 2855 1612 2891 historiaveli-satur
1627 2866 1684 2891 fcrc
1700 2865 1726 2891 in
1745 2865 1831 2892 rebus

191 2890 394 2922 minutissimis.
438 2895 456 2908 '“
472 2890 587 2923 P/u'loth".
611 2904 633 2923 ς.
663 2890 693 2923 VI.
735 2890 755 2912 ὦ
774 2898 841 2926 ΗΜ.
867 2890 889 2927 .3.
910 2890 941 2927 ᾗ..

982 2901 1002 2915 ²⁰
1017 2900 1084 2928 ibid.
1114 2909 1137 2927 «ἀ.
1165 2901 1189 2929 5.

1230 2901 1248 2915 ²¹
1261 2900 1328 2928 ibid.
1347 2908 1368 2927 ς.
1386 2901 1401 2928 ιι
1416 2900 1442 2928 6.
1483 2902 1504 2915 τε
1526 2900 1592 2928 ιιιὶιλ.
1606 2907 1629 2927 c.
1643 2900 1687 2927 ‘21.
