1967 3047
132 168 187 199 245

717 170 766 200 DE
786 170 915 200 LIBRIS
931 170 1185 204 THEODORETI.

1715 183 1768 214 246

133 221 188 249 diis
200 220 276 272 falsis
287 219 396 248 divinos
408 224 532 272 mortuos
543 227 736 256 opponentem.
752 223 820 250 Tum
837 224 922 256 addit,
940 228 960 253 Α
977 224 1160 272 llieronymus
1184 227 1349 264 intelligeret
1368 231 1458 260 adhuc
1476 233 1613 269 Syriacam
1630 236 1767 272 linguam?

132 275 189 302 quo
203 266 349 294 confirmet
361 267 560 295 invocationem
572 272 729 296 sanctorum
746 278 752 295 :
775 279 783 294 ι
802 270 925 303 Quorum

131 312 240 340 utinam
255 313 504 340 intercessionibus
521 313 671 349 contingat,
682 319 710 341 et
729 315 803 342 hunc
819 315 852 342 ad
867 323 926 343 cer-

132 357 268 385 taminum
283 362 395 391 metam,
407 358 503 385 cadent
515 367 577 386 cum
599 360 713 388 victoria
728 361 883 396 pervenire,
897 366 925 389 et

129 410 185 430 nos
203 403 303 436 abhis,
328 403 402 430 etab
426 403 474 430 illo
499 404 608 439 adjutos
633 404 732 432 divinae
745 406 924 441 philosophim

130 448 316 475 certaminum
328 448 455 476 ardentes
471 448 529 476 ﬁeri
542 451 716 477 amatores”.
735 459 744 476 ›
759 450 828 483 Quid
845 451 924 486 plura

129 501 284 528 prosequar
299 493 401 528 ubique
414 493 515 528 passim
530 493 630 520 obvia?

200 567 414 587 OBSERVATIONES
429 567 461 587 AD
477 568 588 587 SINGULA
603 568 693 588 CAPITA
710 561 850 588 Philotimi.

165 628 277 655 LCirca
297 627 417 663 primum
439 632 533 663 caput,
554 628 628 663 quod
655 628 688 655 de
709 632 803 656 sancto
820 629 922 657 Jacobo

128 673 263 701 Nisibeno
277 677 329 706 est,
344 673 546 701 observandunt
561 678 603 701 est
618 675 718 710 prittto,
733 675 866 702 memoria
881 675 921 702 la-

127 728 280 756 psumcssc
295 720 501 749 Theodorctum
517 721 545 748 in
562 721 605 753 iis,
624 729 684 755 qum
697 721 731 748 de
747 725 837 748 morte
863 721 922 748 Arii

127 766 228 793 soribit
238 767 270 793 “.
285 765 411 793 Aiteniut
429 766 526 794 Nicaea:
538 766 651 801 periisse
663 766 755 794 statim
768 774 783 793 a
793 766 920 800 concilio,

126 811 230 839 Jacobo
239 812 374 847 jejunium
385 812 515 839 onmibus
528 812 721 847 persuadente,
733 820 795 839 cuin
804 813 922 839 Alexan-

126 858 178 884 der
194 858 324 885 Ecclesia:
334 857 524 885 Alexandrina:
547 858 703 894 cpiscopus,
720 863 849 886 renueret
863 859 919 886 ha:-

975 269 1017 296 An
1034 277 1167 299 conversa
1190 272 1303 300 fuerunt
1325 281 1420 309 postea
1445 283 1474 305 et
1496 278 1523 305 in
1546 269 1684 308 Graecam‘
1693 287 1722 310 et
1739 284 1764 310 iu

976 314 1100 343 Latinam
1113 317 1246 352 linguam,
1257 323 1287 346 ut
1299 319 1471 350 innotescere
1487 330 1599 358 possent
1613 326 1766 360 Gennadio,

974 369 1029 388 non
1048 363 1225 397 peritissimo,
1243 369 1273 392 ut
1286 366 1404 400 videtur,
1417 368 1517 403 lingua:
1530 370 1649 399 Grtecaz?
1661 372 1688 399 Si
1701 381 1767 400 con-

974 416 1053 436 versa
1064 413 1128 436 sunt
1153 410 1180 436 in
1206 415 1352 447 utramque
1373 413 1504 448 linguam,
1522 417 1659 450 quomodo
1674 419 1766 452 perie-

975 459 1040 481 ruttt
1055 455 1179 489 omnino,
1196 464 1258 484 cum
1270 457 1362 485 torent
1374 459 1401 486 in
1421 460 1555 495 triplicem
1569 463 1647 497 quasi
1670 465 1764 492 orbem

975 507 1081 534 sparsa,
1100 501 1240 535 Latinum,
1254 503 1380 532 Graecum
1395 510 1424 532 et
1437 506 1533 542 Syrum
1545 508 1556 534 ?
1567 508 1623 535 Cur
1635 510 1703 537 nulli
1715 518 1764 538 ve-

975 550 1063 574 terum
1089 553 1171 581 nota;
1195 556 1230 576 ne
1246 549 1346 578 Pbotio
1358 551 1480 586 quidem,
1510 556 1584 581 tanto
1598 555 1764 590 scriptorum

973 597 1099 621 veterum
1121 598 1230 630 tantque
1251 596 1361 624 curioso
1380 599 1508 625 censori?
1532 599 1654 635 Augetur
1677 609 1711 629 ex
1731 609 1764 630 eo

974 639 1104 674 suspicio,
1125 640 1200 674 quod
1214 640 1374 669 Gennadius
1395 650 1607 677 cognomentum
1633 645 1764 680 sapientis

972 684 1074 712 Jacobo
1096 685 1199 713 tribuat
1229 690 1359 721 tanquam
1387 688 1538 723 vulgatum,
1565 691 1644 725 cujus
1672 695 1762 719 tantett

971 737 1053 757 nemo
1082 731 1219 764 meminit,
1240 732 1293 759 nisi
1323 733 1370 768 qui
1400 733 1573 762 Gettnadiuttt
1606 737 1761 771 exscripsit.

971 775 1049 804 Unde
1080 777 1246 804 crediderim
1276 778 1355 806 facile
1380 780 1521 814 supposita
1553 780 1637 808 fuisse
1660 782 1763 810 Jacoho

971 822 1102 850 Nisibeno
1113 823 1224 859 scripta,
1243 832 1303 859 qua:
1317 825 1411 852 Jacobi
1423 826 1547 859 alterius,
1567 831 1597 854 ut
1610 832 1675 862 puta
1686 828 1763 855 Anti-

971 867 1035 894 deni
1051 868 1173 896 eremitae
1188 869 1342 902 elarissinti,
1363 870 1463 898 forent.
1477 871 1530 899 Sed
1541 872 1568 899 in
1579 876 1653 900 tanta
1665 873 1764 901 obscu-

126 904 296 931 resiarcham
312 905 445 940 recipere.
465 904 547 939 Atqui
567 908 674 932 constat
689 905 772 932 certis
793 905 918 932 testimo-
935 901 956 928 Β
971 913 1050 940 rima
1062 914 1107 941 cui
1122 914 1285 947 “(mal-eam,
1297 915 1389 943 “unus
1407 917 1475 944 εείο,

126 950 182 977 niis
209 950 306 977 Arium
329 948 567 985 Constantinopoli
591 951 716 984 periisse,
733 951 840 978 decimo
858 957 919 987 post

125 996 276 1024 concilium
294 1004 377 1028 anno,
402 997 505 1024 Jacobo
524 997 619 1031 procul
639 997 741 1031 posito,
762 997 919 1026 Alexandro

123 1041 379 1076 Constantinopolis
392 1042 507 1076 pnesule
523 1047 656 1070 renuente
671 1043 767 1070 Ariunt
787 1043 815 1070 in
826 1044 919 1071 Eccle—

124 1087 195 1114 siam
226 1087 362 1121 recipere,
397 1087 515 1114 Macario
544 1087 730 1115 Alexandrino
758 1089 918 1124 presbytero

123 1141 222 1168 preces
239 1141 302 1160 snas
315 1133 439 1168 pzaesulis
459 1133 755 1168 Constantinopolitani
766 1135 847 1170 296
857 1143 919 1170 pre-

122 1179 203 1206 cibus
217 1179 392 1214 adjungcntc.
406 1179 547 1207 Videndus
560 1180 697 1213 Socrates,
712 1181 760 1208 lib.
774 1189 792 1214 ι,
803 1189 861 1216 cap.
871 1181 916 1215 25;

122 1226 307 1259 Sozomenus,
321 1226 369 1253 lib.
394 1235 426 1259 ιι,
445 1234 504 1261 cap.
521 1226 570 1258 28;
588 1230 615 1253 et
641 1226 833 1254 Theodoretus
859 1227 918 1262 ipse

121 1271 194 1299 libro
209 1280 216 1298 t
234 1272 303 1299 Hist.
326 1272 428 1304 ert-125.,
446 1272 493 1298 ubi
515 1280 595 1299 suuttt
625 1272 739 1307 hujusce
757 1271 810 1299 loci
836 1280 916 1300 erro-

122 1324 181 1343 rem
194 1316 284 1344 allatis
303 1317 446 1344 Athanasii
463 1325 519 1343 rent
545 1321 630 1343 totam
648 1316 788 1343 narrantis
816 1316 917 1344 litteris

121 1362 157 1389 ad
170 1361 305 1396 Apionem
321 1362 403 1390 tacite
417 1366 536 1390 revocat.
548 1363 648 1389 Mirum
669 1362 792 1397 profecto
809 1367 916 1390 tantum

120 1407 292 1434 Theodoreti
314 1415 439 1435 errorem
454 1416 509 1435 non
537 1408 621 1435 fuisse
639 1407 816 1435 observatum
829 1416 844 1435 a
863 1408 915 1435 Ba-

120 1453 212 1485 rottio,
225 1453 285 1480 viro
304 1458 358 1481 tam
376 1454 526 1488 perspicaci
544 1463 549 1480 :
566 1454 667 1480 mirum
684 1462 793 1488 quoque
810 1462 860 1488 per
875 1453 916 1481 in-

119 1500 300 1535 cogitantiam
312 1509 327 1527 a
339 1500 456 1533 Valesio,
465 1500 561 1527 Latino
574 1500 735 1535 interprete,
743 1504 771 1527 ct
781 1501 815 1527 ab
827 1501 915 1527 inter-

120 1550 200 1580 prete
213 1545 328 1577 Gallico,
347 1545 486 1572 Valesium
503 1549 609 1578 secuto,
627 1545 656 1572 in
683 1553 715 1573 re
741 1551 797 1573 tant
820 1550 915 1581 aperta

119 1595 345 1625 peccatumesse.
361 1591 506 1619 Historiam
521 1591 594 1619 enint
619 1591 825 1619 ecclesiasticam
850 1600 914 1619 cuin

119 1637 257 1672 Religion
286 1638 472 1665 confuderunt
488 1646 494 1664 :
509 1638 536 1665 in
551 1638 602 1665 hac
619 1637 756 1672 siquidem
771 1642 812 1664 est
824 1646 913 1672 error,

120 1691 205 1718 quem
222 1684 260 1710 illi
276 1684 444 1717 tribuerunt,
459 1685 488 1710 itt
506 1692 560 1718 qua
590 1688 681 1711 tamett
695 1683 729 1710 de
750 1683 808 1710 Arii
825 1688 913 1711 morte

119 1729 201 1762 nihil,
219 1730 272 1757 nisi
296 1730 439 1758 Athanasii
467 1730 570 1763 verbis,
591 1734 685 1757 exacte
708 1729 742 1757 ad
767 1729 913 1757 veritatem

119 1776 250 1803 refertur.

155 1822 365 1850 Observandum
384 1823 506 1850 secundo
525 1823 631 1858 lapsum
649 1830 759 1858 quoque
781 1822 913 1850 memoria

119 1868 326 1895 'l'hcodoretum
349 1869 376 1895 itt
396 1869 554 1896 narratione
568 1868 720 1896 obsidionis
745 1868 883 1895 Nisibena:
897 1876 913 1896 a

119 1914 222 1941 Persis.
241 1914 309 1941 Cum
333 1915 406 1942 ettim
422 1919 478 1942 tres
504 1915 663 1942 obsidiones
692 1914 803 1947 fuerint,
824 1914 912 1949 prima

118 1968 193 1986 attno
210 1960 271 1993 558,
287 1961 373 1988 altera
388 1969 461 1988 attito
475 1961 539 1993 550,
551 1964 690 1995 postrettta
703 1968 776 1987 anno
795 1960 858 1993 559,
884 1959 912 1986 in

119 2014 204 2034 unam
220 2007 325 2041 priores
336 2007 405 2034 duas
420 2007 554 2041 confudit,
567 2007 602 2034 de
617 2007 699 2034 tertia
709 2007 795 2039 siluit,
810 2006 911 2041 quippe

117 2061 180 2088 quae
190 2060 251 2088 post
262 2055 368 2081 obitum
383 2054 477 2082 Jacobi
488 2054 611 2089 contigit.
627 2053 769 2081 Videndus
783 2053 912 2081 Petavius

118 2100 148 2126 in
162 2099 236 2127 notis
249 2100 284 2126 ad
296 2100 430 2127 rationem
444 2100 460 2126 4
474 2099 576 2127 Juliani
593 2098 778 2133 imperatoris.

154 2146 364 2173 Observandum
389 2146 481 2178 tertio,
500 2146 534 2173 de
560 2145 686 2173 doctrina
702 2145 835 2180 librisque
863 2145 910 2173 Ja-

116 2192 212 2220 cobi"
229 2192 352 2219 Nisibeni
369 2192 438 2219 nihil
452 2200 468 2219 a
487 2191 662 2219 Theodoreto
676 2191 810 2226 scriptum
832 2199 911 2224 esse,

1006 959 1038 986 ll.
1055 958 1134 986 Circa
1152 960 1305 988 secundum
1321 966 1414 996 caput,
1430 962 1504 996 quod
1529 963 1563 990 de
1576 963 1696 996 Iuliano,
1709 965 1761 992 ob-

971 1003 1135 1030 servandum
1148 1004 1246 1038 primo,
1260 1005 1396 1032 celebrem
1406 1006 1483 1033 illum
1492 1007 1594 1035 Beroeaa
1601 1009 1760 1044 episcopunt

970 1048 1099 1076 Acacium
1114 1050 1165 1077 sub
1179 1050 1286 1078 Asterio
1296 1051 1398 1078 Juliani
1417 1052 1553 1088 discipulo
1563 1073 1570 1085 ,
1584 1054 1669 1082 vitam
1682 1062 1761 1082 asce-

970 1094 1050 1122 ticam
1080 1095 1169 1130 egisse
1196 1096 1223 1122 itt
1252 1097 1420 1125 monasterio
1449 1099 1529 1133 297
1556 1099 1686 1132 Gandari,
1705 1102 1760 1129 vici

969 1149 1055 1176 prope
1070 1133 1255 1169 'Antiochiant
1288 1143 1370 1177 positi
1387 1152 1395 1176 ;
1420 1151 1509 1178 neque
1537 1145 1608 1173 hanc
1628 1146 1711 1174 vitam
1731 1148 1760 1174 itt

968 1186 1128 1220 episcopatu
1145 1186 1321 1220 deseruisse;
1347 1188 1467 1216 tenuisse
1480 1197 1545 1216 vero
1570 1191 1759 1226 episcopatum

968 1235 1031 1257 octo
1042 1234 1072 1257 et
1100 1231 1299 1266 quinquaginta
1314 1239 1402 1259 annos
1414 1233 1437 1248 ”‘
1456 1242 1463 1259 :
1485 1234 1558 1261 unde
1572 1240 1681 1262 constat
1703 1237 1759 1264 fato

967 1274 1093 1304 functum
1119 1283 1178 1303 esse
1202 1284 1275 1304 anno
1292 1278 1354 1310 456,
1379 1285 1442 1305 nam
1459 1280 1602 1308 ordinatus
1623 1285 1665 1309 est
1687 1290 1761 1310 amto

967 1321 1029 1348 578.
1041 1321 1138 1348 Mirum
1157 1330 1233 1355 vero,
1252 1323 1392 1351 hominem
1410 1325 1472 1352 vitae
1488 1329 1541 1352 tam
1556 1331 1657 1354 sanctae
1669 1332 1764 1356 tantos

967 1366 996 1394 in
1007 1367 1132 1399 Ecclesia
1157 1369 1302 1402 tuntultus,
1318 1375 1366 1397 aut
1385 1371 1548 1405 concitasse,
1573 1377 1620 1400 aut
1639 1373 1756 1407 fovisse;

968 1413 1016 1440 sed
1030 1417 1126 1440 notum
1141 1414 1182 1441 vel
1193 1414 1252 1449 ipso
1267 1416 1274 1425 '
1288 1415 1454 1443 Tltcodoreti
1468 1418 1602 1453 exemplo,
1615 1419 1681 1454 quid
1696 1428 1760 1454 pos-

967 1457 1002 1485 sit
1016 1458 1112 1493 religio
1128 1459 1217 1487 illusa.

1001 1503 1210 1533 Observandum
1227 1507 1359 1540 secundo,
1375 1509 1542 1538 mentionem
1560 1511 1619 1539 ﬁeri
1637 1513 1759 1547 pnefccti

966 1550 1108 1585 cujusdam
1123 1553 1252 1586 praetorio
1278 1553 1400 1582 Orientis
1410 1555 1443 1582 ".
1458 1556 1521 1584 Fuit
1547 1557 1592 1585 hic
1604 1558 1755 1592 Modestus.

965 1603 1048 1630 quem
1064 1596 1092 1623 in
1110 1597 1213 1625 codicis
1231 1599 1253 1614 ³⁸
1266 1599 1503 1636 Prosopographia
1522 1602 1639 1636 legimus
1657 1604 1757 1638 praefeo

965 1645 1072 1668 cturam
1087 1642 1203 1677 gessisse
1219 1644 1271 1671 sub
1288 1645 1410 1678 Valente,
1430 1653 1503 1674 anno
1526 1647 1588 1680 570,
1602 1656 1656 1682 quo
1684 1657 1757 1677 anno

965 1685 1073 1713 scilicet
1094 1686 1256 1722 Aphraates,
1278 1689 1450 1718 admirabilis
1463 1690 1507 1718 ille
1524 1693 1684 1725 monachus,
1702 1693 1754 1721 du-

965 1732 1044 1760 cibus
1056 1732 1157 1761 Acacio
1170 1738 1235 1761 tunc
1250 1735 1424 1770 presbytero,
1439 1737 1584 1765 etluliano
1604 1740 1754 1767 monacho-

965 1785 1025 1804 rum
1045 1783 1132 1812 patre,
1148 1778 1320 1807 Antiochiant
1346 1781 1432 1815 venit,
1449 1782 1611 1818 Valentique
1631 1784 1754 1812 Callicli-

964 1831 1059 1850 corum
1074 1824 1283 1853 insectationem
1292 1826 1402 1862 objecit.

999 1870 1208 1898 Observandum
1227 1872 1319 1905 tertio,
1340 1877 1403 1901 ante
1422 1874 1567 1908 Isidorum,
1596 1877 1642 1911 qui
1662 1877 1752 1905 Theo-

964 1915 1092 1944 dorctum
1120 1917 1280 1952 praecessit,
1308 1919 1436 1948 Ecclesia!
1471 1920 1583 1956 Cyrensi
1613 1923 1753 1956 praefuisse

963 1962 1114 1996 Asterium,
1130 1964 1260 1992 Arianum
1275 1965 1387 2000 quidem
1413 1966 1580 2001 sophistam;
1601 1976 1656 1996 non
1675 1969 1752 1996 illuni

963 2013 1055 2037 tamen
1082 2009 1290 2045 Cappadocem,
1307 2011 1355 2046 qui
1371 2016 1400 2039 et
1419 2012 1476 2047 ipse
1496 2013 1618 2048 sophista
1633 2014 1751 2043 Arianus

962 2054 1015 2082 fuit
1028 2063 1034 2081 :
1051 2063 1145 2090 neque
1156 2055 1231 2082 enim
1244 2056 1278 2083 ad
1296 2057 1354 2084 haec
1369 2061 1493 2093 tempora
1506 2061 1665 2094 pervenisse
1695 2063 1751 2091 diei

962 2103 1063 2133 potest,
1091 2099 1146 2127 nisi
1171 2101 1347 2129 centonarius
1370 2106 1418 2129 aut
1431 2105 1589 2133 centenario
1609 2108 1752 2141 proximus

962 2145 1077 2180 periisse
1093 2145 1262 2180 allirmetur;
1281 2147 1417 2182 siquidem
1446 2148 1472 2176 in
1487 2152 1677 2184 persecutione
1693 2154 1750 2180 Ma-

962 2191 1074 2219 ximiani
1098 2192 1221 2220 Herculii
1254 2198 1337 2228 atque
1361 2195 1533 2229 Diocletiani,
1553 2205 1614 2232 quae
1635 2200 1750 2234 contigit

117 2246 180 2264 eum
197 2242 287 2264 tamen
302 2238 335 2264 ad
347 2237 614 2265 contmendationem
627 2237 775 2272 pluritttunt
788 2237 907 2265 faceret:
925 2239 948 2267 D
960 2244 1032 2264 anno
1049 2237 1110 2269 303,
1128 2238 1287 2266 itnmolavit.
1304 2239 1370 2272 Quis
1382 2245 1474 2268 autem
1485 2243 1579 2270 credat
1598 2252 1660 2271 eutn
1674 2249 1747 2277 tunc,

116 2283 187 2309 nihil
203 2283 238 2310 ab
252 2283 428 2319 Hieronymo,
443 2284 500 2311 sive
518 2284 546 2311 in
561 2283 698 2315 Chronico,
712 2284 769 2310 sive
786 2283 814 2310 in
827 2283 914 2311 σιτία-ν

118 2328 176 2362 loga
207 2329 365 2363 scriptorum
405 2328 639 2356 ecclesiasticarum
667 2336 677 2355 ε
707 2328 776 2355 nihil
803 2328 908 2362 pariter

116 2373 152 2400 ab
185 2374 372 2405 llehed—Jesu,
397 2374 528 2410 diligente
568 2375 737 2408 caeteroquin
772 2374 906 2402 librorum

117 2421 249 2455 Syrorum
263 2421 426 2455 inquisitore
441 2430 447 2447 :
460 2421 528 2448 nihil
539 2421 572 2448 ab
587 2421 642 2448 ullo
656 2425 791 2454 veterum,
809 2425 908 2455 praeter

117 2474 204 2494 unum
221 2466 404 2498 Gennadium,
428 2467 475 2501 qui
494 2466 590 2501 viginti
614 2470 733 2501 quatuor
749 2466 835 2494 libros
863 2474 908 2494 re-

116 2517 222 2540 censet.
255 2513 355 2541 Verum
381 2513 515 2540 Gennadii
545 2513 695 2540 auctoritas
719 2521 774 2540 tton
798 2513 908 2540 videtur

117 2559 185 2586 mihi
204 2563 289 2592 tanta,
311 2564 341 2586 ut
370 2567 480 2586 outttctn
508 2559 670 2593 scrupulum
696 2559 804 2586 cvellat.
830 2559 908 2587 Unde

115 2605 192 2631 enim
204 2605 281 2632 novit
308 2605 421 2640 Syriaca
442 2612 536 2640 opera,
550 2604 597 2639 qui
620 2604 664 2631 vix
693 2604 770 2630 ttovit
785 2603 878 2631 Graeca
895 2604 907 2630 ἲ

117 2651 195 2678 Unde
207 2651 300 2678 scitab
313 2651 478 2687 Hieronymo
496 2650 648 2686 praeterita,
666 2655 811 2685 propterea
833 2651 907 2685 quod

117 2696 245 2724 nondum
266 2697 294 2724 in
318 2696 441 2724 Graecam
471 2697 592 2732 linguam
620 2704 699 2723 versa
727 2701 833 2728 essent,
855 2704 907 2724 nec

961 2281 1071 2317 quando
1090 2279 1252 2316 immolavit,
1279 2284 1414 2312 minorem
1433 2286 1544 2322 triginta
1567 2289 1647 2317 annis
1664 2292 1748 2318 exsti-

961 2328 1038 2360 tisse,
1053 2336 1115 2356 cnm
1129 2337 1183 2356 non
1197 2330 1274 2364 parvi
1285 2331 1405 2358 nominis
1414 2332 1469 2367 jam
1483 2335 1573 2362 esset?

996 2375 1131 2402 Assentiri
1159 2383 1225 2411 ergo
1241 2384 1295 2403 non
1311 2384 1424 2412 possum
1449 2379 1576 2412 Baronio,
1603 2387 1749 2418 utrumque

961 2419 1100 2447 Asterium
1116 2420 1295 2448 confundenti
1308 2430 1314 2447 :
1328 2427 1356 2450 et
1368 2431 1433 2450 vero
1447 2423 1591 2459 Cappadox
1608 2435 1747 2462 nunquam

961 2465 1091 2501 Cyrensis
1113 2467 1259 2502 cpiscopus
1284 2467 1346 2500 fuit,
1379 2468 1434 2496 imo
1456 2478 1507 2498 nec
1537 2472 1689 2508 presbyter,
1725 2476 1747 2502 si

962 2511 1113 2540 Athanasio
1138 2513 1287 2541 credimus.
1310 2514 1372 2541 Fuit
1397 2524 1463 2543 vero
1488 2517 1544 2550 ille,
1568 2518 1601 2545 de
1625 2527 1680 2553 quo
1703 2520 1748 2549 hic

958 2565 1050 2585 sermo
1059 2563 1117 2591 est;
1133 2559 1205 2586 unde
1217 2559 1319 2587 dicitur
1333 2569 1348 2588 a
1361 2561 1534 2590 Theodorcto
1554 2564 1642 2599 Cyrus
1662 2566 1748 2595 bene-

959 2604 1050 2631 licium
1077 2604 1216 2639 accepisse
1233 2613 1283 2640 per
1301 2606 1526 2636 intercessionem
1545 2610 1646 2638 Iuliani
1659 2613 1692 2645 '9,
1715 2617 1747 2640 ut

958 2658 1019 2685 qua:
1031 2651 1146 2678 liberata
1157 2657 1230 2679 esset
1240 2652 1275 2679 ab
1286 2651 1387 2680 Ariano
1411 2659 1533 2688 pastore.
1547 2656 1645 2684 Mansit
1664 2666 1746 2692 porro

958 2697 1039 2724 vidua
1052 2701 1114 2724 octo
1131 2697 1185 2723 fere
1200 2704 1295 2730 annos,
1328 2699 1414 2727 donec
1436 2701 1470 2727 ab
1487 2701 1606 2729 Eusebio
1621 2703 1745 2731 Samosa—

802 2767 961 2796 SCHULZII
980 2767 1096 2795 NOTAE.

151 2839 176 2854 “
195 2839 263 2866 Ibid.
284 2847 308 2866 c.
325 2840 369 2866 ‘28.
410 2840 432 2855 "'
446 2839 507 2866 Vid.
526 2844 589 2867 tom.
606 2839 650 2870 111,
669 2847 695 2873 p.
717 2839 790 2865 llH.

114 2874 266 2901 Carnerius
293 2875 401 2902 fatetur.
440 2876 575 2909 "Supra,

115 2910 189 2944 ditis,
210 2909 390 2938 'l‘hcodosiani
408 2910 548 2938 nimirum.

602 2883 628 2908 p.
655 2874 718 2904 289,
737 2882 800 2900 ann.
818 2875 867 2901 457
888 2879 935 2900 aut
950 2875 1010 2906 tas,
1028 2875 1127 2902 oliiissc
1146 2874 1258 2904 ilicilul-

588 2911 608 2925 ’ν
625 2909 684 2937 Vid.
703 2909 767 2937 ibid.
787 2917 812 2943 p.
835 2909 899 2936 1133i
915 2918 971 2944 seq.

835 2839 857 2853 ²⁵
870 2839 1003 2873 Libristh
1021 2838 1078 2865 Jac.
1106 2839 1157 2865 Sed
1174 2839 1316 2867 obscurant
1328 2849 1387 2868 esse
1403 2850 1496 2869 eorum
1516 2843 1691 2871 ntemoriami
1714 2851 1741 2870 se

835 2875 867 2900 3'1
888 2879 935 2900 aut.
950 2875 1010 2906 153,
1028 2875 1127 2902 ..ιμῇςεο
1146 2874 1258 2904 tlicilul-
1296 2877 1316 2891 ’⁷
1333 2877 1390 2904 νὶά.
1411 2878 1484 2906 t.ll|.
1508 2887 1532 2906 ιι,
1558 2878 1632 2906 illi.
1654 2879 1675 2894 ³⁸
1690 2852 1741 2906 Em

1296 2877 1316 2891 ’⁷
1333 2877 1390 2904 Vid.
1411 2878 1484 2911 t.ll|,
1507 2887 1532 2912 ιι,
1558 2878 1632 2906 illi.
1654 2879 1675 2894 ³⁸
