1967 3047
216 175 268 209 247

779 174 967 205 GARNERII
988 173 1234 206 DISSERTATIO
1254 175 1294 206 II.

1793 173 1845 206 248

219 232 288 260 tonsi
305 230 435 262 lsidorus,
448 228 544 266 synodi
572 227 750 256 Antiocheam
767 229 942 261 auctoritate,
958 237 1005 256 or-
1020 231 1043 260 Α
1057 229 1090 256 de
1116 229 1287 264 simplicibus
1302 229 1479 265 presbyteris,
1504 229 1552 257 sed
1568 229 1601 258 de
1628 229 1844 265 chorepiscopis.

217 278 328 305 dinatus
341 280 393 304 est.

251 323 295 351 lll.
312 322 392 350 Circa
406 321 517 349 tertium
539 324 632 356 caput,
646 320 719 354 quod
741 320 774 347 de
797 319 934 347 Marciano
950 323 1002 352 est,

218 368 286 395 nihil
313 366 517 394 observandum
554 365 676 392 occurrit
712 369 811 400 prater
837 369 1003 392 conventum

218 414 339 449 quinque
354 413 548 447 episcoporum
577 411 745 438 Marcianum
771 411 958 443 invisentium,
976 410 1004 437 id

216 465 267 493 est,
282 459 403 486 Flaviani
426 459 588 490 Antiochia),
603 458 692 484 Aeacii
710 458 822 490 Heriem,
843 457 939 484 lsidori
953 457 1006 492 Cy-

217 506 251 538 ri,
267 505 380 533 Eusebii
391 504 540 536 Chalcidis,
565 503 699 530 Theodoti
723 502 900 537 Hierapoleos
914 511 920 529 :
936 510 1004 530 con-

217 551 278 587 tigit
293 551 366 578 enim
383 558 433 585 pro
444 554 520 576 certo
547 553 609 583 post
622 555 724 575 annum
749 548 811 580 38L
828 555 883 582 quo
900 548 1005 575 Flavia-

216 605 269 624 nus
284 596 426 623 ordinatus
446 599 488 622 est
506 594 532 621 in
547 593 667 621 secunda
681 593 785 628 synodo
800 592 935 628 generali;
950 600 1004 620 non

217 647 309 670 tamen
329 642 374 669 diu
389 645 465 676 post,
484 640 614 676 quoniam
637 640 795 667 Theodotus
822 639 1004 674 Hierapolita-

216 695 270 714 nus
282 687 380 721 exiguo
390 689 453 720 post
472 689 596 719 tempore
626 684 752 711 decessit.
777 684 868 717 Quare
895 683 1006 711 videtur

216 741 250 759 eo
270 733 328 767 ipso
351 739 422 759 anno
445 730 494 758 581
518 729 662 762 accidisse,
678 737 732 764 quo
762 737 860 764 nempe
873 737 947 756 anno
964 737 1006 756 re-

217 779 302 805 duces
323 778 362 804 illi
386 777 516 812 prazsules
538 783 552 802 a
574 783 592 802 ιι
612 775 731 812 synodo,
754 775 843 802 virum
861 774 1005 802 sanctitate

217 824 353 851 celebrem
368 831 452 859 prope
468 822 641 850 Antiochiam
656 821 785 857 positum,
799 820 909 855 pietatis
919 820 1006 856 gratia

217 870 373 897 visitarunt.

254 916 298 943 lV.
312 916 342 942 In
356 918 464 950 quarto,
484 914 557 949 quod
571 914 684 941 Eusebii
705 913 757 941 viri
783 913 948 940 sanctissimi
965 913 1006 940 di-
1021 907 1042 934 Β

217 961 387 996 scipulorum
403 961 499 988 laudes
513 960 651 992 continet,
668 959 697 987 ﬁt
709 960 813 987 mentio
828 960 915 987 sancti
933 960 1006 987 illius

218 1008 246 1034 in
257 1015 312 1042 quo
328 1007 466 1039 vivebant,
485 1006 598 1041 tugurii,
614 1006 716 1033 visitati
731 1013 745 1033 a
777 1005 952 1032 Theodoreto
978 1009 1005 1032 et

218 1052 300 1079 sociis
318 1052 440 1086 ejusdem
457 1052 584 1079 instituti.
598 1051 657 1084 Quo
671 1056 794 1086 tempore
807 1054 898 1078 autem
913 1051 1005 1078 Theo-

218 1098 332 1125 doretus
351 1097 458 1127 Abbam
484 1097 588 1129 invisit,
613 1096 696 1132 298
727 1096 889 1123 vicesimum
918 1096 1007 1124 aetatis

217 1150 320 1170 annum
334 1143 470 1177 attigerat,
489 1147 563 1170 certe
576 1151 631 1169 non
644 1143 761 1169 multum
778 1146 934 1170 excesserat
949 1151 955 1169 :
978 1142 1005 1169 id

217 1195 283 1223 ergo
295 1188 409 1224 contigit
423 1197 496 1216 anno
512 1188 573 1215 406.
597 1188 664 1220 Nam
677 1188 778 1220 Abbas,
807 1188 1005 1222 discipulorum

218 1242 300 1266 unus,
316 1239 379 1261 octo
388 1239 416 1261 et
432 1234 544 1269 triginta
558 1233 683 1261 aseetica:
694 1233 757 1260 vita:
767 1241 854 1261 annos
866 1237 1005 1268 exegerat,
1024 1225 1029 1230 ’

218 1287 281 1306 cum
307 1280 409 1313 scripta
433 1283 475 1305 est
500 1278 617 1305 Historia
643 1278 782 1313 religiosa;
799 1278 928 1312 scriptam
941 1285 1008 1304 vero

218 1325 470 1352 demonstravimus
480 1332 552 1351 anno
571 1325 604 1352 Η
610 1324 632 1351 ι.

255 1369 285 1396 ν.
304 1370 333 1396 ln
347 1370 474 1397 encomio
497 1369 597 1402 Publii,
613 1369 686 1404 quod
706 1373 789 1404 caput
809 1369 936 1404 quintum
950 1373 1003 1401 est,

218 1415 423 1443 observandum
435 1416 534 1450 primo,
548 1415 621 1442 unde
645 1415 711 1442 urbs
737 1415 893 1450 Zeugmatis
907 1423 1008 1442 nomen

219 1462 367 1496 acceperit,
378 1469 476 1496 nempe
497 1469 512 1488 a
535 1462 663 1497 iunctura
688 1461 886 1496 pontis,quem
902 1461 1008 1488 Xerxes

219 1507 354 1542 Euphrati
374 1507 514 1542 imposuit.

256 1553 393 1585 Secundo.
407 1553 435 1580 in
448 1553 584 1580 asceterio
596 1552 685 1579 Publii
702 1551 797 1579 laudes
813 1552 868 1579 Deo
881 1551 969 1579 dictas
992 1559 1008 1578 a

219 1598 362 1625 monachis
371 1597 464 1626 Graeca
478 1594 560 1625 simul
574 1602 602 1625 et
614 1597 681 1634 Syra
696 1598 798 1633 lingua,
811 1598 925 1625 alternis
940 1598 1007 1625 cho-

219 1643 268 1674 ris,
284 1643 366 1677 idque
382 1647 519 1670 servatum
542 1642 636 1674 etiam,
659 1651 714 1677 quo
739 1647 861 1676 tempore
880 1642 1008 1670 Theodo-

220 1693 298 1717 retus
308 1689 476 1716 Philotimum
491 1688 639 1715 scribebat.

255 1735 360 1767 Tertio,
375 1734 566 1769 Aphthonium
575 1733 664 1760 Publii
675 1733 851 1769 discipulum,
863 1737 1008 1768 postquam

221 1787 309 1807 annos
332 1779 514 1814 quadraginta
535 1778 652 1805 rexisset
677 1778 855 1810 aseeterium,
877 1778 1010 1813 Zeugma‘

221 1825 292 1853 tensi
307 1825 435 1852 Ecclesia:
459 1825 610 1859 prafuisse.
629 1824 778 1852 Ordinatus
795 1832 860 1859 ergo
879 1828 921 1851 est
946 1831 1010 1858 sep~

222 1871 384 1906 tuagcnario
399 1872 506 1906 major:
525 1872 587 1906 quis
612 1871 686 1898 enim
709 1871 803 1898 credat
822 1875 885 1898 ante
900 1870 1009 1898 tricesi-

222 1925 298 1944 mum
314 1925 416 1944 annum
437 1925 516 1944 sacro
534 1916 618 1944 coetui
635 1916 794 1952 praefectum
816 1917 896 1944 esse?
909 1917 1009 1944 Felicia

221 1962 363 1990 enimvero
379 1966 502 1997 tempora
517 1963 523 1989 ι

257 2009 301 2036 Vl.
319 2008 349 2036 in
376 2013 453 2035 sexto
467 2009 568 2043 capite,
591 2008 667 2043 quod
689 2008 828 2036 Simeonis
845 2008 932 2036 Prisci
953 2009 1012 2036 elo-

222 2055 296 2090 gium
319 2058 371 2085 est,
389 2053 505 2082 observa
536 2054 695 2089 religiosum
724 2054 807 2089 hujus
830 2055 917 2082 aetatis
949 2061 1011 2081 mo-

222 2107 282 2127 rem
299 2099 434 2127 invisendi
446 2100 548 2127 montis
564 2099 639 2132 Sina,
652 2099 700 2127 ubi
721 2100 809 2135 legem
829 2100 916 2128 Moses
930 2107 1012 2128 acce-

221 2145 273 2180 pit.

257 2190 314 2218 Vll.
330 2190 359 2218 In
380 2191 470 2226 elogio
495 2190 651 2225 Aphraatis,
678 2190 750 2225 quod
765 2195 892 2218 octavum
915 2195 1009 2226 caput,

1056 273 1106 301 llic
1130 274 1207 301 locus
1221 275 1294 301 valet
1310 274 1344 302 ad
1361 274 1579 302 conﬁrmandum
1601 275 1675 310 quod
1700 278 1780 301 antea
1800 273 1844 301 di-

1055 318 1146 346 ximus
1160 319 1194 346 de
1210 319 1321 346 Meletio
1336 319 1546 354 chorepiscopo.

1090 365 1194 397 Tertio,
1208 365 1372 400 stupendam
1384 365 1531 400 Aphraatis
1550 365 1725 400 aliorumque
1742 372 1844 399 prace-

1055 412 1181 440 dentium
1206 413 1440 450 θαυματουργίαν,
1462 414 1546 441 etiam
1575 414 1648 441 circa
1668 413 1764 440 brutas
1787 413 1846 440 ani-

1058 463 1175 486 mantes.

1091 505 1204 538 Quarto,
1225 505 1326 532 vixisse
1339 505 1385 532 diu
1402 509 1524 533 sanctum
1541 510 1679 538 ascetam;
1695 510 1755 533 erat
1771 506 1844 534 enim

1054 551 1110 586 jam
1139 551 1242 582 senior,
1261 559 1324 578 eum
1344 551 1488 578 Valentem
1514 552 1603 586 arguit
1628 559 1699 579 anno
1727 552 1788 584 576,
1818 557 1846 580 et

1057 596 1146 623 adhuc
1159 596 1256 630 agebat
1270 596 1353 623 vitam
1370 604 1442 623 anno
1459 596 1521 629 595,
1535 604 1598 623 cum
1611 605 1674 624 eum
1689 597 1846 626 Theodore-

1058 647 1102 669 tus
1113 643 1255 677 puerulus,
1269 646 1356 669 matre
1369 643 1528 675 comitante,
1544 643 1649 670 invisit.

1092 687 1159 715 V'lll.
1186 687 1215 714 ln
1240 687 1329 722 elogio
1349 687 1423 715 Petri
1440 687 1476 721 ³ο,
1509 693 1608 722 przeter
1638 689 1846 716 conversionem

1056 733 1282 767 curationemque
1298 734 1395 760 matris
1410 732 1588 765 Theodoreti,
1605 733 1746 768 ipsiusque
1758 733 1847 761 Theo-

1057 775 1145 803 doreti
1173 776 1344 803 sanationem
1371 784 1423 811 ope
1449 785 1523 804 zona:
1546 777 1633 810 Petri,
1659 778 1777 805 notanda
1804 783 1846 805 est

1057 822 1161 849 mentio
1185 822 1319 857 Pergamii
1344 823 1468 857 prtel'ceti
1500 824 1629 858 praetorio
1653 823 1783 857 Orientis,
1798 824 1845 859 qui

1057 876 1129 895 anno
1143 867 1196 894 564
1207 868 1226 899 ”,
1244 872 1290 894 aut
1306 867 1368 900 565,
1397 872 1445 895 aut
1471 869 1532 900 566,
1548 869 1737 904 magistratum
1763 869 1846 904 gessit

1057 913 1108 940 sub
1120 913 1233 940 Valente
1250 921 1256 939 :
1274 921 1362 940 annus
1372 921 1438 940 vero
1448 913 1622 949 magistratus
1634 914 1670 941 ita
1687 914 1826 941 invenitur
1839 923 1845 941 :

1055 960 1142 988 Natus
1170 963 1212 986 est
1239 959 1428 987 Theodoretus
1453 967 1525 987 anno
1551 959 1612 992 386,
1641 963 1744 994 septem
1769 960 1848 987 annis

1056 1011 1147 1037 antea.
1163 1006 1215 1033 hoc
1225 1010 1277 1039 est,
1295 1013 1368 1033 anno
1394 1006 1455 1033 379.
1479 1006 1575 1033 Petrus
1590 1009 1705 1032 matrem
1719 1005 1847 1032 Theodo-

1057 1053 1109 1080 reti
1137 1052 1266 1079 liberavit
1287 1052 1431 1079 oculorum
1459 1052 1571 1084 morbo;
1607 1051 1775 1078 liberaverat
1801 1051 1847 1078 ille

1057 1098 1163 1133 aliquot
1175 1097 1254 1124 annis
1269 1097 1351 1132 299
1362 1102 1443 1124 antea
1462 1097 1597 1132 Pergamii
1623 1097 1704 1124 tiliam
1720 1097 1755 1124 ab
1771 1096 1849 1131 aegri-

1058 1143 1154 1171 tudine
1169 1152 1175 1170 :
1192 1151 1257 1178 ergo
1270 1143 1311 1169 vel
1338 1151 1410 1170 anno
1425 1143 1487 1174 574,
1515 1143 1557 1170 vel
1579 1143 1642 1175 575,
1662 1143 1705 1169 vel
1727 1142 1788 1173 578,
1804 1141 1848 1170 vel

1057 1189 1120 1216 577.
1147 1188 1182 1216 At
1205 1188 1347 1215 Modestus
1373 1187 1565 1222 prsefeeturam
1582 1187 1665 1222 gessit
1696 1194 1768 1213 anno
1784 1186 1847 1213 577.

1058 1234 1152 1261 Restat
1169 1233 1252 1268 igitur
1269 1237 1299 1259 ut
1312 1232 1472 1267 Pergamius
1487 1231 1584 1259 cadent
1596 1231 1712 1266 gesserit
1732 1239 1787 1258 uno
1813 1230 1848 1257 de

1058 1279 1147 1306 tribus
1161 1279 1238 1311 aliis;
1252 1278 1423 1313 probabilius
1438 1278 1512 1312 quod
1524 1277 1584 1304 576.

1094 1325 1140 1352 IX.
1168 1325 1198 1351 ln
1225 1324 1316 1359 elogio
1342 1323 1492 1350 Theodosii
1514 1323 1535 1339 ⁸¹
1569 1323 1774 1350 observandum
1807 1325 1849 1350 est

1058 1371 1159 1407 primo,
1184 1370 1273 1405 ipsum
1290 1370 1393 1397 obiisse
1419 1369 1501 1404 paulo
1524 1374 1670 1404 postquam
1693 1377 1722 1396 se
1744 1368 1850 1403 recepit

1058 1417 1240 1449 Antiochiam,
1252 1420 1327 1443 metu
1339 1416 1565 1450 depopulantium
1576 1415 1667 1442 omnia
1679 1415 1847 1446 Isaurorum.

1059 1463 1111 1491 hoc
1125 1467 1177 1495 cst,
1191 1470 1264 1489 anno
1281 1461 1349 1493 £05;
1367 1460 1539 1496 praecedente
1551 1461 1624 1488 enim
1642 1467 1714 1487 anno
1738 1467 1848 1495 grassa-

1059 1509 1159 1536 bantur
1175 1507 1270 1535 lsauri.

1095 1554 1234 1586 Secundo,
1251 1553 1347 1580 eadem
1371 1559 1433 1580 arca
1452 1551 1605 1584 conditum,
1623 1559 1677 1586 qua
1706 1549 1850 1577 mirandus

1060 1601 1223 1636 Aphraates,
1237 1608 1285 1627 sex
1307 1603 1355 1626 aut
1384 1604 1488 1634 septem
1504 1600 1585 1625 annis
1602 1598 1679 1633 prius
1700 1597 1756 1624 vita
1786 1597 1850 1624 fun-

1059 1647 1204 1675 ctus.lliec
1216 1646 1336 1681 sepulcri
1353 1645 1512 1673 communio
1536 1645 1587 1672 fuit
1611 1644 1654 1671 his
1679 1643 1850 1678 temporibus

1060 1691 1189 1719 amicitia:
1201 1695 1230 1718 et
1241 1691 1405 1717 reverentiae
1417 1690 1535 1725 signum.
1566 1689 1637 1716 Hinc
1653 1688 1771 1716 Jacobus
1793 1688 1849 1720 ille,

1060 1738 1094 1764 de
1113 1744 1168 1771 quo
1181 1736 1283 1762 dicitur
1294 1735 1383 1770 capite
1393 1735 1438 1767 21,
1456 1742 1518 1762 cum
1533 1734 1737 1761 Theodoretum
1754 1733 1850 1768 dilige-

1060 1786 1112 1813 rct,
1128 1781 1224 1808 eadem
1240 1781 1345 1815 optavit
1359 1788 1422 1808 arca
1439 1780 1533 1807 condi.

1096 1827 1205 1858 Tertio,
1222 1826 1375 1853 Hclladium
1398 1825 1572 1858 Tarsensem,
1588 1825 1635 1860 qui
1657 1825 1709 1852 fuit
1721 1831 1793 1851 unus
1816 1823 1850 1850 de

1061 1870 1253 1902 schismaticis,
1267 1871 1377 1906 rejectis
1397 1878 1412 1897 a
1426 1870 1633 1897 conditionibus
1659 1870 1760 1905 quibus
1782 1869 1850 1895 inita

1060 1926 1113 1953 pax
1126 1917 1321 1948 Ecclesiarum,
1333 1916 1385 1944 sub
1395 1916 1551 1944 Theodosio
1567 1916 1666 1951 partim
1677 1923 1755 1942 sacro
1766 1914 1850 1942 οωιυί

1061 1963 1220 1999 praefectus,
1239 1962 1379 1998 sexaginta
1388 1969 1475 1989 annos
1501 1962 1646 1989 asceticam
1665 1961 1749 1988 vitam
1766 1960 1850 1987 mira-

1062 2009 1157 2036 biliter
1173 2008 1295 2040 duxisse,
1311 2015 1363 2034 nec
1374 2015 1434 2034 eam
1462 2007 1491 2034 in
1508 2007 1668 2042 episcopatu
1690 2005 1850 2037 demisisse;

1061 2064 1148 2092 quare
1162 2063 1225 2082 cum
1241 2054 1366 2089 dejectus
1379 2058 1421 2081 est
1432 2053 1508 2085 sede,
1522 2061 1578 2080 non
1598 2052 1744 2080 admodum
1775 2055 1853 2079 octo-

1061 2101 1173 2137 genario
1187 2100 1277 2127 minor
1289 2099 1403 2127 exstitit.
1423 2099 1491 2132 Quis
1503 2107 1569 2126 vero
1590 2107 1646 2126 non
1674 2098 1789 2125 miretur
1804 2101 1852 2124 aut

1061 2155 1117 2174 non
1136 2149 1245 2181 stupeat
1259 2146 1355 2181 magis,
1375 2146 1442 2173 tanti
1454 2146 1506 2172 viri
1520 2145 1685 2176 cmeitatem,
1702 2144 1744 2171 vel
1760 2143 1851 2178 potius

1062 2197 1254 2228 praesumptam
1267 2192 1301 2219 de
1315 2191 1442 2219 Nestorio
1461 2190 1640 2226 opinionem?

223 2235 427 2263 observandum
455 2235 556 2270 primo,
582 2235 657 2270 quod
670 2235 790 2263 refertur
812 2236 846 2265 de
872 2236 1009 2271 legatione
1026 2249 1047 2277 ο
1097 2239 1131 2266 Χ.
1146 2239 1242 2273 Opera:
1254 2238 1375 2273 pretium
1399 2242 1452 2269 est,
1481 2237 1515 2264 ad
1539 2237 1672 2264 rationem
1695 2240 1850 2270 temporum

222 2281 332 2308 Persica
340 2280 490 2312 Anthemii,
502 2280 550 2315 qui
564 2278 851 2316 magisteroﬂiciorum
864 2289 936 2308 anno
946 2281 1010 2314 404,

223 2326 318 2353 consul
345 2333 418 2353 anno
433 2326 496 2357 405,
514 2326 661 2361 praefectus
683 2327 813 2362 praetorio
828 2326 950 2355 Orientis
966 2334 1013 2354 eo-

223 2371 286 2398 dem
306 2379 388 2403 anno,
407 2376 435 2398 et
460 2372 696 2406 consequentibus
711 2372 816 2404 decem,
835 2380 891 2400 uno
906 2376 1013 2400 tantum

223 2422 348 2452 excepto.
364 2418 500 2446 Functum
516 2427 580 2446 eum
604 2419 656 2447 hac
680 2419 815 2454 legatione
840 2419 906 2446 alibi
923 2419 1014 2455 legere

223 2469 331 2489 menon
347 2462 458 2489 memini
471 2470 478 2495 ;
489 2463 588 2498 legatio
605 2471 672 2491 vero
686 2463 744 2491 haec
756 2463 808 2491 sub
815 2463 933 2492 Arcadio
947 2472 1013 2492 con-

224 2507 296 2542 tigit,
307 2515 369 2535 eum
381 2507 470 2536 fmdus
478 2509 576 2536 Persas
583 2509 655 2536 inter
665 2512 693 2536 et
701 2508 839 2536 Romanos
851 2509 1012 2536 innovatum

224 2559 276 2582 est.

259 2600 397 2633 Secundo,
410 2600 570 2628 Flavianum
589 2604 618 2627 et
631 2600 781 2628 Diodorum
803 2601 858 2629 dici
877 2602 1011 2637 tempori-

223 2645 276 2674 bus
290 2652 370 2675 motae
387 2655 402 2674 a
412 2647 526 2675 Valente
541 2647 743 2681 persecutionis
759 2647 863 2675 honore
883 2649 1011 2676 secundae

223 2693 362 2721 cathedra:
381 2693 495 2721 aﬂ‘ectos
514 2693 610 2725 fuisse,
627 2693 677 2728 τῆς
697 2693 825 2729 δευτέρας
845 2694 1012 2729 ἠξιωμένους

223 2739 368 2775 καῖλέδρας.
380 2739 409 2766 ld
420 2739 493 2766 enim
504 2739 614 2766 videtur
625 2739 692 2766 mihi
701 2739 948 2774 interpretandum,
956 2749 1012 2768 non

1061 2285 1280 2317 subducendam,
1296 2284 1416 2320 elogium
1432 2283 1550 2311 Zenonis
1567 2283 1588 2299 ³¹
1601 2282 1629 2310 in
1656 2281 1850 2316 compendium

1061 2331 1236 2359 contrahere.
1252 2330 1404 2365 Antequam
1415 2329 1566 2356 monachus
1581 2328 1669 2357 ﬁeret.
1691 2327 1764 2355 inter
1773 2334 1853 2354 vere-

1062 2377 1155 2405 darios
1165 2376 1305 2406 militavit,
1331 2380 1451 2410 tuncque
1478 2375 1612 2410 temporis
1629 2374 1663 2401 de
1687 2373 1771 2401 rebus
1787 2372 1852 2400 ﬁdei

1063 2424 1207 2451 institutus
1215 2427 1257 2450 est
1270 2431 1285 2449 a
1301 2422 1403 2450 Basilio
1417 2429 1527 2457 magno,
1546 2421 1593 2456 qui
1604 2428 1676 2448 anno
1689 2420 1742 2447 578
1755 2426 1851 2447 exces-

1066 2470 1129 2497 site
1141 2469 1197 2496 vita
1213 2478 1219 2495 :
1235 2468 1335 2496 deinde
1351 2468 1491 2503 cingulum
1515 2466 1618 2502 posuit,
1639 2466 1730 2493 statim
1760 2464 1853 2493 occiso

1065 2515 1187 2546 Valente,
1201 2514 1227 2541 id
1241 2520 1293 2546 est,
1309 2522 1381 2541 anno
1389 2513 1451 2546 578,
1463 2517 1493 2540 ut
1505 2521 1534 2540 se
1546 2513 1625 2540 daret
1637 2511 1771 2539 asceticze.
1781 2510 1854 2538 Con-

1065 2565 1164 2588 ventus
1174 2565 1242 2588 esta
1258 2559 1432 2586 Theodoreto
1446 2567 1515 2594 pene
1536 2558 1646 2590 investi,
1676 2557 1724 2584 sed
1737 2557 1791 2592 jam
1812 2555 1853 2583 le-

1065 2611 1150 2639 ctore,
1166 2605 1219 2632 hoc
1249 2610 1301 2637 est,
1329 2609 1394 2632 nato
1417 2605 1452 2631 22
1480 2612 1567 2631 annos
1595 2603 1716 2631 circiter.
1729 2601 1853 2635 Denique

1066 2651 1149 2686 paulo
1163 2654 1226 2677 ante
1238 2654 1354 2677 mortem
1369 2649 1511 2684 pecunias,
1521 2656 1553 2676 ex
1565 2647 1730 2684 patrimonio
1741 2645 1854 2674 vendito

1066 2699 1230 2727 contractas,
1246 2694 1358 2722 tradidit
1374 2694 1530 2722 Alexandro
1542 2693 1697 2721 Antiochia:
1709 2691 1853 2727 episcopo,

1066 2741 1271 2770 distribuendas
1288 2740 1465 2777 pauperibus.

882 2820 1040 2849 SCHULZII
1058 2820 1174 2850 NOTE.

263 2885 285 2901 '°
300 2884 414 2914 Philol/1.
430 2894 453 2913 c.
469 2886 495 2914 9.
535 2887 554 2904 ³¹
572 2886 639 2914 ibid.
657 2895 680 2914 c.
699 2887 741 2915 lO.
781 2888 802 2905 ³¹
817 2887 884 2931 ibid.
900 2896 924 2915 c.
942 2888 985 2918 12.
