1967 3047
165 175 218 208 249

747 174 796 205 DE
815 175 943 205 LIBRIS
961 175 1213 206 TIIEODORETI.

1736 175 1789 207 250

200 233 241 260 Ex
256 232 300 259 his
313 231 479 268 colliguntur
493 232 558 259 duo.
574 232 696 260 Primum
708 253 714 265 ,
730 241 746 260 a
778 233 952 261 Tbeodoreto
968 237 988 264 Α
1005 234 1052 261 tim
1080 234 1169 269 capite
1182 235 1190 244 ‘
1202 234 1291 269 primo
1315 233 1429 268 hujusce
1460 232 1661 261 dissertationis
1672 231 1694 247 ³⁵
1717 240 1724 259 :
1742 233 1790 260 vix

165 282 332 307 conventum
347 286 421 306 anno
435 278 497 306 408.
512 278 575 305 Fuit
588 279 662 306 enim
689 286 778 306 annus
794 279 839 306 ille
855 279 955 306 vicesi-

165 332 228 352 mus
239 324 378 352 secundus
403 324 581 356 Theodoreti,
603 325 705 359 quippe
719 324 777 351 nati
799 332 871 352 anno
889 324 951 351 586.
972 342 973 345 η

166 369 333 401 Secundum,
350 369 542 403 corrigendum
555 376 615 396 esse
632 373 747 402 textum,
773 369 821 396 ubi
853 369 954 396 dicitur

165 414 239 442 Zeno
246 414 369 449 exegisse
381 418 438 441 tum
450 414 574 442 ascetiete
583 415 645 442 vitae
660 414 841 450 quadraginta
855 423 951 448 annos,

164 466 227 486 cum
242 467 258 486 a
274 459 446 486 Thcodoreto
457 459 623 486 inviseretur
642 468 648 485 :
664 467 726 486 nam
743 467 793 494 pro
819 460 953 494 τεσσαρά-

164 513 246 531 κοντα
260 504 450 540 reponendum
467 509 511 531 est
538 504 705 539 τριάκοντα;
724 505 846 540 alioquin
864 513 952 532 annus

163 550 390 585 quadragesimus
407 550 610 577 aconversione
628 550 748 577 Zenonis
772 550 906 577 incideret
923 551 951 578 iu

163 603 264 622 annum
296 595 399 623 Christi
421 595 487 627 M8;
516 603 572 630 quo
599 602 671 622 anno
692 595 747 622 dici
771 602 827 622 non
862 600 952 630 potest

163 641 355 668 Theodoretus
375 641 465 675 prima
493 641 621 675 lanugine
652 640 698 667 vix
721 648 803 676 genus
817 641 949 673 induisse,

162 686 297 721 siquidem
318 694 391 714 anno
410 686 462 713 420
484 685 631 720 episcopus
661 686 803 713 ordinatus
819 690 878 719 est;
893 686 949 713 uti—

161 739 216 766 que
235 739 357 768 congrua
378 736 469 765 tetate,
501 732 529 759 id
550 736 592 759 est
612 732 724 767 triginta
745 733 841 760 saltem
861 740 950 759 anno-

162 786 233 806 rum.

196 822 241 850 XI.
259 823 410 850 Macedonii
426 824 546 858 elogium
572 823 611 856 ³³,
636 823 714 858 quasi
736 824 947 857 eucharisticon,

161 868 272 902 scripsit
285 868 592 904 Theodoretus:ipsius
606 869 680 896 enim
705 869 834 904 precibus
855 870 948 897 editus

160 912 245 939 estin
271 913 360 940 lucem
380 921 396 940 a
412 918 510 944 matre.
533 918 677 949 postquam
700 915 837 942 sexdecim
861 924 948 943 annos

161 957 267 984 steriles
280 957 308 984 in
318 957 495 984 matrimonio
503 958 663 992 peregisset.
671 957 892 993 Thaumaturgus
902 958 948 986 ille

160 1010 230 1036 pene
243 1003 417 1030 centenarius
433 1004 550 1030 excessit
563 1011 578 1030 e
593 1004 657 1035 vita,
682 1012 745 1030 cum
755 1003 868 1031 vixisset
880 1012 948 1038 qua—

160 1048 284 1084 draginta
299 1049 380 1084 300
390 1050 510 1084 quinque
522 1058 608 1076 annos
620 1050 678 1077 sine
688 1050 807 1085 tugurio,
823 1050 918 1085 viginti
926 1050 950 1066 "

159 1095 282 1129 quinque
297 1096 348 1122 sub
363 1096 513 1131 tuguriolo,
531 1097 642 1131 triginta
661 1096 770 1123 circiter
786 1103 849 1123 cum
869 1104 948 1123 exer-

159 1139 215 1166 ceri
231 1140 369 1174 ctepisset.
387 1140 466 1167 Anno
480 1140 533 1168 582
547 1149 562 1167 a
577 1140 705 1167 Flaviano
722 1140 893 1169 Antiochcno
903 1149 948 1168 or-

159 1184 269 1212 dinatus
280 1190 322 1212 est
333 1186 486 1221 presbyter,
503 1186 630 1213 nesciens
642 1186 708 1220 quid
728 1186 818 1220 ﬁeret;
835 1187 948 1215 retinuit

158 1239 230 1258 anno
253 1231 305 1259 588
318 1232 464 1267 magistros
476 1232 595 1259 militum
610 1240 625 1259 a
647 1231 803 1259 Theodosio
829 1233 947 1268 impera-

158 1281 218 1305 tore
238 1279 346 1310 missos,
361 1279 395 1306 ad
412 1279 544 1306 ultionem
568 1286 727 1306 eversarum
743 1283 895 1306 statuarum
913 1280 946 1306 de

157 1322 337 1350 Antiochcnis
352 1323 523 1350 sumendam.
542 1324 645 1351 Monita
656 1323 721 1351 vita:
731 1325 854 1351 sanctius
866 1324 946 1352 insti-

160 1368 268 1396 tuendze
280 1369 453 1396 Theodoreto
468 1370 593 1404 septeuni
620 1370 702 1398 dabat
727 1377 799 1397 anno
814 1370 877 1400 593,
896 1370 945 1397 de-

157 1414 269 1441 functus
280 1414 391 1441 circiter
401 1423 473 1442 anno
486 1415 548 1447 595,
559 1415 592 1442 ad
603 1416 743 1448 eumdem,
756 1423 817 1443 cum
825 1415 946 1449 Aphraa—

158 1464 185 1487 te
195 1465 224 1487 et
234 1460 389 1488 Theodosio
402 1461 509 1495 pridem
520 1461 554 1488 ad
570 1469 684 1496 superos
707 1463 796 1495 elatis,
809 1461 944 1489 tumulum

158 1505 282 1532 humeris
295 1510 451 1541 magnatum
471 1507 573 1534 illatus.

1004 279 1079 306 enim
1097 279 1170 306 ullus
1185 282 1227 306 est
1243 278 1370 314 pluribus
1382 281 1535 312 temporum
1546 277 1620 305 netis
1633 277 1740 312 plenior
1750 277 1791 305 Io-

1001 331 1063 351 ωε.

1038 369 1246 397 Observandum
1256 376 1321 397 vero
1332 368 1545 399 Theodoretum,
1554 368 1636 403 paulo
1643 372 1789 403 antequam

1003 415 1154 448 laberetur,
1171 420 1218 442 aut
1234 419 1299 442 tunc
1310 422 1372 442 cum
1387 414 1442 441 labi
1456 413 1599 448 inciperet,
1618 414 1718 442 adiisse
1742 413 1789 441 Ja-

1003 461 1102 488 cobum
1116 461 1285 489 laborantem
1299 461 1405 488 morbo.

1037 506 1106 534 XVI.
1117 507 1212 542 Capite
1229 507 1360 534 vicesimo
1374 506 1495 534 secundo
1511 507 1545 534 de
1559 506 1679 533 Limnaeo
1699 513 1789 532 sermo

1003 551 1042 583 ﬁt,
1055 552 1112 586 qui,
1132 559 1194 579 cum
1206 552 1307 579 dicitur
1320 552 1415 578 eodem
1433 555 1566 585 tempore,
1590 558 1644 585 quo
1657 549 1786 581 Iacobus,

1001 597 1147 624 asceticam
1173 598 1258 624 vitam
1276 597 1430 628 inchoasse,
1448 601 1475 624 et
1497 604 1551 631 quo
1574 600 1696 630 tempore
1717 595 1787 622 scri-

1001 642 1083 670 bebat
1114 643 1304 670 Theodoretus
1328 642 1498 679 trigesimum
1512 647 1540 668 et
1557 646 1682 668 octavum
1709 648 1787 667 exer-

1001 687 1141 715 citationis
1167 695 1270 714 annum
1295 686 1467 721 explevisse,
1491 685 1610 712 ostendit
1633 685 1784 716 manifeste,

1000 741 1056 768 quo
1083 737 1207 768 tempore
1240 733 1357 760 historia
1385 732 1512 766 religiosa
1543 730 1698 764 conscripta
1729 729 1783 761 sit,

1000 780 1222 816 quandoquidem
1233 780 1356 807 exerceri
1370 780 1453 814 ccepit
1484 779 1603 807 Iacobus
1628 785 1701 805 anno
1717 777 1781 805 ιοδς

999 827 1044 854 cui
1057 827 1079 854 si
1092 827 1276 861 adjungantur
1291 826 1354 852 anni
1365 825 1399 852 '58
1407 826 1463 861 jam
1471 825 1583 859 expleti,
1593 824 1706 851 exsistet
1720 825 1785 852 anni

999 873 1051 900 4H
1071 872 1190 899 initium.

966 901 985 929 Β
1034 917 1115 944 XVII.
1127 917 1223 952 Capite
1234 916 1367 944 vicesimo
1381 916 1462 943 tertio
1475 915 1576 942 dicitur
1598 915 1717 943 Joannes
1729 914 1785 949 jam

999 964 1131 999 attigisse,
1155 967 1203 989 aut
1222 963 1305 989 etiam
1324 962 1476 997 explevisse
1508 961 1670 989 vicesimum
1704 960 1785 995 quin-

999 1012 1056 1033 tum
1069 1007 1273 1034 exercitationis
1288 1014 1388 1034 annum
1410 1015 1416 1033 :
1430 1007 1512 1040 εωρίι
1538 1006 1621 1040 igitur
1634 1012 1705 1032 anno
1721 1005 1783 1032 M9.

1032 1053 1110 1087 301
1126 1053 1169 1080 Fit
1183 1053 1211 1080 in
1239 1053 1335 1080 eodem
1359 1052 1448 1087 capite
1467 1052 1570 1078 mentio
1584 1051 1700 1078 aliorum
1716 1050 1784 1077 insi-

997 1099 1091 1134 gnium
1104 1100 1186 1126 trium
1199 1103 1364 1130 ascetarum,
1384 1098 1478 1129 Mosis,
1494 1097 1634 1128 Antiochi,
1659 1100 1687 1123 et
1699 1095 1784 1123 Anto-

996 1146 1065 1178 nini,
1082 1147 1266 1180 eontinuoquc
1280 1146 1357 1172 addit
1370 1145 1561 1172 Theodoretus
1575 1153 1582 1170 :
1598 1153 1606 1168 ι
1624 1143 1700 1170 Alios
1713 1150 1781 1177 prat-

998 1194 1071 1219 terea
1087 1191 1243 1226 complures
1259 1191 1286 1217 in
1301 1190 1401 1217 finibus
1411 1190 1523 1222 nostris,
1537 1188 1731 1222 montibusque
1755 1191 1784 1214 et
1795 1183 1801 1186 ’

996 1238 1101 1272 campis
1126 1238 1242 1265 athletas
1270 1236 1354 1264 habet
1381 1235 1491 1262 virtutis
1520 1235 1683 1270 agonotheta
1699 1232 1782 1265 Deus,

997 1290 1067 1317 quos
1091 1283 1132 1310 vel
1149 1289 1312 1309 enumerare
1331 1280 1439 1308 diﬁicile
1460 1280 1505 1312 sit,
1529 1279 1630 1306 nedum
1660 1278 1784 1313 singulm

996 1336 1055 1355 rum
1072 1329 1156 1355 vitam
1182 1327 1367 1355 conscribere.
1384 1336 1391 1352 I
1409 1325 1474 1353 Inde
1497 1326 1675 1352 vehementer
1698 1324 1784 1350 miror

995 1374 1134 1401 hominem
1150 1378 1190 1402 tot
1208 1374 1275 1400 viris
1291 1372 1434 1408 stupendie
1449 1371 1603 1399 sanctitatis
1626 1369 1712 1397 veluti
1727 1369 1782 1396 cir-

995 1421 1153 1448 cumdatum
1170 1424 1198 1447 et
1214 1420 1344 1454 stipatum
1365 1419 1494 1446 aberrare
1519 1418 1640 1452 potuisse
1665 1424 1680 1443 a
1703 1420 1779 1443 recta

997 1466 1057 1494 ﬁdei
1072 1466 1123 1493 via.
1140 1465 1162 1493 Ο
1177 1465 1375 1500 investigabilia
1393 1465 1440 1491 Dei
1453 1464 1569 1499 judicia!

1044 1510 1136 1538 XVIII.
1162 1509 1257 1544 Capite
1284 1509 1417 1536 vicesimo
1448 1512 1567 1542 quarto,
1602 1506 1650 1534 ubi
1681 1506 1784 1533 texitur

192 1551 248 1578 XII.
262 1551 292 1578 In
306 1552 395 1586 capite
411 1552 518 1579 decimo
532 1556 631 1587 quarto
644 1553 713 1580 nihil
739 1552 942 1580 observandum
957 1566 977 1594 ο
994 1556 1113 1591 elogium
1135 1555 1320 1590 Polychronii,
1345 1554 1415 1581 nihil
1431 1553 1633 1581 observandum
1659 1553 1783 1584 videtur,

156 1597 288 1629 occurrit,
299 1597 529 1632 quemadmodum
541 1606 592 1626 nec
600 1598 626 1626 in
638 1598 816 1633 sequentibus
823 1598 941 1631 duobus,

156 1642 210 1669 nisi
221 1642 295 1677 quod
309 1643 458 1678 Cyrcnsem
475 1643 616 1678 regionem
631 1644 793 1671 illustrarint
804 1664 811 1676 ,
824 1644 871 1679 qui
887 1648 943 1672 tres

156 1687 322 1721 laudantur;
351 1688 504 1720 Maisimas,
518 1689 676 1724 Acepsimas
691 1694 719 1718 et
745 1690 820 1718 Maro
834 1699 841 1718 :
857 1690 944 1725 quod-

155 1740 210 1769 que
225 1735 384 1769 Acepsimas
399 1735 432 1762 ab
456 1735 562 1762 Isidoro
581 1735 747 1763 Theodoreti
778 1743 943 1770 prtecessore

155 1779 298 1807 ordinatus
313 1781 349 1807 sit
363 1780 391 1808 in
407 1781 610 1816 presbyterum,
627 1789 690 1809 cum
704 1781 789 1816 probe
801 1781 910 1808 abesset
927 1789 943 1808 a

157 1830 263 1859 morte;
276 1830 304 1853 et
320 1826 393 1861 quod
412 1827 532 1862 denique
543 1827 618 1854 Maro
635 1827 719 1854 fuerit
734 1831 831 1854 auctor
841 1830 943 1854 exacta:

157 1870 229 1898 illius
242 1871 377 1903 asceticae,
399 1879 481 1906 quam
511 1871 539 1898 in
554 1872 693 1907 Cyrestica
707 1872 819 1907 regione
844 1879 943 1900 conse-

156 1921 272 1952 quentes
288 1917 334 1943 alii
349 1917 450 1944 imitati
463 1921 539 1945 sunt.

191 1962 260 1990 XIII.
277 1962 372 1997 Capite
386 1963 494 1990 decimo
511 1964 629 1998 septimo
649 1963 807 1992 continetur
823 1964 942 1999 elogium

155 2008 307 2040 Abraamis,
335 2008 383 2043 qui
399 2016 433 2036 ex
448 2009 583 2037 monacho
606 2009 694 2037 factus
720 2009 867 2038 Carrarum
884 2010 944 2046 epi-

156 2060 270 2088 scopus,
291 2053 425 2081 asceticos
448 2054 557 2081 labores
577 2062 632 2081 non
655 2055 803 2088 imminuit,
825 2055 873 2083 sed
892 2055 942 2083 ad-

155 2100 231 2127 auxit
249 2110 255 2127 :
277 2108 359 2135 quam
374 2101 437 2128 vitae
458 2101 592 2128 rationem
611 2101 726 2129 laudans
753 2102 942 2130 Theodoretus

155 2145 275 2172 ostendit
285 2145 352 2172 satis
367 2152 397 2172 se
411 2153 466 2173 non
481 2146 636 2173 absimilem
649 2146 779 2174 Abraami
791 2147 939 2175 exstitisse.

155 2190 305 2218 Defunctus
325 2196 367 2218 est
395 2191 648 2226 Constantinopoli,
678 2199 733 2226 quo
757 2200 820 2220 eum
850 2193 941 2220 'I‘hco-

994 1606 1174 1637 prrcterquam
1199 1600 1272 1635 quod
1305 1600 1339 1627 de
1368 1599 1512 1627 sacerdote
1541 1599 1590 1633 τῆς
1624 1598 1782 1632 Ἀντιοχέων

993 1646 1084 1682 χώρας
1110 1646 1205 1681 κώμας
1223 1645 1322 1676 πολλὰς
1343 1644 1498 1679 ποεμαίνειν
1522 1643 1692 1677 τεταγμένῳ.
1705 1642 1783 1670 Unde

994 1693 1146 1720 illustratur
1158 1692 1235 1718 locus
1244 1690 1413 1725 alter,’cujus
1426 1689 1581 1716 obscuritas
1592 1688 1708 1715 Baronio
1718 1687 1783 1714 fecit

993 1738 1167 1765 occasionem
1184 1736 1359 1764 incredibilia
1388 1736 1422 1763 de
1452 1735 1580 1762 Simeone
1597 1734 1695 1769 Stylita
1714 1734 1783 1761 scri-

997 1783 1082 1810 bendi
1093 1783 1126 1810 ".

1027 1828 1099 1855 XIX.
1115 1828 1210 1862 Capite
1222 1827 1355 1855 vicesimo
1365 1827 1472 1861 quinto,
1486 1826 1559 1861 quod
1572 1829 1615 1853 est
1625 1825 1781 1853 cncomium

992 1874 1121 1908 Asclepii,
1146 1873 1173 1900 id
1196 1881 1281 1900 unum
1297 1872 1509 1904 observandum,
1538 1871 1596 1898 ﬁeri
1615 1872 1782 1898 mentionem

991 1919 1086 1948 Jacobi
1095 1923 1192 1946 asceta:
1207 1918 1389 1949 admirabilis,
1402 1918 1450 1953 qui
1463 1918 1629 1945 domuncula
1659 1917 1782 1944 inclusus

992 1966 1082 1993 adhuc
1096 1965 1200 1992 viveret
1214 1964 1401 2000 nonagenario
1417 1964 1513 1998 major,
1534 1964 1656 1998 alterque
1681 1962 1751 1990 foret
1765 1970 1781 1990 a

991 2013 1093 2041 Jacobo
1116 2012 1330 2047 Thaumaturgo,
1361 2011 1396 2038 de
1412 2018 1468 2045 quo
1490 2018 1551 2045 cap.
1575 2010 1620 2038 '21.
1646 2010 1781 2037 Thauma-

994 2063 1091 2094 turgus
1105 2058 1178 2085 enim
1192 2058 1252 2085 sine
1266 2057 1387 2092 tugurio,
1403 2056 1449 2084 hic
1477 2057 1505 2082 in
1519 2055 1686 2083 domuncula
1701 2055 1780 2082 habi-

994 2104 1080 2131 tabat.

1024 2149 1082 2176 XX.
1099 2148 1194 2184 Capite
1227 2147 1360 2175 vicesimo
1388 2151 1467 2175 sexto
1489 2151 1619 2174 narratur
1645 2146 1779 2180 stupenda

992 2194 1126 2222 Sitneonis
1138 2194 1241 2230 Stylitze
1253 2194 1320 2221 vita.
1338 2194 1440 2221 Praeter
1449 2198 1528 2220 notas
1541 2199 1705 2227 temporum,
1717 2192 1779 2226 qui-

155 2235 259 2267 dosius,
275 2241 321 2262 aut
333 2236 478 2264 Puleheria
497 2237 588 2271 potius
598 2245 661 2264 cum
677 2238 819 2265 sororibus
840 2239 942 2274 reginis
957 2230 978 2257 θ
994 2241 1045 2268 bus
1056 2241 1098 2267 usi
1113 2247 1218 2271 sumus,
1232 2238 1404 2266 observanda
1424 2243 1542 2273 quatuor
1561 2247 1566 2264 :

154 2285 295 2309 evocarat.

188 2325 257 2354 XIV.
276 2326 478 2354 Posterioribus
493 2327 583 2354 tribus
599 2327 736 2362 capitibus
751 2327 783 2360 “,
795 2328 896 2362 quibus
907 2328 942 2355 de

154 2371 284 2404 Eusebio,
303 2371 445 2399 Salamane
465 2377 494 2400 et
523 2372 597 2404 Marc
628 2373 749 2400 narratio
775 2374 940 2406 instituitur,

153 2425 206 2444 nec
226 2417 330 2453 aliquid
354 2418 458 2452 pariter
491 2417 695 2445 observandum
721 2421 821 2452 preter
848 2418 942 2446 insoli-

155 2467 210 2490 tam
223 2463 296 2489 illam
308 2462 426 2498 litnrgiae
436 2463 583 2496 rationem,
606 2472 660 2498 qua
681 2464 883 2497 Theodoretus,
911 2469 939 2492 ut

153 2508 236 2535 Maris
250 2508 344 2543 pietati
355 2508 482 2539 serviret.
492 2508 619 2536 manibus
630 2508 809 2537 diaeonorum
822 2517 888 2537 usus
898 2514 941 2537 est

152 2560 203 2588 pro
217 2553 306 2580 altari.
493 2575 505 2586 ,
555 2576 566 2586 ,

188 2598 244 2626 XV.
257 2599 351 2634 Capite
367 2599 498 2627 vicesimo
511 2599 600 2634 primo
627 2599 724 2634 incipit
750 2600 939 2629 Theodoretus

153 2649 246 2672 texere
272 2645 415 2673 historiam
435 2650 607 2678 sanctorum,
625 2646 672 2680 qui
695 2646 787 2674 adhuc
811 2647 839 2674 in
869 2647 939 2674 vivis

152 2695 242 2723 erant,
253 2698 316 2717 eum
332 2691 480 2724 scriberet;
494 2695 523 2718 et
537 2699 552 2718 a
580 2690 681 2718 Iacobo
696 2691 807 2726 quidem
830 2692 939 2721 initium

153 2734 240 2767 ducit,
258 2734 292 2762 de
307 2743 362 2770 quo
389 2735 509 2763 diximus
526 2735 620 2767 multa,
636 2736 734 2771 partim
748 2737 775 2764 in
789 2736 860 2768 Vita.
876 2746 937 2773 par-

1028 2286 1053 2312 I.
1067 2285 1146 2318 Quod
1163 2284 1197 2319 de
1212 2284 1296 2311 Basso
1307 2289 1435 2311 narratur
1448 2292 1455 2310 :
1469 2283 1532 2310 inde
1554 2283 1627 2310 enim
1652 2283 1780 2318 intelligi-

991 2338 1036 2360 tur
1047 2333 1081 2363 ³⁷,
1107 2331 1181 2366 quod
1197 2331 1230 2358 de
1247 2331 1356 2358 Meletio
1368 2331 1477 2358 dicetur
1491 2335 1586 2366 postea
1601 2339 1607 2357 :
1624 2330 1715 2357 Πεεθει
1735 2330 1780 2356 τὸν

992 2378 1144 2413 θαυμάσιον
1158 2377 1271 2409 Βάσσον,
1285 2377 1314 2409 ὃς
1326 2376 1476 2412 τηνικαῦτα
1491 2376 1590 2408 πολλὰς
1613 2375 1779 2410 περιώδευσε

991 2423 1098 2458 κώμας,
1116 2424 1172 2454 τοῖς
1190 2423 1261 2449 κατὰ.
1275 2422 1371 2457 κώμην
1391 2422 1509 2457 ἱερεῦσιν
1525 2422 1690 2449 ἐπιστατῶν.

1024 2470 1052 2496 2.
1066 2470 1178 2497 Bassum
1191 2469 1324 2500 Simeoni,
1343 2472 1457 2503 propter
1469 2468 1649 2503 quadraginta
1671 2467 1779 2495 dierum

993 2513 1153 2541 continuum
1168 2513 1302 2548 jejunium
1316 2512 1482 2545 semianimi,
1495 2512 1652 2539 divinorum
1676 2516 1778 2547 myste-

993 2560 1098 2587 riorum
1109 2559 1243 2600 symbols,
1256 2559 1298 2586 ori
1311 2559 1421 2593 quidem
1436 2558 1586 2586 madefacta
1606 2558 1684 2592 prius
1695 2565 1779 2593 spon-

991 2603 1034 2639 gia
1048 2604 1216 2636 humectato,
1230 2603 1278 2631 sed
1296 2603 1455 2638 priusquam
1470 2603 1533 2630 cibo
1543 2602 1712 2635 reﬁceretur,
1733 2603 1780 2630 in—

991 2650 1092 2678 didisse
1109 2659 1115 2677 :
1136 2650 1208 2677 unde
1228 2649 1365 2684 colligitur
1387 2657 1419 2676 ea
1437 2649 1519 2675 etiam
1549 2652 1710 2683 tempestate
1723 2648 1779 2676 Eu-

993 2693 1153 2720 charistiam
1171 2697 1199 2720 et
1211 2693 1384 2720 moribundis
1393 2697 1421 2720 et
1433 2693 1535 2728 jejunis
1548 2693 1700 2728 praebitam.

1026 2741 1052 2767 5.
1080 2739 1239 2767 Columnam
1267 2744 1443 2774 postremam,
1472 2746 1534 2766 cum
1562 2747 1578 2766 a
1597 2739 1655 2766 solo
1668 2737 1776 2773 triginta

816 2794 974 2823 SCIIULZII
994 2795 1110 2824 ΝΟΤΛΕ.

188 2849 210 2864 ⁸³
227 2849 307 2879 Ibid.,
324 2858 348 2877 (ε.
370 2850 409 2877 15.

152 2883 174 2899 ⁸⁸
194 2883 253 2911 Vid.
269 2893 359 2920 supra,
374 2893 399 2920 p.
411 2885 495 2921 292,§
512 2887 553 2913 II.
593 2887 614 2903 ⁸⁷
630 2888 689 2916 Vid.
704 2888 770 2916 ibid.
786 2887 800 2923 §
817 2883 856 2916 15.

467 2851 493 2891 ’ξ
505 2851 614 2891 [jus-ter;
625 2852 739 2891 Scilicet
752 2853 932 2891 _libri__primi.
951 2854 1013 2883 Vid.
1029 2863 1121 2890 supra,
1142 2864 1168 2890 p.
1190 2855 1251 2891 293,
1265 2854 1278 2890 §
1293 2855 1334 2882 I8.

1387 2855 1408 2871 "
1425 2855 1484 2883 Vid.
1506 2861 1598 2889 supra,
1612 2861 1637 2888 p.
1650 2852 1712 2887 290,
1724 2851 1769 2888 §6.
