1967 3047
187 177 237 210 251

751 171 940 202 GARNERII
960 169 1208 201 DISSERTATIO
1227 169 1268 200 II.

1767 164 1821 195 25,2

189 240 238 261 sex
248 232 358 261 cubitos
365 232 548 262 attolleretur,
559 231 612 257 hoc
622 234 674 262 est,
685 230 883 265 quinquaginta
895 235 978 264 quam
994 231 1014 259 Α
1032 226 1145 254 solitum
1157 227 1256 258 sciret;
1272 224 1345 253 unde
1361 223 1527 252 Theodoreti
1546 221 1711 251 abstinentia
1744 221 1822 248 miri-

190 279 334 306 minimum
351 279 479 314 pedibus,
507 286 563 306 non
577 277 662 304 fuisse
672 277 706 304 ab
724 276 820 304 inﬁmo
846 276 879 303 ad
901 282 978 302 sum-

190 332 265 352 mum
278 319 450 358 uniusmodi;
464 324 513 352 sed
528 332 591 351 suos
601 323 732 350 habuisse
743 323 820 358 quasi
829 321 939 356 gradus,
952 324 980 347 et

189 369 305 405 proinde
320 370 441 397 minores
458 369 545 396 moles
560 368 711 403 majoribus
731 367 883 401 impositas,
897 366 934 392 ita
951 369 981 392 ut

190 414 224 441 ad
240 414 395 441 Simeonem
411 418 514 448 posset,
541 413 651 440 admota
665 412 802 447 superiori
817 411 881 438 moli
896 409 979 442 scala,

191 459 279 487 facilis
294 467 354 487 esse
365 467 496 487 ascensus
511 459 567 487 :sic
580 459 654 486 enim
668 457 882 492 alloquentibus,
900 463 933 483 ac
946 455 981 482 de

191 505 324 540 religione
345 504 554 532 consulentibus
584 503 750 538 respondere
775 505 892 536 poterat,
918 507 981 527 cum

191 555 263 578 esset
274 551 339 578 exili
355 558 433 583 voce,
459 554 490 577 ut
512 551 559 585 qui
587 550 745 577 comederet
768 552 885 580 tantum,
902 547 982 574 initio

192 596 314 631 quidem,
339 596 549 632 quadragesimo
575 603 684 631 quoque
699 595 744 622 die
762 603 769 620 :
794 597 889 629 postea
905 599 981 625 vero,

193 646 299 668 octavo.

229 686 255 712 Δ.
274 686 344 713 Fieri
362 687 475 721 quidem
487 687 653 715 mentionem
667 693 682 713 a
694 685 867 714 Theodoreto
881 684 984 711 littera-

194 738 255 757 rum
267 739 282 758 a
295 732 423 760 Simeone
434 732 467 760 ad
481 733 676 767 imperatorem
688 731 874 758 Theodosium
883 729 982 757 Iunio-

195 784 252 803 rem
270 777 303 804 de
318 778 450 813 religione
460 779 625 813 scriptarum
639 786 646 810 ;
662 785 718 805 non
731 782 821 804 tamen
837 776 984 804 missarum

194 821 228 848 ab
247 821 413 856 imperatore
427 825 461 850 ad
476 823 631 851 Simeonem
647 822 681 850 de
696 830 762 857 pace
787 820 983 852 Ecclesiarum,

195 870 256 900 post
270 867 417 895 concilium
434 868 602 902 Ephesinum
624 876 630 893 :
650 875 682 894 ca
704 867 778 894 enim
792 874 844 901 pax
858 864 986 892 Theodo-

1030 273 1081 299 ﬁce
1098 277 1220 307 apparet.

1067 318 1124 345 Sub
1141 318 1224 345 ﬁnem
1250 318 1335 345 totius
1359 317 1453 352 operis
1478 315 1669 343 Theodoretus
1692 321 1724 341 ea
1741 312 1820 344 dicit,

1031 365 1133 401 quibus
1145 365 1244 400 prodat
1262 365 1374 392 insitum
1387 364 1481 392 animo
1494 370 1545 390 suo
1571 360 1681 396 pietatis
1698 367 1820 392 sensum,

1031 418 1194 445 oppressum
1209 410 1322 445 quidem
1339 415 1368 438 et
1388 416 1458 445 pene
1476 408 1654 443 przefocatum
1669 405 1822 440 impatienti

1032 456 1152 491 quadam
1173 456 1299 484 caecitate
1312 457 1345 489 ³⁸,
1362 463 1415 490 qua
1426 455 1508 482 ﬁdem
1533 454 1579 481 ubi
1601 457 1661 481 erat
1674 452 1708 484 ⁸³,
1723 455 1751 479 et
1767 450 1821 477 hae-

1033 502 1108 529 resin
1123 502 1171 529 ubi
1186 510 1242 529 non
1255 505 1325 534 erat,
1350 501 1445 528 videre
1462 500 1514 528 sibi
1531 499 1686 530 videbatur,
1711 496 1759 524 sed
1777 503 1823 523 ex—

1032 555 1125 576 serere
1144 555 1173 575 se
1184 551 1341 579 conantem,
1366 547 1389 574 si
1402 546 1513 582 quando
1530 553 1594 572 vera
1610 545 1656 571 lux
1673 542 1824 578 praestigias

1033 594 1146 629 superbi
1180 593 1324 627 cujusdam
1338 593 1437 620 fascini
1451 592 1612 627 depelleret.
1643 599 1652 616 ι
1675 590 1748 622 Illos,
1781 589 1824 615 iu-

1033 640 1104 675 quit,
1117 647 1235 675 quorum
1253 639 1338 666 vitam
1358 638 1500 670 contexui,
1519 645 1553 665 ne
1573 645 1615 664 me
1628 635 1723 671 procul
1738 643 1752 661 a
1767 633 1824 668 spi-

1035 684 1128 711 rituali
1146 691 1243 711 eorum
1259 684 1345 710 choro
1362 683 1482 718 positum
1498 682 1672 718 despiciant;
1689 680 1736 708 sed
1754 679 1825 706 infra

1033 731 1171 766 jacentem
1187 730 1307 762 trahant,
1332 729 1402 757 etad
1419 729 1529 756 culmen
1549 728 1660 756 virtutis
1675 726 1827 762 perducant

1036 783 1141 811 suoque
1153 775 1236 803 cmlui
1251 775 1410 810 adjungant,
1423 779 1454 802 ut
1467 782 1522 801 non
1538 775 1642 801 alienas
1654 772 1749 799 laudes
1768 776 1814 798 tan

1037 825 1095 849 tum
1107 821 1297 855 laudent;sed
1315 828 1366 856 ego
1378 821 1460 847 etiam
1476 820 1566 847 laudis
1592 819 1712 854 aliquam
1743 821 1828 844 mate-

1037 868 1104 895 riem
1120 875 1283 902 consequar,
1296 873 1379 900 opere
1391 886 1398 898 ,
1415 866 1516 898 verbis,
1530 871 1557 892 et
1569 869 1660 892 mente
1672 862 1828 898 gloriﬁcans

195 917 254 940 rete
276 914 321 940 vix
342 922 463 948 unquam
489 914 603 948 probata
625 918 676 940 est.
707 913 783 940 Tunc
803 912 884 947 302
910 915 984 938 certe
1000 919 1021 945 Β
1037 913 1229 941 universorum
1251 912 1426 939 Servatorem
1451 911 1593 939 Christum
1616 909 1761 938 Dominum
1779 914 1830 934 no—

195 959 327 992 lemporis
354 967 408 986 non
432 959 566 994 placebat,
596 967 658 986 cum
686 958 831 986 historiam
854 960 982 984 texeret:

194 1011 352 1039 quanquam
365 1006 490 1040 epistola,
507 1013 568 1040 quae
581 1005 702 1032 Simeoni
732 1004 893 1032 inscribitur
915 1003 941 1030 in
957 1010 984 1029 In

194 1054 271 1084 parte
287 1051 398 1078 concilii
416 1051 559 1086 Ephesini,
576 1051 688 1078 videtur
696 1051 730 1078 ad
746 1050 876 1077 Acacium
900 1049 985 1084 perti-

194 1102 276 1128 nere;
290 1103 350 1130 ane
374 1105 440 1123 vero
455 1098 589 1132 sequitur,
606 1097 701 1124 mutila
716 1101 768 1128 est,
786 1101 814 1123 et
830 1096 863 1123 ad
877 1095 984 1123 Simeo-

194 1149 257 1168 nem
272 1150 328 1169 non
339 1143 518 1178 singulariter
531 1143 604 1170 data.

229 1186 269 1213 Ad
292 1186 350 1214 haec
381 1187 461 1220 addo,
490 1188 608 1215 Leonem
634 1188 840 1223 imperatorem,
864 1195 926 1214 cum
951 1187 985 1214 de

194 1232 311 1259 concilio
322 1232 540 1261 Chalcedonensi
552 1234 585 1261 ad
602 1235 748 1269 episcopos
774 1235 880 1261 litteras
893 1233 982 1265 daret,

193 1278 338 1313 scripsisse
351 1286 461 1313 quoque
473 1279 506 1305 ad
518 1280 640 1307 illustres
654 1280 814 1310 monachos,
838 1284 865 1306 et
890 1279 916 1306 in
931 1279 987 1314 pri-

195 1325 248 1351 mis
260 1324 293 1351 ad
307 1325 495 1352 sanctissimos
510 1329 575 1357 tres,
593 1326 761 1357 Simeonem,
784 1326 928 1357 Iacobum,
958 1330 986 1352 et

195 1369 376 1402 Baradatum,
396 1371 430 1398 dc
455 1379 511 1406 quo
537 1376 579 1399 est
602 1365 685 1407 caput
720 1373 766 1405 ‘27,
793 1372 866 1408 quod
894 1371 987 1406 sequi-

196 1420 249 1443 Ι(11¹.

231 1462 301 1490 XXI.
315 1463 403 1498 Caput
419 1464 580 1491 vicesimum
606 1464 755 1499 septimum
769 1464 895 1492 continet
928 1463 987 1490 lan-

196 1508 245 1535 des
261 1509 400 1542 Baradati,
422 1511 469 1545 qui
487 1509 538 1538 fuit
551 1518 622 1538 unus
637 1510 671 1537 de
694 1510 783 1537 tribus
809 1509 988 1537 sanctissimis

195 1555 304 1586 ascetis,
334 1555 367 1582 ad
395 1563 465 1590 quos
495 1555 660 1583 nominatim
690 1559 824 1583 memorat
854 1555 987 1590 Evagrius

196 1601 338 1635 scripsisse
362 1600 481 1629 Leonem
506 1602 714 1636 imperatorem,
737 1601 772 1629 de
795 1609 877 1629 causa
895 1591 1022 1628 Timo-c

197 1645 254 1673 thei
270 1646 448 1674 Alexandrini
461 1652 488 1674 et
501 1648 612 1675 concilii
628 1647 870 1675 Chalcedonensis.

231 1692 327 1720 Exstat
353 1693 381 1720 in
404 1693 476 1720 libro
492 1693 632 1728 encyclico
660 1693 787 1720 Baradati
811 1692 990 1720 rescribentis

196 1738 323 1772 epistola,
339 1746 453 1774 magnte,
477 1739 525 1766 sed
543 1742 645 1766 sanctae
672 1739 857 1773 simplicitatis
885 1739 988 1773 plena:

197 1784 315 1810 aliorum
330 1784 448 1810 duorum
465 1783 563 1815 Iitterzc
576 1784 727 1818 perierunt.
747 1783 990 1818 Quanquam‘apud

198 1828 344 1863 Evagrium
365 1832 406 1855 est
418 1828 555 1855 Simeonis
569 1828 686 1863 epistola
701 1828 736 1855 ad
749 1828 879 1855 Basilium
895 1828 991 1855 Antio-

198 1873 328 1906 chenum,
356 1873 464 1900 Maximi
490 1874 526 1901 ob
550 1873 760 1901 fornicationem
785 1874 903 1908 depositi
927 1881 990 1901 sue-

198 1926 346 1951 ccssorcm,
362 1919 390 1946 in
407 1927 461 1953 qua
477 1919 507 1946 ﬁt
525 1919 630 1947 mentio
650 1919 741 1946 missa:
753 1919 868 1946 alterius
888 1919 921 1946 ad
938 1919 990 1946 im-

198 1970 232 1996 pe
236 1970 264 1989 ra
268 1967 325 1989 ῐοιρ
329 1971 355 1990 III
360 1983 366 1990 .

236 2009 318 2036 XXII.
332 2010 370 2038 De
393 2010 541 2042 Thalelaeo,
562 2011 641 2046 cujus
656 2010 814 2038 encomium
840 2010 931 2045 capite
956 2010 992 2038 28

199 2055 328 2088 habetur,
352 2057 420 2084 nihil
435 2057 639 2084 observandum
661 2057 783 2090 videtur,
809 2057 862 2085 nisi
880 2057 940 2084 leve
956 2057 991 2084 il-

199 2102 256 2135 Iud,
282 2103 426 2130 inclusisse
439 2111 468 2131 se
486 2111 583 2138 nempe
609 2103 764 2130 admirabili
791 2104 837 2131 illa
863 2105 991 2132 machina

198 2148 368 2176 clathrorum
386 2149 412 2176 in
425 2157 529 2176 morem
547 2149 628 2180 facta,
647 2157 719 2176 anno
728 2149 790 2176 43L
818 2150 847 2176 In
873 2158 905 2177 ea
916 2151 991 2177 enim

198 2199 327 2230 exegerat
353 2196 435 2231 ‘jam
463 2195 559 2223 decem
587 2203 685 2228 annos,
710 2203 772 2223 cum
798 2195 991 2224 Theodoretus

199 2241 345 2268 scriberet.

234 2287 328 2314 XXIII.
343 2287 459 2322 Reliqua
474 2287 529 2315 duo
543 2288 640 2323 .capita
655 2287 819 2315 feminarum
832 2288 992 2321 trium,Ma-

199 2339 282 2364 ranaa,
293 2333 380 2368 Cyrae,
393 2337 421 2360 et
434 2333 575 2360 Domninaz
588 2334 751 2368 stupendam
765 2334 990 2361 exercitationem

200 2376 370 2404 describunt.
389 2377 557 2405 Habitabant
568 2378 649 2405 simul
663 2378 769 2413 priores
789 2378 861 2410 dum,
875 2382 903 2405 et
913 2386 992 2406 exer-

200 2422 257 2450 ceri
284 2427 425 2458 emperant
446 2423 501 2458 jam
521 2423 585 2450 inde
610 2423 645 2450 ab
665 2431 737 2450 anno
752 2423 813 2450 402.
838 2423 901 2450 Erat
917 2423 991 2450 enim

200 2468 426 2503 quadragesimus
442 2469 581 2496 secundus
592 2469 799 2496 exercitationis
814 2477 914 2501 annus,
927 2477 990 2496 cum

201 2514 336 2542 scriberet
346 2514 548 2542 Theodorctus.

238 2560 370 2588 Domnina
380 2569 441 2588 cum
452 2561 673 2588 solerctadvenis
683 2560 837 2588 necessaria
845 2560 878 2587 ad
889 2561 992 2588 victum

201 2606 337 2639 sulliecre,
355 2607 529 2634 Theodoreto
542 2607 576 2634 ad
589 2614 649 2633 eam
666 2611 772 2641 partem
787 2607 919 2638 venienti,
932 2615 993 2641 qum

202 2653 348 2688 Cyrcstica:
365 2654 470 2688 regioni
487 2653 520 2680 ad
543 2657 667 2680 austrum
685 2652 736 2679 sita
752 2657 804 2683 est,
822 2661 831 2678 ‹
849 2657 877 2679 et
895 2660 991 2686 panes,

202 2704 230 2727 et
247 2700 403 2732 fructus,ct
418 2700 519 2727 lentem
539 2699 718 2726 madefactam
742 2698 879 2725 mittebat.
900 2708 909 2724 ι
932 2698 991 2725 Non

203 2746 256 2773 alia
274 2746 368 2778 procul
386 2745 472 2772 dubio
496 2745 530 2772 de
557 2753 650 2776 causa,
669 2752 751 2779 quam
771 2744 836 2778 quia
859 2744 903 2771 his
920 2745 993 2773 vesci

1036 964 1134 987 strunl.
1152 968 1161 985 ι

1194 1030 1273 1066 303
1286 1030 1299 1066 ᾗ
1313 1031 1356 1058 IV.
1371 1030 1462 1058 Oratio
1474 1029 1505 1055 dc
1520 1029 1658 1056 cli/tritate.

1072 1098 1093 1125 Ι.
1125 1098 1206 1126 Ducit
1243 1098 1387 1125 exordium
1412 1102 1510 1125 auctor
1539 1096 1573 1122 ab
1591 1095 1667 1122 hisce
1701 1092 1794 1119 verbis
1821 1099 1828 1118 ;

1041 1153 1049 1169 ι
1065 1144 1165 1176 Quanti
1180 1143 1235 1171 sint
1250 1144 1361 1171 virtutis
1371 1144 1491 1175 athletm,
1506 1147 1623 1177 etquam
1640 1139 1745 1171 multis,
1759 1145 1828 1172 qua-

1037 1190 1164 1224 libusque
1183 1190 1296 1217 coronis
1313 1189 1446 1225 fulgeant,
1465 1188 1610 1224 perspicue
1627 1186 1661 1213 de
1679 1184 1732 1212 illis
1747 1191 1762 1211 a
1779 1191 1830 1210 no-

1037 1235 1080 1262 bis
1091 1235 1256 1270 conscriptze
1274 1235 1451 1262 narrationes
1468 1235 1578 1262 docent.
1599 1243 1608 1258 ι
1625 1232 1657 1259 Ει
1672 1231 1754 1266 paqu
1765 1234 1829 1256 ante

1038 1281 1120 1309 ﬁnem
1136 1290 1142 1308 ε
1162 1291 1170 1307 ι
1187 1282 1273 1317 llujus
1282 1281 1499 1317 pulchritudinis
1514 1287 1607 1308 amore
1617 1278 1690 1313 capti
1703 1280 1830 1304 recentes

1037 1329 1148 1356 virtutis
1169 1328 1290 1360 athleuc,
1309 1336 1428 1363 quorum
1450 1336 1466 1355 ιι
1493 1327 1573 1355 nobis
1587 1324 1753 1360 compendio
1767 1323 1829 1350 Vita

1038 1374 1177 1409 descripta
1191 1379 1243 1405 est.
1263 1374 1296 1401 ad
1306 1382 1402 1409 magna
1418 1375 1463 1401 illa
1480 1378 1605 1401 naturam
1619 1372 1766 1399 humanam
1780 1377 1829 1396 ex-

1038 1420 1165 1447 cedentia
1186 1419 1315 1455 prodiere
1337 1419 1499 1447 certamina.
1514 1428 1522 1444 ι
1541 1418 1599 1445 Sub
1623 1417 1744 1444 medium
1759 1415 1830 1442 allu-

1038 1466 1107 1494 dens
1126 1466 1160 1493 ad
1174 1474 1275 1493 nomen
1287 1486 1294 1498 ,
1315 1473 1371 1500 quo
1395 1465 1556 1501 Religiosum
1581 1464 1720 1491 historiam
1734 1462 1832 1490 inscri-

1038 1516 1154 1547 pserat:
1175 1521 1184 1537 ‹
1210 1511 1262 1545 Qui
1278 1511 1363 1547 igitur
1382 1519 1447 1539 vere
1475 1516 1517 1538 est
1541 1510 1739 1546 philosophus,
1762 1509 1785 1535 is
1804 1512 1832 1535 et

1039 1557 1198 1592 philotheus
1209 1558 1270 1591 jure
1284 1557 1439 1591 appelletur
1455 1557 1488 1582 "°.
1505 1566 1513 1582 ι

1073 1603 1106 1630 Il.
1122 1603 1187 1630 Inde
1209 1608 1318 1630 constat
1340 1603 1469 1630 eumdem
1490 1610 1551 1629 esse
1575 1606 1719 1629 auctorem
1742 1599 1833 1627 Philo-

1040 1650 1091 1676 tlm'
1104 1657 1136 1676 ac
1146 1649 1280 1676 Sermonis
1296 1649 1326 1675 de
1345 1650 1485 1679 charilntr,
1499 1656 1600 1683 nempe
1613 1646 1831 1674 Theodoretnm.

1039 1694 1152 1722 Constat
1168 1699 1196 1722 et
1210 1694 1363 1722 Sermonem
1382 1700 1444 1729 post
1459 1694 1626 1721 Philol/tcum
1645 1692 1832 1727 conscriptum

1038 1748 1110 1772 esse,
1127 1744 1210 1775 atque
1230 1740 1267 1767 ita
1280 1740 1331 1775 ipsi
1345 1747 1399 1766 non
1415 1741 1464 1767 abs
1478 1748 1506 1767 re
1520 1740 1547 1766 in
1559 1738 1725 1774 quibusdam
1738 1744 1832 1764 exem-

1039 1787 1164 1822 plaribus
1175 1787 1274 1822 subjici
1289 1787 1310 1802 “
1330 1796 1336 1813 :
1354 1786 1489 1820 siquidem
1506 1793 1616 1812 causam
1634 1783 1832 1818 ostendat,qua

1040 1832 1151 1867 impulsi
1163 1832 1342 1859 admirabiles
1358 1832 1397 1858 illi
1413 1832 1465 1858 viri
1479 1831 1512 1858 ad
1524 1830 1674 1858 certamina
1685 1829 1833 1856 humanam

1039 1882 1168 1905 naturam
1177 1877 1338 1909 excedentia
1357 1877 1521 1912 prodierint.

1077 1924 1121 1951 Ill.
1136 1923 1200 1950 Fuit
1215 1928 1306 1951 tamen
1324 1924 1411 1951 altera
1433 1923 1515 1951 etiam
1536 1922 1674 1950 scribendi
1693 1929 1786 1953 causa,
1803 1924 1834 1948 ut

1040 1969 1223 1996 constantiam
1239 1969 1324 1996 animi
1341 1969 1394 2001 sui,
1417 1969 1483 1996 dum
1499 1968 1687 1996 calamitatum
1702 1967 1774 1994 mole
1785 1966 1835 1993 ob-

1040 2018 1178 2047 rueretur,
1186 2022 1241 2042 non
1249 2018 1403 2042 ascetarum
1412 2014 1504 2046 modo,
1516 2014 1563 2041 sed
1573 2018 1730 2041 sanctorum
1739 2013 1832 2043 etiam,

1040 2069 1159 2096 quorum
1189 2061 1333 2096 Scriptura
1372 2060 1504 2092 meminitl
1549 2060 1694 2094 ipsiusque
1727 2058 1831 2086 Christi

1040 2106 1173 2142 exemplis
1183 2110 1362 2134 sustentaret.
1373 2105 1442 2132 Hinc
1451 2105 1581 2132 laudibus
1590 2104 1698 2131 extollit
1710 2103 1833 2137 ipsorum

1041 2151 1306 2187 magnanimitatem,
1321 2151 1348 2178 in
1363 2151 1540 2184 carceribus,
1557 2150 1665 2182 exsilio,
1677 2148 1832 2180 calumniis,

1041 2198 1302 2233 direptionibusque
1327 2197 1464 2224 bonorum
1487 2196 1677 2231 perpetiendis
1695 2194 1832 2223 alacriter.

1043 2249 1156 2279 propter
1185 2244 1330 2272 charitatis
1353 2244 1500 2275 ardorem,
1535 2251 1591 2278 quo
1622 2242 1782 2269 ferebantur
1806 2241 1833 2267 in

1044 2290 1141 2317 Deum.
1161 2289 1230 2316 Ilinc
1249 2293 1277 2316 et
1298 2289 1399 2324 seipse,
1422 2289 1546 2328 aliosque
1573 2291 1717 2315 consortes
1731 2286 1783 2313 sub
1802 2286 1833 2312 ﬁ-

1043 2343 1107 2362 nem
1132 2335 1269 2366 hortatur,
1287 2344 1295 2360 ι
1315 2338 1344 2361 ιιι
1373 2335 1448 2361 hunc
1477 2333 1679 2368 amplectantur
1702 2338 1833 2360 amorem,

1045 2380 1194 2416 sponsique
1212 2379 1420 2414 pulchritudine
1443 2378 1546 2410 illecti,
1577 2382 1606 2405 et
1635 2375 1834 2412 promissorum

1045 2426 1181 2453 bonorum
1207 2425 1346 2452 desiderio
1361 2425 1446 2460 capti,
1470 2423 1721 2458 beneﬁciorumque
1745 2421 1836 2449 multi-

1045 2471 1170 2499 tudinem
1196 2474 1366 2501 rcverentcs,
1393 2474 1421 2497 et
1438 2469 1646 2505 ingratitudinis
1662 2476 1757 2503 ptenas
1778 2475 1835 2494 mc-

1046 2521 1166 2548 tuentes,
1182 2520 1306 2544 amantes
1323 2516 1370 2543 Dei
1390 2516 1537 2551 legumque
1558 2515 1645 2550 ipsius
1664 2513 1793 2541 custodes
1807 2520 1835 2540 se

1045 2561 1194 2596 prmbeant.
1210 2569 1219 2585 ι

1082 2607 1126 2634 IV.
1143 2607 1182 2634 Ex
1193 2606 1236 2633 his
1254 2610 1378 2641 apparet,
1391 2605 1465 2641 quod
1481 2609 1509 2633 et
1523 2605 1635 2632 aliunde
1648 2608 1764 2635 constat,
1777 2610 1837 2630 ora-

1046 2653 1149 2680 tionem
1179 2653 1258 2680 istam
1282 2652 1462 2687 compositam
1487 2659 1547 2679 esse
1572 2655 1635 2686 post
1662 2649 1835 2678 latrocinium

1047 2699 1227 2733 Ephesinum,
1238 2698 1291 2725 hoc
1302 2702 1354 2729 est,
1368 2697 1420 2725 sub
1442 2697 1524 2724 ﬁnem
1536 2696 1600 2724 anni
1613 2696 1676 2727 M9,
1695 2699 1742 2722 aut
1758 2694 1835 2721 initio

1047 2745 1198 2778 sequentis.
1219 2744 1326 2770 Missam
1339 2743 1438 2778 opinor
1452 2743 1486 2769 ad
1501 2742 1615 2771 amicos,
1632 2749 1702 2776 qtlos
1722 2747 1777 2767 sna!
1796 2746 1838 2766 so-

871 2803 1031 2832 SCIIULZII
1054 2803 1169 2830 ΝΟΤΛιΣ.

241 2860 318 2897 [Id
341 2860 410 2897 Ιι.ηΙ.
426 2862 480 2888 viti.
500 2862 609 2896 aninii
628 2861 750 2888 Biblioth.
769 2866 839 2887 auct.
856 2861 983 2897 Melus.”

1047 2883 1054 2894 ,
1069 2869 1095 2897 p.
1115 2861 1172 2887 100.
1207 2862 1227 2876 ³³
1243 2861 1430 2897 Supplemlum
1452 2869 1511 2887 (‘sso
1528 2860 1635 2887 videtur
1655 2867 1705 2885 non
1726 2857 1836 2884 υἱώ-ἔνια.

206 2895 228 2911 ⁵⁸
242 2895 301 2923 Vid.
325 2899 344 2922 ι.
369 2896 412 2929 ΙΙΙ,
435 2905 461 2931 p.
487 2895 562 2925 ὶῦΙΙ.
602 2896 621 2911 ¹’¹
637 2897 695 2924 Yid.
718 2905 810 2932 supra,
832 2905 857 2932 p.
879 2896 1005 2932 Ἔλιξ-Ι.
