1967 3047
112 183 173 216 ’253

709 187 758 216 DE
774 187 901 217 LIBRIS
921 188 1101 218 THEODOR
1107 187 1172 217 E'l‘l.

1709 184 1763 216 254

120 241 207 268 cietas
233 242 315 266 sortis
339 242 367 265 et
390 236 595 266 commiseratio
623 239 767 274 tangebat,
792 244 822 266 ut
845 233 912 274 ipsis
928 247 947 274 Α
963 242 1057 270 codice
1077 243 1172 270 Grzeco
1186 248 1278 268 versas
1291 240 1438 267 Annalibus
1457 239 1585 273 inseruit,
1607 240 1696 268 sieubi
1715 242 1762 269 lux

120 285 306 314 constantiam
322 285 448 312 suaderet
465 306 472 318 ,
496 285 542 312 vel
556 293 584 313 se
601 285 680 312 malis
694 286 828 314 invictum
850 293 913 321 pro-

120 331 208 359 baret.

156 376 189 404 Υ.
207 375 286 403 Edita
300 380 345 403 est
356 375 476 410 primum
491 376 583 403 Roma:
596 384 668 403 anno
686 375 753 403 l580
766 384 781 403 a
791 375 915 403 Gerardo

121 421 220 448 Vossio
234 421 327 448 Grzece
342 425 370 448 et
385 421 489 453 Latine,
502 422 549 456 qui
561 425 588 448 et
604 421 743 449 variantes
751 421 839 449 Grzcei
856 425 915 448 tex-

124 471 171 494 tus
190 467 335 499 lectiones,
352 467 512 502 scholiaque
525 467 659 503 adjunxit.
676 467 836 495 Versionem
849 467 917 494 Vos—

123 513 157 540 sii
176 514 309 548 expolivit
329 513 504 546 Sirmondus,
525 513 621 548 paucis
640 514 789 541 admodum
803 533 809 545 ,
827 513 915 540 sicubi

125 561 239 589 Vossius
254 571 268 589 a
284 562 378 589 (ineco
395 562 553 595 deﬂexerat,
566 563 689 590 mutatis.
778 552 780 556 Υ

161 608 206 635 Vl.
235 608 265 635 In
291 608 344 635 hoc
367 616 461 643 opere,
492 609 565 643 quod
591 609 756 643 eloquentia:
774 609 915 644 specimen

126 653 264 688 quoddam
284 658 340 686 est,
368 655 437 681 nihil
460 655 571 690 quidem
596 655 719 682 historia:
746 655 915 687 continetur,

127 700 201 735 quod
216 701 346 727 lectorem
362 701 481 732 erudiat.
497 701 545 728 sed
566 705 665 736 praeter
692 701 832 728 incentiva
860 701 918 736 pie-

127 747 202 778 tatis,
222 746 324 781 quibus
349 746 480 773 refertum
506 751 558 779 est,
576 747 603 774 id
618 747 701 774 habet
725 747 860 782 dogmatis
884 747 918 774 de

127 791 220 822 Petro,
238 791 283 818 cui
306 791 423 826 loquens
435 791 562 818 Christus
574 791 714 819 inducitur
724 791 746 807 "
765 800 771 818 :
792 801 800 817 ι
815 791 917 824 Quem<

126 837 274 864 admodum
293 845 344 872 ego
356 841 381 864 te
396 836 571 865 fluctuantem
590 845 644 864 non
662 837 784 872 despexi,
802 838 839 864 ita
851 842 877 864 et
889 842 918 864 tu

126 883 344 909 sustentaculum
370 887 430 909 esto
449 882 580 910 fratribus
607 883 797 916 conturbatis;
822 887 919 918 etquo

125 930 251 954 servatus
267 935 297 954 es
314 927 429 959 auxilio,
452 928 504 955 hoc
522 928 578 962 ipsc
605 928 666 955 aliis
682 928 845 964 impertire;
871 936 919 955 ne-

125 979 178 1006 que
195 972 367 999 labaseentes
393 972 526 1007 impeilas,
545 973 592 1000 sed
609 974 683 1009 erige
709 973 895 1008 periclitantes
910 982 916 1000 :

126 1017 228 1044 idcirco
241 1018 315 1044 enim
330 1022 358 1045 et
372 1022 397 1046 te
412 1018 504 1046 labare
516 1019 587 1051 sino,
603 1024 630 1046 et
658 1020 757 1047 cadere
782 1028 837 1046 non
852 1027 917 1054 per—

125 1063 216 1095 mitto,
231 1063 312 1099 30!.I
334 1064 511 1091 stabilitatem
528 1073 576 1100 per
597 1069 622 1092 te
643 1065 840 1093 fluctuantibus
853 1073 918 1100 pro-

125 1116 235 1136 curans.
251 1109 297 1135 Sic
323 1109 418 1136 orbem
436 1113 572 1136 terrarum
597 1110 757 1137 universum
782 1109 918 1136 ﬂuctuan-

126 1158 192 1184 tem,
209 1158 291 1188 atque
306 1153 445 1181 labantem
467 1146 565 1189 magna
593 1155 651 1182 bzee
667 1154 793 1181 columna
816 1153 918 1181 contir-

125 1199 219 1231 mavit,
237 1203 265 1226 et
286 1204 316 1226 ut
329 1203 472 1226 eorrueret
491 1199 614 1231 omnino,
627 1207 682 1226 non
704 1198 849 1234 permisit;
870 1198 918 1225 sed

123 1245 211 1272 erexit
222 1265 228 1277 ,
254 1244 435 1280 stabilemque
451 1244 586 1277 reddidit;
602 1252 668 1271 oves
683 1244 791 1271 divinas
807 1251 918 1278 pascere

121 1289 225 1324 jussus,
241 1299 250 1314 ›
267 1293 320 1316 etc.

163 1334 215 1361 \‘Il.
237 1334 299 1361 lltec
321 1333 355 1360 de
379 1333 470 1370 Petro_
485 1333 632 1365 sententia,
650 1337 679 1360 ut
703 1337 745 1361 est
766 1333 854 1361 amnis
874 1333 917 1366 iis,

125 1387 185 1414 qua:
203 1379 230 1406 in
247 1379 364 1414 epistola
386 1380 437 1406 113
459 1380 638 1414 appellatoria
655 1379 689 1406 ad
704 1379 918 1407 sanctum'Leo-

125 1433 188 1453 nem
214 1426 361 1458 habentur,
382 1426 420 1453 ita
449 1434 505 1452 non
532 1425 649 1453 obscure
675 1425 797 1452 ostendit
820 1425 919 1452 eodem

126 1472 183 1500 fere
207 1476 329 1507 tempore
351 1477 380 1500 et
396 1473 550 1500 orationem
572 1477 599 1500 et
621 1472 765 1507 epistolam
787 1471 919 1507 scriptam

125 1527 196 1547 0556.

163 1565 230 1592 Vlll.
248 1565 309 1592 Non
324 1569 365 1592 est
383 1564 605 1600 prmtereundum
631 1563 752 1597 silentio,
780 1563 854 1598 quod
881 1568 919 1590 ta-

969 287 1033 314 indc
1061 287 1181 314 historiae
1207 285 1346 312 aﬂ‘ercnda
1375 285 1436 312 fuit.
1455 285 1572 312 Metiana
1600 285 1691 312 versio
1706 293 1762 312 non

968 336 1079 363 exstat,
1101 331 1198 358 melior
1222 331 1365 358 successit.
1390 331 1458 358 Nam
1484 329 1647 358 Sirmondus
1675 331 1762 358 altera

969 382 1046 413 parte
1061 377 1125 404 tomi
1141 377 1213 405 tertii
1226 381 1337 404 centum
1352 377 1532 412 quadraginta
1546 381 1651 411 septem
1663 377 1760 410 edidit,

969 429 1038 456 quas
1061 429 1095 449 ex
1118 421 1272 456 copiosiore
1299 422 1353 449 alio
1379 422 1473 450 codice
1498 422 1630 449 Vaticano
1649 422 1763 450 Latinas

970 467 1044 495 fecit.
1589 496 1593 501 μ

1006 513 1051 540 lll.
1074 513 1184 541 Addere
1201 514 1291 549 potuit
1308 514 1342 541 ad
1358 521 1438 541 suum
1456 522 1603 541 numerum
1617 515 1683 542 alias
1696 519 1762 547 tres,

971 567 1040 595 quas
1061 561 1158 595 rejeeit
1172 560 1199 587 in
1215 559 1396 595 appendicem
1408 560 1475 588 tomi
1487 560 1530 593 IV;
1545 568 1626 587 unam
1639 560 1671 587 ad
1693 560 1763 595 Spo-

971 605 1076 632 racium
1085 605 1118 632 de
1131 605 1259 633 Nestorio
1272 605 1312 638 “;
1330 605 1444 632 alteram
1459 605 1492 632 ad
1504 606 1636 632 Joannem
1649 606 1763 633 Germa—

971 650 1051 678 nicize
1062 651 1222 686 episcopum
1234 651 1274 683 “;
1294 651 1404 678 tertiam
1418 651 1451 678 ad
1466 651 1598 678 Joannem
1613 651 1764 679 Antioche-

972 703 1038 722 num
1052 696 1084 727 ⁸⁷,
1100 703 1159 730 quas
1170 695 1435 730 reprehensionibus
1451 696 1573 730 capitum
1588 695 1682 731 Cyrilli
1697 704 1765 731 pne-

972 741 1095 777 ponitur,
1105 749 1259 776 quanquam
1273 741 1361 775 prima
1371 741 1545 776 supposititia
1559 745 1610 768 est.

1009 786 1051 813 ιν.
1068 786 1199 813 Omisisse
1216 786 1337 819 videtur,
1365 792 1423 814 tum
1447 794 1515 822 quas
1531 786 1644 813 Latinas
1658 790 1764 814 tantum

974 832 1087 866 reperit,
1101 831 1236 866 siquidem
1251 832 1398 859 accurabat
1410 832 1561 859 editionem
1576 831 1764 859 Gnaeo—Lati-

973 885 1056 910 nam;
1074 882 1130 904 tum
1154 886 1222 912 quas
1244 878 1335 905 alieno
1360 878 1472 904 nomine
1487 877 1679 905 Theodorctus
1695 877 1765 905 scri-

937 922 1048 957 Bpsit,
1083 923 1236 957 cujusmodi
1265 927 1307 950 est
1341 923 1375 950 ad
1403 923 1505 951 Rufum
1536 923 1765 951 Thessalonicen-

972 976 1040 999 sem,
1054 971 1108 995 etc.

1007 1014 1088 1049 305
1100 1016 1129 1043 ν.
1141 1015 1242 1042 Omnes
1256 1024 1306 1050 ego
1318 1016 1554 1050 rcprzescntandas
1565 1016 1657 1048 credo,
1667 1017 1765 1051 partim

972 1068 1006 1087 ne
1018 1060 1082 1094 quid
1100 1061 1206 1088 auctori
1221 1069 1271 1088 suo
1285 1062 1457 1095 detrahatur;
1474 1062 1585 1097 partiti),
1609 1067 1636 1089 et
1657 1071 1691 1089 eo
1706 1063 1767 1097 qui-

973 1107 1035 1134 dem
1050 1107 1177 1138 maxime,
1192 1107 1266 1142 quod
1281 1108 1414 1135 addenda:
1426 1108 1481 1134 sint
1496 1108 1601 1143 plures,
1617 1109 1675 1136 sive
1698 1117 1767 1143 quas

973 1153 1107 1180 Mercator
1124 1152 1241 1180 inseruit
1252 1153 1310 1180 suis
1328 1153 1514 1185 collectaneis,
1533 1155 1591 1181 sive
1604 1163 1665 1189 qua:
1676 1154 1702 1181 in
1716 1158 1768 1182 ter-

974 1198 1017 1225 tim
1027 1202 1054 1224 et
1069 1197 1172 1232 quintae
1189 1198 1285 1232 synodi
1299 1197 1374 1225 Actis
1389 1199 1576 1233 reperiuntur.

1010 1243 1052 1270 Vl.
1068 1243 1162 1270 Visum
1177 1250 1287 1278 quoque
1301 1247 1343 1270 est
1361 1243 1386 1269 id
1409 1248 1551 1278 praestare,
1568 1244 1642 1279 quod
1670 1244 1716 1272 alii
1738 1244 1766 1272 in

973 1287 1138 1323 colligendis
1150 1288 1267 1315 aliorum
1286 1288 1451 1322 scriptorum
1467 1288 1592 1322 epistolis
1606 1289 1706 1322 solent,
1717 1289 1766 1316 da-

974 1337 1016 1362 tas
1041 1335 1146 1362 scilicet
1165 1334 1199 1361 ad
1231 1333 1435 1362 Theodoretum
1459 1334 1582 1362 inserere
1608 1344 1614 1362 :
1636 1335 1663 1362 id
1691 1335 1767 1362 enim

973 1380 1096 1408 historire
1120 1388 1175 1407 non
1194 1380 1371 1408 mediocriter
1386 1380 1515 1415 prodest;
1531 1389 1689 1416 quanquam
1703 1381 1767 1409 inde

973 1435 1029 1454 non
1043 1427 1189 1462 augebitur
1200 1426 1348 1454 admodum
1360 1427 1545 1462 Epistolarum
1557 1427 1636 1460 liber,
1649 1435 1713 1455 cum
1723 1427 1768 1455 vix

974 1477 1031 1500 tres
1045 1477 1092 1500 aut
1106 1477 1225 1508 quatuor
1238 1473 1361 1508 reperire
1372 1473 1520 1508 potuerim.

1009 1520 1064 1548 γη.
1078 1520 1136 1547 Etsi
1148 1528 1231 1555 porro
1242 1519 1367 1547 ordinem
1381 1528 1583 1554 numerumque
1596 1529 1611 1548 a
1622 1521 1770 1549 Sirmondo

974 1566 1155 1592 constitutum
1165 1565 1291 1599 religiose
1307 1565 1482 1592 retinendum
1500 1570 1577 1600 puto,
1592 1566 1691 1600 partim
1707 1574 1770 1601 pro-

127 1620 190 1638 men
216 1620 297 1639 nemo
315 1619 370 1638 non
395 1614 486 1646 potest
506 1611 578 1637 inter
594 1610 740 1645 legendum
760 1610 918 1641 observare,
934 1611 955 1640 (ζ
972 1617 1034 1646 pter
1051 1611 1154 1638 citandi
1172 1619 1252 1638 usum
1277 1612 1312 1638 ab
1334 1611 1453 1639 eruditis
1476 1617 1634 1646 receptum:
1651 1613 1768 1640 alterum

128 1657 156 1684 in
183 1658 234 1684 hac
258 1658 381 1685 oratione
409 1656 550 1684 charitalis
566 1660 705 1688 naturam,
722 1655 918 1691 przestantiam,

128 1702 236 1734 effecta,
249 1707 276 1730 et
286 1703 397 1729 causas‘
411 1701 521 1736 copiose
530 1700 646 1736 experti;
662 1701 765 1727 nullam
777 1705 867 1728 tamen
879 1700 921 1727 in-

130 1754 172 1776 ter
193 1756 290 1776 causas
312 1747 479 1775 mentionem
501 1747 559 1774 ﬁeri
581 1746 675 1782 gratiae
696 1746 848 1778 interioris,
867 1753 920 1781 qua

129 1793 295 1821 diffunditur
312 1793 432 1820 Charitas
450 1792 477 1819 in
499 1792 630 1819 cordibus
653 1791 755 1819 nostris
779 1800 794 1826 ᾳ
816 1791 921 1826 Spiritu

130 1845 234 1872 sancto,
253 1839 300 1866 sed
314 1839 473 1866 memoriam
482 1838 615 1865 duntaxat
629 1841 804 1872 acceptorum
819 1836 922 1864 benefi-

131 1879 246 1919 ciorum,
260 1885 449 1920 exemplorum
462 1884 564 1912 Christi
577 1888 605 1911 et
619 1889 789 1916 sanctorum,
804 1883 923 1918 promis-

131 1933 239 1960 sionum
257 1937 284 1960 et
300 1932 402 1967 legum,
417 1940 477 1966 qua:
488 1931 627 1966 pertinent
641 1930 734 1957 omnia
751 1929 785 1957 ad
807 1929 922 1965 gratiam

131 1979 216 2006 solam
231 1978 299 2014 legis
317 1981 346 2005 et
359 1977 501 2005 doctrinae.
515 1976 616 2004 Verum
631 1975 665 2003 de
682 1976 736 2003 hoc
750 1975 921 2012 diligentius,

132 2031 193 2052 cum
207 2024 241 2052 de
261 2024 315 2051 ﬁde
335 2022 501 2051 Theodoreti
520 2022 638 2050 dicetur.

336 2091 350 2128 §
367 2092 399 2119 ν.
412 2090 540 2126 Epistola:
551 2091 713 2118 Theodoreti.

167 2158 188 2186 l.
200 2158 372 2194 Nicephorus
388 2157 517 2185 Callistus
536 2156 633 2184 scribit
643 2163 673 2184 se
684 2156 815 2191 epistolas
831 2155 923 2184 Theo-

133 2204 222 2232 doreti
245 2212 327 2239 supra
349 2203 513 2238 quingentas
538 2206 650 2230 nactum
670 2209 741 2235 esse,
768 2210 871 2237 easque
896 2205 924 2229 et

132 2251 235 2286 optime
250 2254 278 2277 et
292 2249 326 2277 ad
343 2249 430 2276 Graeci
454 2248 591 2276 sermonis
603 2248 722 2275 nitorem
745 2247 921 2282 compositas.

133 2296 270 2327 Dubium,
286 2303 321 2322 an
335 2299 442 2322 certum
458 2302 604 2322 numerum
627 2293 771 2328 designare
794 2293 923 2326 voluerit,
939 2283 964 2312 υ

133 2346 180 2370 aut
192 2342 356 2378 quingentas
366 2341 478 2373 dixerit,
493 2348 548 2375 quo
564 2347 639 2367 more
653 2339 744 2366 Latini
760 2340 849 2367 solent
863 2348 925 2367 sex-

133 2393 229 2416 centas
252 2395 302 2422 pro
319 2387 455 2422 plurimis,
476 2393 593 2421 quarum
607 2393 741 2413 numerus
760 2385 804 2412 vix
817 2385 926 2412 deliniri

133 2438 227 2469 queat.
251 2433 318 2461 Utut
327 2437 380 2466 est,
401 2433 502 2460 multas
525 2436 632 2460 constat
659 2432 785 2467 periisse,
808 2439 925 2466 quarum

134 2480 326 2508 Theodoretus
351 2481 409 2515 ipse
427 2480 563 2507 meminit.
591 2480 736 2506 Perierunt
755 2483 841 2512 certe,
857 2486 926 2514 quas

134 2526 279 2561 scripsisse
295 2534 325 2553 se
350 2525 433 2552 tradit
457 2529 486 2552 et
501 2525 534 2552 ad
559 2524 701 2560 Cyrillum,
718 2529 746 2552 et
769 2525 803 2552 ad
825 2532 925 2560 anony-

136 2580 210 2600 mum
226 2572 260 2604 ⁸⁸,
276 2571 320 2598 cui
331 2571 462 2606 legendos
475 2570 731 2598 Commentariosin
746 2571 860 2597 Paulum
874 2570 925 2597 mi-

134 2618 253 2650 serat“,
271 2622 299 2644 et
311 2617 345 2644 ad
358 2616 544 2652 Eugraphiam
575 2620 604 2643 et
627 2615 661 2643 ad
676 2616 838 2644 Dioscorum
852 2617 922 2650 duze,

133 2668 188 2692 etc.

171 2709 203 2737 ll.
218 2709 315 2736 Plures
326 2708 461 2736 Baronius
475 2716 491 2735 a
503 2707 635 2735 Fedcrico
650 2707 732 2736 tletio
747 2716 781 2736 ex
793 2709 925 2737 Vaticano

973 1662 1064 1684 tamen
1086 1657 1279 1693 chronologica
1301 1657 1413 1692 synopsi
1435 1658 1622 1685 exhibendum
1647 1667 1720 1691 reor,
1739 1663 1769 1686 ut

972 1702 1036 1730 inde
1049 1703 1137 1738 majus
1150 1703 1242 1730 lumen
1255 1703 1378 1731 historitc
1388 1703 1557 1732 aﬂ‘undatur.
1572 1705 1677 1739 Aliqua:
1692 1710 1767 1737 sunt,

972 1749 1070 1782 fateor,
1089 1749 1122 1776 de
1140 1749 1242 1784 quibus
1253 1750 1336 1777 statui
1346 1750 1391 1777 vix
1406 1751 1521 1785 aliquid,
1541 1755 1589 1778 aut
1606 1751 1701 1783 refert,
1722 1755 1770 1778 aut

972 1795 1056 1822 etiam
1070 1800 1167 1830 potest.
1184 1795 1251 1823 Tres
1265 1799 1356 1822 autem
1371 1797 1544 1824 characteres
1555 1797 1582 1824 in
1593 1797 1709 1832 singulis
1721 1798 1771 1825 ob-

973 1839 1123 1867 servandos
1138 1840 1231 1873 credo,
1244 1841 1320 1873 anni,
1335 1841 1399 1868 festi
1418 1846 1445 1869 et
1459 1850 1592 1876 personae.
1613 1843 1686 1870 Festi
1700 1843 1768 1875 dixi,

973 1891 1086 1921 propter
1101 1887 1284 1914 heortasticas
1294 1908 1300 1920 ,
1317 1896 1386 1923 quas
1399 1889 1532 1923 plurimas
1544 1889 1655 1924 scripsit
1673 1890 1770 1917 amicis

974 1933 1008 1960 de
1019 1937 1149 1967 ηψπ-αλια
1161 1938 1287 1968 peractos
1303 1933 1362 1961 dies
1374 1934 1459 1961 festos
1467 1935 1664 1969 gratularetur.

1009 1979 1076 2006 Vlll.
1105 1979 1237 2006 Distrihui
1259 1979 1404 2007 commode
1426 1985 1543 2015 possunt
1558 1989 1664 2014 omnes,
1679 1983 1769 2017 quoad

973 2030 1100 2052 nostrum
1115 2025 1267 2060 negotium,
1281 2025 1350 2053 duas
1362 2026 1390 2052 in
1404 2022 1495 2060 partes
1510 2026 1542 2058 ⁵⁸,
1561 2027 1767 2060 historicarum,

975 2076 1004 2099 et
1027 2071 1307 2098 non—historicarum.
1330 2071 1480 2099 Historieas
1508 2071 1580 2104 dico,
1608 2080 1679 2107 quae,
1707 2081 1770 2100 cum

975 2116 1095 2144 habeant
1123 2117 1255 2152 temporis
1276 2121 1461 2152 autpersona:
1485 2123 1596 2150 notam.
1615 2119 1770 2146 conducere

975 2167 1090 2197 possunt
1105 2163 1140 2189 ad
1158 2162 1324 2190 Theodoreti
1351 2163 1554 2190 ecclesiasticas
1580 2163 1768 2190 illustrandas.

975 2207 1033 2234 Hoc
1050 2214 1150 2241 genere
1161 2207 1330 2241 dogmatieas
1347 2215 1458 2242 quoque
1473 2208 1653 2242 complector.

1011 2251 1056 2278 ΙΧ.
1073 2251 1103 2278 In
1117 2252 1221 2284 codice,
1235 2260 1290 2286 quo
1306 2260 1373 2279 usus
1393 2257 1436 2280 est
1451 2253 1595 2286 Baronius,
1619 2258 1647 2280 et
1662 2253 1689 2280 in
1709 2253 1772 2281 aliis

977 2305 1047 2332 quos
1055 2297 1121 2329 vidi,
1136 2298 1252 2332 epistola
1263 2298 1296 2325 ad
1310 2298 1473 2333 Sporacium
1493 2299 1527 2326 de
1542 2299 1670 2327 Nestorio
1681 2299 1769 2326 omni-

936 2373 940 2376 ,
977 2343 1030 2370 bus
1046 2344 1232 2379 praeponitur;
1249 2345 1297 2372 sed
1310 2353 1325 2372 a
1340 2345 1490 2372 Sirmondo
1505 2346 1607 2381 rejecta
1621 2351 1664 2372 est
1677 2346 1703 2372 in
1721 2353 1772 2380 ap-

977 2389 1134 2423 pendicem,
1152 2393 1180 2416 et
1198 2389 1309 2424 quidem
1328 2390 1439 2423 merito,
1453 2397 1516 2418 cum
1534 2390 1709 2425 supposititia
1724 2390 1770 2423 sit,

981 2439 1010 2461 ut
1023 2442 1073 2461 suo
1085 2435 1145 2462 loco
1157 2434 1363 2462 demonstratur
1374 2435 1406 2462 ".

1016 2479 1051 2506 X.
1069 2479 1143 2507 Nihil
1156 2479 1246 2507 hocin
1261 2487 1362 2515 genere
1376 2479 1515 2507 scribendi
1529 2479 1696 2514 perfectius:
1708 2487 1771 2506 nam

978 2533 1039 2560 qme
1053 2530 1117 2553 sunt
1130 2526 1308 2560 epistolarum
1321 2526 1445 2558 virtutes,
1467 2526 1597 2557 brevitas,
1621 2525 1772 2560 perspicui-

979 2577 1029 2604 tas,
1051 2571 1196 2607 elegantia,
1207 2572 1358 2603 urbanitas,
1375 2571 1518 2604 modestia,
1535 2571 1709 2598 observantia
1722 2571 1772 2598 de-

978 2618 1046 2649 cori,
1059 2621 1087 2645 et
1108 2618 1246 2653 ingeniosa
1266 2617 1441 2652 prudensque
1465 2625 1497 2645 ac
1511 2617 1620 2644 erudita
1640 2617 1767 2652 simplici

979 2669 1030 2696 tas,
1045 2664 1073 2691 in
1084 2664 1207 2699 epistolis
1216 2664 1382 2692 Theodoreti
1393 2664 1591 2692 admirabiliter
1601 2665 1638 2692 ita
1649 2664 1769 2697 elucent,

979 2714 1010 2737 ut
1026 2710 1211 2738 scribentibus
1222 2710 1348 2745 exemplo
1362 2718 1422 2738 esse
1433 2711 1548 2745 possint.

830 2777 990 2806 SCllULle
1011 2777 1126 2806 NOT/E.

171 2846 193 2889 ‘f
206 2847 267 2889 yid.
280 2850 299 2874 t.
314 2847 399 2889 ΙΙΙ-,ηιξ
517 2848 540 2866 ⁸³
551 2850 707 2889 epist.
821 2847 881 2876 V'id.
903 2847 988 2889 epist_._
1066 2847 1087 2863 “
1106 2848 1268 2889 ddﬂSporac.
1284 2849 1458 2889 Vidgsupra,
1479 2853 1498 2876 t.
1511 2848 1554 2881 IV,
1569 2849 1678 2889 pluit“!
1692 2857 1769 2889 seqq:

136 2882 158 2920 ξ
232 2882 330 2920 lonun.
345 2884 404 2911 Vid.
419 2884 485 2920 ibid.
505 2893 530 2919 p.
549 2886 616 2912 H75
635 2882 712 2920 seqq.

135 2917 260 2945 B.bliolh.
283 2923 352 2946 tum.
373 2919 462 2946 cales.
481 2917 564 2947 ων.
579 2929 605 2957 p.
631 2917 682 2948 lli.
695 2917 754 2956 seq.

751 2885 771 2899 δτ
789 2884 950 2920 llancvide
972 2883 1051 2914 ibid.,
1067 2891 1094 2918 p.
1112 2885 1178 2911 1288
1189 2892 1264 2920 seqq.

795 2919 816 2934 ⁸⁵³
833 2919 891 2947 Vid.
911 2919 990 2952 infra,
1012 2927 1071 2955 cap.
1085 2920 1111 2954 8,
1126 2920 1175 2956 ξε.

1305 2885 1326 2901 ⁵⁸
1337 2885 1412 2912 Duas
1429 2886 1455 2912 in
1470 2890 1567 2921 partes.
1587 2885 1646 2913 Vid.
1659 2885 1770 2919 Dupinii
