1967 3047
199 159 252 192 255

304 213 429 250 Epistula:
444 215 546 250 priore:
563 215 622 242 dua
637 215 672 243 ad
688 223 860 251 anonymum.

235 271 255 298 l.
272 270 311 298 Ad
326 271 444 298 amicum
454 271 572 306 aliquem
586 271 697 299 miserat
709 272 898 300 Theodoretus
906 272 987 300 Com—

201 316 349 343 mentarios
362 324 426 344 suos
449 316 476 344 in
491 317 662 352 Apostolum,
683 318 783 346 litteris
804 323 942 354 precatus,
957 323 988 346 ut

201 361 442 395 ferretjudicium;
455 362 560 390 remisit
575 362 620 390 ille
632 363 778 398 perlectos,
794 372 845 392 nec
852 364 987 400 judicium

201 405 372 441 signiﬁcavit.
399 406 543 435 Silentium
559 407 755 443 interpretatus
771 414 814 437 est
829 409 988 437 Theodore-

203 456 245 477 tns
267 451 341 478 velut
362 451 504 479 honestam
529 453 772 487 irnprobationem;
803 454 871 489 petit
893 455 988 482 alteris

202 495 300 522 litteris
314 495 458 530 judicium,
482 497 669 532 cujuscunque
689 498 763 526 modi
783 499 877 532 fuerit,
900 499 935 526 ad
958 507 987 527 se

203 539 283 567 mitti.
298 540 448 575 Rescripsit
463 541 568 570 amicus
591 541 738 571 immensas
758 544 849 579 operis
872 544 986 577 laudes;

203 584 251 612 bas
277 585 375 612 minuit
397 586 485 613 tertiis
507 586 605 614 litteris
619 587 817 622 Theodoretus,
840 597 873 616 ex
888 589 988 617 affectu

203 630 285 657 animi
308 630 445 658 laudantis
464 632 556 666 potius
581 640 662 667 quam
684 641 717 660 ex
741 634 833 668 operis
857 634 988 668 dignitate

203 675 335 709 profectas
353 681 489 704 causatus.
512 677 678 705 Interierunt
694 678 790 713 primte
807 687 813 705 :
835 678 896 706 aliis
919 679 988 706 dua-

203 720 263 751 bus,
279 720 360 756 306
372 722 520 756 praesertim
533 723 742 758 posterioribus,
758 724 827 751 nihil
837 724 989 760 elegantius

202 771 229 794 et
246 766 425 801 ingeniosius.

237 811 270 838 li.
288 811 396 839 Certam
419 813 521 841 habent
535 814 610 848 anni,
637 815 685 842 sed
714 815 824 842 dubiam
838 817 846 826 ‘
865 823 989 851 personae

203 859 294 882 notam
313 865 319 882 :
343 856 412 884 datae
435 863 499 885 sunt
519 859 592 886 enim
619 859 701 894 paulo
723 864 785 894 post
800 860 940 887 absolutos
961 859 989 887 in

204 901 361 935 Apostolum
378 903 608 936 Commentarios,
631 905 657 932 id
673 908 733 937 est,
750 905 861 932 circiter
886 913 988 932 annum

204 946 264 973 455.
280 947 345 974 Nam
361 949 553 975 liommcntarii
569 950 709 984 pertinent
724 950 758 977 ad
779 950 852 977 hunc
875 957 989 983 annum,

205 994 234 1015 ut
245 998 294 1016 suo
309 991 368 1018 loco
383 992 536 1019 confectum
551 997 593 1019 est
607 993 640 1020 ‘°.

240 1037 283 1064 lll.
299 1038 426 1065 Divinare
444 1039 489 1065 vix
503 1039 567 1066 licet
583 1039 616 1066 ad
630 1047 711 1074 quem
735 1039 824 1067 missa:
839 1039 892 1065 sint
908 1048 913 1065 ς
929 1046 989 1066 ere-

205 1083 287 1110 (libiie
308 1087 413 1110 tantum
432 1088 473 1111 est
499 1084 581 1111 fuisse
597 1085 766 1119 episcopum,
787 1085 887 1119 quippe
908 1091 990 1118 quem

205 1129 355 1156 sanctitatis
368 1129 477 1156 nomine
489 1130 642 1164 compellat.
657 1129 739 1163 Quid,
753 1130 774 1156 si
790 1130 873 1157 fuerit
885 1130 990 1156 Euthe-

206 1172 262 1198 rius
289 1171 455 1207 Tyanensis,
479 1181 597 1208 quocum
624 1181 720 1208 magna
747 1173 798 1200 fuit
817 1173 991 1200 Theodoreto

206 1216 359 1244 studiorum
375 1217 503 1250 societas,
515 1222 542 1244 et
554 1217 681 1244 amicitim
695 1218 887 1245 necessitudo?

338 1274 459 1310 Epistola
475 1275 491 1301 5
506 1275 541 1301 ad
559 1274 690 1301 Irenaeum
702 1275 861 1309 episcopum.

240 1342 260 1368 l.
278 1341 346 1369 Nota
358 1349 482 1377 personre
496 1342 568 1368 clara
580 1345 622 1368 est
638 1351 644 1368 ε
659 1349 721 1368 nam
750 1341 913 1369 inscribitur
932 1341 991 1368 Ire-

207 1396 262 1414 mra
278 1388 405 1422 episcopo.
422 1388 484 1415 Fuit
500 1388 545 1414 ille
566 1387 684 1422 primum
699 1395 801 1419 comes,
819 1391 875 1413 tum
891 1395 925 1414 ex
944 1395 992 1414 co-

207 1434 272 1460 mite
287 1434 432 1468 cpiscopus
455 1433 563 1469 Tyrius.
590 1433 678 1468 Ipsius
695 1434 798 1461 mentio
823 1433 853 1460 [it
873 1433 900 1460 in
917 1433 992 1461 Actis

207 1478 315 1505 concilii
328 1478 468 1512 Epliesini,
484 1479 517 1505 ad
539 1478 612 1513 quod
628 1486 689 1506 cum
704 1479 790 1506 altero
805 1479 904 1506 comite
921 1479 992 1506 Can-

206 1523 318 1550 didiano
334 1524 425 1556 venit,
442 1524 499 1558 ipse
515 1524 626 1559 quidem
651 1524 726 1551 velut
740 1525 845 1552 amicus
862 1524 992 1556 Nestorii,

205 1571 390 1598 Candidianus
404 1579 469 1597 vero
485 1578 546 1598 cum
562 1575 696 1606 potestate
718 1571 877 1606 cognitoris.
900 1571 994 1598 Partes

207 1615 289 1650 igitur
310 1615 427 1642 Nestorii
450 1616 576 1648 consilio,
593 1616 739 1648 industria,
752 1620 780 1643 et
793 1616 925 1651 dignitate
942 1624 993 1643 no-

208 1661 288 1688 minis
297 1661 426 1689 ardenter
440 1661 520 1694 fovit;
538 1670 591 1688 non
605 1662 704 1697 Ephesi
720 1665 835 1694 tantum,
848 1662 895 1689 sed
911 1661 993 1689 etiam

206 1706 452 1741 Constantinopoli,
468 1715 522 1741 quo
544 1708 644 1734 missus
661 1712 702 1734 est
718 1716 732 1734 a
749 1707 946 1739 sehismatieis,
959 1708 993 1734 ad

207 1751 392 1778 deludendum
414 1751 624 1786 imperatorem,
638 1752 703 1778 dum
723 1753 824 1787 Ephesi
840 1760 884 1780 res
899 1761 993 1788 agere-

209 1801 263 1823 tur.

243 1840 275 1867 ll.
290 1840 419 1868 Eamdem
435 1841 581 1868 factionem
593 1850 648 1869 non
662 1843 753 1870 minus
763 1842 834 1878 juvit
843 1842 994 1870 Antiochia:

208 1891 312 1921 postea,
329 1894 384 1921 quo
397 1891 519 1922 tempore
536 1888 664 1916 infandus
678 1889 724 1916 ille
737 1889 860 1924 Dciparze
873 1889 993 1916 Christi-

209 1939 263 1965 que
277 1931 363 1959 hostis
377 1931 518 1960 Nestorius
529 1941 545 1960 e
564 1940 615 1960 suo
629 1933 717 1961 sancti
737 1933 867 1968 Euprepii
883 1940 993 1960 secessu

211 1976 304 2004 turbas
313 1977 386 2004 ciere
400 1978 539 2013 pergebat.
551 1978 591 2006 0b
606 1979 679 2006 hunc
692 1978 806 2014 impium
818 1978 938 2005 favorem
955 1978 996 2006 of-

209 2021 296 2049 fendit
317 2022 490 2057 imperatoris
516 2024 657 2057 animum;
684 2024 800 2058 ideoque
820 2024 947 2051 redactus
966 2024 994 2051 in

209 2067 345 2098 ordinem.
369 2072 397 2095 et
418 2069 522 2103 ejectus
536 2069 609 2101 aula,
630 2069 658 2095 in
674 2068 779 2104 Syriam
809 2069 931 2102 secessit,
946 2069 993 2096 ubi

210 2113 355 2140 Phoenicia:
366 2114 557 2149 episcoporum
571 2114 693 2147 decreto,
710 2115 855 2142 ordinante
870 2115 995 2142 Theodo-

211 2164 279 2190 reto,
292 2159 380 2194 Tyria:
393 2159 512 2187 civitatis
522 2160 710 2194 episcopatum
721 2161 876 2195 capessivit.

245 2205 288 2232 lli.
303 2206 391 2240 Ipsum
404 2210 494 2233 tamen
507 2214 562 2233 non
579 2206 625 2233 diu
643 2207 730 2233 tenuit
743 2216 748 2233 2
763 2214 824 2233 nam
846 2206 995 2242 imperator
1012 2216 1033 2243 ι)

208 2259 278 2285 regre
291 2250 382 2278 ferens
393 2251 552 2278 Phoenicum
565 2256 594 2279 et
608 2251 774 2279 Theodoreti
789 2253 902 2285 factum,
915 2254 995 2288 jussit

209 2295 340 2323 Irenaeum
354 2296 472 2330 deponi;
488 2297 618 2331 primum,
635 2297 709 2332 quod
726 2297 897 2332 imperatori,
912 2306 994 2333 quem

209 2339 370 2372 otl‘enderat,
384 2348 483 2367 exosus
498 2346 588 2374 esset;
609 2342 719 2372 deinde.
732 2341 805 2376 quod
818 2342 930 2370 lueresis
941 2343 996 2370 Ne—

209 2387 337 2414 storiame
359 2387 469 2414 nomine
492 2392 652 2423 suspectus;
678 2388 808 2424 denique,
823 2388 896 2424 quod
919 2389 996 2424 diga-

209 2441 279 2459 lllUS.

245 2479 288 2506 IV.
305 2479 480 2514 Imperatoris
499 2479 540 2506 ira
555 2479 583 2506 in
604 2479 706 2507 Irenaeo
724 2487 780 2506 non
796 2480 881 2510 stetit,
898 2480 946 2508 sed
961 2480 995 2507 ad

210 2525 354 2552 Phoenices
375 2525 520 2560 episcopos
549 2529 578 2552 et
600 2525 807 2552 Theodoretum
835 2526 969 2560 pertinuit
987 2535 993 2552 :

210 2570 271 2596 illos
280 2570 353 2596 enim
366 2570 488 2605 jussitde
503 2570 555 2598 ﬁde
569 2571 671 2598 sentire
686 2575 791 2605 aperte,
804 2571 876 2605 quod
892 2571 919 2597 in
933 2579 995 2598 san—

209 2614 306 2641 cienda
319 2622 384 2649 pace
396 2619 527 2643 statutum
535 2619 604 2642 erat.
621 2615 705 2642 Istum
722 2616 808 2642 vetuit
821 2616 913 2650 egredi
927 2616 994 2644 ﬂues

208 2660 281 2695 Cyri,
298 2668 359 2695 quas
375 2661 466 2688 omnia
488 2661 679 2696 intelliguntur
704 2669 736 2688 ex
757 2661 872 2696 epistola
892 2662 941 2689 ΗΟ
967 2666 995 2689 et

208 2706 278 2734 aliis.

246 2751 276 2779 V.
289 2751 411 2786 Contigit
427 2752 521 2779 lrenaei
544 2753 681 2782 ordinatio
707 2761 779 2781 anno
800 2754 910 2782 circiter
931 2754 994 2787 Ml,

766 161 952 192 GARNERII
973 160 1220 192 DISSERTATIO
1236 161 1276 192 II.

1771 162 1825 195 256

999 217 1022 245 Α
1035 214 1170 250 depositio
1190 219 1252 250 post
1276 214 1506 250 quadriennium;
1519 215 1699 250 depositionis
1716 220 1825 252 tempus

1037 261 1213 295 consignatur
1228 261 1319 288 edicto
1338 264 1496 296 przetorum,
1520 261 1616 289 indict.
1637 262 1660 294 l,
1676 270 1748 289 anno
1758 262 1824 290 Dio-

1037 306 1147 333 clctiani
1164 307 1223 339 164,
1241 307 1288 341 qui
1304 311 1346 334 est
1359 307 1460 334 Christi
1475 307 1536 334 448.
1549 307 1692 335 Ordinatio
1714 312 1824 342 peracta

1037 356 1080 378 est
1093 356 1155 379 ante
1172 352 1278 380 obitum
1295 353 1397 384 Procli,
1415 353 1462 387 qni
1477 352 1594 380 decessit
1617 361 1689 380 anno
1707 353 1766 385 M7,
1779 353 1824 381 die

1037 396 1072 425 24
1087 397 1233 431 Octobris;
1252 398 1306 425 imo
1330 402 1392 426 ante
1412 398 1592 430 sanctionem,
1620 406 1674 433 qua
1700 398 1825 426 Theodo-

1038 447 1114 471 retus
1135 444 1207 479 Cyro
1234 443 1468 476 concludebatur;
1493 443 1556 471 data
1576 451 1643 472 vero
1658 449 1700 472 est
1720 444 1826 472 sanctio

1038 497 1111 516 anno
1133 489 1195 521 445,
1223 489 1274 516 sub
1299 488 1390 516 ﬁnem.
1404 489 1472 516 Nam
1486 489 1600 517 Proclus
1621 489 1825 518 ordinationem

1038 533 1173 568 probavit,
1186 538 1214 561 et
1230 533 1420 561 Theodoretus
1432 537 1494 568 post
1512 534 1680 562 sanctionem
1694 542 1723 562 se
1738 535 1826 563 conti.

1039 579 1099 606 nuit
1112 578 1191 614 Cyro,
1206 586 1257 606 nec
1266 579 1382 613 proinde
1399 578 1498 613 Tyrum
1514 579 1653 612 profectus
1662 585 1712 607 est.

1077 623 1117 650 Vl.
1134 623 1173 650 Ex
1184 624 1234 650 hac
1245 623 1370 656 historia,
1384 624 1498 658 ipsoque
1513 625 1635 659 cpistolre
1653 630 1825 660 argumento,

1039 667 1276 703 innotescit307
1291 673 1407 703 tempus,
1431 677 1486 704 quo
1512 669 1574 696 data
1588 673 1631 697 est
1657 679 1662 696 :
1685 678 1746 697 nam
1763 679 1827 702 eum

1039 714 1217 748 quaastionem
1232 714 1302 740 hanc
1312 714 1509 748 :enigmaticam
1522 714 1641 741 [remeus
1653 714 1828 742 Theodoreto

1039 759 1251 793 proposuisset:
1270 768 1278 784 ε
1307 758 1333 786 Si
1353 759 1435 793 judex
1458 759 1558 794 impius
1588 759 1695 786 duobus
1718 760 1828 794 pietatis

1039 804 1150 831 athletis
1162 804 1302 838 optionem
1323 804 1448 836 dederit,
1475 809 1506 831 ut
1520 805 1637 832 duorum
1652 805 1768 831 alterum
1790 805 1828 832 fa-

1040 848 1123 881 ciant,
1137 854 1184 877 aut
1203 849 1549 881 saerilicentdremonibus,
1564 855 1612 876 aut
1631 858 1690 876 sese
1705 849 1732 876 in
1753 858 1829 878 mare

1007 885 1025 912 Β
1040 894 1107 922 dent
1119 895 1271 930 praecipites
1285 904 1291 921 :
1310 899 1391 930 atque
1409 895 1506 922 horum
1523 903 1594 922 unus
1611 888 1749 930 posterius
1761 897 1830 923 arri-

1042 939 1144 974 puerit,
1157 939 1342 974 alacriterque
1360 939 1387 966 in
1402 939 1569 974 profundum
1591 939 1740 972 desilierit;
1759 940 1830 966 alter

1041 991 1107 1010 vero
1117 988 1245 1011 neutrum
1257 984 1380 1019 elegerit,
1393 983 1441 1010 sed
1456 983 1591 1010 idolorum
1601 984 1711 1019 quidem
1724 985 1828 1011 cultum

1041 1028 1144 1063 prioris
1153 1029 1278 1064 exemplo
1291 1029 1439 1064 respuerit,
1451 1030 1570 1064 seipsum
1587 1035 1677 1057 tamen
1700 1030 1829 1058 ﬂuctibus

1041 1083 1097 1102 non
1119 1075 1268 1110 obiecerit,
1293 1075 1341 1102 sed
1362 1076 1572 1110 exspectaverit,
1605 1081 1633 1102 ut
1656 1084 1704 1110 per
1724 1077 1778 1102 vim
1794 1076 1828 1103 ab

1042 1121 1096 1148 alio
1107 1126 1288 1156 mergeretur,
1306 1126 1367 1148 uter
1383 1122 1494 1148 illorum
1509 1121 1610 1148 rectius
1625 1121 1722 1149 fecisse
1736 1121 1830 1149 vidca-

1044 1170 1104 1199 tnr;
1137 1176 1146 1192 ι
1179 1167 1326 1202 respondet
1352 1167 1543 1195 Theodoretus
1577 1167 1685 1194 laudata
1717 1168 1828 1202 quidem

1042 1211 1144 1245 prioris
1176 1211 1334 1244 alacritate,
1365 1212 1413 1239 sed
1438 1212 1600 1247 posterioris
1635 1213 1745 1247 prrelata
1776 1213 1831 1239 vir-

1043 1260 1110 1287 tute,
1131 1265 1213 1291 quam
1233 1257 1366 1292 exemplis
1389 1261 1546 1285 sanctorum
1560 1257 1718 1293 Christique
1745 1258 1831 1293 ipsius

1041 1302 1211 1336 comprobat.

1078 1359 1133 1386 Vll.
1158 1359 1234 1386 lianc
1265 1359 1475 1394 responsionem
1504 1363 1616 1388 secutus
1637 1361 1756 1388 lrcnaeus
1774 1369 1831 1389 non

1042 1409 1141 1439 sponte
1163 1405 1275 1433 recessit
1288 1413 1302 1432 a
1318 1406 1393 1438 sede,
1420 1406 1468 1433 sed
1485 1407 1661 1441 exspectavit,
1683 1407 1769 1434 donec
1782 1415 1832 1441 per

1042 1450 1099 1476 vim
1114 1450 1270 1485 ejiceretur.
1287 1450 1404 1486 Urgente
1417 1451 1490 1478 enim
1513 1451 1688 1486 imperatoris
1705 1451 1833 1480 mandato

1045 1499 1076 1522 ut
1090 1495 1132 1521 vel
1146 1495 1258 1522 Mariam
1276 1496 1410 1530 virginem
1427 1496 1588 1531 simpliciter
1606 1505 1637 1524 ac
1661 1496 1719 1524 sine
1735 1497 1832 1524 restri-

1008 1548 1028 1577 ο
1045 1540 1134 1568 ctione
1163 1540 1306 1575 Dciparam
1336 1541 1450 1574 diceret,
1476 1542 1518 1569 vel
1545 1542 1608 1569 sede
1637 1546 1754 1575 careret,
1783 1550 1833 1578 per

1044 1587 1241 1623 aanigmaticam
1261 1587 1440 1622 quzestionem
1461 1596 1475 1615 a
1497 1588 1671 1615 Theodoreto
1687 1589 1832 1616 consilium

1044 1633 1179 1668 petierat;
1199 1632 1276 1668 petiit
1289 1633 1372 1668 Igitur
1390 1633 1500 1661 circiter
1514 1641 1615 1660 annum
1632 1634 1691 1665 446,
1710 1639 1756 1660 aut
1770 1634 1831 1660 M7.

1045 1678 1178 1709 Pcpendit
1198 1678 1272 1705 enim
1289 1678 1337 1705 diu
1354 1678 1449 1706 lrenmi
1473 1687 1566 1711 causa,
1597 1684 1627 1706 ut
1644 1680 1783 1714 colligitur
1799 1688 1833 1706 ex

1044 1725 1158 1760 epistola
1171 1725 1212 1752 16.

1079 1772 1146 1798 Vlll.
1164 1772 1249 1799 Porro
1263 1776 1355 1799 autem
1368 1772 1397 1799 in
1416 1771 1545 1806 Catalogo
1566 1771 1699 1798 libr0rum
1723 1771 1833 1806 Syriaca

1044 1817 1136 1852 lingua
1159 1817 1377 1852 conscriptorum
1392 1817 1502 1852 legitur,
1520 1817 1592 1852 apud
1607 1817 1806 1845 llebed-Jesum
1825 1826 1830 1844 :

1048 1872 1057 1889 ι
1076 1863 1194 1890 [τειιωιιε
1210 1863 1309 1899 Tyrius
1324 1863 1476 1898 composuit
1486 1863 1732 1890 ecclesiasticarum
1747 1863 1832 1890 histo-

1044 1909 1146 1936 riarum
1163 1909 1248 1937 libros
1263 1909 1385 1945 quinque
1398 1909 1432 1937 de
1450 1909 1587 1945 ejectione
1611 1909 1748 1942 Nestorii;
1766 1916 1831 1936 nec-

1045 1963 1100 1982 non
1115 1955 1149 1982 de
1165 1955 1293 1983 omnibus
1316 1955 1350 1983 iis
1372 1963 1433 1990 quae
1449 1955 1476 1982 in
1503 1954 1556 1982 illis
1575 1954 1733 1989 regionibus
1755 1959 1831 1989 gesta

1045 2005 1117 2028 sunt.
1138 2011 1148 2026 ι
1168 2001 1286 2028 Dubium
1307 2001 1426 2033 videtur,
1455 2008 1546 2028 annon
1574 2000 1626 2027 istc
1654 2000 1831 2027 historiarum

1045 2047 1162 2081 scriptor
1175 2047 1210 2074 sit
1223 2047 1342 2074 Irenzeus
1369 2047 1424 2078 ille,
1448 2046 1482 2074 de
1506 2054 1560 2081 quo
1577 2054 1668 2073 sermo
1679 2049 1720 2072 est
1736 2054 1742 2071 :
1757 2050 1832 2073 certe

1045 2100 1107 2119 eum
1123 2092 1297 2119 Tlieorloreto
1308 2093 1383 2119 velut
1403 2092 1500 2127 aequali
1519 2092 1653 2127 jungitur,
1671 2099 1731 2126 quae
1745 2090 1831 2117 videri

1045 2142 1134 2173 potest
1147 2137 1298 2166 aﬂirmandi
1319 2138 1389 2165 ratio
1404 2147 1410 2164 :
1429 2146 1498 2173 opus
1519 2138 1571 2165 hoc
1587 2137 1708 2164 nondum
1723 2137 1750 2163 in
1777 2136 1833 2163 Eu-

1046 2192 1112 2219 ropa
1127 2184 1216 2211 visum
1231 2189 1284 2216 est,
1302 2184 1375 2219 quod
1393 2185 1504 2219 quidem
1520 2184 1615 2210 sciam.

1274 2240 1394 2275 Epistoln
1407 2241 1423 2267 4
1435 2240 1606 2266 Ireortastica.

1079 2296 1100 2323 Ι.
1115 2296 1225 2323 Nullum
1239 2296 1323 2324 habet
1339 2297 1524 2324 characterem
1537 2296 1595 2324 sive
1608 2297 1682 2328 antri,
1695 2297 1754 2323 sive
1768 2305 1832 2331 per-

1044 2349 1128 2374 sonat,
1147 2342 1228 2369 habet
1246 2342 1407 2369 nonnullum
1428 2341 1501 2374 festi,
1517 2350 1616 2376 nempe
1632 2342 1810 2369 Pentecostes
1824 2350 1831 2368 :

1046 2388 1077 2414 ﬁt
1091 2388 1164 2415 enim
1190 2388 1293 2415 mentio
1309 2388 1407 2423 pluvia:
1424 2392 1576 2423 opportune
1596 2387 1675 2420 datm,
1690 2384 1753 2415 cum
1769 2395 1833 2414 san-

1047 2433 1200 2461 ctissimuln
1214 2434 1313 2461 festum
1326 2439 1463 2469 ageretur.
1479 2434 1613 2468 Optabilis
1629 2441 1695 2461 vero
1709 2433 1833 2469 frugibus

1046 2479 1138 2514 pluvia
1151 2479 1223 2506 solet
1238 2487 1298 2506 esse
1316 2484 1438 2514 tempore
1455 2479 1639 2506 Pentecostes.

1081 2525 1113 2552 ll.
1131 2525 1245 2552 Fiebant
1264 2533 1348 2559 porro
1363 2525 1501 2552 festivales
1523 2525 1702 2552 salutationes
1718 2525 1744 2551 in
1757 2523 1835 2551 festis

1046 2570 1214 2598 solemnibus
1226 2591 1233 2602 ,
1258 2578 1325 2605 quas
1339 2571 1434 2605 ἑορτὰς
1447 2571 1581 2606 κ’)ρεακὰς
1594 2572 1601 2579 ⁵
1616 2570 1702 2597 Grieci
1716 2573 1831 2602 vocant;

1048 2619 1207 2643 nontamen
1229 2616 1256 2642 in
1276 2615 1414 2646 omnibus.
1434 2616 1481 2643 sed
1506 2616 1533 2642 in
1562 2615 1705 2650 pnecipuis
1735 2615 1832 2647 tribus,

1049 2661 1235 2696 Theopliania,
1258 2661 1389 2688 Pascltate
1416 2665 1443 2688 et
1462 2661 1632 2688 Pentecoste.
1650 2661 1835 2696 Theophanis!

1049 2707 1170 2739 nomine,
1185 2711 1318 2742 quantum
1332 2707 1386 2734 huc
1401 2706 1529 2742 pertinet,
1542 2707 1716 2734 Nativitatem
1731 2706 1832 2734 Christi

1049 2757 1077 2780 et
1093 2753 1273 2788 Epiphaniam
1291 2753 1544 2789 complcctehantur
1571 2762 1576 2779 :
1601 2752 1835 2788 quemadmodum

881 2830 1040 2859 SClll'Lle
1060 2830 1174 2858 ΝΟΤΑΕ.

243 2864 266 2879 ⁸⁸
282 2862 338 2890 Viri.
352 2871 443 2899 supra,
459 2873 485 2900 p.
501 2865 562 2893 276.
