1967 3047
117 113 171 145 2‘57

700 112 748 142 DE
768 111 896 141 LIBRIS
914 110 1168 142 TIIEODORETI.

1691 116 1743 146 25S

120 171 231 199 nomine
258 170 397 198 Paschalis
433 169 562 205 prmviam
589 169 765 204 passionem;
794 168 904 196 nomine
922 172 940 198 Α
958 167 1743 206 056w:optbvoua'xspaivst,etc.0uw,opinor,vettiopm~_

120 218 307 250 Pentecostes,
325 216 469 251 ἀνάληψιν,
484 216 540 243 sive
553 216 750 243 ascensionem.

157 263 202 290 Ill.
218 263 365 296 Pmcipum
391 269 455 289 vero
477 265 506 288 et
529 269 577 296 per
603 260 791 288 excellentiam
818 259 908 294 ἑορταὶ

122 309 252 344 κυριακαὶ
275 308 448 340 dicebantur,
462 307 503 334 vel
519 315 552 334 eo
571 307 704 338 maxime,
723 306 795 341 quod
810 305 909 333 Orien—

124 355 159 382 tis
170 361 245 382 more
272 354 402 381 solemnis
417 353 569 388 baptismus
585 354 612 380 in
637 354 702 388 ipsis
713 353 907 380 celebraretur.

123 400 191 428 Vide
205 401 355 427 orationem
371 398 559 433 Chrysostomi
578 399 612 425 de
628 403 723 426 sancto
737 397 907 432 Philogouio,

123 448 152 471 et
167 444 274 471 tertiam
287 443 376 470 Procli
392 443 426 470 de
441 443 641 470 lncarnatione.

343 500 464 536 Epistola
481 500 497 527 5
510 501 678 527 Iteortastica.

159 557 269 585 Nullttm
282 557 357 588 anni,
372 557 492 591 aliquem
506 556 567 583 festi
579 562 755 591 personaeque
771 555 910 582 characte-

126 611 183 630 rem
206 603 327 630 exhibet.
346 602 462 629 Videtur
489 603 562 629 enim
587 601 688 636 scripta
715 601 743 627 in
764 600 910 627 Nativitate

123 649 236 680 Christi,
252 656 306 683 quo
323 653 445 683 tempore
459 658 468 673 ‹
482 648 554 675 Deus
571 647 644 674 curis
657 647 739 681 308
751 646 912 681 angoribus-

124 703 177 729 que
189 695 289 722 nostris
299 693 471 721 occasionem
482 692 678 720 consolationis
688 691 881 726 suppeditavit.
898 700 906 716 )

125 737 238 765 Videtur
262 738 344 764 etiatu
364 737 397 764 ad
424 737 558 764 illustrem
582 737 671 763 virum
687 737 788 768 missa,
811 736 911 770 quippe

124 791 205 818 quem
227 782 434 817 magniﬁcentixe
456 782 566 809 nomine
591 781 735 816 compellat
756 790 763 808 :
788 781 912 816 suspicor

124 828 208 855 fuisse
222 828 381 863 praefectum
395 827 551 863 Cyresticaa,
567 832 615 854 aut
628 828 711 854 etiam
725 826 854 855 Orientis.

339 883 462 918 Epistola
473 884 489 911 6
504 884 672 910 heartastica.

159 941 276 968 Videtur
288 941 372 967 missa
385 943 447 976 post
459 939 605 967 Paschales
617 939 677 966 dies
690 947 696 965 :
713 938 753 965 illi
768 938 842 965 enim
859 937 914 965 ire-

124 987 256 1022 quentius
278 994 293 1013 a
311 986 484 1013 Theodoreto
512 986 644 1013 dicuntur
668 985 811 1012 salutares.
832 983 913 1011 Certe

125 1034 211 1061 I'estos
228 1034 288 1061 dies
302 1033 389 1068 egisse
404 1040 433 1060 se
446 1040 508 1059 cum
528 1032 629 1067 populo
644 1039 694 1058 suo
705 1031 766 1066 Cyri
778 1030 877 1057 innuit.

214 1087 336 1124 Epistula
352 1089 367 1115 7
383 1087 570 1120 consolatoria,
587 1087 621 1113 ad
635 1085 807 1114 Thconillam.

160 1145 267 1172 Nullam
289 1145 371 1172 habet
391 1145 454 1171 anni
476 1148 586 1177 nolam;
606 1152 730 1179 persona:
748 1151 813 1170 vero
839 1143 913 1170 illam

126 1191 274 1222 duntaxat,
294 1199 347 1225 qua
374 1191 534 1225 designatur
552 1189 665 1217 illustris
682 1189 794 1220 femina,
818 1189 914 1224 pietati

125 1237 229 1268 dedita,
247 1237 298 1264 viri
323 1236 585 1272 magniﬁcentissimi
602 1244 680 1269 uxor,
697 1236 776 1271 cujus
796 1235 824 1262 in
836 1235 913 1263 obitu

125 1283 322 1310 consolatorias
333 1283 523 1310 Theodoretus
539 1283 585 1310 dat
597 1283 712 1309 litteras.

125 1338 246 1373 Epistola
262 1338 278 1365 8
296 1337 474 1365 consolatorie
485 1338 566 1365 simul
579 1347 609 1365 ac
625 1337 794 1369 lteortastica,
810 1335 845 1362 ad
861 1335 915 1363 Eu-

452 1374 601 1409 graphium.

160 1429 182 1456 1.
197 1429 296 1457 Certus
309 1434 351 1456 est
367 1430 497 1464 temporis
507 1431 649 1458 character
661 1452 669 1464 ,
695 1430 758 1459 data
779 1432 914 1468 siquidem

124 1479 167 1503 est
178 1479 239 1510 post
249 1476 362 1503 alteram
377 1484 383 1502 :
401 1486 410 1502 ι
427 1476 663 1511 Supervacaneum
675 1476 745 1504 duco
765 1478 915 1512 spiritualia

125 1521 226 1548 iterum
244 1521 366 1548 remedia
389 1521 478 1549 dolori
497 1521 639 1550 adhibere.
663 1532 672 1548 ι
697 1523 760 1550 Haec
774 1528 865 1550 autem
877 1524 916 1551 al-

126 1571 197 1599 tera,
217 1575 278 1601 quat
292 1567 382 1594 alieno
402 1568 462 1595 loco
478 1568 577 1602 posita,
592 1569 758 1603 sexagesima
774 1577 846 1597 nona
863 1578 915 1597 nu-

126 1618 258 1645 meratur,
282 1614 383 1648 scripta
409 1617 470 1646 est,
496 1621 551 1648 quo
578 1619 700 1649 tempore
723 1615 915 1643 Theodoretus

125 1659 188 1694 Cyri
208 1659 383 1686 detinebatur
394 1659 416 1675 “
432 1668 438 1686 :
457 1669 465 1685 ι
480 1660 537 1686 Nisi
550 1668 593 1687 me
611 1661 785 1688 necessitatis
804 1662 914 1689 vincula

127 1706 316 1737 retinuissent,
329 1707 508 1733 accurrissem
520 1714 536 1733 e
545 1706 659 1741 vestigio
669 1706 750 1733 simul
761 1715 794 1734 ac
807 1707 842 1734 de
859 1715 917 1734 ma-

126 1749 217 1784 gniﬁci
233 1757 266 1777 ac
286 1750 397 1785 gloriosi
420 1749 544 1785 conjugis
568 1750 608 1776 tui
624 1750 789 1778 dormitione
814 1758 916 1786 cogno-

126 1795 164 1827 vi,
179 1805 188 1820 ι
204 1799 259 1823 etc.

163 1841 195 1868 ll.
210 1842 358 1876 Epistulam
377 1841 438 1869 dico
461 1841 670 1869 consolatoriatn
687 1843 768 1869 simul
787 1846 815 1869 et
834 1843 916 1869 heor-

127 1887 251 1914 tasticam
270 1888 372 1914 :missa
396 1887 469 1914 ettitn
487 1892 528 1914 est
547 1893 610 1922 post
630 1888 783 1922 passionem
795 1888 909 1915 Christi.

129 1943 139 1958 ι
161 1932 247 1964 Unde,
272 1932 360 1967 inquit
374 1932 407 1965 δ’,
430 1933 539 1963 sullicit,
563 1933 606 1960 vel
624 1933 658 1960 ad
679 1941 814 1960 summam
831 1934 917 1961 tristi-

127 1978 193 2005 tiam
209 1978 405 2013 prolligandam
428 1978 589 2005 salutarium
608 1979 779 2006 cruciatuum
797 1979 854 2006 sola
870 1987 917 2006 re—

127 2023 251 2051 cordatio
265 2032 272 2049 :
287 2032 336 2059 pro
347 2028 444 2051 natura
454 2024 528 2051 enim
540 2025 659 2051 humana
667 2024 696 2051 hi
709 2025 830 2060 suscepti
840 2030 916 2054 sunt.

126 2070 242 2097 Mortem
258 2070 332 2097 enim
350 2071 482 2097 Dominus
497 2070 651 2103 destruxit,
679 2078 735 2097 non
764 2075 795 2098 ut
815 2079 916 2106 corpus

128 2124 212 2142 unum
238 2115 271 2143 de
285 2120 372 2143 morte
393 2116 576 2151 triumphasse
605 2116 781 2148 ostenderet.
805 2117 854 2144 sed
887 2122 917 2144 ut

961 213 1022 245 tuit,
1034 213 1122 240 Pietas
1137 219 1222 240 vestra
1232 215 1397 249 indignatur,
1411 221 1464 242 etc.
1478 216 1572 250 Neque
1587 216 1660 243 enim
1676 217 1744 243 solet

960 258 1149 286 Theodoretus
1174 260 1271 295 plurali
1289 269 1408 288 numero
1431 269 1480 296 pro
1505 261 1638 297 singulari
1662 262 1701 289 uti
1715 263 1744 290 in

959 304 1116 339 hujusmodi
1138 305 1215 332 locis.
1236 306 1367 340 Suspicor
1381 306 1465 339 hunc,
1484 307 1517 334 ad
1531 315 1612 342 quem
1626 308 1744 340 scribit,

959 357 1019 377 esse
1044 350 1171 385 Alypium
1198 351 1393 378 monachorum
1410 352 1557 388 Cyrcsticze
1576 353 1662 379 totius
1677 361 1744 388 pro-

959 395 1065 428 vinciae,
1077 400 1123 423 aut
1136 401 1210 423 certe
1220 397 1283 432 Cyri
1299 397 1457 425 exarchum.

961 451 1082 487 Epistola
1097 453 1131 480 '10
1145 454 1362 481 contmendatilin
1373 475 1379 487 ,
1397 455 1431 481 ad
1446 454 1536 481 Eliam
1551 454 1744 482 sclzolasticum.

996 510 1090 537 Datam
1125 513 1234 544 oportet
1257 514 1317 544 post
1340 518 1440 537 annum
1461 511 1523 539 445.
1554 511 1647 546 Neque
1672 512 1746 538 enim

961 556 1153 584 Theodoretus
1163 561 1225 584 ante
1238 557 1289 583 ltoc
1301 561 1408 591 tempus
1419 561 1466 583 aut
1479 557 1506 583 in
1516 558 1561 591 jus
1579 566 1594 584 a
1609 565 1746 592 quoquam

960 605 1073 628 vocatus
1093 605 1144 633 est,
1167 606 1215 628 aut
1232 602 1359 636 cuiquam
1377 602 1496 629 intendit
1508 602 1602 635 litem;
1628 603 1682 630 imo
1697 611 1748 630 nec

961 645 1033 672 ullus
1044 645 1171 682 Cyrensis
1182 646 1310 674 Ecclesiae
1326 647 1452 679 clericus,
1465 652 1494 674 ut
1504 648 1641 682 expressis
1656 647 1748 675 verbis

946 716 949 719 .
961 691 1042 726 309
1056 692 1180 719 scribens
1191 693 1224 719 ad
1237 692 1352 719 Nonium
1364 693 1503 720 consulem
1518 694 1641 720 tradit".
1655 694 1684 720 ln
1698 694 1749 720 bac

963 742 1052 765 tamen
1075 738 1191 772 epistola
1214 739 1389 766 manifestum
1410 743 1462 771 est,
1485 739 1614 766 Abraami
1637 740 1746 767 cuidam

962 783 1092 810 Ecclesia:
1100 783 1229 819 Cyrensis
1241 785 1423 819 depraadatori
1441 785 1516 812 litem
1529 785 1588 812 ﬁeri
1600 785 1672 820 apud
1685 793 1750 820 prae-

927 833 950 863 Β
964 829 1063 856 fectum
1075 829 1194 857 Orientis
1207 830 1358 858 Antiochiae
1372 831 1548 863 residentem,
1573 836 1600 858 et
1622 831 1749 858 advocari

964 875 1051 902 Elian]
1075 875 1279 908 scholasticum,
1300 881 1329 904 ut
1349 885 1458 904 causam
1481 877 1565 904 dicat.
1587 877 1653 909 Quis
1669 884 1750 911 porro

963 920 1048 948 fuerit
1065 921 1223 953 Abraamcs,
1238 927 1285 948 aut
1296 923 1358 956 quis
1373 922 1455 954 Elias,
1468 922 1616 950 obscurum
1628 926 1679 954 est,
1696 921 1749 948 nisi

954 966 1094 1001 .quodillc
1120 967 1340 1001 improbissimus
1360 967 1453 1000 fuerit,
1479 967 1531 995 iste
1547 968 1620 1003 juris
1631 972 1658 995 et
1682 967 1750 995 artis

964 1013 1091 1040 oratoria:
1102 1013 1215 1047 peritus.

964 1079 1083 1115 Epistula
1105 1081 1132 1107 ιι
1152 1080 1329 1116 graiulntoria
1347 1081 1381 1108 ad
1395 1081 1550 1108 Flavi/mum
1563 1080 1750 1108 Constantino-

1191 1115 1342 1150 politanum
1361 1117 1518 1151 episcopum.

1000 1159 1018 1186 I.
1033 1160 1203 1188 Manifestum
1219 1161 1299 1188 habet
1310 1161 1373 1187 anni
1383 1166 1411 1188 ct
1423 1169 1544 1196 persona:
1554 1161 1748 1187 characterem.

965 1206 1154 1234 Theodoretus
1178 1207 1251 1233 enitn
1284 1207 1413 1234 Flaviano
1442 1207 1595 1242 gratulatur
1621 1206 1750 1240 adeptum

966 1251 1042 1279 urbis
1061 1252 1140 1287 regite
1153 1252 1351 1286 episcopatum,
1366 1252 1395 1279 in
1409 1253 1417 1261 ‘
1430 1259 1512 1286 quem
1531 1252 1662 1278 successit
1683 1252 1750 1278 Pro—

965 1297 1017 1329 clo,
1044 1298 1091 1332 qui
1116 1298 1188 1324 diem
1207 1301 1360 1326 extremum
1382 1298 1479 1325 clausit
1495 1305 1567 1325 anno
1582 1298 1644 1330 447,
1659 1298 1703 1325 die
1717 1298 1752 1325 2i

964 1342 1099 1370 Octobris.

1000 1389 1033 1416 ll.
1059 1389 1097 1416 De
1117 1389 1255 1420 Flaviano,
1279 1390 1325 1424 qui
1353 1394 1414 1424 post
1439 1389 1636 1423 depositionem
1657 1397 1671 1417 a
1687 1389 1752 1417 Dio-

966 1443 1045 1464 scoro
1066 1436 1092 1462 in
1106 1436 1257 1463 latrocinali
1270 1436 1386 1463 concilio
1399 1435 1507 1467 factam,
1524 1435 1609 1462 nobili
1623 1436 1754 1472 martyrio

967 1481 1111 1508 defunctus
1134 1486 1186 1514 est,
1201 1481 1307 1516 egimus
1328 1481 1434 1516 prolixe
1454 1480 1481 1508 in
1495 1481 1568 1508 notis
1585 1481 1618 1508 ad
1633 1481 1753 1509 Liberali

977 1528 1154 1555 Breviarium.

1002 1574 1046 1601 Ill.
1063 1573 1140 1601 Nunc
1155 1573 1276 1600 breviter
1292 1572 1408 1599 dicenda
1420 1573 1556 1600 sententia
1574 1573 1607 1600 de
1624 1572 1753 1607 quaestio-

965 1619 1048 1647 nibus
1067 1619 1183 1652 duabus,
1209 1627 1286 1653 quas,
1300 1618 1400 1645 eruditi
1423 1623 1534 1645 moveut
1551 1627 1558 1644 2
1583 1621 1648 1652 quot
1667 1625 1754 1645 annos

965 1673 1064 1700 nempe
1086 1665 1231 1692 Flavianus
1247 1664 1359 1696 sederit,
1382 1664 1428 1691 ubi
1443 1668 1470 1690 et
1481 1664 1590 1699 quando
1603 1664 1638 1691 sit
1654 1663 1753 1690 delun-

966 1714 1037 1738 ctus.
1066 1709 1119 1737 Sed
1146 1709 1223 1744 prius
1249 1709 1419 1736 observanda
1449 1709 1520 1740 duo,
1547 1709 1673 1741 alterum,
1701 1716 1755 1744 qua

966 1755 1156 1783 Theodoretus
1167 1758 1226 1782 arte
1238 1755 1395 1781 Flavianum
1407 1754 1509 1785 laudet;
1525 1755 1563 1781 ait
1574 1754 1647 1781 enim
1657 1774 1664 1784 ,
1684 1764 1693 1779 ε
1703 1754 1754 1781 ob-

966 1809 1074 1829 scuram
1097 1805 1206 1828 noctem
1227 1800 1255 1826 in
1279 1808 1375 1834 puram
1401 1801 1544 1827 meridiem
1569 1800 1604 1827 ab
1620 1800 1678 1835 ipso
1693 1805 1754 1827 tan-

966 1854 1047 1880 quam
1071 1845 1223 1873 clarissimo
1243 1845 1318 1872 orbis
1339 1845 1443 1872 lumine
1469 1853 1640 1872 conversam.
1657 1855 1666 1870 ι
1695 1844 1755 1878 Quo

966 1890 1040 1917 dicto
1065 1889 1174 1917 videtur
1195 1890 1276 1916 tacite
1296 1889 1422 1916 Proclum
1442 1896 1567 1924 arguere,
1582 1888 1658 1922 quasi
1672 1895 1755 1915 vexa-

966 1936 1050 1964 tionis
1062 1943 1118 1963 suie
1128 1939 1267 1962 auctorem
1281 1943 1287 1966 ;
1306 1934 1407 1968 quippe
1421 1934 1467 1968 qui
1491 1943 1500 1959 ‹
1516 1933 1636 1960 humano
1650 1937 1754 1960 terrore

965 1981 1103 2009 cohibitus
1116 1980 1161 2012 sit,
1179 1988 1213 2007 ne
1239 1987 1289 2014 pro
1311 1978 1478 2014 evangelicis
1502 1978 1676 2013 dogmatibus
1700 1978 1756 2004 ala-

966 2028 1050 2056 criter
1075 2027 1228 2054 dimicaret.
1247 2035 1256 2051 ι
1278 2025 1377 2052 Proclo
1399 2029 1474 2052 certe
1499 2032 1554 2051 non
1582 2024 1756 2059 aequissimus

967 2074 1157 2101 Theodoretus
1179 2072 1247 2101 fuit.
1276 2071 1461 2106 Mopsuesteni
1488 2070 1626 2097 Theodori
1655 2077 1754 2101 causa,

967 2127 1049 2154 quem
1063 2122 1091 2146 et
1105 2117 1294 2145 Theodoretus
1309 2116 1462 2150 deperibat,
1476 2119 1503 2142 et
1518 2115 1631 2142 Proclus
1654 2115 1755 2149 scripto

126 2169 300 2190 communem
319 2169 367 2196 per
381 2162 447 2189 illud
459 2162 686 2190 resurrectionem
703 2167 855 2197 prestarct,
873 2167 915 2190 at-
931 2171 955 2199 ι)
969 2165 1003 2192 ad
1013 2164 1146 2191 Armenes
1161 2167 1234 2190 tomo
1249 2161 1447 2189 confutavcrat.

125 2215 180 2242 que
206 2207 277 2234 hanc
301 2207 382 2234 nobis
401 2215 477 2242 spem
504 2206 608 2234 ﬁrmam
621 2207 766 2242 pratberet.
782 2207 860 2240 Quod
879 2209 913 2241 si,

125 2261 190 2281 cum
202 2254 304 2281 divina:
323 2253 486 2281 festivitates
498 2253 682 2280 omnimodam
700 2254 916 2281 consolationem

125 2300 226 2328 all'erre
244 2300 361 2332 soleant,
388 2299 506 2327 tristitia:
531 2299 655 2326 dolorem
678 2306 733 2326 non
756 2307 916 2334 expugnas,

127 2344 243 2376 suadeo,
265 2354 274 2370 ι
297 2348 351 2371 etc.

125 2401 250 2436 Epistola
266 2399 283 2427 9
301 2399 443 2435 familiaris
456 2399 537 2426 simul
552 2403 576 2426 et
596 2399 771 2435 apologatiaa,
795 2399 830 2426 ad
853 2409 918 2427 ano-

450 2443 569 2470 nymum.

163 2482 325 2509 Deditanno
336 2481 398 2513 M9,
413 2481 465 2508 sub
481 2481 573 2512 tinem,
592 2483 737 2515 postquam
758 2480 865 2508 audivit
882 2481 917 2510 de

126 2527 263 2555 sententia
283 2527 310 2554 in
329 2527 481 2554 latrocinali
506 2526 624 2553 concilio
641 2525 670 2552 in
686 2533 716 2553 se
731 2525 794 2554 data
808 2533 814 2552 :
827 2527 917 2554 amico

127 2573 214 2604 enim,
226 2578 274 2600 aut
284 2573 437 2600 amicorum
451 2572 535 2600 emtui
547 2571 649 2606 potius,
668 2571 796 2606 injuriam
813 2571 916 2600 illatam

127 2625 201 2652 aegre
215 2617 496 2652 ierenti,respondet,
511 2625 561 2644 sua
576 2624 606 2644 se
619 2616 775 2643 innocentia
789 2621 817 2644 et
831 2617 917 2644 divini

125 2663 223 2700 iudicii
234 2671 282 2699 spe
301 2664 455 2691 consolans.
470 2663 542 2695 Dixi,
566 2666 612 2690 aut
623 2663 768 2689 amicorum
779 2664 856 2690 coetui
870 2671 917 2698 po-

127 2710 191 2737 tius.
205 2709 234 2737 ld
246 2709 320 2738 enim
334 2709 484 2737 ostendunt
504 2708 597 2744 priora
614 2708 698 2736 verba
713 2717 719 2735 :
745 2708 776 2735 Ἦ
797 2709 846 2744 μὲν
862 2709 919 2736 θεο-

1002 2209 1044 2236 IV.
1068 2207 1202 2238 Alterum,
1224 2207 1324 2233 mirum
1348 2204 1447 2237 videri,
1473 2212 1523 2232 cur
1546 2204 1671 2239 epistola,
1695 2212 1756 2239 quae

966 2259 1021 2282 tam
1037 2257 1131 2288 aperta
1145 2252 1277 2286 temporis
1289 2255 1352 2278 nota
1367 2250 1481 2285 insignis
1496 2254 1548 2283 est,
1569 2251 1627 2278 visa
1652 2250 1687 2277 sit
1710 2251 1755 2278 ni-

965 2300 1114 2328 hilominus
1126 2297 1243 2325 Baronio
1265 2296 1365 2331 scripta
1382 2300 1444 2331 post
1457 2296 1629 2323 latrocinium
1642 2296 1756 2331 Ephesi—

965 2353 1032 2373 num
1044 2353 1052 2378 ;
1062 2348 1091 2372 et
1104 2344 1166 2371 ideo
1181 2343 1207 2370 in
1221 2343 1389 2374 columnam,
1407 2341 1481 2369 velut
1496 2341 1679 2376 epitaphium,
1694 2349 1756 2369 san-

970 2396 1015 2419 cto
1036 2389 1149 2424 martyri
1172 2387 1344 2416 incidendam
1360 2396 1366 2413 ε
1381 2387 1482 2422 scripta
1501 2387 1574 2414 enim
1590 2392 1633 2414 est
1648 2387 1757 2415 duobus

971 2437 1056 2465 ferme
1070 2435 1149 2463 annis
1163 2438 1225 2462 ante
1238 2433 1373 2468 ejusmodi
1387 2432 1545 2461 concilium.

1006 2482 1038 2509 V.
1063 2481 1102 2508 De
1125 2479 1335 2514 annis,'qtiibus
1350 2478 1496 2506 Flavianus
1509 2478 1589 2511 sedit,
1607 2482 1757 2514 pugnantes

971 2532 1035 2557 sunt
1047 2531 1189 2555 auctorum
1199 2525 1351 2553 sententiae.
1365 2525 1418 2553 Alii
1430 2525 1572 2552 biennium
1598 2529 1627 2551 et
1647 2531 1757 2552 menses

968 2571 1062 2599 decem
1073 2570 1176 2598 sedisse
1188 2572 1314 2596 asserunt
1326 2577 1334 2601 -,
1349 2569 1396 2595 alii
1409 2576 1510 2596 annum
1525 2568 1657 2596 duntaxat
1671 2577 1756 2597 unum

968 2624 1030 2644 cum
1042 2615 1137 2643 decem
1155 2613 1305 2641 mensibus.
1322 2613 1352 2640 ln
1362 2614 1455 2648 priore
1470 2614 1600 2650 opinione
1612 2619 1757 2644 versantur

968 2662 1112 2694 Baronius,
1137 2660 1272 2688 Antonius
1296 2660 1461 2693 Richardus,
1489 2665 1518 2689 et
1541 2661 1697 2689 Bollandus.
1726 2662 1757 2690 ln

969 2707 1122 2744 posteriore
1137 2706 1238 2734 Meneta
1252 2705 1421 2740 Graecorum,
1443 2707 1576 2736 Maximus
1585 2707 1754 2744 Gythei-atus,

794 2780 953 2809 SCllULZlI
971 2779 1087 2808 ΝΟΤΑΞ.

163 2839 186 2856 τί
202 2837 290 2874 Epist.
302 2838 346 2867 69.
385 2839 407 2856 "
423 2839 509 2875 Epist.
522 2838 548 2866 8.
588 2838 610 2855 "
623 2838 710 2874 Epist.
730 2839 774 2867 8|.
