1967 3047
229 105 281 136 259

788 98 976 129 GARNERII
997 99 1242 130 DISSERTATIO
1261 100 1301 129 II.

1796 98 1846 131 280

229 157 400 192 Nicephorus
413 154 741 190 Constantinopolitanus,
762 153 912 187 Cedrenus,
934 154 1014 184 Pcta-
1031 162 1051 189 Α
1068 155 1166 182 illustri
1189 155 1350 191 martyrium
1371 154 1495 189 perfecit,
1509 157 1661 189 pugnantes
1673 153 1773 181 iterum
1785 159 1846 182 sunt

228 211 301 231 vuus.

263 247 306 276 Vl.
319 249 356 275 De
367 247 506 275 mensibus
523 246 617 274 decem
632 254 704 273 nunc
716 253 813 273 omnes
829 245 1015 276 consentiunt,

229 298 374 329 propterea
393 292 465 327 quod
489 292 634 319 Flavianus
657 291 800 319 ordinatus
816 295 858 318 est
868 291 918 318 sub
935 290 1017 317 tinem

230 338 366 370 Octobris,
385 337 525 372 depositus
537 337 580 363 die
597 337 704 364 decima
719 336 846 371 Augusti.

264 384 320 410 Vll.
346 383 464 416 Quaestio
485 383 517 410 de
532 383 610 409 annis
623 382 725 417 pendet
743 389 776 409 ex
790 387 913 416 tempore
927 381 1019 409 obitus

229 429 328 460 Procli,
342 429 385 455 cui
398 429 544 455 Flavianus
554 428 695 455 successit.
712 427 765 455 Alii
779 428 905 454 Proclum
917 427 1019 454 obiisse

230 473 307 500 aiunt
323 481 395 500 anno
412 474 473 506 41:6,
493 473 538 500 alii
554 481 625 500 anno
637 473 692 500 M7
708 482 714 506 ;
732 477 815 507 prout
829 480 927 507 nempe
941 477 968 499 et
980 473 1019 499 illi

229 523 257 545 et
279 519 323 546 isti
340 520 463 546 sentiunt
481 519 514 546 de
528 523 609 546 terrae
619 523 705 550 motu,
723 527 778 553 quo
787 518 1019 552 Constantinopo-

230 564 264 591 lis
274 571 407 591 concussa
431 569 483 596 est,
504 564 607 599 quique
633 565 731 591 Proclo
758 563 869 591 vivente
893 564 1018 598 ‘contigit.

231 609 320 636 Motus
342 609 387 636 ille
403 617 417 635 a
433 609 544 636 Pctavio
564 609 676 643 ponitur
686 617 756 636 anno
768 610 829 640 M7,
841 609 868 635 in
883 616 938 644 quo
949 609 1020 636 Mar-

231 654 360 682 cellinum
375 659 402 681 et
417 655 630 682 Alexandrinum
649 654 730 688 310
746 653 902 681 Chronicon
925 653 1019 688 sequi—

231 705 276 727 tur
292 709 299 726 :
315 701 427 735 ponitur
441 708 455 727 a
469 700 587 727 Baronio
606 708 676 727 anno
688 700 750 730 446.
767 700 815 727 ubi
827 708 877 735 pro
888 707 928 732 se,
947 699 1020 734 quod

231 745 332 772 mirum
349 749 400 777 est,
417 749 444 772 et
459 750 553 772 contra
570 745 650 771 ﬁdem
669 745 806 777 codicum,
831 744 1019 772 Marcellinum

233 789 336 817 laudat.
354 790 503 817 Sententize
532 789 615 824 priori
641 789 834 816 adhmrendum
860 793 936 823 puto,
962 792 1019 815 tum

231 835 294 870 quia
307 835 426 870 plurium
443 839 486 863 est
505 835 745 870 antiquiorumque
765 835 948 869 scriptorum;
964 839 1020 861 tum

231 882 304 917 quod
332 882 452 909 rationes
478 889 528 916 pro
554 881 698 915 posteriori
722 881 845 908 adductae
867 882 911 908 vix
938 881 1018 915 quid-

230 934 313 960 quam
337 926 456 953 habeant
479 925 610 960 ponderis
631 925 763 952 adversus
777 929 879 952 tantam
896 929 1018 952 veterum

231 973 434 999 auctoritatem.
996 977 1009 988 ε

266 1028 334 1054 Vlll.
355 1027 483 1055 Momenti
506 1028 620 1062 alicujus
646 1027 673 1054 id
699 1035 782 1054 unum
804 1027 891 1056 videri
919 1031 1018 1062 potest,

231 1072 303 1106 quod
330 1072 468 1106 profertur
491 1073 525 1099 de
554 1072 632 1099 annis
658 1071 803 1099 duodecim
824 1072 897 1099 sedis
917 1073 1017 1104 Procli,

232 1125 313 1151 quem
332 1121 438 1144 constat
457 1125 528 1144 anno
551 1118 612 1150 454,
633 1117 677 1144 die
695 1118 727 1144 12
740 1117 851 1152 Aprilis.
875 1118 902 1144 in
929 1118 1019 1145 locum

232 1163 386 1190 Maximiani
405 1163 559 1190 sutlectum.
576 1164 645 1190 llinc
669 1163 742 1190 enim
761 1163 945 1195 concluditur,
972 1163 1021 1190 ob—

232 1209 295 1236 iisse
318 1217 389 1236 anno
405 1209 466 1236 M6.
482 1210 584 1236 Verum
600 1209 626 1235 id
645 1209 734 1243 rcipsa
750 1209 808 1235 leve
822 1213 863 1236 est
880 1218 886 1235 :
905 1217 967 1236 nam
986 1210 1019 1237 de

232 1253 311 1280 armis
322 1254 410 1281 Procli
424 1262 478 1281 non
491 1254 666 1280 consentiunt.
686 1254 810 1280 historici
831 1254 893 1288 ipsi.
922 1255 1020 1282 Fateor

231 1307 246 1326 a
256 1299 411 1333 Nicephoro
429 1299 732 1333 Constantinopolitano
745 1299 829 1326 tribui
852 1307 938 1326 annos
949 1300 1019 1327 duo-

232 1345 331 1377 decim,
357 1345 413 1372 sive
437 1345 465 1372 in
486 1345 721 1379 Chronographia,
746 1344 803 1372 sive
827 1345 853 1371 in
869 1345 1017 1380 Catalogo:

233 1390 316 1418 tribui
343 1391 446 1425 pariter
469 1398 484 1417 a
509 1390 685 1425 Theophane,
712 1398 773 1417 eum
801 1390 896 1418 scribit
919 1391 1019 1419 abiisse

233 1444 305 1464 anno
330 1437 364 1463 59
392 1436 557 1468 Theodosii;
583 1436 629 1463 sed
655 1441 835 1471 praeterquam
849 1437 922 1471 quod
939 1438 1019 1464 unica

232 1488 275 1511 est
294 1482 441 1517 Nicephori
460 1486 488 1509 et
505 1482 680 1516 Theophanis
699 1482 864 1509 Nemeorum
881 1486 909 1509 et
925 1483 1019 1510 Meno-

233 1528 367 1563 logiorum
392 1527 549 1554 Graecorum
570 1526 738 1554 auctoritas:
761 1534 824 1553 nam
841 1527 1021 1560 Theophanes

233 1574 417 1609 Nicephorum
430 1574 565 1607 sequitur,
580 1573 682 1600 Menaea
695 1577 723 1600 et
733 1573 923 1608 Martyrologia
935 1582 968 1601 ex
978 1574 1022 1601 his

233 1619 413 1654 scriptoribus
445 1619 583 1653 descripta
611 1622 698 1651 sunt;
727 1623 909 1653 praeterquam
937 1619 1020 1653 quod,

234 1664 355 1698 inquam,
379 1664 436 1690 [nec
455 1663 604 1690 auctoritas
626 1663 708 1690 unica
727 1667 778 1694 est,
793 1668 821 1690 et
832 1663 914 1690 etiam
931 1671 980 1698 per
993 1672 1021 1691 se

233 1709 310 1736 levis.
323 1710 389 1736 Nam
402 1709 543 1743 irrepsisse
555 1715 678 1735 errorem
693 1709 719 1735 in
729 1717 874 1736 numerum
884 1717 1019 1736 annorum

234 1754 305 1789 apud
316 1754 510 1788 Nicephorum,
521 1754 656 1788 legentem
667 1754 797 1781 tredecim
807 1762 855 1788 pro
866 1755 1021 1787 duodecim,

234 1809 290 1828 non
320 1805 425 1828 temere
441 1799 576 1835 quispiam
603 1799 740 1834 opinetur.
764 1799 844 1826 Certe
859 1808 969 1827 necesse
981 1805 1021 1827 est

235 1846 314 1874 fateri
334 1851 474 1880 peccatum
499 1853 558 1872 esse
581 1845 607 1872 in
625 1853 740 1871 numero
756 1845 910 1872 mensium:
932 1853 1021 1880 neque

235 1891 307 1918 enim
331 1896 396 1922 tres,
416 1895 446 1917 ut
463 1890 579 1916 habetur
601 1889 673 1924 apud
685 1897 731 1916 eos
743 1890 788 1923 qui
804 1890 931 1924 appellati
946 1895 1020 1922 sunt,

235 1936 282 1963 sed
300 1945 347 1963 sex
369 1944 429 1963 cum
453 1936 598 1963 duodecim
613 1935 711 1962 diebus
728 1935 782 1962 dici
801 1935 964 1962 debuerunt.
981 1936 1023 1963 Si-

235 1983 346 2018 quidem
367 1991 382 2010 a
409 1983 454 2009 die
480 1982 512 2008 12
538 1981 649 2016 Aprilis,
666 1989 719 2016 qua
734 1981 779 2007 die
792 1985 865 2008 certe
880 1981 1021 2009 ordinatus

234 2033 276 2056 est
294 2029 416 2061 Proeliis,
434 2028 467 2055 ad
483 2028 556 2056 diem
571 2027 606 2053 ΞΑ
620 2027 757 2058 Octobris,
772 2035 826 2061 qua
841 2031 948 2054 constat
960 2035 1021 2055 esse

235 2074 405 2106 defunctum,
431 2081 540 2100 menses
561 2080 630 2107 quos
656 2071 723 2104 dixi,
737 2072 850 2107 diesque
867 2072 1023 2100 interfluxe—

235 2119 299 2147 rint.
319 2119 412 2152 Quare
435 2119 561 2146 Proclum
576 2117 677 2144 obiisse
688 2125 760 2144 anno
776 2118 838 2150 447,
848 2116 958 2146 sedisse
972 2126 1022 2146 an-

1066 200 1231 234 scriptorum
1257 200 1407 227 sententia).
1426 199 1548 226 Tradunt
1568 200 1641 227 enim
1669 199 1714 226 alii
1737 198 1766 226 in
1791 199 1847 233 ipso

1067 244 1162 280 synodi
1174 245 1233 271 loco
1251 244 1423 271 interfectum
1440 251 1499 271 esse
1511 252 1526 270 a
1540 243 1669 270 Barsuma
1681 247 1709 270 et
1723 243 1780 270 suis
1791 251 1847 270 mo-

1066 290 1162 318 nachis
1177 299 1184 323 ;
1198 291 1244 317 alii
1256 294 1317 324 post
1334 290 1454 317 triduum
1474 297 1507 316 ex
1522 289 1640 323 acceptis
1664 289 1750 324 plagis
1769 289 1847 316 inter-

1068 337 1153 370 iisse;
1183 337 1229 364 alii
1258 337 1284 363 in
1317 337 1359 363 via
1388 337 1420 363 ad
1447 337 1614 372 llypaipense
1648 335 1775 362 exsilium
1800 335 1848 362 ob-

1068 382 1132 409 iisse
1148 391 1155 415 ;
1175 382 1231 415 alii,
1248 386 1390 417 postquam
1405 382 1535 418 Hypazpas
1546 382 1695 417 ‘pervenit,
1711 382 1847 409 calamita-

1069 428 1142 455 tibus
1157 432 1184 455 et
1201 428 1319 455 miseriis
1338 429 1462 455 attritum
1481 435 1552 455 esse.
1575 429 1682 455 Veritas
1708 428 1786 455 facile
1811 428 1848 456 di-

1069 474 1154 501 scitur
1177 482 1209 501 ex
1236 474 1324 509 prima
1356 478 1432 509 parte
1463 473 1571 500 concilii
1600 473 1847 505 Chalcedonensis;

1069 528 1131 546 nam
1150 520 1176 546 in
1197 519 1311 554 epistola
1338 519 1420 546 Galla:
1445 519 1571 546 Placidia:
1594 520 1628 546 ad
1656 519 1848 550 Theodosium,

1069 566 1160 593 vivere
1185 566 1275 592 adhuc
1298 565 1455 592 Flavianum
1480 565 1557 599 311
1579 565 1750 599 supponitur.
1772 575 1780 590 ι
1797 564 1851 591 Hac

1070 610 1160 644 itaque
1174 610 1260 645 gratia
1273 610 1455 637 mansuetudo
1466 614 1510 637 tua
1523 610 1606 636 tantis
1616 609 1703 636 turbis
1711 610 1849 640 resistens,

1069 656 1211 683 veritatem
1227 655 1366 683 catholica:
1383 655 1522 690 religionis
1535 655 1734 682 immaculatam
1751 655 1850 682 servari

1069 702 1210 736 praecipiat
1227 710 1233 727 :
1249 706 1281 728 ut
1307 701 1456 729 secundum
1475 702 1588 729 formam
1612 707 1640 729 et
1666 702 1850 730 definitionem

1071 747 1225 781 apostolica:
1254 747 1335 779 sedis,
1361 755 1443 782 quam
1453 752 1481 774 et
1493 755 1542 774 nos
1557 751 1684 780 tanquam
1695 748 1851 782 prtccellen-

1070 796 1125 820 tem
1141 793 1267 820 similiter
1280 801 1454 825 veneramur,
1482 793 1508 820 in
1526 797 1595 820 statu
1613 794 1756 820 sacerdotii
1771 793 1852 821 illaeso

1072 844 1198 867 manente
1217 848 1266 875 per
1280 840 1371 867 omnia
1388 839 1526 872 Flaviano,
1543 840 1577 866 ad
1589 840 1734 867 concilium
1746 844 1853 874 aposto—

1072 887 1130 914 licte
1155 886 1228 914 sedis
1249 886 1381 921 judicium
1398 885 1606 913 transmittatur.
1633 896 1642 912 ι
1661 886 1774 920 Scripsit
1789 894 1853 913 vero

1072 933 1190 960 Placidia
1211 937 1272 967 post
1294 932 1366 959 diem
1392 933 1423 959 l8
1436 933 1607 968 Novembris,
1628 932 1653 959 id
1665 938 1715 964 est,
1728 936 1789 967 post
1802 937 1854 959 tres

1072 985 1180 1005 menses
1201 986 1216 1004 a
1232 979 1321 1005 soluto
1334 978 1450 1005 concilio
1466 978 1603 1012 Ephesino
1615 977 1766 1004 latrocinali
1782 985 1855 1011 ;quo

1072 1027 1194 1056 tempore
1212 1022 1373 1050 incredibile
1396 1027 1447 1054 est,
1462 1030 1516 1049 non
1531 1022 1614 1050 fuisse.
1628 1022 1718 1049 adhuc
1732 1022 1852 1049 auditum

1073 1068 1098 1095 in
1123 1067 1270 1095 Occidente
1290 1069 1324 1095 de
1342 1068 1415 1095 ca‘dc
1440 1068 1600 1103 patriarehm
1620 1075 1694 1094 novre
1711 1067 1811 1099 Romae,
1832 1067 1853 1093 si

1074 1122 1167 1142 revera
1180 1114 1349 1149 contigisset.
1368 1114 1433 1147 Quis
1447 1114 1518 1140 enim
1537 1114 1587 1140 sibi
1608 1113 1780 1148 persuadeat,
1793 1120 1853 1139 cum

1072 1159 1105 1186 dc
1121 1159 1203 1186 rebus
1215 1159 1360 1194 Ephesinis
1374 1162 1576 1193 perstrepercnt
1594 1158 1696 1190 omnia,
1721 1157 1754 1184 de
1780 1161 1854 1183 tanto

1072 1204 1203 1236 facinore,
1232 1209 1365 1239 quantum
1393 1209 1434 1232 est
1460 1204 1540 1239 regite
1567 1204 1642 1230 urbis
1672 1203 1852 1237 patriarcham

1072 1250 1213 1282 trucidari,
1236 1250 1278 1277 vel
1306 1250 1414 1282 famam,
1438 1258 1489 1284 qua
1505 1249 1571 1277 nihil
1586 1249 1725 1284 pernicius
1738 1249 1765 1275 in
1779 1248 1855 1275 defe-

1072 1296 1166 1323 rendis
1181 1295 1362 1323 insolentibus
1376 1295 1501 1327 nuntiis;
1522 1295 1564 1321 vel
1587 1295 1690 1321 litteras
1719 1294 1789 1320 ultro
1815 1293 1855 1320 ci-

1073 1345 1168 1375 troque
1184 1340 1217 1367 ad
1234 1341 1430 1375 imperatorum
1443 1339 1520 1366 aulas
1532 1342 1714 1373 permeantcs,
1729 1338 1853 1369 siluisse;

1071 1387 1114 1414 vel
1129 1387 1288 1421 Augustam,
1305 1394 1367 1413 eum
1379 1384 1411 1412 ad
1429 1384 1613 1411 Theodosium
1630 1387 1770 1418 parentem
1785 1383 1854 1411 scri-

1072 1432 1159 1463 beret,
1175 1432 1322 1458 relaturam
1337 1431 1421 1457 fuisse
1436 1430 1507 1456 solas
1519 1429 1605 1456 sancti
1621 1428 1720 1455 Leonis
1731 1427 1855 1461 querelas

1072 1477 1106 1504 de
1129 1477 1249 1504 Flaviani
1275 1476 1445 1511 expulsione,
1470 1483 1525 1502 non
1549 1475 1612 1502 item
1633 1474 1666 1501 de
1680 1481 1757 1504 nece,
1769 1479 1855 1507 eaque

1072 1527 1126 1549 tam
1140 1522 1248 1549 immani
1263 1527 1290 1550 et
1304 1522 1450 1553 horrenda,
1467 1522 1489 1548 si
1510 1522 1602 1548 ltonue
1616 1524 1680 1546 nota
1693 1519 1787 1546 esset?

1108 1568 1140 1595 X.
1164 1568 1241 1601 Quod
1259 1568 1281 1594 si
1295 1575 1358 1594 vera
1373 1571 1436 1594 sunt
1457 1568 1519 1598 ista,
1534 1571 1563 1593 ut
1576 1570 1649 1592 certe
1665 1569 1739 1596 sunt,
1756 1564 1856 1590 miru‘m

1072 1618 1204 1649 quantmn
1232 1621 1247 1640 a
1277 1614 1382 1640 ratione
1408 1613 1547 1643 abhorret,
1576 1611 1649 1646 quod
1677 1619 1731 1637 non
1753 1610 1856 1638 nemini

1073 1659 1279 1688 contradicendi
1293 1659 1393 1693 cupido
1410 1667 1464 1686 non
1479 1659 1516 1685 ita
1534 1656 1639 1693 pridém
1653 1658 1728 1684 venit
1739 1658 1766 1684 in
1779 1665 1856 1684 meu-

1072 1710 1137 1733 tem.
1163 1706 1279 1732 Litteras
1302 1704 1483 1732 Valentiniani
1496 1709 1523 1731 et
1535 1705 1716 1739 Augustarum
1732 1711 1787 1730 non
1804 1703 1856 1730 nisi

1071 1754 1134 1785 post
1156 1750 1255 1777 festum
1280 1750 1367 1777 sancti
1382 1750 1466 1781 Petri,
1483 1749 1562 1776 idest
1578 1757 1606 1775 ιιι
1623 1749 1680 1775 lial.
1694 1748 1769 1779 Julii,
1784 1756 1856 1774 anno

1072 1796 1134 1829 450,
1152 1803 1212 1823 esse
1227 1799 1359 1822 exaratas.
1372 1795 1485 1830 Oportet
1498 1794 1570 1821 enim
1587 1802 1603 1821 c
1617 1794 1724 1821 duobus
1741 1794 1857 1820 alterum

1074 1840 1211 1872 accidere,
1228 1847 1326 1874 nempe
1341 1844 1403 1874 post
1419 1839 1545 1866 undecim
1566 1839 1623 1866 fere
1639 1846 1746 1865 menses
1769 1838 1810 1865 vel
1828 1838 1856 1865 in

1072 1885 1219 1912 Occidente
1239 1885 1273 1912 de
1297 1889 1385 1911 morte
1406 1884 1526 1918 episcopi
1550 1888 1629 1911 tantie
1644 1884 1716 1911 sedis
1727 1883 1856 1910 rescitum

1071 1939 1143 1963 esse,
1174 1931 1218 1958 vel
1245 1928 1335 1957 adhuc
1356 1930 1531 1965 superstitem
1558 1930 1716 1957 Flavianmn
1746 1929 1855 1956 vixisse.

1072 1977 1223 2011 Utrumque
1235 1984 1300 2003 vero
1310 1976 1433 2011 prodigio
1446 1976 1533 2003 simile
1548 1979 1599 2002 est.

1107 2023 1153 2050 Xl.
1176 2023 1270 2050 Restat
1293 2023 1376 2057 igitur
1390 2027 1420 2049 ut
1440 2022 1583 2049 Flavianus
1599 2021 1733 2057 llyptcpis,
1751 2029 1796 2048 seu
1811 2029 1858 2047 su-

1073 2070 1246 2104 perveniente,
1259 2076 1305 2095 seu
1317 2069 1418 2104 ingesta
1430 2072 1524 2100 morte,
1547 2068 1695 2095 defunctus
1722 2068 1757 2095 sit
1775 2076 1781 2094 :
1808 2068 1858 2094 sed

1073 2124 1127 2151 quo
1139 2123 1243 2146 mense,
1258 2123 1346 2150 quove
1358 2115 1412 2147 die,
1428 2114 1539 2142 deﬁnite
1563 2122 1644 2141 nemo
1667 2114 1770 2147 tradit;
1795 2121 1859 2148 pro-

235 2173 285 2192 nos
306 2165 338 2192 15
360 2173 422 2192 cum
448 2164 463 2191 6
491 2163 630 2190 mensibus
650 2167 678 2190 et
691 2163 724 2190 12
740 2163 838 2191 diebus
853 2164 951 2191 sentio.
965 2164 1022 2192 lino
1038 2168 1059 2195 ι)
1074 2162 1165 2190 habile
1188 2165 1279 2189 tamen
1299 2161 1326 2188 id
1352 2161 1499 2196 contigisse
1522 2161 1567 2188 die
1582 2161 1614 2188 l8
1628 2161 1768 2188 Februarii
1785 2169 1859 2188 anno

235 2211 418 2246 Nicephorum
433 2209 575 2236 Callistum
590 2208 791 2236 emendandum
806 2217 880 2241 reor,
891 2218 952 2237 cum
964 2210 1019 2237 ait:

235 2255 314 2282 Μετὰ
341 2255 370 2281 δὲ
396 2254 475 2281 τοῦτο
496 2254 617 2289 Πρόκλος
630 2254 678 2290 μὲν
693 2256 707 2281 ὁ
727 2255 862 2286 θειότατος
874 2255 940 2282 δέκα
954 2256 1021 2290 πρὸς

234 2300 275 2334 τῷ
299 2300 340 2326 ἑνὶ
362 2299 501 2334 διατρίψας
522 2299 569 2334 ἔτη
590 2300 629 2334 τῷ
647 2299 696 2334 τῆς
712 2301 1022 2331 Κωνσταντινυυπόλεως

236 2344 334 2380 θρόνῳ,
352 2345 399 2371 καὶ
413 2345 427 2371 ό
445 2344 495 2379 τῆς
520 2345 721 2380 Ἀλεξανδρείας
734 2345 875 2377 θεσπέσιος
889 2346 1021 2381 Κύριλλος

234 2389 283 2416 δύο
296 2390 363 2425 πρὸς
379 2390 434 2420 τοῖς
447 2389 591 2424 τριάκοντα
604 2390 672 2416 κατὰ
684 2390 790 2419 ταύτὸν,
803 2391 849 2417 καὶ
860 2391 942 2425 ἄμφω
955 2391 1022 2426 πρὸς

235 2433 284 2469 τὴν
299 2434 395 2468 ἀγήρω
411 2433 567 2467 μετέϐαινον
586 2433 686 2468 βιοτήν.
705 2434 863 2468 Legendum
880 2435 953 2461 enim
980 2439 1022 2463 est

235 2477 339 2504 δώδεκα
357 2485 363 2504 :
385 2477 516 2511 alioquin,
539 2486 600 2505 cum
622 2477 709 2504 tradat
725 2482 753 2504 et
768 2478 892 2505 Proclum
909 2479 1021 2507 ordina-

236 2527 294 2550 tum
307 2530 379 2549 anno
394 2524 455 2554 ἄδι,
471 2523 514 2550 die
538 2523 570 2550 1‘2
591 2523 701 2558 Aprilis,
715 2529 742 2550 et
758 2531 791 2551 eo
801 2525 909 2551 vivente
925 2525 1021 2560 ingen-

237 2571 292 2596 tem
321 2568 396 2595 illum
426 2572 506 2596 terrm
530 2572 634 2595 motum
664 2568 820 2603 contigisse,
845 2569 872 2596 in
899 2575 1021 2604 apertam

235 2614 479 2641 contradictionem
504 2614 658 2642 incideret:
676 2622 737 2641 nam
751 2618 799 2641 aut
814 2620 918 2642 motum
935 2616 1020 2643 refer-

235 2664 277 2687 ret
292 2660 326 2687 ad
342 2668 443 2687 annum
457 2660 519 2692 “5,
545 2668 600 2695 quo
615 2660 685 2687 nihil
711 2660 764 2688 dici
787 2665 877 2695 potest
900 2662 1020 2689 alienum

235 2706 321 2740 magis
340 2713 355 2732 a
382 2713 467 2737 vero;
493 2710 541 2732 aut
563 2706 688 2734 Proclum
713 2713 766 2733 non
784 2705 904 2734 adfuisse
920 2715 1020 2735 conce-

235 2751 322 2780 deret.
338 2751 410 2786 quod
421 2756 514 2786 aperte.
530 2751 636 2778 falsum.

270 2796 315 2823 lli.
333 2796 391 2824 Jam
407 2804 471 2824 vero
489 2797 521 2824 de
544 2802 677 2832 tempore,
695 2805 749 2832 quo
769 2798 912 2826 Flavianus
934 2803 1020 2826 morte

1072 2209 1134 2240 458,
1150 2215 1205 2243 quo
1219 2208 1264 2235 die
1285 2207 1314 2234 fit
1326 2208 1413 2234 sancti
1425 2207 1547 2234 Flaviani
1566 2207 1698 2234 memoria
1715 2207 1742 2234 in
1764 2207 1859 2234 Meno-

1071 2254 1144 2288 logio
1156 2253 1313 2280 Graecorum
1324 2257 1352 2279 et
1367 2252 1557 2288 Martyrologio
1573 2252 1706 2279 Romano.
1723 2252 1791 2279 Nam
1808 2259 1860 2279 cur

1072 2299 1205 2327 Baronius
1226 2299 1371 2326 relatarum
1392 2297 1655 2332 Constantinopolim
1679 2298 1859 2332 reliquiarum

1072 2345 1232 2372 memoriam
1252 2352 1285 2372 eo
1309 2343 1354 2371 die
1370 2343 1503 2370 celebrari
1525 2343 1682 2376 asseruerit,
1709 2344 1779 2370 nihil
1804 2343 1860 2371 tale

1072 2390 1271 2426 Martyrologiis
1293 2389 1485 2421 referentibus,
1503 2389 1567 2416 fecit
1586 2394 1750 2424 przesumpta
1763 2389 1861 2424 opinio

1072 2436 1106 2463 de
1126 2441 1213 2463 morte
1230 2435 1350 2462 Flaviani
1377 2439 1437 2470 post
1461 2435 1581 2462 triduum
1605 2442 1620 2461 a
1644 2435 1815 2469 depositione
1831 2435 1861 2462 in

1073 2481 1130 2516 ipsa
1147 2481 1215 2508 urbe
1233 2480 1379 2515 Ephesina.

1107 2525 1164 2552 Xll.
1185 2525 1270 2552 Porro
1293 2528 1383 2551 autem
1407 2524 1480 2559 quod
1503 2524 1644 2559 probabile
1665 2524 1731 2556 dixi,
1744 2524 1787 2551 his
1800 2524 1861 2551 fere

1072 2571 1240 2606 argumentis
1265 2570 1354 2597 fulciri
1378 2574 1467 2605 potest
1482 2578 1488 2596 :
1503 2570 1635 2601 Primum,
1654 2569 1800 2596 defunctus
1815 2574 1862 2597 est

1072 2616 1217 2644 Flavianus
1243 2616 1368 2651 Hypaepis
1393 2616 1420 2642 in
1444 2615 1555 2642 civitate
1576 2615 1665 2650 Lydia:
1679 2623 1861 2650 seusuperve-

1073 2663 1168 2693 nienlc,
1200 2669 1245 2688 seu
1271 2662 1372 2696 ingesta
1398 2666 1491 2688 morte.
1518 2660 1547 2687 ld
1574 2667 1640 2687 vero
1664 2661 1787 2688 accidere
1802 2668 1862 2689 non

1072 2708 1172 2743 potuit,
1197 2708 1218 2735 si
1240 2715 1293 2739 res,
1315 2715 1370 2742 quo
1382 2714 1459 2734 more
1472 2706 1550 2738 fiunt,
1567 2706 1746 2738 :estimentur,
1756 2706 1813 2733 nisi
1831 2711 1863 2733 et

1072 2753 1164 2780 itineri
1192 2757 1219 2780 ct
1245 2760 1327 2780 morm
1352 2761 1407 2780 non
1428 2753 1556 2787 exiguum
1584 2756 1691 2786 tempus
1708 2751 1860 2779 tribuatur.

1072 2799 1176 2826 Deinde
1191 2798 1213 2825 si
1228 2805 1300 2825 mors
1314 2798 1434 2826 Flaviani
1448 2798 1605 2834 contigisset
1621 2803 1682 2825 ante
1699 2797 1862 2829 Octobrem,
