1967 3047
138 101 188 134 261

723 107 771 137 DE
790 108 917 138 LIBRIS
934 109 1188 143 TIIEODORETI.

1718 121 1770 152 262

138 159 242 211 absque
257 155 547 211 dubio‘reseitum'de
576 160 632 211 ipsa
659 161 763 196 aliquid
783 163 879 191 fuissot
904 164 931 191 in
947 168 968 195 Α
984 168 1123 195 veteribus
1149 169 1319 203 auctoribus,
1347 178 1413 206 puta
1437 172 1573 206 Liberato,
1602 174 1728 211 Evagrio,
1742 181 1770 204 et

137 203 286 231 Occidente
312 204 363 230 sub
388 204 469 231 finem
483 205 655 238 Novembris,
672 215 727 242 quo
741 212 862 243 tempore
874 210 925 237 Va-

137 249 306 277 lentinianus
328 257 390 276 cum
415 250 546 285 Augustis
569 251 675 279 duabus
690 252 722 279 ad
741 253 926 281 Theodosium

137 295 244 323 litteras
270 295 368 322 dedit:
394 300 421 322 at
447 297 579 324 rescitum
605 306 661 325 non
685 303 754 326 erat.
780 300 886 332 Postea,
903 301 926 328 si

135 344 200 368 ante
214 340 374 367 Ianuarium
391 346 438 368 aut
462 341 543 368 linem
569 343 728 371 Decembris
748 344 893 372 Flavianus
911 353 926 372 e

134 387 191 414 vita
203 387 376 419 decessisset,
391 387 564 430 Theodosjus
578 389 671 423 utique
683 390 875 418 Valentiniano
897 397 926 418 et

134 431 263 466 Augustis
286 431 455 465 respondens
483 440 539 459 non
565 433 719 461 tacuisset:
745 435 830 462 tacuit
848 443 923 463 vero.

135 478 268 513 Denique,
296 478 318 504 si
343 482 407 505 ante
429 477 608 505 Februarium
624 487 699 508 mors
716 480 837 508 Flaviani
852 481 925 508 acci-

133 523 229 554 disset,
247 523 328 557 312
344 523 410 558 quid
423 527 496 550 esset
508 531 608 556 causae,
625 532 675 551 cur
689 529 801 552 sanctus
817 526 872 553 Leo
889 534 924 553 ne

133 568 247 595 verbum
268 568 378 602 quidem
398 576 429 595 ea
441 568 474 595 de
490 577 519 596 re
534 568 640 602 fecerit,
657 574 703 598 aut
716 576 789 598 certe
803 572 836 598 de
852 571 925 599 Ana-

132 614 199 641 tolio
216 622 270 641 non
285 614 425 649 scripserit
443 615 608 647 Theodosio,
630 616 791 649 Pulcherize,
809 618 924 653 aliisque

132 664 196 687 ante
223 660 326 688 Iulium
354 661 497 688 mensem?
512 661 568 688 Cur
592 661 765 690 Theodosius
788 672 842 690 non
861 668 924 692 ante

133 707 387 742 Quadragesimam,
405 713 452 734 aut
466 708 547 734 etiam
562 712 626 735 ante
638 709 752 741 Pascha,
768 717 822 736 non
835 710 922 744 petie-

132 753 169 779 rit
194 753 352 780 Anatolium
372 758 436 780 ante
450 754 672 781 communionem
689 755 774 789 recipi
793 763 808 782 a
827 761 922 784 sancto

131 798 233 830 Leone,
257 806 339 833 quem
360 799 446 834 probe
460 804 586 832 noverat,
603 800 718 827 solemni
735 801 786 828 hac
798 801 922 829 declara-

131 844 206 872 tione
238 843 550 880 Constantinopolitanis
587 847 716 874 onmibus
749 848 918 883 scripsisse:
938 836 958 863 Β

134 900 143 915 4
159 890 290 925 Quisquis
301 891 429 918 incolumi
446 899 478 919 ac
487 893 634 926 superstite
647 893 775 921 Flaviano
791 894 920 929 episcopo

129 940 222 963 vestro
233 936 418 964 sacerdotium
431 937 490 971 ejus
505 937 587 964 fuerit
598 945 682 965 ausus
694 939 834 968 invadere.
846 947 920 966 nun~

129 990 211 1017 quam
227 983 254 1009 in
270 983 464 1010 communione
486 988 581 1010 nostra
595 983 753 1018 habebitur,
777 992 829 1012 nec
846 985 919 1012 inter

127 1028 271 1063 episcopos
286 1029 387 1063 poterit
400 1029 551 1056 numerari.
569 1039 578 1055 ι

163 1073 232 1101 Xlll.
268 1073 431 1109 Opinionem
463 1075 643 1108 confirmant,
671 1076 791 1111 primum
817 1076 918 1104 Mentca

127 1119 230 1152 Grznca,
250 1120 276 1147 in
291 1120 392 1155 quibus
406 1121 550 1148 Flavianus
563 1121 665 1148 dicitur
688 1132 696 1147 ε
711 1122 846 1157 permissu
869 1122 917 1149 Dei

127 1173 143 1193 a
158 1166 289 1193 Dioscoro
303 1166 432 1193 lneretico
441 1171 469 1194 et
484 1167 667 1194 conciliabulo
677 1168 736 1203 ejus
748 1167 776 1194 in
791 1168 917 1195 exsilium

126 1212 241 1247 cjectus,
256 1220 318 1239 cum
331 1213 423 1240 sedem
440 1213 573 1241 tenuisset
584 1221 685 1241 annum
705 1217 732 1240 et
750 1221 857 1241 menses
872 1214 918 1241 de-

126 1265 206 1291 cem;
228 1258 255 1285 in
279 1258 375 1285 exsilio
397 1266 479 1293 porro
503 1259 601 1286 multas
620 1259 782 1287 aﬂlictioncs
802 1268 852 1294 pro
866 1259 918 1287 fide

125 1304 277 1331 orthodoxa
287 1313 444 1339 perpessus,
455 1313 486 1331 ex
499 1305 595 1331 morbo
608 1305 716 1332 tandem
731 1305 891 1332 decessisse.
905 1315 914 1331 ι

127 1348 230 1376 Deinde
247 1349 430 1385 Mcnologium
456 1350 564 1377 Maximi
587 1350 733 1386 Cytheraci,
753 1350 781 1377 in
805 1359 859 1385 quo
873 1358 918 1378 ca-

126 1394 189 1421 dem
218 1394 386 1422 referuutur.
414 1395 509 1422 Postea
537 1395 720 1430 Menologium
749 1389 916 1427 Grazeorum,

127 1440 200 1474 quod
229 1440 264 1466 ab
291 1440 410 1467 llenrico
434 1440 544 1468 Canisio
563 1449 595 1467 ex
610 1440 777 1467 bibliotheca
792 1445 819 1467 et
833 1441 919 1468 inter-

127 1485 281 1517 pretatione
291 1484 438 1511 cardinalis
448 1484 539 1512 Sirleti
547 1485 651 1512 editum
663 1490 714 1516 est,
725 1485 758 1512 ad
771 1486 802 1512 ’Π
816 1485 895 1512 Febr.
909 1494 915 1512 :

132 1538 140 1554 ι
156 1529 184 1556 S.
208 1530 238 1557 Ρ.
254 1530 286 1557 Ν.
308 1531 507 1566 archiepiscopi
519 1531 771 1566 Constantinopolis
786 1532 918 1564 Flaviani,

127 1576 175 1611 qui
199 1576 234 1602 ab
260 1576 343 1610 impio
368 1577 510 1608 Dioscoro,
531 1582 560 1603 et
574 1577 710 1604 hrereticis
726 1584 788 1604 cum
804 1585 837 1604 eo
852 1585 919 1604 eon-

127 1622 307 1656 spirantibns,
319 1623 424 1658 ejectus
435 1627 516 1657 atque
534 1623 560 1650 in
574 1623 701 1650 exsilium
714 1623 824 1655 missus,
836 1623 920 1651 variis

128 1668 266 1703 pressuris
279 1673 306 1696 et
322 1669 453 1696 aarumnis
468 1672 590 1699 vexatus,
612 1669 667 1696 vita
679 1669 790 1696 functus
801 1673 853 1696 est.
871 1679 880 1695 ι

164 1711 233 1739 ΧΠ.
250 1711 417 1747 Argumenta
438 1712 493 1739 duo
519 1713 607 1739 videri
630 1717 745 1747 possunt
771 1721 820 1748 pro
842 1718 920 1748 parte

127 1759 253 1793 opposita
279 1759 380 1791 facere,
407 1767 524 1793 quorum
550 1759 667 1786 alterum
696 1767 710 1786 a
730 1759 920 1796 llartyrologio

129 1804 262 1836 Romano,
275 1804 392 1831 alterunt
407 1813 421 1831 a
433 1805 572 1832 nonnullis
583 1805 713 1832 Actorum
722 1805 830 1832 concilii
838 1805 921 1833 Chal-

127 1850 292 1878 cedonensis
306 1851 399 1877 verbis
412 1850 540 1878 sumitur.

163 1897 386 1931 Martyrologium
424 1897 466 1924 sic
503 1897 610 1924 habet:
648 1906 656 1922 ι
683 1896 919 1932 Constantinopoli

126 1942 214 1969 sancti
233 1942 352 1969 Flaviani
369 1942 502 1977 episcopi,
522 1943 569 1977 qui
584 1950 646 1969 cum
661 1943 740 1970 fidem
757 1943 919 1971 catholicam

127 1988 228 2023 Ephesi
251 1992 447 2024 propugnaret,
471 1988 506 2015 ab
533 1988 610 2023 impii
638 1988 763 2016 Dioscori
790 1989 918 2023 factione,

125 2035 227 2069 pugnis
243 2039 271 2061 et
285 2035 407 2062 calcibus
423 2042 583 2070 percussus,
609 2039 670 2069 post
693 2035 815 2062 triduum
835 2036 918 2063 vitam

126 2080 225 2107 linivit.
242 2090 252 2106 ι
269 2081 371 2108 Verum
386 2080 476 2115 primo
489 2080 670 2116 Martyrologii
684 2081 780 2108 eadem
800 2085 843 2108 est
859 2089 919 2116 quat

125 2125 237 2153 Barouii
252 2125 402 2153 auctoritas
416 2134 423 2152 :
442 2125 577 2153 Baronius
589 2126 663 2153 enim
682 2126 714 2153 ad
729 2134 830 2154 novum
845 2127 917 2154 Mar-

125 2171 291 2206 tyrologium
305 2171 422 2203 addidit,
435 2171 509 2206 quod
523 2171 557 2199 de
574 2171 702 2199 Flaviano
721 2175 727 2182 ‘
742 2176 785 2200 est
801 2181 808 2199 :
827 2180 917 2207 neque

123 2217 198 2244 enim
222 2217 250 2244 in
275 2218 480 2252 antiquioribus
504 2218 615 2253 legitur,
642 2226 676 2246 ne
698 2218 725 2246 in
742 2218 916 2246 Galesiniano

123 2263 236 2297 quidem
253 2264 374 2291 Venetiis
388 2264 472 2291 edito.
490 2264 595 2291 Deinde
611 2264 828 2291 additamentum
841 2264 915 2291 istud

122 2308 230 2343 accepit
249 2308 287 2336 ita
309 2316 342 2336 ex
366 2309 478 2336 Menaeis
496 2315 523 2336 et
538 2309 689 2344 Menologio
701 2309 868 2341 Gnecorum,
886 2314 917 2337 ut

121 2354 207 2381 verba
223 2354 414 2389 interpolaret,
431 2355 510 2389 quasi
525 2362 649 2382 errorem
664 2355 747 2382 vellet
767 2355 914 2391 corrigere.

121 2399 222 2426 Postea
249 2400 364 2426 credere
390 2400 488 2426 maluit
509 2399 665 2434 Nicephoro
691 2399 814 2432 Callisto,
833 2408 915 2434 quam

120 2444 279 2472 Marcellino
302 2445 406 2478 comiti,
430 2450 458 2472 et
473 2446 555 2473 Felici
569 2445 706 2473 defensori
718 2446 846 2474 Ecclesiae
859 2447 915 2474 Ro-

120 2499 219 2522 manae,
240 2491 267 2518 id
285 2497 337 2523 est,
362 2493 484 2526 praetulit
504 2492 646 2520 hominem
673 2496 735 2527 post
761 2498 915 2527 nongentos

119 2545 209 2565 annos
223 2537 257 2565 de
276 2538 359 2565 rebus
377 2538 499 2566 Flaviani
517 2538 695 2570 scribentem,
719 2538 860 2566 historicis
881 2546 916 2566 ne

119 2591 177 2609 uno
188 2583 299 2617 quidem
315 2583 420 2618 integro
430 2583 530 2610 saeculo
545 2583 720 2611 distantibus.

161 2628 219 2656 Cur
240 2628 396 2663 Nicephoro
422 2629 560 2660 crederet,
591 2629 789 2663 damnaretque
813 2628 917 2656 erroris

119 2676 233 2706 Nemea,
256 2675 325 2701 nihil
349 2674 497 2702 admodum
520 2683 610 2702 causae
622 2674 745 2710 accipere
757 2674 857 2710 potuit,
873 2674 916 2702 vel

119 2728 153 2748 ex
177 2719 270 2746 verbis
293 2719 424 2747 Actorum
441 2720 549 2747 concilii
567 2719 809 2752 Chalcedonensis,
825 2719 868 2747 vel
882 2727 915 2747 ex

979 212 1049 244 aliis,
1071 215 1144 247 quod
1169 219 1259 243 tamen
1278 217 1450 251 potissimum
1464 224 1545 254 atque
1559 220 1642 247 etiam
1657 221 1768 248 unicum

977 257 1116 292 opinionis
1136 267 1192 287 suae
1208 260 1421 290 fundamentum
1438 271 1498 290 esse
1513 264 1619 297 voluit;
1639 273 1702 292 nam
1716 265 1770 292 Eu-

977 303 1071 331 sebius
1094 305 1205 339 quidem
1231 307 1388 344 Dorylensis
1414 309 1523 336 actione
1544 310 1631 345 prima
1647 311 1769 338 occisum

977 350 1102 384 queritur
1116 351 1275 380 Flavianum
1293 363 1300 380 :
1325 355 1433 382 actione
1459 355 1540 382 tertia
1562 356 1736 384 interfectum
1753 365 1769 384 a

976 394 1108 422 Dioscoro
1122 401 1216 424 narrat
1241 397 1359 430 Quintus
1387 400 1546 433 Phocensis,
1575 405 1657 435 atque
1683 402 1767 429 ctiam

975 440 1118 469 Proterius
1130 441 1293 477 Myrinensis
1301 453 1316 476 ,;
1332 445 1439 473 actione
1451 451 1548 481 quarta
1559 446 1690 474 adversus
1699 446 1767 473 Bar-

975 494 1100 520 sumam,
1119 489 1195 517 velut
1215 490 1420 518 interfectorem
1444 493 1524 527 313
1546 493 1677 524 Flaviani,
1699 500 1766 520 con-

975 533 1118 560 clamatur.
1146 534 1199 562 Sed
1223 536 1287 563 inde
1309 545 1389 564 nemo
1415 538 1561 565 concludat
1580 538 1665 570 aliud,
1683 546 1766 573 quam

975 579 1045 606 male
1062 579 1186 607 habitum
1205 581 1305 616 Ephesi
1328 582 1497 615 Flavianum,
1514 583 1633 618 indeque
1648 583 1766 618 ejectum

975 622 1002 649 in
1015 623 1152 657 exsilium,
1168 625 1215 652 ubi
1231 626 1360 654 wrumnis
1373 627 1515 656 confectus
1524 632 1576 655 est.

1009 670 1044 697 Et
1055 678 1122 698 vero
1139 671 1339 704 Theodoretus,
1358 681 1421 699 cum
1435 673 1462 700 in
1479 673 1612 700 concione
1627 673 1732 702 diceret
1743 675 1766 690 ⁵⁵

974 722 988 742 a
1015 716 1098 743 sociis
1128 717 1285 751 pastoribus
1308 719 1430 745 occisum
1454 718 1570 746 calamis
1597 718 1764 751 Nestorium,

973 759 1048 787 aliud
1066 760 1134 788 nihil
1145 761 1326 796 significabat,
1340 763 1450 798 opinor,
1462 771 1544 798 quam
1562 764 1718 798 depositum
1737 768 1766 792 et

973 805 1110 841 dejectum
1140 808 1235 841 fuisse,
1259 814 1290 836 ut
1317 814 1410 844 posset
1433 817 1551 837 maerore
1568 810 1675 837 conﬁci.
1691 810 1766 837 ldem

975 853 1034 887 ipse
1049 853 1251 885 Theodoretus,
1273 863 1336 882 cum
1356 855 1390 882 de
1405 863 1455 882 sua
1474 855 1646 890 depositione
1658 855 1764 883 scribe-

974 902 1028 930 ret,
1047 898 1150 926 cazdem
1171 900 1334 927 nominavit.
1353 900 1490 928 Eusebius
1503 901 1598 928 funera
1610 901 1689 933 dixit,
1705 909 1766 936 quae

973 950 1070 977 passus
1082 947 1134 970 est.
1149 943 1252 972 Neuter
1267 948 1358 972 tamen
1371 945 1512 977 occubuit,
1525 945 1573 972 sed
1588 946 1647 973 dira
1659 950 1765 973 tantum

972 996 1053 1023 passu
1058 997 1070 1016 S
1086 993 1138 1016 est.

973 1056 1095 1092 Epistula
1109 1057 1141 1084 12
1153 1058 1340 1092 consolatoria,
1355 1059 1389 1086 ad
1397 1059 1529 1087 Irenwum
1539 1061 1685 1095 episcopatu
1694 1061 1763 1096 Tyri.

1009 1111 1119 1139 Solatur
1149 1113 1175 1140 in
1204 1113 1300 1141 funere
1322 1115 1415 1149 generi
1432 1115 1563 1142 [remeum
1580 1114 1643 1150 Tyri
1659 1114 1766 1149 episco—

972 1163 1049 1191 pum,
1065 1157 1098 1184 de
1114 1165 1168 1192 quo
1187 1162 1267 1186 antea
1283 1159 1386 1186 dictum
1398 1163 1449 1186 est.
1467 1159 1504 1186 De
1522 1164 1643 1193 tempore
1657 1163 1764 1186 constat

972 1210 1005 1229 ex
1029 1203 1082 1230 line
1109 1204 1241 1238 epistolae,
1272 1205 1407 1239 siquidem
1436 1205 1537 1240 scripta
1556 1205 1658 1232 dicitur
1672 1206 1764 1233 statim

972 1251 1054 1283 atque
1068 1249 1153 1276 altera
1166 1250 1242 1284 prior
1257 1255 1367 1277 exarata
1378 1255 1435 1278 est:
1449 1260 1458 1275 (
1472 1251 1528 1277 lloc
1541 1259 1591 1286 ego
1606 1251 1764 1286 perscriptis

969 1294 1024 1330 jam
1050 1295 1190 1329 prioribus
1216 1296 1327 1323 monitis
1349 1297 1460 1328 dictavi,
1489 1305 1550 1324 cum
1568 1297 1628 1332 ejus
1646 1301 1763 1326 mortem

972 1339 1040 1366 mihi
1053 1341 1159 1368 amicus
1170 1342 1280 1376 quidam
1295 1341 1329 1368 ab
1344 1342 1489 1369 Antiochia
1507 1342 1670 1370 nuntiasset.
1687 1351 1695 1368 ι
1713 1343 1766 1369 Eo-

972 1385 1034 1413 dem
1049 1386 1131 1422 igitur
1142 1391 1264 1423 tempore
1277 1392 1393 1423 utraque
1406 1388 1489 1415 missa
1503 1391 1555 1420 est,
1572 1389 1678 1416 scilicet
1693 1396 1765 1416 anno

972 1433 1033 1460 447.

1093 1499 1213 1535 Epistula
1233 1499 1265 1526 l5
1279 1499 1463 1533 curharistira,
1483 1500 1518 1526 ad
1534 1499 1642 1535 Cyrum.

1006 1562 1066 1589 Non
1082 1563 1199 1589 obscura
1212 1567 1254 1590 est
1267 1563 1398 1597 temporis
1413 1567 1487 1595 nota,
1504 1563 1640 1597 siquidem
1661 1564 1764 1592 donum

971 1608 1043 1644 Cyri,
1061 1608 1134 1643 quod
1158 1608 1288 1636 Lesbium
1318 1609 1422 1640 vinum,
1452 1609 1641 1637 Theodoretus
1669 1610 1766 1638 scribit

971 1662 1001 1682 se
1014 1654 1164 1688 accepisse,
1181 1662 1243 1681 cum
1259 1654 1353 1681 multa:
1371 1658 1399 1681 et
1411 1662 1507 1689 graves
1518 1659 1613 1682 essent
1624 1656 1687 1682 vitm
1701 1663 1766 1690 pro-

971 1700 1056 1732 cellae,
1072 1705 1185 1735 propter
1201 1708 1268 1734 quas
1278 1701 1356 1736 longa
1367 1701 1429 1728 vitae
1439 1705 1562 1735 tempora
1573 1709 1627 1728 non
1639 1706 1762 1736 optaret:

970 1746 1104 1780 procellas
1131 1745 1205 1772 enim
1231 1745 1400 1780 interpretor
1425 1745 1594 1776 vexationes,
1619 1753 1680 1779 qua:
1701 1750 1762 1779 post

971 1799 1072 1818 annmn
1086 1791 1138 1818 zi/n‘i
1151 1791 1335 1825 contigerunt,
1350 1798 1405 1825 quo
1418 1795 1541 1825 tempore
1566 1798 1615 1825 par
1639 1795 1682 1818 est
1705 1791 1768 1817 exis

971 1837 1083 1864 stintare
1099 1836 1189 1863 datam
1200 1843 1261 1863 esse
1271 1836 1426 1870 epistolam.

1005 1884 1100 1919 Cyrus,
1128 1883 1162 1910 ad
1184 1892 1265 1918 quem
1279 1883 1341 1910 data
1358 1887 1410 1916 est,
1422 1883 1509 1910 videri
1523 1888 1614 1918 posset
1626 1883 1764 1917 Marcopo—

970 1930 1074 1957 litanus
1095 1929 1140 1956 ille
1170 1930 1327 1964 cpiscopus,
1349 1929 1394 1963 qui
1422 1929 1448 1956 in
1475 1929 1657 1956 conciliabulo
1674 1929 1764 1963 Ephe—

970 1975 1031 2002 sino
1053 1982 1115 2002 cum
1145 1974 1206 2001 aliis
1229 1974 1416 2001 Orientalibus
1439 1973 1720 2008 dchSUiLCyrillum
1736 1978 1764 2000 et

969 2019 1153 2050 Memnonem,
1171 2019 1313 2053 depositus
1336 2022 1364 2045 et
1389 2018 1447 2053 ipse
1471 2017 1592 2045 vicissim
1619 2023 1712 2052 postea
1736 2018 1763 2044 in

969 2065 1115 2093 latrocinio
1126 2065 1250 2092 Dioscori
1268 2073 1276 2097 ;
1293 2058 1426 2100 cujusque
1440 2065 1543 2091 mentio
1569 2063 1598 2090 fit
1615 2071 1629 2090 a
1652 2064 1762 2090 Victore

969 2103 1131 2138 T'unoncnsi
1155 2110 1189 2138 ad
1206 2110 1379 2137 consulatum
1407 2109 1499 2142 Gibbi,
1528 2113 1555 2136 et
1578 2117 1592 2135 a
1618 2108 1761 2135 monachis

970 2156 1120 2183 Palmstinae
1132 2156 1159 2182 in
1181 2155 1282 2182 litteris
1300 2155 1332 2182 ad
1352 2155 1525 2190 Aleysoncm.
1549 2153 1629 2184 Vide,
1648 2161 1708 2187 qua:
1728 2153 1762 2199 de

931 2195 955 2224 Ι)
970 2200 1028 2236 ipso
1048 2201 1136 2236 posita
1149 2201 1251 2227 suntin
1270 2201 1331 2227 Vita
1348 2199 1525 2230 Theodoreti,
1539 2206 1598 2232 cap.
1614 2198 1655 2225 l3.

1004 2246 1105 2274 Verum
1128 2246 1276 2281 quominus
1302 2246 1328 2272 in
1353 2245 1423 2272 hanc
1447 2244 1612 2271 sententiam
1641 2243 1760 2275 veniam,

970 2292 1071 2319 rctinet
1097 2291 1251 2326 inscriptio,
1277 2299 1338 2326 qua:
1363 2291 1431 2318 nihil
1459 2290 1542 2317 habet
1568 2295 1670 2325 praeter
1699 2289 1761 2325 Cyri

969 2345 1071 2364 nomen
1090 2346 1097 2364 ε
1117 2345 1188 2364 nam
1211 2337 1403 2364 Thcodoretus
1420 2336 1454 2363 ad
1466 2336 1610 2371 episcopos
1627 2335 1761 2366 scribens,

969 2381 1111 2418 dignitatis
1126 2383 1283 2409 meminisse
1299 2382 1378 2409 solet.
1397 2381 1501 2417 Opinor
1519 2381 1602 2417 igitur
1614 2381 1704 2408 datam
1727 2381 1762 2408 ad

968 2428 1069 2465 Cyrum
1081 2428 1342 2464 Magistrianum,ad
1362 2436 1445 2463 quem
1467 2433 1509 2455 est
1527 2427 1643 2462 epistola
1664 2434 1763 2454 conso-

969 2474 1068 2502 latoria
1094 2474 1122 2501 in
1146 2474 1243 2501 funere
1265 2474 1360 2501 uxoris
1382 2478 1410 2501 et
1431 2472 1491 2506 lilii,
1509 2481 1569 2508 qua:
1585 2480 1698 2500 numero
1714 2472 1762 2500 156

969 2524 1108 2548 censetur.

968 2586 1090 2621 Epicteto
1116 2586 1149 2613 Η
1171 2586 1361 2619 consolatorie,
1378 2586 1413 2613 ad
1429 2585 1613 2613 Alexandrum
1630 2585 1762 2613 illustrem

1162 2622 1289 2657 feminam
1307 2623 1335 2649 in
1352 2621 1422 2648 obitu
1437 2621 1565 2656 conjugis.

1002 2677 1022 2704 l.
1037 2676 1222 2713 Corrigendus
1229 2685 1312 2712 porro
1320 2681 1362 2705 est
1371 2677 1478 2709 titulus,
1489 2681 1517 2704 et
1525 2684 1575 2712 pro
1588 2675 1762 2711 ’Δλεξανδρίᾳ

966 2720 1112 2754 legendum
1137 2720 1298 2756 Ἀλεξάνδρᾳ
1312 2730 1319 2748 :
1343 2721 1574 2756 quemadmodum
1588 2721 1616 2748 in
1631 2724 1761 2748 contextu

801 2796 961 2826 SCHULZH
981 2797 1097 2826 NOTAE.

155 2831 178 2848 "
193 2830 254 2859 Vid.
282 2838 376 2866 supra,
392 2839 419 2866 p.
436 2831 495 2859 106.
