1967 3047
208 109 261 141 263

771 110 959 141 GARNERII
980 109 1228 140 DISSERTA’I‘IO
1249 111 1288 139 II.

1781 111 1834 143 εει

210 163 372 199 προσοίκους
395 171 451 191 non
476 163 581 190 vicinos
605 163 639 196 ⁵⁸,
664 163 711 191 sed
733 163 856 191 hatredes
881 162 996 198 intelligi
1011 164 1034 192 Α
1048 161 1181 189 habemus
1206 162 1338 197 temporis
1365 162 1560 197 characterem,
1579 163 1765 192 evocationem
1781 167 1833 194 sci-

210 210 323 242 debere,
343 210 430 238 series
450 210 541 237 docet.

245 256 278 283 Il.
293 257 358 283 Data
375 260 416 282 est
436 264 489 290 quo
503 260 623 290 tempore
635 256 726 291 jussus
739 260 798 283 erat
809 255 997 282 Theodoretus

209 309 239 329 se
265 301 328 336 Cyri
355 300 517 328 continere:
547 310 556 326 ι
573 301 635 328 Ilaec
645 308 696 336 ego
715 308 790 327 nunc
813 299 935 328 scribere
949 308 997 327 co-

212 349 292 372 actus
307 352 378 376 sum,
394 345 468 378 quia,
485 348 513 370 ut
532 343 565 370 ad
579 352 628 371 vos
642 344 796 377 decurram,
809 344 918 371 vincula
942 351 998 370 non

209 391 312 418 sinunt.
332 399 341 415 ι

244 436 326 471 314
335 436 381 464 Hi.
396 434 564 468 Quaefuerit,
573 439 601 462 et
610 436 687 471 cujus
699 435 788 463 mariti
800 443 869 464 uxor
884 435 998 462 illustris

209 481 304 508 istha:e
318 480 480 512 Alexandra,
499 480 635 515 conjicere
650 481 820 515 aliquatenus
834 481 918 514 licet;
934 487 997 508 nam

209 527 299 562 primo
322 526 429 553 consuli
453 525 557 560 nupsit,
575 525 710 560 siquidem
723 526 850 553 maritum
868 526 997 554 Theodo-

208 572 367 599 retusdieat
378 572 410 598 ad
427 572 531 606 apicem
546 571 709 606 dignitatum
726 572 928 604 conscendisse,
942 580 998 607 quo

209 617 319 644 nomine
343 618 432 645 solent
456 625 562 649 omnes,
583 622 610 645 et
626 617 683 652 ipse
699 618 859 645 nominatim
874 619 997 646 scribens

208 663 310 690 Zenoni
337 671 369 690 ac
393 663 494 695 Tauro,
522 664 695 691 consulatum
720 664 868 698 appellare.
893 665 997 692 Deinde

207 709 359 736 Antiochia:
373 709 551 736 versabatur:
567 709 705 744 quomodo
714 710 786 737 enim
798 710 889 738 statim
900 718 996 738 accur-

209 754 289 782 risset
314 755 407 781 audito
433 755 529 782 mortis
542 755 640 782 nuntio
656 755 854 788 Theodoretus,
869 756 922 783 nisi
936 756 997 783 vin-

208 801 269 827 cula
285 800 484 828 retinuissent?
506 801 596 833 Quare
611 801 757 836 episcopus
775 802 829 834 ille,
854 809 935 836 quem
959 802 996 829 ita

209 846 352 880 magnilice
375 846 478 878 laudat,
501 847 593 882 aitque
618 855 701 874 unum
723 848 789 875 satis
805 855 865 875 esse
881 848 914 875 ad
930 856 996 876 con-

209 892 369 919 solationem
385 891 490 920 amictae
507 893 701 922 adhibendam.
728 894 851 921 Domnus
867 894 920 921 fuit
940 894 997 922 An—

209 938 343 965 tiochense
354 938 433 965 urbis
451 942 515 965 tunc
526 939 680 974 episcopus.
940 961 945 963 Α

244 983 287 1010 IV.
305 983 428 1018 Denique
444 984 554 1011 videtur
564 984 648 1011 fuisse
660 985 758 1020 conjux
769 983 890 1020 praefecti
901 983 999 1011 Orien-

210 1029 245 1056 tis
260 1037 266 1055 :
281 1036 341 1055 nam
357 1034 384 1056 et
399 1029 444 1056 ille
459 1037 474 1056 a
491 1030 664 1057 Theodorcto
680 1031 760 1057 unice
772 1030 890 1057 dilectus
904 1029 997 1056 innui—

209 1079 264 1106 tur,
276 1078 304 1101 et
317 1074 435 1109 prrefecti
446 1074 567 1102 Orientis
579 1076 702 1103 solebant
711 1084 744 1102 ex
755 1076 914 1103 consulibus
925 1075 996 1108 ﬁeri,

208 1123 235 1146 et
250 1120 368 1155 prtefecti
383 1121 534 1148 Antiochire
550 1121 716 1152 residebant,
735 1121 779 1148 ubi
798 1121 929 1156 frequens
940 1125 998 1148 erat

208 1164 408 1197 Theodoretus,
430 1166 527 1200 suique
545 1165 726 1193 admiratione
749 1170 907 1201 magnatum
936 1165 998 1193 ani-

207 1218 266 1238 mos
274 1211 325 1238 sibi
334 1211 506 1238 conciliabat.

384 1267 392 1277 '
408 1266 529 1302 Epistola
554 1267 596 1299 15,
619 1266 654 1293 ad
672 1265 819 1294 Silvanum.

242 1324 262 1351 l.
279 1324 390 1351 Nullum
406 1324 489 1351 habet
503 1324 690 1351 characterem
703 1324 843 1358 temporis,
858 1325 911 1352 nisi
927 1324 997 1352 forte

209 1368 316 1396 dicatur
335 1373 397 1396 ante
414 1369 567 1396 vexationis
587 1373 694 1403 tempus
708 1369 809 1404 scripta
823 1378 829 1395 :
843 1369 906 1396 silet
923 1370 997 1396 enim

209 1415 243 1442 de
263 1415 330 1449 ipsa,
349 1421 411 1441 cum
428 1419 517 1441 tamen
535 1414 648 1448 querula
667 1421 711 1440 res
723 1414 757 1440 sit
772 1413 891 1441 hominis
904 1414 997 1449 cujus-

208 1469 326 1495 cunque,
339 1465 367 1488 et
380 1461 530 1495 praesertim
546 1460 722 1492 Theodoreti,
736 1460 853 1487 miseria.

242 1507 275 1534 II.
300 1506 404 1541 Opinor
423 1505 574 1536 Silvanum,
597 1505 640 1532 cui
655 1505 785 1532 scribitur
796 1506 911 1540 epistola
930 1514 995 1533 con-
1010 1497 1032 1527 Ο

207 1552 336 1580 solatoria
362 1551 388 1578 in
414 1555 501 1577 morte
527 1551 629 1583 uxoris,
658 1550 741 1578 fuisse
765 1551 919 1586 praesidem,
948 1556 996 1578 aut

207 1599 370 1632 primarium
406 1597 524 1631 aliquem
553 1597 644 1624 virum
676 1597 796 1632 regionis
824 1597 993 1632 Cyrestieae;

208 1645 282 1671 unde
306 1644 357 1671 sub
381 1643 461 1670 [iuem
485 1643 578 1670 subdit
606 1643 813 1670 Theodoretus:
839 1653 847 1668 ι
863 1643 995 1670 Admittat

208 1697 274 1724 ergo
296 1689 497 1723 magnificentia
518 1693 563 1715 tua
581 1692 721 1723 paternam
733 1689 964 1722 exhortationem,
981 1699 990 1715 ι

207 1735 328 1770 episcopi
345 1735 450 1761 scilicet
460 1734 509 1762 tui.

288 1790 408 1825 Epistola
423 1790 465 1821 16.
476 1791 510 1817 ad
524 1790 654 1817 Irenaeum
670 1790 730 1826 Tyri
747 1792 904 1827 episcopum.

243 1847 263 1873 Ι.
287 1846 362 1873 Adeo
386 1846 539 1881 implicatus
551 1851 594 1873 est
609 1854 705 1873 sensus
719 1851 799 1881 atque
811 1847 938 1881 perplexa
949 1846 993 1873 hi.

208 1892 292 1919 Storia
317 1891 448 1926 epistoltc,
466 1896 496 1918 ut
511 1891 581 1918 facili
602 1891 711 1926 negotio
723 1891 844 1926 expediri
860 1899 914 1918 non
928 1899 993 1925 pos-

208 1937 244 1963 sit
258 1944 264 1962 :
280 1936 366 1963 multa
381 1936 465 1967 enim,
477 1939 508 1962 ut
529 1935 601 1962 inter
616 1936 719 1962 amicos
739 1943 830 1962 rerum
856 1935 991 1968 conscios,

208 1979 512 2008 Theodoretuslrenaao
526 1980 647 2007 breviter
670 1981 788 2015 scripsit,
817 1988 877 2015 qua:
903 1984 991 2008 tamen

206 2033 261 2053 non
277 2027 352 2061 parvi
367 2026 498 2054 momenti
510 2031 552 2054 est
561 2026 626 2053 sciri
638 2034 652 2053 a
675 2026 805 2054 studiosis
828 2026 992 2054 ecclesiasti-

206 2079 269 2099 CIITU
275 2079 299 2098 m
314 2079 417 2099 rerum.

241 2118 273 2145 II.
300 2118 480 2153 Attinguutur
498 2118 610 2145 omnino
630 2124 696 2144 sex:
714 2118 899 2145 ecclesiastica
917 2118 990 2145 cala-

1048 207 1112 234 licet
1128 208 1161 235 ad
1177 208 1320 244 synodum,
1334 208 1368 236 de
1385 217 1438 243 qua
1453 217 1524 236 mox.

1047 276 1050 279 .
1082 252 1127 280 IV.
1156 253 1194 280 Dc
1210 253 1361 280 calamitate
1375 254 1512 287 Ecclesiae,
1526 263 1607 289 quam
1623 255 1713 288 deﬂet,
1730 257 1833 283 calum-

1048 298 1257 333 niatoribusque
1280 299 1347 331 suis,
1368 300 1401 327 de
1425 300 1526 335 quibus
1548 301 1683 335 queritur,
1702 302 1780 329 facile
1793 306 1834 330 est

1045 342 1180 377 judicare.
1206 343 1272 370 Nam
1289 351 1343 378 quo
1356 349 1478 379 tempore
1490 345 1637 378 scribebat,
1656 346 1712 373 visa
1727 351 1768 374 est
1783 347 1832 382 ipsi

1048 388 1177 416 Ecclesia:
1204 390 1323 424 procella
1352 390 1379 417 in
1406 390 1465 418 dies
1485 391 1607 426 singulos
1634 391 1775 426 fastigiari,
1805 396 1834 420 ut

1047 433 1179 468 loquitur,
1199 435 1226 462 id
1240 440 1292 468 est,
1309 435 1343 464 ad
1355 444 1491 463 summum
1507 437 1674 470 ascendere;
1693 438 1752 466 visa
1765 446 1833 473 quo-

1048 487 1102 514 que
1125 480 1293 514 desperanda
1313 482 1499 516 tranquillitas
1522 483 1652 516 publica;
1675 491 1726 511 nec
1748 491 1763 511 a
1781 484 1834 512 sin-

1048 525 1119 560 gulis
1144 526 1228 552 animi
1255 534 1306 560 pax
1330 527 1440 554 aliunde
1461 535 1542 561 quam
1560 536 1574 555 a
1596 529 1725 562 patientia
1738 537 1833 564 exspe-

1048 570 1162 603 ctanda;
1179 578 1277 605 nempe
1291 574 1356 598 tunc
1369 572 1590 599 accusationibus
1598 573 1678 608 315
1688 574 1835 608 urgebatur

1048 617 1168 650 pressius
1180 625 1187 649 ;
1201 617 1301 643 iratum
1313 617 1364 643 sibi
1375 617 1525 652 principem
1550 619 1742 653 experiebatur
1755 627 1762 651 ;
1788 619 1835 646 do-

1047 662 1162 689 mestico
1179 663 1325 689 tenebatur
1339 670 1468 696 carcere;
1491 663 1601 698 patebat
1614 664 1834 691 adversariorum

1048 707 1169 735 audacia:
1191 713 1219 735 et
1247 707 1377 741 invidiae;
1395 709 1490 736 timido
1514 710 1665 736 aulicorum
1682 709 1834 744 patrocinio

1048 761 1102 781 non
1115 759 1170 781 tam
1186 754 1385 782 defendebatur
1395 763 1476 790 quam
1487 756 1638 783 laborabat.

1084 810 1116 837 ν.
1136 809 1278 837 DiIIiciIius
1295 811 1467 846 intelligitur,
1482 819 1542 846 quae
1557 811 1638 838 fuerit
1653 812 1783 848 synodus,
1801 812 1833 840 ad

1041 861 1131 889 quam
1154 855 1308 882 habendam
1333 857 1502 883 evocatorias
1524 857 1556 883 ad
1578 858 1765 892 metropolitas
1787 867 1834 886 ye-

1048 899 1121 926 nisse
1143 899 1250 927 litteras
1274 901 1366 927 rcfert.
1388 901 1429 928 An
1447 901 1618 929 Antiochcna
1636 902 1735 937 aliqua,
1753 911 1834 938 quam

1047 945 1180 977 Domnus,
1194 947 1350 973 convocatis
1362 955 1394 973 ex
1409 951 1464 974 tota
1478 947 1598 974 Orientis
1613 947 1723 975 dimccsi
1735 953 1835 976 metro-

1047 992 1156 1027 politis,
1182 991 1328 1019 habiturus
1352 993 1443 1019 esset?
1466 993 1507 1020 An
1529 993 1665 1027 Ephesina
1689 994 1832 1028 posterior,

1048 1046 1129 1073 quam
1146 1037 1317 1065 Theodosius
1333 1038 1480 1073 imperator
1496 1038 1616 1073 undique
1632 1039 1768 1074 coegerit?
1782 1039 1834 1066 Ad-

1046 1084 1140 1119 juncta
1153 1083 1243 1110 omnia
1259 1084 1402 1118 Ephesinte
1414 1089 1580 1118 congruunt,
1598 1092 1677 1118 quam
1695 1085 1834 1119 postjudi-

1049 1130 1120 1157 cium
1143 1130 1264 1157 Flayiani
1285 1130 1318 1157 de
1341 1130 1474 1165 Eutyche,
1488 1138 1580 1157 mense
1591 1130 1748 1161 Novembri,
1762 1137 1833 1157 anno

1047 1175 1109 1207 448,
1126 1175 1287 1207 exercitum,
1302 1180 1411 1210 petente
1426 1175 1547 1210 Eutyche
1561 1179 1588 1202 et
1601 1179 1738 1211 satagente
1750 1175 1835 1211 Chry-

1048 1221 1154 1255 saphio,
1170 1221 1340 1248 Theodosius
1357 1221 1464 1247 indixit.

1083 1276 1126 1304 VI.
1142 1276 1282 1304 Coneludo
1296 1277 1379 1312 igitur
1394 1277 1503 1304 missam
1519 1277 1601 1304 fuisse
1613 1277 1756 1312 epistolam
1773 1281 1834 1312 post

1048 1321 1246 1356 depositionem
1270 1322 1382 1355 lremei,
1409 1323 1463 1350 imo
1488 1327 1550 1357 post
1571 1331 1691 1350 mensem
1714 1323 1834 1359 Aprilem

1048 1367 1111 1393 anni
1125 1367 1175 1394 4-59
1188 1369 1220 1393 ⁵⁵.
1234 1368 1299 1394 Nam
1311 1368 1402 1396 Irenrei
1415 1369 1550 1404 depositio
1563 1370 1676 1404 conligit
1691 1377 1761 1397 anno
1771 1370 1831 1403 448,

1048 1412 1159 1441 ineunte
1171 1421 1235 1440 vere
1251 1414 1289 1447 37;
1303 1410 1456 1442 evocatoria
1472 1416 1645 1450 imperatoris
1660 1415 1834 1451 consignatur

1048 1459 1064 1486 5
1080 1459 1213 1486 Kalendas
1229 1460 1340 1494 Aprilis,
1359 1469 1432 1488 anno
1445 1462 1507 1489 449.

1083 1517 1139 1544 VII.
1156 1517 1195 1545 Ex
1207 1518 1260 1550 his,
1272 1526 1332 1552 qua:
1346 1519 1506 1547 scribuntttr
1527 1519 1560 1547 de
1577 1520 1686 1555 Virgine
1707 1520 1843 1556 θεοτζκῳν

1047 1561 1174 1596 conjicio,
1189 1567 1255 1589 tunc
1271 1564 1401 1598 temporis
1414 1565 1591 1598 qmestioncm
1611 1562 1781 1598 eil‘erbuisse,
1798 1574 1833 1593 an

1046 1607 1128 1641 Virgo
1140 1607 1194 1635 dici
1207 1608 1320 1636 deberet
1333 1609 1424 1640 ἁπλῶς
1435 1614 1462 1636 et
1474 1610 1532 1638 siue
1543 1611 1637 1638 addito
1653 1611 1785 1643 θεοτόκος,
1798 1620 1832 1640 an

1046 1651 1109 1679 addi
1127 1657 1267 1687 oporteret
1282 1653 1497 1689 ἀνθρωποτόκος,
1518 1655 1680 1689 quibusdam
1695 1657 1832 1685 communi

1045 1696 1170 1725 formula:
1190 1699 1363 1726 subscribere
1387 1701 1566 1727 renuentibus
1584 1701 1642 1728 sine
1662 1702 1713 1729 hoc
1728 1702 1832 1729 addita-

1044 1748 1147 1776 mento,
1166 1752 1221 1779 quo
1249 1745 1377 1772 volebant
1399 1746 1505 1773 scilicet
1526 1747 1601 1774 vocis
1623 1747 1832 1782 amplitudinem

1045 1789 1226 1823 restringere,
1249 1795 1279 1816 ut
1305 1790 1402 1817 callide
1429 1791 1622 1819 Nestoriauum
1645 1800 1756 1820 sensum
1779 1793 1832 1822 sub

1045 1834 1178 1860 catholica
1190 1842 1256 1861 voce
1271 1835 1432 1862 retinerent.

1078 1889 1146 1917 VIII.
1171 1889 1372 1925 Conjecturam,
1396 1891 1504 1925 opinor,
1529 1892 1645 1926 probant
1665 1892 1830 1921 Theodoreti

1043 1935 1126 1962 verba
1143 1944 1150 1962 :
1172 1945 1180 1960 ε
1199 1935 1262 1963 Illos
1285 1940 1403 1970 oportet,
1424 1937 1470 1971 qui
1491 1945 1540 1972 pro
1561 1937 1661 1972 pietate
1685 1938 1828 1972 dimicant,

1043 1987 1103 2015 quae
1118 1981 1218 2008 dicturi
1232 1982 1286 2008 sint
1306 1981 1328 1997 ⁵⁸
1344 1982 1489 2017 diligenter
1503 1983 1669 2016 examinare,
1682 1992 1733 2011 nec
1746 1992 1829 2012 voea-

1043 2025 1107 2053 bula
1128 2033 1268 2060 quaarere,
1295 2034 1357 2061 quae
1382 2028 1585 2055 contentionem
1611 2030 1756 2063 suscitent,
1780 2031 1828 2058 sed

1043 2070 1207 2104 sententias,
1232 2079 1293 2105 quze
1313 2072 1456 2100 veritatem
1486 2073 1589 2108 liquido
1610 2075 1776 2110 exprimant,
1799 2081 1830 2104 et

1043 2116 1172 2143 reluctari
1194 2116 1327 2144 audentes
1348 2118 1449 2146 rubore
1469 2119 1636 2147 suﬂ'undant.
1659 2120 1730 2153 Quid
1753 2122 1827 2149 enim

205 2165 296 2196 mitas,
319 2165 442 2192 evocatio
465 2164 498 2191 ad
514 2165 657 2200 synodum,
671 2165 781 2199 querela
791 2164 824 2191 de
841 2165 992 2192 calumnia-

1054 2165 1095 2188 sta
1119 2161 1292 2196 discrepant,
1321 2163 1525 2199 ἁνθρωποτόκον
1546 2165 1627 2192 simul
1650 2174 1682 2194 ac
1704 2167 1829 2194 θεοτόκον

207 2211 313 2237 toribus
328 2211 396 2242 suis,
420 2211 533 2245 quaestio
554 2211 588 2237 de
613 2211 725 2246 Virgine
755 2210 881 2246 θεοτόκῳ,
909 2217 990 2237 causa

206 2256 320 2283 Diodori
346 2260 428 2290 atque
457 2255 606 2288 Theodori,
636 2260 663 2283 et
688 2255 833 2282 consilium
857 2256 890 2282 de
905 2256 990 2283 relin-

205 2301 316 2336 quendo
345 2301 513 2336 episcopatu.
549 2301 611 2328 lltec
638 2309 769 2335 quorsum
793 2305 988 2334 memorentur,

204 2347 396 2384 exponendum
410 2351 461 2380 est,
474 2348 545 2375 facto
561 2356 576 2375 a
590 2353 712 2384 tempore
729 2348 851 2383 epistolae
864 2348 953 2377 initio.

239 2394 284 2422 III.
297 2394 363 2421 Data
372 2397 414 2421 est
427 2394 522 2429 procul
535 2394 619 2422 dubio
632 2400 694 2430 post
706 2394 811 2422 editum
824 2393 987 2423 Eram‘sten:

203 2437 352 2472 respondet
381 2438 452 2465 enim
488 2438 677 2466 Theodoretus
711 2438 814 2466 lrenteo
843 2441 987 2474 qumrenti,

205 2489 254 2510 cur
281 2483 352 2510 inter
372 2483 549 2518 appellandos
565 2484 659 2511 Patres
676 2483 710 2510 de
727 2484 846 2511 Diodoro
858 2492 890 2512 ac
901 2484 991 2512 Theo-

205 2527 273 2555 doro
284 2529 413 2561 siluisset,
429 2529 607 2565 eamdemque
619 2530 664 2557 hic
679 2533 706 2556 et
718 2529 814 2557 iisdem
831 2529 887 2557 fere
898 2530 991 2557 verbis

204 2581 314 2601 causam
329 2575 418 2605 aﬂ'ert.
438 2583 470 2602 ac
480 2576 507 2603 in
519 2576 641 2604 secundo
651 2575 757 2610 dialogo
770 2584 778 2608 ;
794 2576 896 2611 scripta
907 2576 991 2611 igitur

204 2621 246 2645 est
273 2623 334 2655 post
359 2627 460 2647 annum
486 2619 548 2652 H5,
574 2623 620 2646 aut
640 2620 701 2647 μϐ.
732 2619 784 2646 Sed
805 2619 889 2647 alium
906 2620 988 2648 etiam

1042 2206 1182 2241 Virginem
1202 2213 1323 2235 sanctam
1346 2210 1494 2244 appellare,
1511 2215 1558 2237 aut
1570 2219 1668 2239 vocare
1679 2213 1751 2240 illam
1768 2214 1828 2240 Filii

1042 2257 1159 2281 matrem
1171 2257 1253 2288 atque
1268 2255 1408 2288 ancillam;
1422 2259 1450 2282 et
1464 2256 1575 2288 addere,
1589 2261 1704 2285 matrem
1717 2258 1829 2293 quidem

1041 2306 1113 2330 esse,
1136 2303 1168 2326 ut.
1187 2299 1316 2332 hominis,
1332 2300 1439 2327 Domini
1462 2301 1549 2328 nostri
1567 2302 1632 2329 Jesu
1651 2302 1764 2334 Christi,
1780 2311 1831 2330 an-

1041 2342 1134 2371 cillam
1146 2351 1213 2370 vero
1232 2348 1262 2371 ut
1276 2344 1335 2377 Dei,
1347 2345 1542 2380 calumnimque
1559 2347 1731 2375 occasionem
1745 2348 1828 2375 silen-

1041 2388 1080 2415 tio
1096 2392 1199 2424 tegere,
1217 2393 1246 2416 et
1260 2390 1384 2417 eamdem
1399 2392 1563 2419 sententiam
1575 2392 1627 2419 sub
1645 2392 1699 2420 alio
1715 2392 1829 2420 nomine

1041 2433 1182 2468 proferre?
1194 2443 1205 2460 ›

1075 2488 1121 2515 IX.
1138 2489 1176 2516 De
1191 2497 1273 2517 causa
1285 2490 1393 2518 Diodori
1409 2496 1437 2519 et
1450 2491 1586 2520 Theodori
1599 2492 1706 2520 dicetur
1716 2492 1744 2520 in
1757 2492 1827 2520 Era—

1041 2533 1119 2559 nista:
1133 2540 1250 2560 censura
1264 2535 1301 2568 '°;
1315 2536 1439 2570 proderit
1453 2544 1518 2564 vero
1533 2541 1598 2565 tunc
1610 2537 1733 2573 epistolae
1742 2537 1827 2565 verba

1041 2585 1103 2605 cum
1117 2579 1208 2607 verbis
1218 2580 1322 2616 Dialogi
1336 2582 1471 2609 conferre.

1075 2621 1109 2649 Χ.
1126 2621 1192 2655 Qua:
1206 2624 1396 2653 Theodorelus
1408 2626 1459 2654 sub
1471 2626 1551 2655 ﬁnem
1567 2627 1652 2660 addit,
1664 2628 1698 2655 de
1710 2628 1827 2656 consilio

874 2688 1031 2717 SCHULZII
1050 2690 1166 2719 NOTAE.

239 2743 430 2791 fisse"???
442 2749 491 2791 ξεί
506 2745 676 2791 reﬁce:-
692 2745 752 2791 Yid-
772 2745 994 2791 terte-102.3.

1050 2757 1051 2761 η
1068 2748 1131 2791 Post
1147 2759 1229 2777 mens.
1246 2751 1407 2791 Apr-il_.__Sub
1418 2752 1499 2791 finem
1516 2753 1622 2791 Aprilis
1640 2755 1740 2791 scripta
1755 2756 1825 2784 dici-

203 2778 349 2828 t‘qrnlin'tra,
364 2787 423 2815 cap.
441 2780 467 2807 6.
506 2778 607 2810 "‘Vid.
625 2788 717 2815 supra,
732 2789 760 2815 p.
772 2780 834 2812 506,
853 2778 906 2815 ξε.
943 2783 966 2798 ³·
978 2783 1062 2811 Paulo
1078 2784 1159 2812 aliter
1171 2778 1299 2820 supra,'t.
1316 2778 1364 2819 IV,
1414 2778 1499 2816 Ῐόἦῖ
1521 2778 1828 2828 ~5‘5,Iit-hia,"cilltiwhil-iii:

205 2814 312 2842 dissert.
