1967 3047
154 163 207 195 265

739 162 787 192 DE
807 162 935 192 LIBRIS
953 163 1207 193 TIIEODORETI.

1731 165 1784 197 266

155 219 311 254 deponendi
327 219 525 254 episcopatum,
544 219 596 246 nisi
609 218 744 255 judicium
761 219 884 246 divinum
899 227 945 245 ve—
960 222 982 248 Α
997 227 1054 246 rem
1069 219 1170 251 virum,
1183 224 1213 247 ut
1228 219 1354 255 agricolis
1371 219 1512 247 sterilitate
1527 223 1605 247 terrm
1619 219 1725 250 alllictis
1740 223 1783 250 in-

155 272 271 297 reretur,
287 269 439 292 consonant
454 265 569 292 consilio
583 264 700 300 epistola
715 265 731 291 5
747 265 821 292 dato.

188 312 234 339 XI.
255 311 320 345 Quae
341 311 436 339 subdit
457 311 491 338 de
516 311 613 339 mortis
631 311 846 346 exspectatione,
864 319 945 346 quam

153 367 187 386 ex
211 359 320 386 insidiis
345 358 397 385 sibi
422 357 500 385 factis
528 358 646 385 vicinam
675 361 834 392 auguratur,
859 357 945 384 videri

153 408 269 439 possunt
294 403 453 430 vaticinium
485 403 585 430 mentis
613 403 733 429 futuram
763 403 944 430 calamitatem

153 448 356 483 prospicientis.

188 495 246 522 ΧΠ.
271 494 330 522 Non
358 493 486 529 exiguum
515 501 597 528 porro
623 493 804 528 fragmentum
831 493 944 528 hujusce

153 540 275 575 epistola:
291 547 324 566 ex
341 537 531 572 antiquissima
550 537 674 564 versione
696 537 812 564 refertur
830 537 856 564 in
877 537 945 563 actis

152 594 170 612 v
189 584 285 620 synodi
305 584 395 611 eollat.
419 584 455 614 δ’,
475 591 537 610 cum
559 583 610 610 hac
628 583 710 618 316
729 583 827 609 vitiosa
847 582 944 609 inseri-

153 631 268 665 ptione:
291 640 300 655 ‹
321 630 360 657 Ex
385 629 501 663 epistola
522 628 689 656 Theodoreti
711 628 745 655 ad
769 628 943 655 Hierena’tum

153 676 304 710 digamum,
322 674 512 702 testimonium
533 673 691 709 praebentis,
709 673 782 708 quod
799 673 849 700 sub
863 681 945 700 accu—

153 722 259 748 satione
282 725 341 748 erat
365 720 544 751 Theodorus,
568 723 596 746 et
615 719 794 746 dubitabatur
808 719 843 749 de
864 727 907 745 eo.
932 728 940 744 ι

154 767 200 794 Sic
219 771 310 794 autem
330 766 397 793 illud
415 774 445 793 se
464 766 548 793 habet
565 775 570 792 :
593 775 602 791 ι
619 757 754 798 Quoniam
771 773 838 793 vero
858 766 944 793 incul-

153 813 225 848 patis
240 821 294 844 me,
314 822 323 838 ›
342 817 396 840 etc.

997 265 1120 299 dulgens.
1138 265 1171 292 de
1186 265 1317 292 oneribus
1334 265 1421 292 solitis
1440 266 1569 293 remittat.

1032 311 1076 337 lll.
1094 310 1200 337 Accidit
1215 318 1297 345 porro
1312 311 1452 342 sterilitas,
1465 316 1495 338 ut
1510 312 1617 346 opinor,
1632 320 1647 339 a
1662 313 1784 340 siccitate

998 356 1053 387 illa,
1068 357 1146 391 cujus
1163 356 1266 383 mentio
1282 356 1310 383 lit
1328 357 1355 383 in
1371 357 1465 392 Elogio
1479 357 1664 393 l’olyclironii.

997 412 1116 447 Epistula
1136 412 1180 443 21,
1198 413 1232 439 ad
1252 412 1383 439 Andream
1404 412 1607 440 Samosatenum
1625 414 1782 449 episcopum.

1032 469 1050 495 l.
1070 470 1155 496 Notus
1169 475 1210 497 est
1224 469 1347 496 Andreas
1360 469 1568 503 Samosatcusis,
1583 475 1640 498 tum
1652 471 1783 506 objectio—

996 514 1077 540 nibus
1097 515 1207 541 nomine
1229 514 1408 542 Orientalium
1429 515 1560 542 adversus
1583 516 1670 550 capita
1690 516 1782 552 Cyrilli

995 560 1075 594 317
1095 560 1258 594 propositis,
1275 565 1331 587 tum
1348 561 1448 588 litteris
1464 561 1639 593 Theodoreti,
1655 569 1708 588 non
1725 562 1784 589 istis

996 606 1067 636 unis,
1083 605 1129 632 sed
1144 605 1214 637 aliis,
1230 613 1298 640 quas
1315 606 1410 640 quinta
1426 606 1545 641 synodus
1558 610 1586 633 et
1602 607 1702 633 Marius
1716 607 1785 633 Mer—

996 655 1071 677 catur
1093 651 1239 683 exhibent;
1265 655 1321 677 tum
1343 651 1460 685 denique
1486 651 1566 678 libris
1588 651 1722 678 Anastasii
1744 651 1785 678 Si-

995 697 1086 727 naitze,
1104 696 1150 731 qui
1169 697 1299 723 nonnulla
1314 696 1347 723 dc
1363 697 1422 731 ipso
1438 697 1531 724 refert.

1030 742 1061 769 ll.
1081 743 1143 769 Fuit
1160 743 1284 770 doctrina
1301 743 1418 769 eximius
1435 743 1506 769 inter
1523 742 1670 769 Orientalis
1685 743 1786 770 dimce-

996 787 1032 815 sis
1045 788 1198 823 episcopos,
1218 788 1269 814 fuit
1286 791 1314 815 et
1334 788 1463 822 singulari
1480 787 1599 814 amicitia
1617 795 1679 814 cum
1695 787 1787 814 Thco-‘

995 832 1091 860 doreto
1105 833 1284 867 conjunctus;
1297 833 1365 867 quin
1378 837 1405 859 et
1421 832 1558 866 particeps
1569 840 1630 859 cum
1645 832 1703 866 ipso
1715 832 1788 866 ejus-

153 869 275 905 Epistola
294 869 337 901 i7,
357 869 741 917 consolqtoripuadgasianam
758 869 939 900 diaronissam,

1000 879 1058 906 dem
1080 879 1243 907 calamitatis
1266 879 1293 906 in
1314 879 1453 913 Ephesino
1477 878 1632 910 latrocinio,
1652 878 1675 905 si
1695 878 1786 905 Theo-

453 906 481 931 in
499 905 569 931 obitu
586 904 647 938 ﬁlii.

187 961 281 996 Neque
306 961 438 996 temporis
461 965 514 993 est,
532 968 623 996 neque
647 968 772 995 persona:
790 961 844 987 ulla
869 964 943 992 nota,

152 1008 206 1035 nisi
221 1007 294 1042 quod
310 1015 344 1034 ex
358 1007 496 1042 adiunctis
509 1006 644 1042 suspicari
659 1006 733 1038 licet,
746 1005 858 1033 viduam
875 1006 943 1033 hanc

152 1054 331 1082 Antiochenze
347 1052 477 1080 Ecclesia;
493 1052 663 1080 inserviisse.

154 1112 272 1147 Epistula
290 1112 333 1143 18.
349 1111 528 1138 consolatoria
549 1111 584 1152 ad
600 1110 810 1146 Neoptolemum,
829 1109 856 1136 in
872 1111 943 1138 obitu

497 1154 596 1173 υτον-ιδ.

186 1204 281 1239 Neque
295 1204 347 1231 ista
361 1204 447 1231 ullum
473 1203 557 1230 habet
573 1204 631 1230 sive
647 1206 789 1240 temporis,
807 1206 864 1233 sive
880 1214 942 1240 per-

151 1257 226 1278 sona:
243 1250 442 1277 characterem.

151 1306 274 1342 Epistola
290 1307 323 1335 l9
337 1310 365 1334 et
378 1306 423 1339 20,
435 1307 470 1334 ad
483 1306 614 1368 Br‘milium
627 1311 651 1333 et
667 1306 824 1342 Martyrium
836 1308 942 1343 presby-

519 1349 587 1368 eros.

519 1349 587 1369 ενοσ.

186 1400 307 1436 Utraque
327 1401 451 1436 ejusdem
475 1401 639 1435 argumenti,
660 1400 694 1427 de
714 1400 863 1428 Athanasio
881 1409 944 1429 ora-

151 1448 212 1489 tore
235 1445 378 1480 Egyptio;
406 1449 522 1479 utraque
547 1444 671 1480 ejusdem
705 1444 763 1472 fere
790 1446 941 1481 temporis;

151 1488 250 1517 neutra
268 1493 358 1516 tamen
374 1493 477 1517 certam
495 1488 579 1516 habet
593 1492 641 1515 aut
654 1495 787 1523 persona,
805 1495 853 1516 aut
865 1490 941 1522 anni,

153 1538 201 1562 aut
211 1533 353 1562 Athanasii
368 1538 472 1561 notam.

258 1588 378 1624 Epistula
391 1589 435 1621 2i,
449 1589 484 1616 ad
499 1589 640 1617 Eusebium
652 1589 852 1617 Scholasticum.

189 1644 214 1671 Ι.
234 1643 347 1671 Certum
369 1644 477 1679 praefert
500 1644 565 1671 anni
589 1644 787 1677 characterem,
806 1644 942 1672 incertum

151 1695 278 1724 personae
290 1709 297 1720 ,
312 1689 374 1716 data
386 1689 459 1716 enim
474 1694 516 1716 est
533 1693 595 1724 post
608 1697 730 1724 sparsam
746 1689 780 1716 de
797 1697 845 1717 sua
860 1690 888 1716 in
901 1689 942 1716 la-

153 1734 270 1762 trocinio
285 1734 423 1769 Ephesino
436 1735 606 1770 depositione
621 1734 730 1768 famam,
745 1743 808 1762 cum
819 1735 942 1762 nondum

152 1780 186 1807 de
199 1788 228 1807 re
239 1784 387 1807 constaret.
403 1780 491 1813 Quare
504 1781 623 1815 pertinet
635 1781 668 1808 ad
679 1780 744 1808 anni
754 1780 806 1808 449
818 1780 942 1816 Septem-

152 1826 230 1853 brem
253 1830 300 1853 aut
319 1825 465 1853 Octobrem
485 1834 618 1859 mensem,
651 1826 786 1862 siquidem
805 1826 941 1862 depositio

153 1872 213 1907 ejus
226 1872 326 1907 Ephesi
342 1871 457 1907 contigit
472 1872 516 1899 die
534 1872 680 1900 undecima
696 1872 822 1907 Augusti.

186 1917 220 1945 ll.
241 1917 334 1944 Miram
362 1917 551 1944 Theodoretus
582 1917 703 1945 ostendit
724 1918 752 1944 in
778 1920 853 1944 tanto
875 1925 940 1944 casu

151 1963 235 1990 animi
256 1963 452 1996 constantiam;
472 1968 573 1990 rectam
598 1971 708 1999 quoque
727 1963 808 1991 fidem
827 1971 939 1999 expres-

151 2011 190 2038 sis
209 2012 344 2046 clarisque
365 2011 458 2038 verbis
477 2011 632 2046 profitetur,
646 2012 758 2047 vultque
777 2011 810 2038 de
828 2019 875 2038 sua
893 2019 939 2038 or-

151 2057 279 2085 thodoxia
297 2062 412 2085 cunctos
428 2065 477 2092 per
495 2058 643 2084 Eusebium
659 2057 761 2085 doceri.

185 2103 230 2131 lll.
250 2103 385 2131 Eusebius
414 2103 469 2136 ille,
488 2107 518 2130 ut
545 2103 654 2138 opinor,
677 2103 728 2130 fuit
754 2103 940 2130 Scholasticus

150 2149 347 2182 Antiochenus,
365 2157 380 2177 a
404 2157 459 2184 quo
485 2149 620 2177 didicerat
645 2157 694 2184 per
719 2149 842 2179 litteras,
864 2148 937 2182 quod

150 2196 219 2222 fama
232 2196 362 2231 jactabat.

272 2253 392 2288 Epistula
405 2253 450 2285 ἥ,
467 2253 501 2280 ad
517 2252 660 2288 Ulpianum
672 2255 800 2280 comitem.

183 2308 286 2337 Eodem
309 2308 366 2337 fere
389 2314 511 2344 tempore
533 2309 634 2344 scripta
656 2313 707 2340 est,
727 2316 782 2342 quo
801 2309 832 2336 l9
847 2313 876 2336 et
892 2309 936 2336 20.

148 2353 223 2381 idem
241 2354 314 2381 enim
335 2354 418 2381 trium
442 2359 634 2389 argumentum
652 2353 686 2380 de
706 2353 854 2380 Athanasio
874 2362 937 2381 ora-

148 2402 208 2425 tore
230 2399 301 2433 apud
324 2406 354 2425 se
375 2403 508 2426 morante.
531 2398 628 2425 Nullus
641 2401 683 2425 est
701 2398 765 2424 anni
785 2398 936 2425 character.

147 2442 282 2477 Ulpianus
299 2443 344 2469 ille
363 2443 414 2470 fuit
434 2442 523 2470 adhuc
537 2442 656 2476 gentilis,
671 2446 700 2468 ut
721 2443 794 2477 cujus
817 2442 938 2469 laudibus

148 2488 246 2514 demet
261 2488 387 2515 bonorum
403 2492 492 2523 caput,
507 2495 605 2522 nempe
622 2487 698 2515 ﬁdes.

150 2543 268 2579 Epistola
276 2545 322 2577 23,
335 2545 555 2575 adllriobindam,
568 2544 747 2579 deprccaton'a
758 2551 805 2578 pro
815 2543 938 2579 agricolis

469 2579 617 2614 Cyresticis.

182 2638 204 2665 l.
224 2638 250 2665 is
273 2638 330 2673 ipse
350 2642 392 2665 est
414 2637 576 2669 Ariobinda,
594 2637 640 2672 qui
665 2637 836 2664 consulatum
855 2637 938 2672 gessit

148 2691 221 2711 anno
233 2684 295 2716 434,
309 2684 442 2718 cujusque
456 2683 548 2710 obitus
562 2683 673 2718 ponitur
686 2690 701 2710 a
715 2683 871 2710 Marcellino
886 2684 938 2711 sub

148 2729 291 2757 consulatu
307 2729 467 2763 Protogenis
480 2733 507 2755 et
522 2728 632 2760 Asterii,
651 2728 677 2755 id
693 2733 735 2755 est
751 2736 823 2755 anno
837 2729 898 2756 449.

183 2773 216 2801 ll.
240 2773 310 2800 lluic
335 2774 510 2808 amplissima:
529 2773 714 2808 possessiones
732 2778 811 2800 erant
835 2774 863 2801 in
886 2773 938 2810 Cy-

150 2818 248 2846 restica
262 2819 384 2853 regione,
400 2827 460 2854 quae
473 2827 535 2846 eum
551 2819 732 2845 calamitatem
747 2826 832 2853 passm
846 2825 938 2847 essent

150 2864 184 2891 ab
203 2863 348 2899 iniquitate
367 2865 440 2896 ('(Bli,
456 2869 586 2900 precatur
603 2863 792 2891 Theodorctus
809 2865 936 2892 consula-

270 2911 407 2941 PATROL.
429 2911 486 2942 Gn.
510 2910 664 2941 LXXXIV.

996 926 1079 960 phani
1103 925 1261 956 credimus;
1290 932 1346 951 non
1375 928 1467 950 tamen
1492 923 1613 958 ejusdem
1644 923 1726 950 sortis
1757 922 1786 949 in

994 971 1210 998 Chalcedonensi
1228 970 1346 997 concilio
1367 979 1373 996 ε
1396 977 1471 996 mors
1493 969 1567 996 enim
1582 968 1730 1004 praevertit,
1747 968 1785 995 si-

995 1016 1106 1051 quidem
1130 1025 1192 1044 cum
1215 1016 1343 1044 Patribus
1368 1015 1439 1043 sedit
1458 1015 1575 1042 Rufinus
1592 1014 1787 1041 Samosatenus

994 1063 1149 1096 episcopus.
1166 1061 1234 1088 Vide
1249 1069 1310 1096 quae
1328 1059 1536 1088 observavimus
1548 1059 1575 1086 in
1590 1067 1608 1086 ιι
1622 1063 1697 1094 parte
1713 1058 1785 1094 Ope—

996 1115 1056 1134 rum
1069 1107 1145 1134 Marii
1158 1106 1317 1133 lilercatoris
1334 1106 1368 1133 ad
1387 1106 1557 1141 objectiones
1573 1106 1717 1140 praedictas
1732 1106 1784 1141 Cy-

996 1151 1106 1186 rillique
1117 1152 1320 1186 responsiones,
1330 1159 1399 1186 quas
1415 1151 1518 1178 Marius
1532 1151 1665 1178 Mercator
1681 1151 1784 1177 Latini-

996 1202 1049 1224 tate
1066 1197 1188 1224 donavit.

1029 1242 1073 1269 lll.
1089 1243 1126 1269 De
1142 1246 1263 1277 tempore
1275 1242 1344 1270 data:
1356 1242 1478 1277 epistolm
1493 1241 1628 1277 conjicere
1641 1249 1695 1269 non
1709 1241 1783 1274 licet,

994 1295 1057 1314 cum
1070 1287 1162 1314 nullus
1175 1287 1246 1314 adsit
1260 1287 1413 1314 character.

1152 1343 1280 1379 Epistolw
1294 1343 1329 1371 95
1343 1348 1371 1371 et
1384 1344 1429 1375 26,
1444 1344 1616 1371 heartasticaz.

1028 1400 1194 1428 Charactcre
1209 1400 1296 1426 amba:
1316 1403 1420 1431 carent,
1438 1399 1489 1426 nisi
1508 1399 1581 1433 quod
1598 1399 1673 1433 prior
1683 1399 1785 1427 Natali-

993 1446 1051 1474 litia
1071 1445 1139 1473 festa
1158 1445 1270 1472 indicat.

994 1501 1114 1537 Epistula
1133 1502 1177 1532 27,
1198 1501 1233 1528 ad
1255 1499 1409 1562 Aquilizut‘n
1430 1501 1571 1527 diaconum
1593 1506 1616 1527 et
1635 1501 1786 1528 archiman-

1363 1544 1385 1562 rt
1400 1544 1453 1562 am.

1363 1544 1453 1562 mam.

1030 1592 1218 1620 Consolatoria
1237 1595 1280 1619 est
1300 1592 1329 1618 in
1346 1591 1464 1618 orbitate
1486 1591 1551 1624 lilii;
1572 1591 1731 1625 spiritualis,
1748 1599 1784 1619 an

994 1639 1144 1670 naturalis,
1159 1638 1295 1665 incertum
1314 1646 1321 1664 :
1343 1641 1439 1664 caetera
1455 1637 1558 1664 nullam
1577 1636 1661 1664 habet
1678 1642 1782 1665 notam.

984 1678 1035 1711 'An
1052 1682 1197 1718 Aquilinus
1213 1682 1259 1709 ille
1274 1685 1367 1717 postea
1384 1681 1469 1708 fuerit
1482 1681 1558 1716 Bybli
1578 1681 1727 1709 Palzestinaa
1737 1690 1783 1709 or-

993 1729 1102 1756 dinatus
1117 1729 1272 1763 episcopus,
1285 1731 1385 1754 etcum
1398 1727 1573 1754 Theodoreto
1588 1727 1615 1754 in
1629 1727 1783 1755 latrocinali

992 1775 1096 1811 synodo
1107 1773 1257 1809 depositus,
1272 1778 1303 1801 ut
1314 1773 1412 1801 scribit
1422 1773 1554 1808 Evagrius
1567 1773 1615 1800 lib.
1633 1781 1652 1805 ι,
1664 1782 1724 1808 cap.
1737 1773 1782 1804 10,

992 1825 1020 1849 et
1034 1821 1080 1856 qui
1095 1827 1157 1847 cum
1173 1819 1350 1847 Theodoreto
1369 1819 1533 1854 subscripsit
1552 1819 1674 1854 epismlze
1697 1819 1783 1846 sancti

992 1866 1093 1894 Leonis
1107 1865 1140 1892 ad
1158 1864 1328 1896 Flavianum,
1349 1864 1486 1891 incertum
1505 1868 1558 1891 est.

992 1919 1112 1956 Epistola
1128 1920 1174 1953 28,
1191 1919 1334 1954 familiaris
1355 1919 1390 1946 ad
1403 1918 1539 1956 ‘Jacobum
1558 1919 1736 1955 presbyterum
1756 1924 1782 1947 et

1302 1954 1470 1981 monac/ium.

1025 2023 1105 2050 Caret
1121 2022 1195 2050 omni
1215 2029 1328 2057 prorsus
1342 2026 1416 2048 nota.
1435 2021 1504 2048 Sunt
1516 2021 1562 2056 qui
1577 2025 1684 2057 putent,
1701 2021 1780 2049 Jaco—

990 2069 1056 2096 bum
1074 2069 1157 2101 hunc,
1175 2067 1209 2095 ad
1225 2075 1307 2102 quem
1321 2067 1512 2094 Theodoretus
1525 2067 1632 2099 scribit,
1651 2075 1706 2094 non
1720 2075 1781 2095 esse

991 2115 1130 2142 diversum
1145 2122 1160 2142 a
1174 2114 1277 2141 Jacobo
1297 2112 1470 2140 sanctissimo
1488 2112 1633 2143 monacho,
1647 2113 1725 2146 cujus
1738 2112 1780 2138 vi-

989 2161 1080 2188 ventis
1088 2160 1206 2195 elogium
1219 2158 1373 2193 composuit
1383 2158 1410 2184 in
1420 2157 1566 2188 Philotimo,
1576 2164 1712 2191 quemque
1724 2164 1780 2183 mo-

955 2224 977 2250 D
992 2207 1066 2234 riens
1090 2205 1266 2241 superstitem
1287 2203 1399 2238 reliquit
1420 2212 1426 2229 :
1447 2210 1520 2234 nam,
1545 2202 1682 2236 inquiunt,
1700 2205 1727 2228 et
1746 2201 1779 2228 ad

992 2259 1074 2286 quem
1097 2250 1237 2282 scribitur,
1256 2254 1284 2277 et
1299 2249 1345 2284 qui
1369 2247 1509 2279 laudatur,
1526 2247 1669 2283 presbyter
1684 2246 1735 2274 fuit
1753 2250 1780 2273 et

991 2296 1150 2323 monachus.
1160 2295 1261 2323 Verum
1275 2294 1322 2329 qui
1336 2293 1468 2322 attentius
1477 2293 1595 2328 elogium
1606 2293 1713 2328 legerit,
1725 2300 1779 2319 non

990 2341 1156 2369 assentietur
1167 2341 1262 2376 procul
1277 2340 1362 2367 dubio
1379 2339 1493 2372 dicenti,
1507 2347 1570 2366 eum
1583 2339 1630 2374 qui
1642 2339 1778 2369 laudatur,

990 2387 1074 2415 fuisse
1088 2394 1208 2421 unquam
1227 2386 1429 2421 presbyterum.
1443 2385 1510 2412 Nam
1525 2385 1599 2420 quod
1613 2385 1716 2412 dicitur
1731 2385 1779 2412 Ni-

990 2433 1086 2460 sibeno
1101 2432 1186 2460 fuisse
1203 2432 1334 2467 ὁμότιμος
1350 2431 1397 2457 καὶ
1415 2431 1577 2466 ὁμότροπος,
1590 2438 1645 2457 non
1660 2430 1781 2464 pertinet

989 2479 1023 2506 ad
1044 2486 1138 2513 parem
1161 2479 1189 2506 in
1202 2478 1325 2506 Ecclesia
1348 2478 1519 2513 dignitatem,
1537 2475 1695 2512 (Nisibenus
1707 2476 1780 2502 enim

989 2525 1042 2553 fuit
1055 2523 1282 2560 episcopus),sed
1302 2524 1336 2551 ad
1357 2523 1430 2551 idem
1450 2523 1541 2550 laudis
1556 2522 1695 2554 meritum,
1713 2529 1780 2556 pro-

990 2576 1051 2606 pter
1061 2570 1189 2597 eumdem
1204 2569 1358 2597 sanctitatis
1372 2569 1494 2596 modum.

1060 2626 1179 2662 Epistola
1194 2626 1239 2658 29,
1254 2626 1469 2654 commendatitia
1482 2627 1516 2653 ad
1528 2626 1713 2661 Apct.ionem..

1025 2685 1045 2711 l.
1066 2683 1208 2719 Temporis
1230 2689 1294 2710 nota
1318 2683 1462 2711 manifesta
1484 2688 1536 2715 est,
1553 2683 1651 2718 partim
1672 2691 1705 2710 ex
1720 2683 1781 2710 aliis

989 2737 1037 2756 sex
1056 2729 1289 2763 consequentibus
1306 2728 1417 2761 litteris,
1437 2736 1554 2763 quarum
1575 2728 1648 2756 idem
1671 2732 1713 2756 est
1733 2736 1778 2755 ar-

989 2778 1160 2809 gumentum,
1182 2773 1310 2808 idemque
1332 2777 1453 2808 tempus;
1475 2773 1573 2809 partim
1589 2781 1623 2801 ex
1643 2772 1777 2808 personis.

990 2819 1023 2845 ad
1038 2826 1106 2852 quas
1121 2818 1259 2845 nonnullte
1277 2818 1386 2852 scripta).
1401 2823 1474 2845 sunt.

1026 2865 1058 2892 ll.
1078 2864 1312 2892 Commendatitize
1333 2869 1397 2891 sunt
1416 2872 1511 2892 omnes
1530 2864 1563 2890 ad
1583 2864 1686 2891 amicos
1721 2862 1779 2890 sive

1565 2910 1582 2939 9
