1967 3047
184 155 234 186 267

747 152 934 181 GARNERTI
956 150 1199 180 DISSERTATIO
1219 150 1259 179 ll.

1755 146 1806 178 9.53

184 209 263 241 alios,
283 215 352 244 quos
373 208 560 235 Theodorctus
581 206 710 233 admonet
726 205 970 232 commiserationis
987 211 1005 235 Α
1024 205 1140 239 Εμίειοια
1164 204 1211 232 '52.
1235 202 1446 242 ιἐιιιιηιυηιιέιιὶιῑα
1466 202 1500 228 ad
1522 201 1688 227 Theocritium
1708 200 1806 227 Brru'tr

187 264 212 281 in
233 254 398 282 sublevanda
416 258 535 287 egestate
549 252 692 279 Celestiaci
712 252 812 279 nobilis
828 251 967 285 Cartha-Dri-

184 300 300 331 nicnsis,
315 299 361 334 qui
387 303 464 333 capta
491 306 505 325 a
522 297 669 325 Gcnscrico
688 297 852 332 Carthagine
873 301 971 323 exilius

185 345 297 379 opibus,
320 350 347 371 et
371 352 432 371 cum
455 351 503 370 sua
527 349 616 370 tamen
641 347 696 370 tota
724 343 825 370 familia
847 343 970 369 exsulare

185 396 295 417 coaetus
315 395 364 417 (3S1.

220 437 301 470 318
318 437 361 463 111.
386 436 501 463 Venerat
525 436 580 466 ille,
605 440 634 462 ut
657 436 776 467 videtur,
799 435 898 470 Cyrum
923 442 970 468 per

183 482 326 517 Aigyptum
340 485 367 508 et
383 481 542 511 Phoenicen.
562 480 697 516 Cyrnque,
709 481 814 511 Beroea,
834 481 928 507 Emesa
943 483 971 505 ct

184 528 327 554 Antiochia
350 527 451 562 Tyrum
475 527 621 562 Cogitabat,
637 531 667 554 ut
687 527 760 553 illinc
775 527 882 553 solvens
897 525 970 552 Con-

184 572 387 606 stantinopolim
403 578 536 607 pergeret,
557 572 728 607 imperatoris
743 580 821 606 opem
841 572 970 606 implora-

183 623 272 644 llll‘llS.

210 663 261 691 1V.
277 662 337 696 Quo
355 667 479 698 tempore
500 663 561 690 data
581 663 625 693 sit.
643 662 837 697 disputandum
855 670 916 689 cum
937 662 970 688 il-

184 709 347 736 lustrissimo
367 709 511 736 Annalium
536 709 679 744 scriptore,
697 717 757 735 eam
776 708 879 735 scilicet
899 708 970 735 refe-

189 759 264 782 rente
283 759 341 781 toto
354 754 409 782 fere
422 755 532 782 biennio
548 755 628 782 cilius
645 763 724 789 quam
739 758 859 789 oportet,
873 762 971 788 nempe

184 799 217 825 ad
236 807 337 826 annum
359 799 420 826 440.
439 799 484 827 Sic
498 804 588 826 autem
609 799 788 826 ratioeinatur
805 808 810 825 ς
826 799 909 833 Capta
930 802 971 824 est

183 845 318 881 Carthago
335 845 477 873 Genserici
494 850 552 873 astu
572 854 643 873 anno
657 846 717 877 439,
735 851 827 872 mense
843 844 969 877 Octobri;

183 892 262 925 ejecti
285 899 350 918 mox
372 891 487 923 nobiles,
508 892 555 926 qui
577 891 680 919 servire
699 892 801 918 nollent
825 891 852 917 in
871 889 968 925 patria.

183 937 284 964 l-lorum
302 945 372 965 unus
391 938 441 964 fuit
459 937 636 969 Celestiacus,
653 937 698 971 qui
714 944 775 963 cum
793 936 818 963 in
830 931 970 963 Orientem

184 983 297 1018 fugisset
309 991 381 1010 anno
394 987 537 1018 sequente,
554 983 600 1017 qui
621 983 682 1013 440,
699 982 799 1018 Cyrum
820 981 904 1012 venit,
924 981 970 1007 lit-

184 1033 310 1064 [arasque
334 1029 478 1056 discedens
504 1037 518 1055 a
541 1028 714 1055 Theodoreto
737 1026 972 1054 commendatitias

184 1077 216 1104 ad
234 1075 335 1103 amicos
354 1076 379 1102 in
395 1075 438 1101 via
457 1074 560 1110 positos
575 1074 689 1107 accepit.

220 1122 319 1149 Verum
334 1122 391 1148 haec
405 1121 475 1148 ratio
487 1121 637 1148 consistere
651 1128 703 1147 non
719 1124 806 1154 potest
821 1128 827 1145 :
843 1118 889 1146 sed
903 1118 969 1144 alle-

185 1177 244 1196 rum
261 1169 315 1203 jam
333 1175 434 1194 annum
455 1167 482 1194 in
504 1166 723 1194 cireumfercnda
744 1173 791 1192 sua
814 1164 970 1192 infelicitate

182 1214 350 1241 Celestiacus
372 1217 510 1247 posuerat,
530 1220 592 1238 eum
613 1211 688 1239 vertit
706 1211 817 1246 Cyrum,
838 1210 970 1237 obtinuit-

184 1267 237 1293 que
260 1259 365 1285 litteras
381 1265 395 1283 a
413 1257 587 1284 Theodoreto
603 1265 609 1282 :
626 1263 697 1282 unus
713 1256 786 1282 enim
807 1255 969 1284 amicorum.

184 1313 254 1339 quos
268 1304 300 1330 ad
312 1303 454 1330 levandam
467 1301 610 1329 Celestiaci
623 1301 760 1328 miseriam
772 1300 871 1327 litteris
885 1299 973 1326 Theo-

185 1349 297 1375 doretus
315 1347 484 1377 hortabatur,
501 1346 622 1373 Domnus
639 1345 692 1372 fuit
705 1344 817 1372 Joannis
832 1344 858 1370 in
876 1343 971 1370 Antio-

186 1393 272 1420 chcua
295 1393 359 1422 sede.
382 1393 523 1419 successor
543 1401 548 1418 ε
570 1391 645 1425 atqui
670 1391 789 1418 Joannes
811 1390 879 1416 obiit
902 1397 972 1416 anno

186 1439 318 1467 duntaxat
334 1437 385 1464 440
403 1438 511 1469 affecto,
527 1442 574 1464 aut
589 1437 670 1464 etiam
686 1436 751 1463 anui
766 1435 906 1471 sequentis
920 1436 972 1462 ini-

187 1484 243 1517 tio;
261 1488 287 1511 et
298 1482 488 1510 Thcodoretus
500 1483 605 1510 Domno
621 1483 725 1513 scribit,
739 1486 769 1509 ut
781 1483 835 1517 jam
849 1482 972 1516 aliquan-

188 1530 235 1557 diu
252 1530 277 1557 in
296 1530 360 1557 sede
374 1530 537 1560 constituto;
556 1528 664 1564 scripsit
677 1529 759 1564 igitur
772 1536 844 1555 anno
857 1528 919 1555 442.

224 1577 342 1612 Tempus
358 1584 441 1611 porro
458 1584 512 1611 quo
532 1576 650 1603 Joannes
670 1576 746 1607 obiit,
760 1583 792 1602 ex
809 1583 842 1602 eo
858 1575 972 1602 demon-

187 1629 309 1651 stratur:
326 1624 404 1651 Anno
420 1623 471 1650 448
490 1623 614 1650 scribens
632 1623 820 1649 Theodoretus
832 1622 972 1653 Dioscoro,

187 1669 225 1696 ait
245 1669 318 1696 hunc
341 1676 443 1696 annum
462 1676 522 1696 esse
546 1668 691 1703 septimum
711 1676 725 1694 a
746 1668 843 1695 Domni
864 1667 974 1694 ordina-

188 1715 262 1742 tione
275 1724 283 1747 ;
298 1714 441 1741 ordinatus
454 1717 495 1740 est
509 1713 592 1748 igitur
604 1713 725 1740 Domnus
738 1721 809 1739 anno
824 1713 885 1739 441.

224 1761 254 1786 ν.
274 1760 311 1786 Ex
333 1759 376 1786 his
392 1763 508 1791 constat,
527 1759 668 1793 epistolam
690 1759 721 1785 ad
741 1758 921 1793 Apellionem,
941 1757 974 1785 de

189 1812 242 1839 qua
263 1811 337 1831 nunc
358 1803 458 1838 agitur,
475 1804 601 1838 scriptam
618 1811 688 1835 csse,
706 1803 776 1830 sicut
795 1807 822 1830 et
842 1803 908 1830 alias
928 1810 975 1829 sex

189 1853 345 1884 sequentes,
361 1856 434 1875 anno
449 1849 510 1875 44-2.
529 1848 629 1876 Omnes
649 1849 722 1876 enim
749 1855 802 1875 una
823 1847 892 1874 datre
913 1852 976 1874 sunt

190 1894 293 1922 infelici
309 1894 408 1929 hospiti
422 1894 544 1921 abeunti.

225 1941 268 1968 V'I.
288 1940 354 1973 Quis
369 1940 413 1967 illc
430 1940 509 1966 fuerit
526 1939 640 1974 Apellio,
652 1938 767 1966 definire
778 1946 832 1965 non
847 1945 955 1973 possum
969 1947 974 1964 :

191 1988 242 2015 {uit
264 1987 333 2014 forte
363 1986 489 2014 eruditus
508 1986 606 2020 aliquis
626 1989 775 2021 potensque
792 1985 845 2016 \'ir,
859 1989 906 2011 aut
923 1984 978 2011 An-

189 2033 308 2065 tiochia),
324 2037 371 2060 aut
390 2032 491 2060 Beroea:
511 2032 646 2058 habitans.

194 2078 311 2113 Epistula
330 2077 379 2110 50,
404 2078 438 2104 ad
457 2077 565 2104 Aeriam
590 2077 733 2112 sophistam
752 2076 976 2103 commendatum.

226 2123 246 2149 1.
268 2122 396 2157 Ejusdem
420 2121 553 2156 tetnporis
572 2125 600 2148 et
621 2120 772 2156 argumenti
795 2127 857 2146 cum
875 2126 977 2154 praece-

192 2168 284 2199 dente,
302 2167 335 2194 ad
352 2167 427 2194 hunc
440 2167 553 2194 Aerium
568 2171 610 2194 est
624 2166 739 2201 cpistola
753 2165 798 2198 66,
811 2173 864 2200 qua
880 2165 977 2192 invita-

194 2221 237 2241 tur
248 2213 280 2241 ad
292 2213 411 2241 encaenia
423 2213 517 2248 templi
526 2212 712 2248 apostolorum
723 2212 785 2248 Cyri
797 2211 959 2239 celebranda
971 2219 977 2236 :
997 2216 1017 2243 ι)

193 2269 253 2296 qua:
267 2268 309 2286 me
323 2267 367 2287 res
381 2263 485 2291 monet,
503 2263 534 2286 ut
552 2259 695 2294 conjiciam
709 2258 792 2286 fuisse
808 2258 897 2285 virum
911 2265 978 2291 quo-

192 2314 246 2342 que
256 2305 394 2332 eruditum
402 2325 409 2337 ,
417 2305 504 2332 civem
515 2304 617 2331 Beroea:
629 2304 722 2339 paucis
735 2303 898 2330 milliarihus
908 2302 979 2338 Cyro

193 2351 328 2379 distantis.
701 2342 705 2348 '

228 2398 260 2424 ll.
279 2397 422 2431 Templum
437 2403 519 2430 porro
531 2395 727 2430 apostolorum.
739 2393 772 2421 de
785 2401 840 2428 quo
859 2392 888 2419 fit
902 2400 979 2419 men-

195 2444 243 2476 tio,
267 2443 376 2470 videtur
399 2441 473 2469 aliud
498 2442 532 2468 ab
559 2448 602 2472 eo,
623 2439 696 2475 quod
723 2438 854 2466 suadente
879 2437 981 2465 Iacobo

195 2489 385 2516 Theodoretus
397 2487 539 2518 exstruxit,
551 2491 580 2514 et
592 2486 620 2513 in
634 2493 688 2520 quo
700 2483 840 2518 depositus
853 2487 895 2510 est
907 2490 982 2510 com-

196 2535 271 2561 muni
288 2542 348 2561 cum
365 2533 467 2561 Jaeobo
484 2533 619 2568 sepulcro.
636 2531 703 2558 Vide
716 2533 798 2564 caput
811 2529 841 2556 21
859 2529 982 2555 Ilislort're

198 2579 334 2614 religiosa’.

200 2622 318 2657 Epistula
337 2623 380 2654 5i,
401 2621 614 2649 commendalitt'a
637 2620 672 2646 ad
691 2619 820 2646 Domuum
842 2619 981 2646 Antioche-

1336 238 1454 271 epistopu
1459 245 1493 263 tn.

1055 294 1182 328 Ejusdem
1201 293 1303 328 pariter
1321 293 1473 327 argumenti
1489 296 1517 318 et
1536 291 1675 326 temporis.
1694 291 1806 318 Succes‘

1021 340 1055 366 sit
1075 339 1250 366 Thcoctistus
1273 339 1372 366 Aeacio
1397 345 1468 365 anno
1492 337 1542 364 437
1573 342 1621 363 aut
1645 335 1706 368 458,
1726 335 1807 370 319

1022 390 1051 412 ut
1072 389 1165 419 postea
1187 383 1420 411 dcmonstrahitur
1434 382 1466 409 ‘°.
1489 382 1537 409 Est
1560 382 1593 408 de
1615 382 1674 415 ejus
1696 380 1806 407 ordina-

1022 431 1095 457 tione
1114 429 1342 464 congratulatoria
1358 429 1366 438 θ
1385 427 1418 455 ad
1441 428 1598 455 Beraaenses
1619 427 1732 453 clericos
1750 425 1807 459 epi-

1022 476 1091 503 stola
1111 476 1143 502 57
1157 475 1190 502 ⁶¹.
1204 475 1244 502 Ad
1264 474 1390 501 eumdem
1407 477 1448 500 est
1462 473 1542 499 etiam
1558 472 1672 507 epistola
1690 471 1749 502 154,
1764 470 1806 496 in-

1021 521 1171 556 erepatoria
1187 521 1221 547 ob
1234 521 1385 555 neglectam
1398 519 1525 546 amicitia:
1537 519 1634 553 legem,
1647 517 1679 544 de
1691 525 1744 551 qua
1757 524 1807 543 suo

1021 568 1090 594 loco.
1119 566 1244 594 Interfuit
1266 565 1383 593 concilio
1411 563 1626 592 Cbalccdoncnsi
1649 570 1720 589 anno
1743 562 1805 593 45!,

1021 612 1183 646 subscripsit
1219 611 1340 646 epistolze
1372 610 1563 645 episcoporum
1598 607 1692 642 primze
1724 606 1807 642 Syria:

1022 663 1093 682 anno
1109 655 1170 682 458.

1024 712 1140 748 Epistola
1161 712 1205 742 53,
1224 711 1437 748 ranmtcndatitia
1462 710 1496 736 ad
1518 709 1660 737 Stasimum
1687 708 1805 734 (οιηὶιεηι

1322 750 1345 772 et
1363 747 1513 780 primatem.

1057 805 1184 839 Ejusdem
1205 811 1266 830 cum
1283 802 1500 837 prmecdcntihus
1518 801 1670 836 argumenti
1691 804 1717 826 et
1738 804 1806 826 tem-

1023 849 1105 884 poris.
1120 849 1185 882 Quis
1201 855 1283 883 porro
1301 847 1435 874 Stasimus
1450 846 1542 878 fuerit,
1558 849 1585 872 et
1597 845 1676 880 cujus
1689 843 1808 872 civitatis

999 893 1007 904 ’
1022 895 1136 929 primas,
1154 894 1290 930 conjicere
1308 901 1362 920 non
1377 893 1457 926 licet;
1476 892 1587 928 Tyrine,
1600 899 1634 918 an
1646 892 1760 920 Emesa},
1773 898 1806 916 an

1022 940 1141 967 civitatis
1166 940 1282 974 alicujus
1306 943 1352 966 aut
1382 943 1484 966 tractus
1509 938 1632 969 alterius,
1653 944 1702 971 per
1726 944 1807 970 quem

1021 986 1187 1014 Cclestiacus
1206 986 1353 1013 transiret?

1024 1042 1141 1077 Epistola
1159 1042 1203 1075 54,
1223 1042 1435 1069 commendatitia
1458 1041 1492 1068 ad
1509 1041 1656 1069 Patricium
1677 1040 1807 1066 comitrm.

1057 1100 1158 1127 lterum
1177 1099 1299 1134 ejusdem
1318 1098 1472 1134 argumenti
1488 1103 1514 1126 et
1532 1097 1672 1133 temporis.
1687 1097 1767 1130 Quid,
1785 1097 1808 1124 si

1022 1145 1156 1173 Patricius
1175 1145 1220 1172 ille
1242 1153 1334 1172 eomes
1355 1144 1438 1171 fuerit
1457 1144 1603 1178 provinciae
1620 1143 1745 1178 alicujus,
1758 1150 1808 1177 per

1022 1198 1102 1224 quam
1117 1189 1313 1217 transeundum
1328 1194 1388 1217 erat
1405 1189 1556 1217 Celestiaco
1568 1188 1668 1224 Tyrum
1686 1187 1809 1222 petenti?

1023 1235 1230 1262 Transeundum
1251 1239 1325 1262 certe
1345 1234 1396 1261 fuit
1415 1242 1464 1269 per
1483 1239 1627 1268 utramque
1642 1233 1809 1260 Plimniciam

1022 1285 1049 1307 et
1065 1280 1169 1315 Syriam
1187 1279 1302 1314 primam
1326 1289 1332 1306 ε
1358 1287 1419 1306 nam
1445 1279 1472 1306 in
1496 1279 1572 1315 Syria
1595 1279 1681 1313 prima
1700 1278 1810 1305 fuerunt

1023 1325 1165 1351 Antiochia
1186 1328 1214 1351 et
1236 1324 1345 1358 Bel-ma;
1373 1324 1399 1351 in
1416 1324 1556 1351 Phoenicia
1573 1324 1680 1355 Libani,
1696 1324 1808 1356 Emesa;

1023 1369 1050 1395 in
1067 1370 1196 1396 extremis
1212 1369 1312 1397 finibus
1327 1370 1439 1396 alterius
1455 1370 1600 1397 Phoenicia:
1615 1370 1712 1405 Tyrus.

1077 1425 1195 1460 Epistula
1212 1425 1255 1458 35,
1274 1426 1487 1466 (onttttcndalitia
1505 1427 1539 1453 ad
1555 1427 1685 1454 Irrttwum
1699 1427 1759 1454 Turt'

1333 1469 1452 1496 (‘plSCOp‘ll
1457 1470 1491 1488 ηι.

1059 1517 1096 1544 De
1120 1522 1252 1552 tempore,
1271 1522 1431 1553 argumento
1455 1521 1482 1543 et
1505 1525 1621 1552 persona
1644 1522 1760 1546 constat.
1782 1519 1811 1546 Id

1024 1572 1108 1590 unum
1120 1563 1332 1595 observandum,
1342 1564 1474 1591 Irenaeum
1486 1569 1549 1591 ante
1560 1572 1661 1591 annum
1671 1565 1721 1592 442
1730 1564 1811 1592 fuisse

1024 1608 1180 1635 ordinatum
1195 1618 1201 1634 :
1213 1608 1260 1635 sed
1274 1616 1328 1643 quo
1339 1608 1452 1636 definite
1466 1609 1610 1644 tempore?

1026 1663 1144 1698 Epistola
1161 1664 1205 1696 56,
1222 1664 1434 1692 commendalilia
1451 1665 1485 1692 ad
1500 1665 1691 1700 Pompeianum
1707 1665 1813 1693 Emen-

1308 1707 1370 1725 mmt
1391 1701 1548 1735 episcopum.

1061 1756 1080 1782 1.
1101 1755 1231 1782 Eunulem
1250 1755 1430 1783 Celestiaeum
1452 1756 1618 1791 Pompeiano
1639 1757 1812 1785 commendat

1026 1801 1121 1828 eodem
1141 1806 1191 1828 tem
1196 1809 1271 1836 pore.

1063 1847 1094 1874 ll.
1117 1847 1255 1874 Successit
1276 1847 1457 1882 Pompeianus
1480 1848 1581 1880 Paulo,
1605 1849 1653 1883 qui
1675 1849 1813 1884 negotium

1027 1893 1101 1928 pacis
1122 1893 1194 1919 inter
1209 1892 1345 1920 Ecelesias
1364 1894 1479 1929 peregit.
1500 1894 1620 1921 Decessit
1640 1895 1750 1927 Uranio,
1766 1896 1814 1930 qui

1028 1939 1144 1965 concilio
1161 1938 1376 1966 Chalcedonensi
1395 1939 1519 1966 interfuit
1537 1947 1609 1967 anno
1628 1940 1689 1971 45!,
1706 1944 1734 1968 et
1750 1940 1815 1967 sub-

1028 1985 1137 2019 scripsit
1150 1985 1307 2020 synodicam
1317 1985 1463 2012 Phteniciae
1474 1985 1637 2013 Libanitidis
1649 1986 1682 2013 ad
1695 1986 1814 2013 Leonem

1029 2031 1219 2065 imperatorem
1235 2039 1307 2058 anno
1321 2031 1382 2058 458.

1046 2086 1167 2122 Epistola
1184 2087 1228 2119 37,
1244 2075 1405 2114 salutator-ia
1425 2087 1460 2114 ad
1476 2086 1633 2114 Sallustium
1649 2087 1796 2122 prasidem.

1065 2143 1174 2170 Nullum
1199 2142 1281 2170 habet
1299 2143 1486 2171 characterem
1506 2143 1646 2178 temporis.
1670 2143 1816 2171 Sallustius

1031 2188 1082 2215 fuit
1100 2195 1201 2223 prteses
1219 2187 1418 2222 Euphratensis
1441 2189 1605 2223 provincias,
1626 2189 1674 2216 sed
1695 2189 1816 2216 nondum

1031 2233 1212 2267 Christianus,
1228 2238 1259 2261 ut
1273 2242 1305 2261 ex
1320 2234 1435 2268 epistola
1452 2234 1624 2269 intelligitur.

1241 2290 1362 2325 Epistula
1379 2290 1423 2322 38,
1438 2291 1606 2318 Iteortastica.

1069 2345 1183 2373 Videtur
1199 2345 1272 2378 data,
1285 2354 1340 2381 quo
1356 2351 1477 2381 tempore
1491 2347 1680 2375 Theodoretus
1695 2348 1818 2375 contine-

1034 2391 1114 2418 batur
1137 2391 1285 2427 Cyresticis
1308 2391 1418 2419 tinibus.
1445 2392 1602 2419 Paschalem
1624 2401 1653 2420 se
1678 2393 1820 2421 manifeste

1035 2437 1134 2471 prodit.

1241 2482 1362 2518 Epistola
1380 2482 1425 2513 59.
1442 2483 1609 2510 heortauim.

1074 2539 1174 2566 Eodem
1189 2545 1311 2574 tempore
1324 2543 1352 2566 et
1363 2539 1390 2566 in
1405 2539 1501 2566 eodem
1516 2539 1586 2567 festo
1600 2540 1672 2567 data.

1055 2596 1173 2630 Epistola
1192 2596 1237 2628 40,
1255 2597 1413 2623 heartaslica
1433 2596 1468 2623 ad
1488 2596 1650 2624 Theodorum
1668 2598 1805 2624 vicarium.

458 2658 566 2683 rhenum
583 2657 741 2691 episcopum.

234 2702 359 2738 Ejusdem
384 2707 412 2729 et
434 2701 587 2736 argumenti
610 2706 638 2727 et
663 2699 803 2735 temporis.
821 2699 860 2726 De
880 2699 984 2726 Domno

200 2748 300 2775 dictum
313 2748 378 2774 satis
396 2747 421 2773 in
434 2747 493 2774 Vita
509 2745 686 2773 Theodoreti.

1070 2652 1173 2679 Eodem
1198 2657 1226 2680 et
1247 2660 1320 2680 anno
1342 2657 1370 2679 et
1391 2652 1460 2679 festo
1484 2653 1584 2688 scripta
1603 2657 1655 2686 est,
1675 2661 1707 2681 ac
1726 2661 1826 2688 prame-

1037 2698 1132 2725 dentes
1155 2697 1224 2725 date.
1252 2697 1416 2725 Theodorus
1441 2697 1542 2725 dicitur
1563 2699 1673 2733 quidem
1695 2699 1824 2727 vicarius.

1039 2743 1086 2770 sed
1107 2744 1184 2778 cujus
1204 2743 1372 2771 dimeeseos?
1387 2742 1484 2770 Annon
1504 2743 1619 2775 Asiante,
1635 2751 1695 2778 qute
1715 2743 1826 2778 propius

877 2800 1034 2829 SCllliLle
1055 2801 1169 2829 ΝΟΤᾸΞ.

236 2865 258 2880 ’⁸³
275 2863 333 2891 \‘id.
354 2869 410 2891 not.
422 2863 455 2891 ad
468 2863 550 2898 epist.
561 2863 604 2890 75.
644 2863 662 2878 “
679 2861 798 2897 Epistula
818 2865 860 2888 est
875 2861 917 2888 75.
