1967 3047
200 149 253 182 26’)

783 152 830 181 DE
852 153 976 182 LlBi‘tlfs
994 154 1248 185 THEODORETI.

1775 158 1828 188 270

199 207 276 234 abest
299 207 333 233 ab
355 207 557 241 Euphratesia?
583 207 686 235 Deinde
711 216 801 236 annon
828 209 990 236 Theodorus
1008 217 1025 240 Α
1042 210 1197 238 accensitus
1219 211 1330 239 circiter
1353 220 1454 239 annum
1476 212 1542 243 445,
1564 212 1642 247 32],
1669 221 1749 247 quam
1776 214 1828 248 ipsi

199 253 244 279 ille
261 256 311 281 est.
327 252 374 287 qui
395 258 422 280 et
444 252 634 287 praefecturam
655 253 733 281 urbis
755 254 836 289 regias
853 255 947 289 gessit,
962 260 990 281 et

200 305 272 324 unus
284 297 335 324 fuit
351 306 365 325 e
378 298 518 333 jndicibus
531 299 612 334 320
624 299 658 326 ab
673 299 837 334 imperatore
854 300 943 327 missis
955 300 987 326 ad

199 343 345 370 concilium
357 343 598 372 Chalcedonense?
609 344 636 371 ld
649 353 703 371 non
717 350 819 372 temere
830 345 892 381 quis
902 345 990 379 suspi-

198 394 276 416 catus
303 390 401 422 fuerit,
430 390 476 424 qui
509 390 711 422 observaverit,
737 391 859 418 delectos
884 391 989 426 judiccs

199 443 295 470 magna
310 443 342 462 ex
355 440 432 470 parte
445 436 612 464 Theodoreti
624 437 762 464 studiosos
777 436 870 463 fuisse.

285 491 407 526 Epistola
425 492 469 522 4|,
485 492 644 518 heortastica
661 492 696 518 ad
712 491 899 520 Claudianum.

230 547 251 574 1.
268 547 328 574 Νοη
342 547 457 575 obscura
472 551 513 574 est
528 547 658 581 temporis
673 551 747 579 nota,
762 547 898 582 siquidem
915 556 989 576 men-

198 593 236 620 tio
254 592 284 620 fit
300 593 419 627 ingentis
440 596 521 620 terrae
537 596 639 624 motus,
657 597 685 620 et
698 592 908 628 irrumpentium
924 594 989 621 bar-

196 638 326 664 barorum
345 645 351 663 :
368 640 516 672 utrumque
539 643 605 664 vero
627 637 743 672 contigit
763 645 834 664 anno
854 638 916 671 M7,
933 646 988 673 quo

197 691 269 710 anno
285 688 359 710 totus
375 682 432 710 fere
449 682 525 709 orbis
541 686 619 709 terra:
638 686 714 709 motu
731 690 881 710 concussus
895 688 948 715 est,
961 689 989 711 ct

197 729 297 755 multas
314 728 399 755 Attila
419 727 540 756 Orientis
564 725 720 763 provincias
739 729 866 760 vastavit,
884 730 987 764 coegit-

196 782 250 809 que
265 773 452 801 Theodosium
472 773 666 808 imperatorem
685 775 788 802 tributo
804 783 899 810 pacem
917 776 989 803 redi-

196 827 279 846 mere.
296 818 401 853 Scripta
416 818 499 853 igitur
512 818 586 846 credi
600 823 690 853 potest
703 823 765 854 post
780 820 853 847 diem
869 821 987 848 natalem

195 864 296 892 Christi
312 871 383 891 anno
397 864 458 892 M7.

231 911 262 938 ll.
280 910 338 938 Iloc
357 918 430 937 anno
445 910 559 938 Proetus
573 910 641 938 obiit
656 910 700 938 die
715 911 750 939 24
763 911 986 946 0etobris,-post-

195 964 276 990 quam
293 956 461 984 interfuisset
473 956 611 991 stupende
625 957 768 989 miraculo,
783 957 855 992 quod
871 957 986 992 Trisagii

195 1002 369 1036 postmodum
384 1002 549 1030 decantandi
564 1010 673 1030 causam
689 1002 763 1030 fecit.

229 1047 272 1074 lll.
299 1047 386 1080 Quem
410 1047 592 1074 Claudianum
608 1048 629 1063 θ’
652 1047 815 1082 inscriptum
837 1047 987 1083 praeferunt

196 1101 260 1120 mss.
278 1093 388 1120 codices
409 1097 491 1128 atque
511 1093 597 1120 editio
618 1093 768 1125 Sirmondi,
791 1093 985 1121 Sallustianum

195 1143 272 1166 vocat
284 1139 419 1166 Baronius
438 1139 471 1166 ad
486 1147 589 1166 annum
603 1140 664 1171 446,
678 1147 732 1174 quo
746 1147 818 1166 anno
840 1139 986 1174 contigisse

193 1186 322 1220 opinatur
335 1185 474 1220 ingentem
490 1185 567 1212 illum
584 1190 700 1216 motum,
716 1185 836 1220 citatque
850 1185 986 1212 Mareelli—

193 1239 259 1258 num
280 1235 388 1263 tcstem,
405 1231 453 1266 qui
476 1230 647 1258 contrarium
671 1230 755 1258 tradit
772 1239 779 1257 :
796 1238 860 1258 nam
881 1235 986 1258 motum

194 1282 273 1303 terra:
296 1281 430 1302 memorat
453 1275 488 1302 ad
512 1275 569 1302 ind.
590 1275 634 1306 15,
653 1275 798 1302 Ardabane
817 1279 845 1302 et
865 1274 987 1310 Callepio

193 1320 362 1348 consulibus.

195 1375 317 1411 Epistola
344 1375 397 1407 42,
427 1375 608 1411 deprecatoria
636 1377 671 1403 ad
699 1376 882 1404 Constantium
916 1383 986 1412 prae-

539 1412 646 1446 fectum.

228 1468 248 1495 l.
266 1468 340 1495 Idem
364 1472 407 1496 est
428 1468 511 1503 hujus
531 1468 655 1503 epistola:
675 1476 708 1496 ac
728 1468 845 1496 aliarum
864 1467 986 1503 quinque

192 1513 421 1548 consequentium
442 1517 635 1549 argumentum
647 1514 656 1523 ⁴
671 1513 706 1540 de
726 1513 882 1540 relevandis
902 1512 986 1548 Cyre-

192 1559 266 1586 stica:
278 1559 425 1594 provinciae
439 1559 559 1587 tributis.

227 1605 259 1632 ll.
279 1605 387 1632 [labent
402 1612 467 1632 vero
482 1612 578 1632 omnes
594 1605 776 1632 indubitatam
792 1606 855 1632 anni
870 1610 962 1633 notam
977 1615 983 1632 :

193 1650 301 1684 scripta:
319 1653 382 1676 sunt
398 1650 471 1676 enim
492 1658 564 1677 anno
582 1650 644 1681 H6,
661 1654 722 1684 post
743 1651 939 1686 promulgatam
957 1656 985 1678 et

191 1695 360 1721 exsecutioni
383 1695 537 1721 mandatam
561 1694 707 1721 Theodosii
731 1695 865 1722 novellam
888 1695 932 1727 55,
953 1696 984 1722 de

193 1740 323 1771 releuetis,
344 1741 480 1772 adieretis,
501 1739 541 1767 vel
567 1740 670 1767 donatis
692 1741 903 1775 possesaiom'bus,
924 1750 985 1775 qua}.

192 1787 254 1813 data
271 1791 310 1813 cst
327 1786 566 1820 Constantinopoli
589 1786 605 1812 5
623 1785 687 1813 Idus
710 1786 878 1816 Decembris.
895 1787 984 1813 Thco-

192 1833 269 1859 dusio
285 1833 354 1867 Aug.
372 1841 425 1863 xu,
440 1836 467 1858 et
479 1831 579 1858 Albino
592 1839 676 1863 coss.,
689 1831 716 1857 id
730 1836 772 1858 est
785 1838 857 1858 anno
869 1831 930 1858 445.

227 1878 270 1905 lll.
288 1878 476 1909 Constantius,
499 1877 543 1904 cui
564 1877 706 1909 scribitur,
728 1877 751 1904 is
772 1877 829 1912 ipse
852 1881 904 1908 est,
929 1886 983 1912 quo

193 1932 303 1959 operam
324 1924 423 1954 dante,
448 1923 584 1958 collapsos
605 1926 684 1950 terra:
708 1927 783 1949 motu
805 1922 882 1950 urbis
904 1923 984 1958 regia:

193 1977 285 1996 muros
308 1970 377 1996 intra
400 1973 455 1996 tres
478 1976 586 1996 menses
610 1968 789 1995 reaadificatos
810 1969 982 1996 Marcellinus

193 2015 285 2042 tradit.
301 2014 361 2041 Fuit
378 2015 459 2041 etiam
481 2021 552 2040 unus
565 2021 598 2040 ex
612 2013 753 2048 judicibus
772 2014 863 2041 missis
879 2014 913 2041 ab
933 2014 983 2041 im-

192 2064 315 2094 peratore
342 2059 479 2086 Marciano
503 2058 536 2085 ad
560 2058 709 2085 concilium
733 2058 980 2086 Chalcedonense:

192 2113 254 2132 nam
273 2106 300 2131 in
315 2105 390 2132 Actis
408 2113 457 2140 prn
472 2104 655 2132 Constantino
668 2104 844 2132 Constantius
861 2105 914 2140 legi
933 2105 982 2132 de-

192 2151 254 2181 bet.
278 2155 308 2177 ut
328 2151 392 2177 Acta
422 2151 480 2185 ipsa
507 2150 574 2186 satis
599 2150 757 2182 ostendunt,
782 2155 810 2178 et
826 2158 859 2178 ex
881 2150 982 2178 Codice

191 2197 384 2224 Theodosiano
400 2197 572 2232 intelligitur.

191 2253 310 2289 Epistula
326 2254 370 2286 45,
384 2253 564 2289 deprecatoria
581 2253 615 2280 ad
634 2253 802 2280 Pulc/tcriam
823 2253 980 2288 Augustam.

226 2311 328 2338 Eodem
345 2315 478 2345 tempore,
493 2309 587 2337 eadem
602 2309 636 2336 de
650 2317 689 2336 re.
704 2309 741 2336 De
753 2309 897 2336 Puleheria
911 2309 981 2336 nihil

191 2356 236 2383 hic
261 2355 478 2387 observandum,
502 2355 554 2382 nisi
581 2355 655 2390 quod
678 2354 850 2382 Theodoreto
873 2362 981 2389 semper

190 2400 267 2432 favit,
283 2400 391 2435 quoties
412 2401 501 2435 potuit
517 2408 524 2425 :
542 2407 597 2426 non
614 2399 704 2434 potuit
717 2406 795 2432 vero,
815 2407 877 2426 cum
898 2400 982 2434 depo-

191 2446 259 2473 situs
272 2450 314 2473 est
330 2445 357 2472 in
373 2445 527 2472 latrocinali
546 2445 681 2478 concilio;
697 2452 759 2472 nam
775 2445 880 2472 artibus
895 2445 981 2481 Chry-

191 2492 278 2527 saphii
301 2492 423 2519 eunuchi
446 2491 534 2518 fuerat
557 2499 573 2519 a
596 2491 679 2518 rebus
703 2490 831 2526 gerendis
850 2495 978 2518 remota:

190 2537 237 2564 sed
252 2537 298 2564 ubi
312 2537 441 2572 primum,
457 2536 588 2564 defuncto
602 2536 697 2568 fratre,
710 2536 859 2570 resumpsit
872 2536 980 2571 imperii

190 2581 321 2613 habenas,
336 2582 490 2616 depositum
504 2583 614 2609 restitui
628 2581 727 2609 voluit.

190 2637 309 2673 Epistula
326 2640 377 2672 Η,
400 2640 582 2675 deprecatoria
605 2639 640 2666 ad
655 2638 809 2666 Senatorem
827 2639 978 2675 patricium.

224 2694 327 2722 Eodem
342 2699 464 2730 tempore
478 2700 507 2724 et
523 2699 695 2731 argumento.
714 2695 777 2722 Fuit
788 2703 854 2723 vero
865 2695 980 2723 Senator

189 2740 283 2766 censui
300 2747 361 2766 cum
375 2740 480 2767 Isidoro
495 2748 567 2767 anno
583 2740 644 2772 4'56,
661 2740 713 2767 fuit
727 2743 754 2766 et
768 2740 840 2767 inter
850 2740 981 2775 patricios

1041 254 1203 289 dignitatem
1224 258 1374 292 gratulatur
1396 258 1474 285 initio
1493 258 1615 293 epistola:
1629 258 1827 286 Theodoretus.

1041 299 1168 327 Interfuit
1190 303 1307 330 concilio
1329 303 1556 336 Chalcedonensi,
1577 312 1638 330 cum
1661 308 1734 332 esset
1758 313 1829 332 unus

1040 352 1072 371 ex
1088 346 1292 380 gloriosissimis
1304 349 1453 384 judieibus.

1041 399 1162 435 Epistola
1184 403 1228 434 45,
1251 403 1434 438 deprccatoria
1452 405 1486 432 ad
1506 405 1657 432 Anatolium
1675 406 1826 440 patritium.

1077 458 1178 485 Eodem
1197 459 1301 494 pariter
1315 464 1344 487 et
1361 465 1483 495 tempore
1502 465 1530 488 et
1549 466 1720 496 argumento.
1739 461 1828 490 Gessit

1040 505 1213 532 consulatum
1226 506 1371 534 Anatolius
1388 515 1460 534 anno
1479 508 1540 534 ΜΟ.
1565 508 1627 536 Fuit
1647 512 1676 536 et
1698 509 1828 543 magister

1040 549 1169 582 militum,
1186 558 1246 584 quo
1270 554 1393 586 tempore
1411 551 1445 578 de
1463 551 1596 579 Orientali
1621 552 1735 580 dimcesi
1758 553 1828 580 bene

1040 595 1155 622 meritus
1169 600 1221 628 est,
1237 600 1268 623 ut
1287 596 1478 624 Theodoretus
1496 597 1596 625 innuit.
1611 598 1720 625 Primus
1735 606 1830 626 cense-

1041 645 1085 668 tur
1104 641 1174 668 inter
1184 642 1292 677 iudices
1311 643 1421 670 concilii
1437 643 1679 671 Chalcedonensis.
1700 645 1828 672 Nestorio

1040 686 1107 713 favit
1123 691 1185 714 ante
1200 688 1346 715 concilium
1362 689 1541 723 Ephesinum.

1039 743 1158 779 Epistola
1171 745 1206 771 46
1225 745 1438 773 commendatilia
1461 747 1496 773 ad
1510 746 1620 773 Petrum
1632 746 1827 773 scholasticam.

1073 800 1202 835 Ejusdem
1229 802 1362 836 temporis
1392 810 1425 830 ac
1449 804 1613 838 argumenti.
1638 803 1754 831 Videtur
1782 803 1828 830 ille

1039 845 1136 873 Petrus
1147 847 1300 882 suscepisse
1312 855 1421 875 causam
1433 847 1580 884 Cyrestica:
1595 849 1715 884 regionis
1730 849 1828 876 adver-

1038 900 1085 920 sus
1096 893 1300 922 denuntiatoris
1314 895 1435 930 episcopi
1455 896 1618 923 calumnias.

1039 949 1161 985 Epistola
1176 951 1220 984 47,
1244 951 1426 986 deprecatoria
1442 953 1477 979 ad
1494 952 1618 980 Proclum
1640 952 1827 980 Constantino-

1267 987 1418 1021 politanam
1435 988 1595 1024 episcopum.

1073 1043 1177 1071 Eodem
1193 1048 1327 1079 tempore,
1342 1045 1438 1072 eadem
1457 1045 1491 1072 de
1505 1053 1544 1072 re.
1561 1044 1651 1072 Procli
1666 1052 1767 1072 nomen
1781 1051 1827 1071 ce-

1037 1089 1142 1117 lebriu's
1157 1094 1211 1122 est,
1230 1098 1312 1125 quam
1329 1094 1359 1118 ut
1373 1095 1451 1126 egeat
1464 1091 1553 1126 elogio
1569 1095 1675 1118 nostro.

1056 1170 1061 1173 _
1089 1145 1211 1181 Epistola
1231 1147 1275 1179 48,
1290 1147 1433 1188 familiaris
1448 1148 1483 1174 ad
1500 1147 1669 1176 Eustathiam
1687 1146 1774 1182 Beryti

1353 1191 1499 1218 episcopum
1504 1203 1510 1209 .

1073 1238 1093 1264 I.
1113 1238 1194 1265 Deest
1212 1239 1356 1266 character
1373 1239 1515 1274 temporis,
1538 1239 1596 1266 sine
1616 1247 1714 1274 magna
1736 1242 1825 1266 tamen

1035 1283 1153 1317 jactura,
1168 1290 1230 1310 cum
1251 1283 1286 1310 sit
1300 1283 1417 1318 epistola
1432 1292 1501 1318 pure
1520 1284 1672 1311 familiaris.

1074 1327 1105 1354 ll.
1128 1327 1190 1354 Fuit
1201 1327 1364 1356 Eustathius
1378 1329 1424 1356 ille
1438 1329 1528 1365 Beryti
1540 1330 1695 1364 cpiscopus,
1710 1331 1826 1359 celebris

1037 1372 1168 1405 nominis,
1182 1373 1282 1408 partim
1297 1373 1333 1401 ob
1346 1378 1492 1409 utrumque
1504 1374 1538 1402 de
1553 1375 1600 1402 Iba
1609 1375 1755 1410 judicium,
1769 1377 1826 1404 sive

1037 1417 1111 1452 quod
1122 1418 1198 1453 Tyri,
1218 1419 1276 1446 sive
1289 1419 1362 1454 quod
1378 1419 1470 1455 Beryti
1485 1420 1637 1448 exercitum
1651 1425 1708 1454 cst;
1727 1423 1825 1457 partim

1036 1467 1150 1499 propter
1171 1465 1386 1493 controversiam
1411 1473 1473 1493 cum
1495 1467 1592 1494 Photio
1612 1467 1674 1503 Tyri
1698 1470 1824 1502 praesule,

1037 1508 1071 1536 de
1084 1509 1243 1537 civitatibus
1260 1515 1376 1545 septem,
1402 1511 1429 1538 in
1448 1512 1549 1546 quibus
1573 1518 1750 1548 arrogaverat
1772 1515 1824 1542 sihi

999 1553 1019 1580 C
1037 1554 1083 1589 jus
1097 1555 1256 1587 ordinandi,
1277 1556 1389 1584 obtenta
1405 1561 1501 1583 contra
1520 1565 1639 1584 canones
1654 1558 1688 1584 ab
1703 1559 1823 1593 impera—

1038 1605 1096 1628 tore
1110 1602 1311 1636 mctropolitiea
1322 1602 1454 1637 dignitate
1466 1611 1473 1635 ;
1485 1603 1533 1630 sed
1545 1603 1602 1630 haec
1615 1603 1665 1638 ipsi
1679 1611 1694 1630 a
1706 1605 1824 1631 concilio

1035 1646 1250 1674 Chalcedonensi
1267 1647 1398 1683 abrogata
1416 1653 1465 1675 est.

1072 1690 1116 1717 lll.
1138 1689 1232 1723 Tunc,
1255 1692 1364 1725 opinor,
1388 1691 1502 1719 obtenta
1526 1697 1568 1720 est
1591 1693 1624 1720 ab
1648 1695 1822 1728 imperatore.

1036 1743 1117 1771 quam
1140 1735 1207 1774 dixi,
1225 1736 1352 1772 dignitas,
1373 1745 1436 1764 cum
1456 1737 1597 1772 depositus
1619 1744 1661 1767 est
1682 1740 1821 1768 lrenaaus:

1035 1790 1097 1809 nam
1113 1782 1177 1817 quia
1197 1782 1268 1810 inter
1283 1783 1377 1818 plures
1390 1782 1570 1818 depositionis
1585 1793 1682 1813 causas
1694 1786 1751 1814 hate
1764 1791 1824 1814 erat

1035 1828 1162 1860 maxima,
1182 1828 1255 1863 quod
1271 1828 1393 1856 animum
1414 1830 1588 1864 imperatoris
1603 1831 1721 1859 Irenmus
1735 1832 1824 1860 oﬂ‘en-

1035 1874 1131 1905 disset,
1155 1874 1206 1902 hac
1226 1875 1370 1902 occasione
1386 1875 1489 1904 abusus
1510 1876 1680 1907 Eustathius.
1703 1877 1770 1905 fecit
1795 1883 1824 1906 ut

1034 1919 1121 1954 prima
1139 1919 1280 1947 Phtenieia
1294 1920 1322 1947 in
1337 1920 1407 1948 duos
1425 1922 1613 1956 metropolitas
1627 1922 1800 1950 divideretur
1815 1933 1821 1950 :

1035 1972 1086 1991 nec
1102 1965 1225 1997 Pbotius,
1243 1965 1291 2000 qui
1314 1965 1408 1993 Irenaei
1423 1965 1514 1994 locum
1534 1967 1651 2002 accepit,
1674 1969 1822 1996 reclamare

1034 2018 1116 2037 ausus
1129 2015 1180 2042 est,
1190 2019 1224 2038 ne
1239 2010 1413 2046 imperatoris
1431 2012 1500 2039 iram
1513 2012 1540 2039 in
1556 2020 1585 2040 se
1599 2021 1708 2048 quoque
1723 2022 1822 2048 provo-

1034 2060 1118 2082 caret.
1136 2057 1249 2089 Verum,
1268 2057 1385 2085 rescissa
1397 2057 1562 2085 Theodoreti
1578 2059 1729 2090 sanctione,
1747 2061 1823 2088 reda-

1033 2102 1094 2125 ctus
1117 2103 1158 2126 est
1179 2099 1340 2128 Eustathius
1367 2102 1393 2128 in
1422 2102 1547 2129 ordincm
1572 2113 1578 2130 :
1603 2111 1666 2131 nam
1685 2110 1746 2139 post
1769 2105 1817 2132 Do-

1034 2142 1162 2170 rotheum
1195 2143 1286 2171 Photii
1326 2151 1514 2172 successorem
1555 2150 1582 2172 et
1620 2148 1821 2181 metropolitam

1033 2185 1195 2221 subscripsit
1209 2187 1236 2214 in
1250 2188 1389 2223 synodicis
1403 2189 1550 2216 Phcenicize
1569 2190 1664 2224 prima:
1678 2191 1776 2219 litteris
1787 2193 1821 2219 ad

998 2227 1018 2255 D
1033 2230 1151 2258 Leonem
1168 2231 1361 2266 imperatorem
1375 2240 1447 2259 anno
1459 2233 1520 2260 458.

1089 2287 1209 2322 Epistola
1223 2288 1266 2320 49,
1283 2287 1425 2329 familiaris
1438 2289 1473 2315 ad
1485 2289 1648 2318 Damianum
1663 2291 1768 2320 Sidoni:

1359 2332 1517 2359 episcopum.

1069 2375 1151 2403 Deest
1168 2376 1219 2410 ipsi
1239 2377 1342 2411 pariter
1357 2378 1487 2412 temporis
1508 2383 1581 2406 nota.
1599 2380 1756 2413 Damianus,
1776 2383 1821 2409 cui

1034 2420 1174 2453 scribitur,
1201 2422 1326 2449 interfuit
1355 2424 1472 2451 concilio
1494 2425 1668 2453 Antiocheno
1691 2427 1719 2453 in
1739 2435 1821 2455 causa

1033 2466 1174 2494 Athanasii
1187 2467 1349 2496 Perrhensis
1360 2477 1432 2496 anno
1447 2470 1508 2502 M5,
1521 2475 1549 2498 et
1559 2471 1587 2498 in
1604 2471 1821 2501 Chalcedonensi

1034 2519 1106 2539 anno
1131 2514 1193 2540 451.
1209 2514 1269 2541 Non
1296 2515 1343 2542 diu
1373 2520 1462 2543 tamen
1492 2517 1628 2552 superfuit
1653 2527 1661 2545 :
1684 2519 1820 2554 siquidem

1034 2559 1171 2593 synodicis
1181 2560 1327 2588 Phoenicia:
1339 2561 1433 2596 primae
1445 2561 1478 2589 ad
1494 2562 1684 2597 imperatorem
1700 2564 1819 2594 Leonem

1033 2604 1103 2631 datis
1114 2605 1203 2639 Mcgas
1213 2605 1323 2633 Sidonis
1337 2607 1482 2643 episcopus
1496 2609 1658 2644 subscripsit
1672 2619 1744 2639 anno
1758 2612 1808 2639 458

1052 2661 1058 2668 “
1079 2660 1199 2696 Epistola
1214 2662 1257 2694 50,
1273 2663 1415 2698 familiaris
1430 2665 1465 2692 ad
1479 2665 1633 2694 Gerontium
1648 2669 1800 2696 archiman-

1369 2699 1476 2727 dritam.

1070 2741 1150 2768 Deest
1167 2743 1297 2778 temporis
1315 2749 1395 2778 nota;
1414 2746 1524 2774 videtur
1543 2751 1648 2780 tamen,
1665 2752 1695 2775 ut
1712 2751 1739 2776 et
1758 2748 1819 2775 alia:

849 2797 1007 2825 SCHULZII
1029 2799 1145 2827 ΝΟΤιΕ.

224 2858 246 2880 ‘.‘
258 2857 331 2885 Idem
349 2866 408 2885 esse
423 2858 540 2891 videtur,
557 2859 590 2886 ad
605 2867 686 2893 quem
701 2859 809 2893 scripta
823 2861 887 2885 sunt
899 2858 1020 2893 epistola:
1034 2860 1066 2887 59
1085 2864 1112 2887 et
1127 2861 1171 2887 9‘).
