1967 3047
154 164 203 196 ἓἹΙ

715 160 903 191 GARNERII
923 157 1166 190 DISSERTATIO
1185 157 1226 187 II.

1721 150 1775 180 .272

155 219 264 256 priores
278 218 348 247 duae.
367 216 428 244 data
448 216 606 251 priusquam
622 213 812 241 Theodoretus
824 220 936 239 rexare-
955 215 973 241 Α
989 211 1063 238 enim
1080 210 1166 237 Nomo
1190 208 1374 238 consulatum,
1400 205 1480 241 323
1498 212 1579 240 quem
1598 203 1686 239 gessit
1704 211 1775 230 anno

157 272 220 293 tur:
236 262 360 298 alioquin
381 270 434 289 non
449 261 593 293 omisisset,
608 260 703 287 saltem
719 258 799 294 322
817 258 938 291 oblique,

155 311 189 338 de
203 309 346 336 vexatione
362 305 488 333 nonnihil
500 305 592 332 dicere
609 313 615 330 :
632 303 732 330 etenim
750 303 872 338 querula:
890 301 941 328 fuit

156 361 184 384 et
205 353 390 383 ostentatricis
409 351 556 387 patientim.
575 351 612 377 De
626 349 756 377 Gerontio
775 348 843 375 nihil
865 355 940 374 com—

156 402 226 437 perti
242 400 340 431 habeo,
362 397 413 425 nisi
434 397 502 424 forte
513 397 588 423 idem
603 396 638 422 sit
654 403 716 422 cum
728 393 859 422 Gerontio
875 393 940 420 sub-

157 447 283 477 diacono,
297 444 330 471 de
343 451 398 478 quo
416 442 446 469 fit
460 442 562 469 mentio
582 441 661 476 epist.
683 440 724 466 10.

209 500 328 537 Epistola
343 499 387 532 52,
399 499 421 514 ⁸³
434 497 645 540 commendalitia
655 496 689 523 ad
699 496 773 524 Ibam
785 495 890 522 Edessa:

472 541 630 568 episcopum.

193 597 211 624 I.
234 595 340 631 Scripta
362 598 404 622 est
424 596 485 628 post.
509 598 609 618 annum
631 589 692 622 456,
712 596 767 623 quo
790 595 861 614 anno
882 586 943 613 lbas

157 644 246 670 factus
263 647 305 668 est
327 640 474 675 episcopus
495 647 501 664 :
523 637 578 664 imo
597 639 657 671 post
678 642 781 662 annum
803 633 865 664 459,
889 639 944 667 quo

157 692 235 723 capta
252 691 294 714 est
311 694 325 712 a
339 684 470 713 Vandalis
489 682 634 716 Carthago,
659 679 801 714 coactique
822 677 943 713 episcopi

157 732 275 760 Africani
292 731 390 766 partim
401 729 504 763 fugere,
516 726 614 762 partim
627 725 695 752 dura
709 725 764 760 pati
781 733 787 750 :
803 730 943 750 commen-

157 778 238 806 datur
254 775 327 803 enim
343 774 397 801 lbaa
413 772 565 808 Cyprianus
578 770 734 806 episcopus,
761 778 770 794 ‹
787 768 834 803 qui
851 776 884 795 ex
898 774 944 794 ce-

158 821 303 849 leberrima
320 824 397 846 ortus
412 817 514 849 Africa,
529 819 637 843 exteras
654 822 715 842 oras
735 814 882 841 circumire
900 820 945 839 co-

157 867 283 902 gebatur,
297 867 408 899 propter
420 861 618 889 immanitatem
635 859 827 886 barbarorum.
846 867 853 883 ι

193 915 224 942 ll.
245 914 326 940 Hunc
341 911 374 939 ab
394 909 514 938 Eusebio
533 908 646 943 Ancyrae
661 906 790 941 episropo
805 911 945 932 commcn«

157 963 252 990 datum
273 958 464 986 Theodoretus
483 957 628 988 exceperat
649 961 655 979 :
678 951 747 984 petit
768 950 888 977 vicissim
911 949 946 975 ab

159 1008 214 1040 lba,
227 1011 259 1033 Ut
270 1007 414 1039 exceptum
431 1001 584 1029 liberaliter
600 999 633 1026 ad
646 999 714 1025 alios
723 997 867 1032 episcopos
884 1004 946 1022 eum

159 1052 259 1081 litteris
280 1050 410 1078 dimittat.
433 1048 500 1074 Data
522 1048 564 1073 est
586 1044 669 1079 igitur
692 1043 808 1078 epistola
836 1041 947 1069 circiter

159 1106 262 1126 annum
276 1096 337 1123 ΗΟ.

194 1142 238 1171 111.
252 1141 327 1168 Mira:
340 1145 405 1166 vero
420 1137 533 1164 fuerunt
548 1135 606 1163 Afri
622 1135 697 1162 illius
713 1133 901 1165 circuitiones,
917 1137 948 1159 ut

159 1188 206 1224 qui
231 1187 340 1221 Ancyra
358 1182 471 1211 Galatia:
493 1180 594 1216 Cyrum
617 1178 805 1213 Euphratesia:
829 1176 946 1208 venerit,

159 1222 223 1262 inde
247 1231 378 1259 Edessam
394 1231 477 1263 caput
502 1226 651 1254 Osdrocnm
668 1224 821 1259 petiturus,
845 1222 948 1250 Edessa

154 1276 366 1307 Constantinam
385 1274 412 1301 in
429 1272 554 1307 opposita
571 1275 648 1305 parte
660 1271 741 1304 longe
754 1268 881 1303 positam.

194 1324 239 1352 Ν.
256 1321 392 1350 Eusebius
406 1325 489 1355 porro
501 1317 615 1352 Ancyrae.
629 1314 657 1343 in
668 1314 774 1343 Galatia
791 1314 947 1349 episcopus,

157 1369 240 1404 cujus
261 1365 389 1394 meminit
411 1361 620 1392 Theodoretus,
647 1357 779 1386 successit
795 1356 948 1388 Theodoto,

161 1402 241 1449 cujus
260 1412 288 1439 in
304 1409 443 1446 Ephesina
464 1407 568 1443 synodo
590 1405 697 1441 insigne
716 1411 818 1431 nomen
835 1407 886 1430 est.
906 1402 951 1429 ln-

163 1448 259 1487 terfuit
271 1455 419 1484 latrocinio
431 1453 570 1489 Ephesino
578 1459 650 1479 anno
660 1451 722 1482 449,
732 1448 949 1478 Chalcedonensi

162 1503 280 1532 concilio
295 1502 356 1530 451.
376 1501 427 1528 Diu
440 1505 529 1527 tamen
543 1506 598 1525 non
609 1496 745 1532 superfuit
761 1504 768 1529 ;
787 1502 850 1522 nam
867 1502 949 1530 syno-

163 1550 233 1578 dicis
248 1548 360 1577 Galatiae
374 1547 470 1582 prima:
488 1544 589 1572 litteris
612 1543 646 1570 ad
663 1542 783 1569 Leonem
803 1541 950 1576 imperato-
965 1546 985 1574 (ζ

163 1603 222 1624 rem
251 1602 324 1622 anno
357 1592 410 1620 458
447 1590 612 1625 subscripsit
645 1588 806 1616 Anastasius
836 1587 951 1622 Ancyrtc

157 1643 320 1679 episcopus.

154 1696 286 1734 .Epistola
305 1695 353 1727 55,
371 1693 557 1734 comendatitiq
573 1692 608 1718 ad
629 1690 804 1726 Sep/ironiam
820 1687 951 1716 Constan-

437 1729 499 1755 tina:
516 1727 675 1762 episcopum.

201 1787 305 1815 Similis
314 1789 356 1813 est
369 1783 534 1820 praecedenti
545 1782 635 1818 quoad
650 1786 758 1816 tempus
770 1783 798 1807 et
811 1787 954 1814 argumen-

153 1838 234 1861 ‘tum.
251 1831 432 1866 Sophronius,
448 1829 481 1856 ad
493 1836 574 1863 quem
589 1827 729 1857 scribitur.
743 1826 795 1853 fuit
809 1826 954 1860 episcopus

166 1881 194 1907 in
210 1877 350 1914 provincia
363 1876 513 1904 Osdroena.
531 1873 657 1901 Interfuit
668 1872 787 1900 concilio
801 1871 953 1899 Chalcedo-

167 1923 255 1952 nensi.
271 1922 385 1953 Civitas,
398 1921 477 1956 cujus
493 1919 642 1947 Ecclesiam
657 1919 738 1949 rexit,
752 1926 805 1944 non
815 1916 953 1944 Constan—

156 1970 205 1997 ‘tia
231 1969 285 1996 diei
305 1967 396 1998 debet,
420 1973 509 2001 neque
532 1963 793 1998 Constantinopolis,
815 1966 845 1989 ut
864 1966 906 1989 est
927 1961 954 1987 in

167 2014 307 2042 nonnullis
323 2011 465 2040 codicibus
480 2019 486 2043 ;
503 2010 550 2038 sed
561 2009 752 2041 Constantina,
768 2012 795 2035 et
807 2006 954 2042 aliquando

165 2060 373 2095 Nicephorium.

311 2114 439 2151 Epistola:
453 2113 619 2140 Iworlastitw
637 2112 681 2143 54,
697 2112 741 2143 55,
758 2111 802 2138 56.

203 2174 304 2200 Omnes
328 2171 355 2198 in
377 2168 541 2204 Epiphania,
568 2170 596 2194 ct
618 2174 680 2193 cum
704 2169 861 2197 vexaretur,
886 2165 956 2192 data:

168 2224 231 2248 sunt
251 2227 258 2245 ε
279 2217 369 2245 media
383 2216 416 2243 ad
435 2215 567 2242 illustrem
584 2213 703 2247 aliquem
717 2212 825 2244 virum;
843 2211 955 2246 reliqua:
973 2222 992 2248 μ

168 2266 269 2294 nullam
286 2263 436 2299 prtel'crunt
448 2267 571 2295 personae
584 2263 687 2286 notam.

169 2320 290 2358 Epistola
305 2320 348 2352 57,
362 2317 541 2354 gratulator-ia
556 2317 591 2343 ad
605 2316 775 2343 Eutrechium
792 2315 954 2350 prwfcctum.

205 2379 273 2406 Tres
287 2380 351 2405 sunt
362 2375 396 2403 ad
407 2374 584 2402 Eutrcchium
596 2373 755 2408 prrel'ectum
765 2371 898 2407 epistolas,
912 2371 955 2402 57,

171 2425 204 2452 80
222 2429 250 2452 ct
264 2423 307 2452 96.
321 2422 466 2450 Omneseo
478 2428 552 2447 anno
567 2419 682 2453 accepit,
697 2425 752 2453 quo
766 2417 848 2452 gessit
860 2416 958 2452 praefe-

171 2477 278 2501 cturam
291 2479 298 2504 ;
312 2469 396 2506 gessit
413 2477 489 2500 vero,
506 2475 560 2503 quo
573 2474 645 2494 anno
657 2466 827 2493 consulatum
842 2464 956 2495 Nemus,

173 2520 199 2546 id
221 2522 273 2549 est,
294 2525 366 2544 anno
386 2516 448 2543 445.
468 2514 628 2542 Gratulalur
652 2511 842 2539 Theoderetus
859 2510 910 2545 ipsi
933 2513 961 2536 et

173 2563 226 2590 sibi
243 2572 249 2588 :
267 2561 330 2596 ipsi,
355 2561 389 2588 de
408 2559 506 2594 adepta
528 2558 676 2593 dignitate;
689 2556 753 2588 sibi,
771 2556 804 2582 de
824 2555 892 2581 tanti
910 2554 959 2580 viri

173 2616 228 2636 non
244 2606 435 2635 benevolentia
451 2609 568 2635 tantum,
582 2602 630 2630 sed
643 2603 725 2629 etiam
741 2601 870 2629 amicitia.

211 2663 329 2699 Epistula
352 2662 396 2692 58,
415 2659 593 2696 gratulatoria
607 2658 641 2685 ad
655 2657 768 2685 Nomum
782 2656 925 2683 consulem.

211 2722 230 2750 Ι.
253 2721 339 2748 [labet
359 2717 536 2745 manifestum
565 2715 752 2742 characterem
777 2722 784 2740 :
811 2713 963 2748 gratulatur

991 256 1053 288 445,
1068 259 1099 282 ut
1111 258 1218 283 constat
1232 262 1265 281 ex
1282 253 1379 280 Fastis.

1026 302 1058 329 ll.
1076 301 1199 328 Meminit
1213 299 1405 327 Theodoretus
1421 296 1624 332 congressionis
1640 302 1695 323 suae
1715 302 1777 322 cum

990 347 1088 377 Nemo.
1114 350 1141 373 et
1164 345 1263 377 morbi,
1289 352 1344 380 quo
1371 343 1523 371 exstinctus
1540 346 1583 369 est
1604 340 1778 367 beatissimus

992 392 1104 427 quidam
1119 391 1162 418 vir
1184 400 1192 417 ι
1212 389 1370 425 congressio
1391 388 1461 415 facta
1480 393 1533 419 est,
1557 386 1667 421 opinor,
1684 385 1779 412 Antio-

992 438 1061 466 chia:
1083 446 1090 464 :
1111 438 1154 464 vir
1168 437 1213 464 ille
1225 435 1400 463 beatissimus
1419 434 1471 461 fuit
1492 433 1611 461 Joannes
1627 431 1780 459 Antiochia!

992 484 1115 510 antistes.
1580 506 1588 517 κ

1028 530 1072 557 lll.
1091 529 1195 557 Nomus
1218 532 1278 555 erat
1296 527 1426 563 magister
1445 525 1597 554 ofﬁciorum
1621 532 1694 551 anno
1717 523 1780 554 445,

993 583 1048 610 quo
1065 582 1137 602 anno
1153 574 1214 601 data
1239 574 1338 611 legitur
1354 581 1368 600 a
1385 572 1541 599 Theodosio
1567 571 1600 598 ad
1618 571 1707 605 ipsum
1733 577 1783 596 no-

993 621 1065 648 vella
1082 621 1127 653 ⁵51,
1155 620 1195 646 De
1217 620 1317 647 ambitu
1336 624 1360 646 et
1385 618 1446 645 locis
1467 617 1619 648 Iimilaneis,
1642 620 1695 643 etc.
1720 615 1783 642 Fuit

994 667 1077 694 etiam
1098 673 1170 692 unus
1188 665 1222 692 de
1244 665 1383 699 judicibus
1410 664 1443 690 ad
1469 663 1615 690 concilium
1633 659 1784 688 Chalcedo-

995 720 1079 738 ncnse
1093 711 1192 742 missis,
1207 711 1253 737 ubi
1271 710 1404 737 Anastasii
1418 710 1544 744 querelas
1559 712 1652 735 contra
1665 715 1693 734 se
1705 706 1784 733 obla-

997 761 1038 784 tas
1054 756 1150 783 audiit.
1164 755 1336 788 Querebatur
1346 754 1516 785 Anastasius,
1535 752 1608 787 quod
1621 752 1723 780 Nemus
1735 758 1784 777 sua

996 805 1129 836 potestate
1158 801 1255 831 fretus,
1280 800 1371 827 statim
1403 800 1437 827 ab
1461 799 1538 826 obitu
1561 797 1667 833 Cyrilli,
1690 797 1785 824 attines

996 846 1083 881 ipsius
1094 845 1216 873 Dioscori
1233 845 1364 880 impulsu,
1377 849 1513 876 vexasset,
1530 848 1612 878 atque
1628 844 1710 870 etiam
1727 842 1786 876 opi-

963 880 981 906 n
997 892 1049 918 bus
1063 891 1244 918 exhausisset.

1032 938 1076 965 ιν.
1097 938 1286 972 Prodigiosum
1300 937 1376 966 dictu
1389 941 1441 969 est,
1455 940 1572 971 quantas
1583 944 1659 971 opes,
1676 935 1718 962 vel
1734 934 1786 970 Cy-

997 984 1051 1010 rilli
1077 988 1250 1015 testamento,
1278 984 1321 1010 vel
1346 983 1398 1010 alia
1423 987 1481 1010 arte
1502 981 1636 1017 ejusmodi
1660 981 1786 1008 homines

998 1029 1158 1063 collegerint
1174 1037 1180 1054 :
1194 1035 1257 1055 nam
1272 1036 1287 1055 a
1301 1028 1369 1055 viris
1385 1028 1494 1055 duobus
1507 1027 1601 1063 Cyrilli
1616 1026 1783 1056 hmredibus,

998 1078 1061 1100 octo
1073 1073 1298 1100 millialibrarum
1313 1073 1373 1099 auri
1388 1072 1489 1099 Nomus
1505 1072 1630 1103 extorsit,
1640 1071 1787 1098 Dioscorus

998 1128 1012 1147 a
1029 1120 1138 1147 feminis
1150 1120 1258 1147 duabus
1272 1123 1381 1146 centum
1397 1122 1425 1146 et
1437 1118 1533 1153 viginti
1548 1117 1609 1144 auri
1624 1117 1726 1152 pondo,
1742 1116 1786 1143 cui

998 1174 1111 1194 summa:
1127 1166 1251 1201 ingentes
1271 1165 1340 1192 addc
1361 1165 1502 1200 pecunias,
1523 1164 1621 1199 partim
1637 1163 1786 1198 Artopolis.

999 1213 1098 1248 partim
1115 1212 1269 1247 OEnopolis
1289 1211 1482 1239 Alexandrinis
1503 1219 1537 1238 ex
1559 1211 1654 1237 eadem
1672 1210 1787 1237 hmredi-

1000 1262 1055 1285 tate
1070 1258 1194 1290 traditas,
1213 1262 1244 1285 ut
1263 1257 1389 1287 meliora,
1410 1264 1462 1283 nec
1479 1256 1575 1291 majori
1591 1260 1681 1282 tamen
1700 1255 1788 1290 pretio

999 1304 1072 1338 plebi
1087 1303 1249 1330 venderent.

1040 1351 1067 1378 υ.
1088 1349 1202 1377 Ᾱῐειίῐηεὶ
1217 1348 1290 1380 inde,
1307 1349 1402 1380 lector,
1414 1352 1516 1382 quanta
1531 1347 1614 1374 fuerit
1626 1346 1788 1373 Alexandri-

1001 1404 1100 1423 norum
1124 1394 1285 1430 pontiﬁcum
1302 1393 1436 1429 potentia,
1447 1397 1556 1428 quanta:
1569 1400 1645 1427 opes,
1663 1400 1725 1419 cum
1741 1400 1789 1419 us-

1001 1450 1054 1476 que
1065 1442 1133 1469 adeo
1143 1440 1279 1476 profuerit
1290 1440 1338 1466 uni
1349 1439 1458 1466 familia:
1469 1439 1607 1474 peperisse
1615 1439 1695 1470 duos,
1708 1438 1790 1465 etiam

1001 1487 1191 1515 sanctissimos
1205 1486 1358 1521 pontifices,
1379 1486 1426 1521 qui
1441 1486 1534 1513 sedem
1551 1485 1761 1512 Alexandrinam
1781 1485 1790 1493 '

1003 1532 1142 1567 sexaginta
1158 1531 1214 1558 fere
1229 1538 1316 1557 annos
1327 1530 1500 1557 continenter
1516 1529 1664 1557 tenuerint.

1090 1587 1211 1623 Epistula
1229 1587 1273 1618 59,
1287 1585 1447 1613 sulutatoria
1464 1586 1498 1612 ad
1513 1585 1703 1613 Claudiauum.

1037 1644 1116 1672 Nulla
1143 1648 1185 1671 est
1201 1644 1265 1670 anni
1289 1648 1363 1673 nota,
1388 1643 1462 1670 nulla
1487 1650 1610 1677 persona:
1627 1642 1688 1672 alia,
1710 1648 1792 1675 quam

1003 1690 1076 1725 quod
1102 1690 1270 1717 Claudianus
1291 1689 1375 1716 fursrit
1395 1689 1438 1715 vir
1456 1688 1572 1716 illustris
1593 1693 1621 1715 et
1636 1688 1730 1722 procul
1749 1687 1792 1714 di-

1004 1743 1078 1764 stans
1092 1746 1098 1764 :
1111 1736 1239 1763 eumdem
1254 1736 1353 1770 opinor
1374 1743 1434 1762 esse
1458 1742 1521 1762 cum
1542 1742 1585 1766 eo,
1605 1733 1638 1760 ad
1653 1741 1734 1768 quem
1750 1737 1793 1760 est

1004 1783 1120 1818 cpistola
1134 1782 1178 1813 lil,
1199 1782 1253 1809 imo
1273 1786 1300 1808 et
1311 1781 1355 1813 99,
1373 1781 1399 1808 in
1415 1789 1468 1816 qua
1489 1780 1650 1808 inscribitur
1671 1779 1792 1814 amigra-

1004 1829 1129 1862 pharius,
1148 1832 1230 1862 atque
1252 1826 1290 1853 ita
1305 1825 1543 1860 Constantinopoli
1567 1825 1716 1855 exstitisse,
1731 1832 1793 1851 cum

1005 1873 1205 1901 aTheodoreto
1226 1881 1274 1907 per
1293 1872 1451 1899 Palroinum
1472 1871 1664 1898 draconarium
1689 1871 1795 1897 litteras

1005 1920 1151 1954 acciperet.
1167 1919 1290 1945 Fuerunt
1310 1926 1375 1944 vero
1396 1916 1552 1944 draconarii
1573 1915 1728 1947 vexilliferi,
1747 1915 1794 1950 qui

1006 1966 1081 2000 signa
1101 1964 1257 1992 cohortium
1272 1967 1393 1998 portant,
1417 1963 1444 1990 in
1457 1963 1557 1998 quibus
1573 1962 1639 1996 picti
1651 1961 1793 1988 dracones.

1008 2021 1126 2056 Epistula
1145 2021 1189 2053 60,
1202 2019 1382 2060 grutulutoria
1405 2019 1440 2046 tul
1459 2019 1612 2045 Diascorum
1626 2017 1798 2046 Alexandria;

1322 2063 1482 2090 episcopum.

1040 2102 1060 2128 l.
1082 2102 1148 2128 Data
1165 2105 1207 2128 est
1226 2108 1281 2128 non
1299 2100 1380 2134 longo
1394 2104 1595 2134 posttemporc,
1614 2105 1694 2132 quam
1717 2097 1795 2124 Dios-

1008 2154 1090 2174 corus
1111 2146 1212 2181 Cyrillo
1226 2145 1357 2172 successit
1374 2144 1399 2170 in
1414 2143 1627 2170 Alexandrinam
1640 2142 1744 2172 sedem.
1757 2147 1784 2169 at

1007 2201 1059 2228 que
1074 2193 1142 2219 adeo
1154 2199 1226 2218 anno
1237 2191 1299 2222 444,
1311 2198 1365 2224 quo
1376 2189 1443 2216 abiit
1458 2188 1492 2216 ad
1504 2195 1618 2222 superos
1628 2187 1797 2223 Cyrillusdie

1007 2239 1043 2266 9.8
1057 2237 1178 2266 Januarii
1194 2241 1242 2264 aut
1261 2236 1276 2263 9
1290 2235 1375 2263 Junii.

1045 2285 1077 2311 ll.
1099 2282 1291 2310 Thcodoretus
1310 2281 1405 2308 laudat
1418 2280 1477 2314 ejus
1489 2279 1656 2314 singularem
1673 2286 1798 2305 mansuc-

1011 2329 1133 2356 tudinem
1146 2336 1209 2362 erga
1223 2327 1359 2358 subditos,
1373 2330 1401 2352 et
1414 2332 1521 2352 morum
1533 2324 1695 2351 modestiam
1712 2332 1719 2350 :
1735 2331 1798 2358 par-

1013 2376 1060 2403 tim
1077 2375 1141 2410 quia
1156 2382 1200 2401 res
1217 2374 1254 2400 ita
1271 2380 1300 2400 se
1312 2371 1441 2403 habebat,
1454 2378 1516 2397 nam
1530 2369 1574 2396 his
1590 2368 1695 2397 artibus
1706 2373 1799 2403 capta-

1012 2421 1059 2447 bat
1075 2420 1158 2447 homo
1169 2426 1286 2453 nequam
1300 2417 1402 2445 civium
1415 2416 1532 2447 animos,
1550 2419 1580 2442 ut
1594 2421 1687 2442 amore
1707 2418 1800 2448 postea

1012 2466 1176 2494 abuteretur
1194 2463 1227 2491 ad
1245 2471 1308 2490 suas
1322 2462 1478 2490 molitiones
1496 2460 1665 2488 roborandas
1681 2459 1800 2494 :partim

1014 2513 1128 2545 propter
1140 2508 1311 2542 iniquitatem
1325 2506 1409 2534 animi
1428 2514 1492 2541 erga
1510 2505 1651 2541 Cyrillum,
1665 2504 1713 2539 qui
1727 2511 1802 2531 sevc-

1013 2555 1093 2581 rioris
1105 2553 1258 2588 disciplimc
1270 2560 1365 2580 revera
1377 2556 1447 2582 erat,
1460 2555 1488 2578 et
1498 2550 1658 2578 ambitionis
1668 2557 1682 2576 a
1697 2549 1803 2576 calum-

1014 2599 1168 2626 niatoribus
1183 2599 1361 2634 arguebatur.

1015 2654 1136 2690 Epistula
1154 2654 1198 2686 6|,
1211 2653 1374 2681 salutatoria
1395 2652 1430 2679 ad
1441 2652 1594 2679 Arcliibium
1613 2651 1804 2687 presbyterum.

1052 2710 1190 2738 Credibile
1204 2715 1256 2741 est,
1278 2709 1350 2736 hanc
1373 2708 1497 2744 ejusdem
1514 2716 1575 2735 esse
1596 2707 1727 2742 temporis
1742 2713 1804 2734 cum

842 2801 1000 2830 SCHUIJII
1021 2800 1137 2828 ΝΟΤᾸΞ.

217 2880 237 2896 ⁸⁸
249 2879 339 2907 Editio
354 2879 430 2914 prior
447 2877 567 2906 habebat
590 2884 736 2907 numerum
755 2876 876 2912 epistolae
896 2876 945 2909 51;
962 2875 1020 2902 haec
1036 2878 1126 2902 autem
1144 2872 1244 2907 scripta
1259 2876 1301 2899 est
1316 2872 1349 2899 ad
1364 2872 1495 2908 Agapium
1511 2870 1711 2907 presbyterum.
