1967 3047
148 142 201 174 273

152 242 255 277 sbyter,
271 242 349 276 cujus
363 242 509 276 perlatoris
528 242 556 269 in
573 247 688 277 utraque
699 243 707 252 ‘
720 241 802 277 324
820 241 850 269 ﬁt
865 249 939 268 men-

153 288 201 314 tio.
214 287 304 320 Quare
321 287 482 314 Archibium
494 289 593 316 merito
608 289 743 323 quispiam
752 287 942 315 Alexandrina:

152 331 282 359 Ecclesiae
299 331 490 366 presbyterum
507 334 656 367 putaverit.

153 385 274 421 Epistula
293 386 344 418 ϐῆ,
362 386 523 414 salutaturia
542 387 576 414 ad
598 388 729 415 Joannem
750 389 940 424 presbyterum.

188 442 209 469 l.
232 441 337 477 Scripta
355 446 397 469 est
411 442 515 477 aliquot
528 444 669 471 mensibus
679 448 741 478 post
757 444 942 478 prmcedcntes

153 489 221 515 duas
236 498 242 514 :
261 488 375 516 fitenim
391 489 419 515 in
433 497 464 515 ea
477 490 580 516 mentio
599 490 740 517 redeuntis
752 490 863 517 Eusebii
879 498 943 525 pre-

152 534 254 568 sbyteri
272 541 279 560 :
298 533 409 560 Rediens
423 539 510 560 autem
526 543 609 570 nuper
628 544 658 562 ex
673 536 761 570 patria
776 540 862 563 vestra
878 535 941 562 reli-

153 580 315 614 giosissimus
330 579 465 614 presbyter
476 580 615 608 Eusebius.

189 625 222 652 ll.
242 625 308 652 Inde
322 629 438 656 constat,
460 626 592 654 Joannem
608 628 795 664 presbyterum
815 628 944 655 Ecclesia:

154 670 346 697 Alexandrina:
354 671 501 703 exstitisse,
512 680 664 707 magnoque
677 674 704 700 in
713 674 803 708 pretio
817 673 944 700 habuisse

156 717 373 751 Thcodorctum,
385 727 468 754 quem
481 719 510 746 in
522 725 660 756 conventu
673 720 825 748 honorifice
838 721 945 747 laudas-

157 767 208 790 set.

192 808 235 835 ΙΙΙ.
248 808 320 835 Misit
332 818 397 836 vero
403 810 549 844 epistolam
560 811 749 839 Theodoretus
757 821 806 847 per
816 812 945 839 eumdem

157 853 316 886 Eusebium,
335 863 431 882 rursus
443 855 470 882 in
484 855 629 891 Egyptum
647 857 881 892 proficiscentem;
900 866 948 893 po-
963 867 984 894 Β

157 900 296 934 stulatque
313 908 362 935 per
377 901 477 936 ipsum,
491 910 553 929 cum
570 908 767 936 reverteretur,
785 912 946 939 responsum

157 946 227 973 dari.
243 946 339 974 Nescio
350 955 386 974 an
398 956 458 975 mea
471 955 513 975 me
528 948 604 975 fallat
616 949 747 983 suspicio,
766 954 806 977 tot
817 949 948 976 itionibus

159 991 396 1028 reditionibusquc
418 993 568 1021 Eusebium
596 995 753 1029 explorasse
774 995 946 1030 diligentius,

158 1037 226 1071 quid
243 1038 283 1065 rei
296 1038 470 1066 Alexandria:
485 1044 642 1074 gereretur;
659 1040 725 1067 etin
747 1039 887 1067 Orientem
902 1047 947 1066 rc-

161 1082 254 1110 tulisse
267 1083 300 1110 ad
312 1084 436 1111 curiosos
450 1084 604 1120 episcopos,
617 1090 644 1112 et
658 1085 685 1112 in
700 1085 796 1119 primis
810 1085 844 1112 ad
858 1085 948 1112 Theo-

160 1129 296 1161 doretum,
317 1129 453 1156 intentum
468 1130 496 1157 in
511 1138 607 1158 omnes
619 1131 749 1166 carpendi
764 1131 856 1167 Cyrilli
871 1139 950 1158 oeca—

161 1182 262 1201 stones.

373 1232 506 1267 Epistula,
522 1233 566 1265 65,
587 1234 756 1260 Iieortastica.

199 1286 336 1314 Paschalis
360 1293 412 1319 est,
437 1289 592 1323 eodemque
611 1293 733 1323 tempore
760 1289 873 1324 scripta,
897 1297 951 1324 quo

161 1332 320 1364 vexabatur,
343 1341 453 1368 quoque
481 1334 645 1361 moliebatur
669 1334 816 1362 Dioscorus
841 1335 950 1366 turbas;

163 1385 247 1412 quare
260 1378 380 1413 pertinet
394 1379 428 1406 ad
444 1387 546 1407 annum
562 1380 624 1412 447,
640 1385 689 1407 aut
708 1381 827 1408 circiter.

384 1421 506 1472 Epistula
520 1437 554 1464 64
567 1437 736 1464 heortastica.

199 1493 259 1527 Ipsa
278 1501 389 1529 quoque
403 1494 542 1522 Paschalis
555 1498 607 1527 est,
641 1495 688 1522 sed
713 1495 766 1522 alia
788 1500 852 1522 nota
868 1499 952 1522 caret.

191 1547 312 1583 Epistula
324 1549 368 1582 65,
384 1550 562 1577 consolatoria
575 1550 610 1576 arl
625 1550 758 1578 Zenonem
770 1550 927 1585 magistram

495 1585 619 1612 militum.

204 1639 223 1665 l.
240 1638 306 1672 Quis
317 1639 400 1667 fuerit
414 1641 499 1672 Zeno,
518 1641 619 1668 rescire
633 1640 697 1668 licet
711 1648 744 1667 ex
766 1639 957 1667 consularibus

169 1685 377 1712 monumentis:
400 1686 483 1721 gessit
505 1686 578 1714 enim
604 1686 777 1713 consulatum
799 1693 862 1713 cum
878 1686 957 1712 Post-

170 1730 310 1763 humiano,
321 1739 394 1759 anno
407 1732 468 1759 448.
484 1733 551 1760 Nam
562 1732 682 1768 synodus
693 1732 814 1759 Flaviani
825 1731 958 1759 adversus

170 1775 311 1810 Eutychen
345 1778 488 1805 consulatu
511 1778 645 1811 Zenonis;
685 1782 747 1812 post
773 1777 957 1809 consulatum,

171 1820 339 1854 Ephesinum
359 1822 532 1850 latrocinium
555 1823 756 1858 consignatur:
773 1826 862 1850 exstat
874 1822 958 1849 etiam

171 1866 233 1893 data
254 1867 288 1893 ad
310 1867 410 1902 ipsum,
434 1876 495 1896 cum
510 1872 618 1904 gereret
640 1869 824 1901 consulatum,
844 1867 960 1903 epistola

173 1913 203 1939 7l
222 1912 400 1946 Theodoreti,
414 1914 447 1941 de
460 1923 514 1949 qua
530 1922 580 1941 suo
591 1915 661 1941 loco.

208 1957 240 1983 ll.
260 1957 320 1990 Quo
341 1963 464 1993 tempore
483 1959 534 1986 ista
555 1959 659 1994 scripta
682 1959 728 1991 sit,
746 1959 868 1986 nondum
892 1959 960 1986 mibi

172 2006 282 2030 constat
300 2011 306 2029 :
323 2003 391 2031 latet
406 2004 479 2031 enim
497 2005 605 2036 adhuc,
623 2009 669 2031 aut
683 2009 758 2032 certe
776 2005 890 2032 dubium
907 2009 960 2037 est,

173 2048 237 2081 quis
263 2048 307 2075 illc
331 2048 439 2075 tandem
453 2049 573 2076 Zenonis
594 2049 688 2082 frater,
706 2049 796 2076 clarus
811 2049 920 2081 militia,
935 2054 963 2076 et

176 2093 316 2127 praeclaris
331 2094 500 2122 facinoribus
519 2095 629 2128 nobilis,
647 2095 725 2130 cujus
737 2095 765 2122 in
780 2095 963 2122 obituTheo-

175 2137 290 2166 doretus
312 2140 473 2174 magistrum
495 2140 613 2168 militum
626 2141 750 2168 solatur:
767 2139 902 2175 suspicari
924 2144 963 2167 ta-

176 2191 238 2210 men
253 2183 294 2211 fas
308 2188 361 2216 est,
376 2185 402 2212 id
416 2189 479 2213 ante
493 2186 666 2213 vexationem
679 2186 821 2213 accidisse.

178 2239 299 2274 Epistula
317 2241 362 2271 66,
382 2243 537 2269 invitatoria
557 2242 591 2269 ad
608 2243 724 2268 enramia
741 2241 832 2276 templi
856 2246 964 2277 aposto-

355 2277 440 2303 lorum
456 2278 491 2304 αα
505 2277 613 2304 Aeriam
623 2278 779 2312 sopltistum.

213 2334 251 2360 De
271 2333 353 2360 Aerio
373 2333 496 2367 sophista
512 2333 616 2360 dictum
633 2336 674 2359 cst
688 2332 722 2358 ad
735 2332 816 2366 epist.
829 2332 873 2358 '50.
892 2333 966 2360 Non-

177 2379 243 2407 dum
254 2380 385 2414 comperi,
395 2387 450 2413 quo
462 2387 534 2406 anno
547 2378 702 2405 absolutum
714 2377 748 2404 sit
761 2377 891 2412 templum
903 2385 967 2412 apo—

178 2425 257 2453 stolis
273 2433 289 2452 a
304 2424 478 2452 Theodoreto
490 2428 623 2451 erectum.

215 2479 336 2516 Epistula
352 2481 387 2508 67
404 2485 429 2506 ct
442 2480 487 2511 68,
506 2480 539 2506 ad
551 2479 692 2516 Murenam
713 2483 741 2505 rt-
754 2479 932 2516 Epiphaniam

348 2516 502 2543 invitatoria
521 2515 555 2542 ad
570 2515 661 2542 eadem
675 2515 802 2541 δυσωπία.

216 2561 236 2588 1.
252 2561 359 2589 Incerta
375 2560 503 2588 similiter
521 2559 652 2594 temporis
671 2564 744 2590 nota,
758 2558 867 2592 ignotus
881 2557 967 2584 Mara-

181 2615 240 2638 nas,
253 2607 363 2642 ignotus
375 2607 459 2634 etiam
470 2606 650 2641 Epiphanius,
662 2604 714 2631 nisi
725 2603 796 2638 quod
814 2603 858 2630 ille
867 2603 968 2629 dicitur

182 2653 298 2679 multum
310 2651 462 2679 contulisse
481 2651 515 2677 ad
534 2650 627 2684 templi
644 2649 786 2679 fabricam,
808 2648 858 2674 istc
874 2655 968 2674 exsors

183 2697 257 2726 tidei.
272 2701 389 2732 uterque
399 2696 529 2732 Cyrensis
543 2695 622 2722 civis.

217 2743 249 2770 ll.
269 2744 349 2779 325
364 2744 487 2772 Observa
506 2750 610 2769 morem
633 2742 775 2776 antiquum
799 2740 968 2768 convocandi

184 2789 215 2815 ad
231 2789 299 2816 festa
310 2789 463 2817 Christiana
479 2788 552 2822 ipsos
562 2787 643 2814 etiam
657 2786 790 2818 infideles,
806 2790 834 2813 ut
847 2785 968 2813 lidelinm

183 2835 309 2870 caetnplo
322 2835 354 2862 ad
370 2835 500 2870 pietatem
515 2835 522 2843 ‘
540 2833 763 2860 incenderentur.

729 144 777 173 DE.
794 143 922 173 LlBRIS
938 142 1190 172 THEODORETI;

152 196 324 232 praecedente
339 206 344 222 :
362 196 433 224 idem
447 197 520 224 enim
533 197 643 225 videtur
653 205 713 225 esse
728 197 864 225 Eusebius
875 205 939 232 pre-
955 200 977 226 Δ

1726 140 1780 174 274

1062 195 1183 231 Epistula
1200 196 1243 228 69,
1260 195 1440 222 cansulaturia
1458 194 1492 222 ad
1510 195 1704 232 Eugraphiam.

1027 251 1064 278 De
1079 251 1129 277 hac
1141 251 1246 277 dictum
1263 255 1305 277 est
1315 250 1349 277 ad
1364 250 1507 284 epistolam
1521 250 1547 276 8.

996 306 1112 341 Epistula
1130 306 1173 338 70,
1189 306 1403 347 commendatitia
1418 306 1452 333 ad
1464 306 1633 334 Eustathium
1648 308 1782 343 Aegin-um

1307 349 1464 376 episcopum.

1031 397 1153 424 Pertinet
1171 397 1204 424 ad
1220 405 1322 424 annum
1341 398 1403 430 445,
1421 403 1468 425 aut
1484 403 1646 433 sequentem
1669 409 1675 426 ε
1693 401 1782 427 conli-

995 447 1042 470 net
1059 443 1132 471 enim
1148 443 1290 470 historiam
1305 443 1396 470 Maria:
1411 444 1553 479 cujusdam
1570 445 1672 472 nobilis
1686 446 1784 480 puella:

995 487 1142 520 Africanm,
1162 496 1224 523 qua:
1238 497 1252 515 a
1265 488 1394 515 Vandalis
1410 489 1500 523 pretio
1521 490 1632 517 vendita
1647 496 1783 518 mercato-

996 533 1082 565 ribus,
1098 533 1214 560 servivit
1232 533 1314 567 Cyri;
1341 533 1389 560 sed
1413 533 1563 568 redempta,
1585 535 1658 569 quod
1681 536 1782 562 mirum

995 583 1048 611 cst,
1063 586 1077 605 a
1092 579 1235 609 militibus,
1250 582 1277 605 et
1292 586 1307 605 a
1321 578 1495 606 Theodoreto
1507 587 1556 613 per
1569 580 1663 607 decem
1675 588 1783 608 menses

997 624 1102 651 idoneis
1115 624 1246 652 subsidiis
1262 624 1407 656 instructa,
1420 632 1481 651 cum
1493 625 1650 652 rescivisset
1660 626 1694 654 de
1707 631 1784 661 patre

996 670 1184 705 magistratum
1199 670 1227 696 in
1245 669 1401 697 Occidentis
1416 670 1540 704 partibus
1554 676 1666 706 gerente
1676 692 1683 703 ,
1706 677 1736 699 ut
1750 672 1784 699 ad

997 716 1074 743 illum
1091 715 1324 750 proﬁcisceretur,
1344 717 1553 743 commendatur
1568 717 1705 752 Aegarum
1724 718 1786 752 epi-

998 769 1092 796 scopo,
1105 769 1157 796 qua
1172 761 1200 788 in
1212 761 1322 788 civitate
1333 761 1460 789 secundae
1475 761 1576 790 Cilicize
1594 762 1723 790 nundina:
1736 762 1786 789 ha-

998 807 1144 839 bebantur,
1163 807 1196 833 ad
1221 814 1288 841 quas
1311 815 1343 833 ex
1364 806 1511 834 Occidente
1534 811 1701 835 mercatores
1720 815 1786 834 con-

998 853 1086 880 ﬂuere
1102 853 1232 880 solerent.
1254 853 1292 880 De
1312 852 1458 880 Eustathio
1477 853 1545 880 nihil
1564 853 1697 880 hactenus
1710 860 1787 880 com-

998 907 1067 934 pert.

1016 963 1138 998 Epistula
1150 964 1195 996 71,
1210 964 1389 1001 gratulatoria
1410 966 1445 992 ad
1460 965 1595 1001 Zenonem
1611 966 1770 1001 magistrum

1234 999 1349 1026 militum
1366 1004 1391 1026 et
1407 1000 1552 1027 consulem.

1035 1056 1122 1083 Habet
1152 1059 1278 1090 apertum
1299 1056 1430 1090 temporis
1466 1057 1650 1084 characterem
1676 1065 1682 1082 :
1706 1057 1790 1090 gessit

1000 1102 1073 1128 enim
1096 1101 1170 1128 Zeno
1193 1101 1366 1128 consulatum
1391 1108 1462 1129 anno
1488 1101 1549 1128 448.
1573 1101 1643 1129 Vide
1657 1105 1736 1129 notas
1755 1101 1789 1128 ad

1000 1147 1142 1181 epistolam
1152 1146 1197 1174 65.

1082 1211 1202 1246 Epistula
1220 1211 1263 1244 72,
1280 1211 1439 1238 lteorthtica
1452 1211 1487 1238 all
1499 1211 1711 1245 Ilermesigencm

1311 1254 1480 1273 αεδεδδονειη.

1039 1302 1135 1329 Nullus
1156 1306 1198 1328 cst
1219 1302 1276 1329 sive
1301 1302 1444 1336 temporis,
1474 1301 1532 1328 sive
1556 1308 1680 1335 personae
1697 1299 1790 1332 index,

1004 1347 1055 1374 nisi
1067 1347 1140 1381 quod
1153 1345 1362 1381 Hermesigcnes
1375 1347 1561 1381 magistratum
1573 1346 1715 1381 gereretin
1727 1345 1794 1372 vici-

1006 1402 1038 1419 na
1052 1393 1142 1428 aliqua
1159 1392 1280 1424 civitate,
1293 1392 1377 1419 veluti
1392 1392 1495 1419 Beroeaa
1509 1396 1556 1419 aut
1572 1391 1734 1418 Antiochiae.

1093 1459 1215 1494 Epistula
1232 1459 1275 1492 75,
1293 1458 1455 1486 salutatoria
1472 1459 1507 1485 ad
1524 1457 1705 1494 Apollonium.

969 1532 989 1560 ο
1040 1516 1120 1543 Nulla
1134 1516 1264 1550 temporis
1278 1520 1353 1547 nota,
1368 1515 1442 1542 nulla
1454 1519 1503 1541 aut
1514 1515 1592 1542 valde
1605 1514 1722 1542 obscura
1734 1522 1796 1548 per-

1007 1570 1089 1593 senae,
1105 1561 1158 1588 nisi
1175 1560 1248 1596 quod
1260 1561 1301 1587 vir
1313 1560 1428 1587 illustris
1442 1560 1504 1591 fuit,
1522 1560 1568 1586 sed
1581 1559 1702 1586 nondum
1713 1559 1794 1586 Chri-

1007 1608 1127 1639 stianus;
1150 1614 1211 1641 qua:
1227 1614 1269 1633 me
1282 1606 1338 1633 duo
1356 1605 1492 1632 inducunt
1515 1605 1543 1632 in
1557 1605 1743 1640 conjecturam
1760 1604 1795 1631 de

1008 1652 1152 1687 Apollonio
1173 1651 1274 1678 comite
1296 1658 1437 1678 sacrarum
1452 1650 1640 1685 largitionum,
1661 1649 1695 1676 ad
1712 1657 1794 1683 quem

1008 1702 1050 1726 est
1064 1698 1180 1732 epistola
1192 1697 1254 1724 105.
1269 1696 1360 1730 Quare
1377 1697 1478 1724 omissa
1491 1696 1611 1728 videtur,
1629 1701 1740 1730 propter
1754 1695 1796 1722 ine

1010 1742 1182 1775 fidelitatem,
1191 1741 1431 1777 quod-observavit
1442 1741 1638 1773 Gothofredus,
1657 1740 1798 1776 dignitatis

1010 1788 1162 1823 inscriptio.

1121 1855 1242 1891 Epistula
1261 1855 1295 1882 74
1314 1855 1472 1883 heortastica
1490 1854 1525 1881 ad
1541 1854 1686 1882 Urbanum.

1045 1912 1125 1940 Caret
1136 1912 1210 1939 omni
1227 1912 1337 1947 penitus
1347 1915 1422 1940 nota.

1059 1979 1179 2015 Epistula
1196 1979 1240 2011 75,
1256 1978 1398 2014 familiaris
1417 1978 1451 2005 ad
1465 1977 1573 2004 clericos
1591 1977 1749 2003 Berwensea.

1047 2037 1114 2062 Data
1126 2040 1168 2062 est
1183 2034 1342 2062 Thcoctisto
1355 2034 1485 2069 episcopo
1501 2041 1556 2060 non
1576 2033 1612 2060 ita
1631 2032 1738 2067 pridem
1753 2040 1800 2058 or—

1013 2081 1116 2111 dinato,
1133 2085 1215 2115 atque
1230 2080 1268 2107 ita
1284 2087 1355 2107 anno
1367 2079 1429 2111 457,
1442 2083 1489 2106 aut
1499 2078 1560 2106 458.
1575 2078 1713 2105 Successit
1728 2077 1801 2104 enim

1015 2126 1059 2153 ille
1072 2125 1181 2158 Acacio,
1203 2125 1249 2160 qui
1263 2125 1405 2152 ordinatus
1420 2127 1464 2151 est
1483 2131 1555 2150 anno
1568 2123 1620 2149 578
1637 2122 1689 2149 sub
1708 2122 1800 2152 tinem,

1015 2177 1063 2199 aut
1073 2172 1152 2198 initio
1169 2171 1320 2206 sequentis,
1333 2174 1364 2197 ut
1383 2173 1490 2197 constat
1508 2177 1541 2196 ex
1557 2168 1674 2196 historia
1692 2167 1802 2194 concilii

1016 2215 1191 2248 Antiocheni,
1210 2223 1225 2242 a
1239 2222 1293 2249 quo
1310 2214 1474 2249 legationem
1487 2213 1593 2248 accepit
1607 2212 1743 2240 Eusebius
1755 2211 1804 2239 Sa-

1018 2261 1180 2289 mosatensis
1199 2260 1291 2288 Acacii
1313 2260 1466 2291 ordinatur,
1488 2259 1624 2293 simulque
1645 2257 1804 2285 mandatum

1017 2306 1180 2343 providendi
1194 2306 1313 2333 viduatis
1324 2306 1351 2333 in
1362 2305 1474 2333 Oriente
1488 2303 1617 2332 Ecclesiis
1626 2303 1728 2336 ;_vidua
1739 2310 1804 2329 vero

1017 2359 1083 2381 tunc
1095 2356 1155 2380 erat
1168 2351 1332 2380 Bermensis.
1346 2351 1415 2378 Cum
1425 2359 1490 2386 ergo
1502 2350 1619 2377 Aeacius
1631 2350 1804 2376 Bermensem

1016 2400 1204 2434 episcopatum
1226 2397 1346 2424 tenuerit
1366 2404 1453 2424 annos
1468 2395 1666 2431 quinquaginta
1684 2398 1712 2421 et
1731 2397 1804 2425 octo,

1018 2450 1048 2472 ut
1075 2444 1158 2472 tradit
1176 2443 1368 2471 Theodoretus
1394 2443 1422 2470 in
1444 2441 1582 2469 Philae/leo
1604 2448 1664 2475 cap.
1686 2436 1723 2472 2,‘
1737 2438 1806 2466 obiit

1018 2495 1092 2518 certe
1111 2498 1182 2517 anno
1205 2490 1256 2516 457
1279 2494 1326 2516 aut
1347 2489 1410 2520 458,
1435 2487 1622 2522 nonagenario
1641 2486 1738 2519 major,
1759 2487 1807 2511 aut

1017 2537 1100 2563 etiam
1113 2543 1180 2570 pene
1196 2534 1371 2562 centonarius
1387 2542 1394 2559 ι
1413 2533 1458 2559 vix
1475 2533 1548 2558 enim
1563 2530 1658 2558 credat
1674 2529 1746 2564 quis,
1763 2537 1806 2555 or:

1019 2582 1140 2608 dinatum
1155 2584 1217 2606 ante
1229 2586 1332 2606 annum
1347 2577 1597 2612 quadragesimum],
1611 2583 1673 2602 cum
1686 2580 1748 2601 ante
1763 2582 1807 2601 or—

1019 2627 1187 2654 dinationem
1204 2625 1250 2652 diu
1264 2632 1292 2651 se
1303 2623 1459 2651 exercuerit
1474 2622 1525 2650 sub
1540 2621 1659 2650 Asterie.
1674 2620 1764 2657 326,
1780 2623 1807 2647 ct

1020 2680 1069 2707 pro
1081 2671 1132 2698 lide
1144 2679 1188 2698 res
1206 2678 1259 2697 non
1277 2669 1352 2704 parvi
1367 2667 1498 2695 momenti
1509 2666 1634 2702 gesserit.

1020 2727 1141 2764 Epistula
1153 2727 1196 2759 76,
1218 2725 1364 2754 Izortatoria
1377 2725 1411 2751 ad
1430 2723 1559 2752 Uranium
1576 2723 1637 2758 Cyri
1654 2721 1804 2757 prwsidem.

1054 2783 1139 2816 Quem
1156 2787 1184 2810 ct
1201 2781 1309 2817 quando
1324 2781 1450 2808 hortetur
1467 2779 1500 2807 ad
1517 2779 1607 2811 tidem,
1622 2778 1697 2806 nullo
1716 2776 1804 2805 indito

1021 2828 1158 2866 proditur.
