1967 3047
183 139 235 170 275

748 140 936 170 GARNERII
958 139 1206 171 DISSEKTATIO
1224 141 1264 170 Il.

1768 143 1820 174 276

184 194 304 229 Epistula
315 195 347 222 TI
358 200 382 221 et
395 195 439 227 78,
452 194 487 221 ad
499 194 635 222 Eulalium
647 199 671 221 et
685 195 826 222 Eusebium
840 196 972 230 episcopos
988 198 1009 225 Α
1060 195 1181 230 Epistola
1194 195 1222 221 8i
1231 216 1237 226 ,
1251 195 1444 230 deprecatoria,
1462 195 1498 221 ad
1509 194 1623 222 Nomum
1638 196 1783 224 consulem.

441 229 555 257 Persica:
565 230 707 257 Armeniae.

217 288 237 314 Ι.
254 287 391 314 Armeniae
407 287 525 315 Persicze
547 287 659 314 nomine
686 287 840 322 appellatur
858 296 889 315 ea
910 296 973 322 pars

182 333 318 360 Armenias
342 333 468 368 majoris,
486 341 548 368 quae
569 333 664 360 Mediae
683 333 810 365 vicinior,
835 341 972 368 quantque

181 383 386 413 occupaverunt
398 379 488 406 Persae
505 378 558 405 sub
576 379 700 410 Valente,
724 378 826 413 diuque
847 379 971 406 retinue-

181 427 258 450 rttttt.

214 469 246 496 ll.
256 468 323 496 Cum
334 473 406 496 mota
415 473 487 496 esset
498 469 526 496 itt
536 468 659 500 Perside,
672 468 816 503 lsdegerde
827 476 900 503 rege,
910 476 972 503 per-

180 513 296 546 secutio,
317 518 347 540 ut
365 514 448 541 tradit
463 514 663 545 Theodoretus,
681 515 802 548 pervasit
819 514 864 541 illa
883 515 971 550 regio-

179 567 229 592 nes
243 560 407 592 rentotiores
419 560 543 586 Romano
563 559 678 594 intperio
693 564 813 594 ereptas,
831 568 885 595 quo
902 564 970 588 lent-

179 613 246 640 porc
278 605 472 632 Tlteodoretus
492 605 654 640 episcopos,
683 605 730 640 qui
756 612 840 640 prope
856 605 971 633 aberant

179 651 214 678 ab
232 651 424 686 Euphratesia,
452 650 554 677 litteris
577 651 694 683 monuit,
721 650 788 685 quid
807 655 882 678 esset
902 659 972 686 opus

180 697 266 728 factu,
283 705 317 724 ne
333 697 461 724 deessent
476 696 576 728 ollicio,
590 700 647 723 tum
666 697 692 724 in
705 697 816 724 tuendis
831 698 969 733 gregibus,

181 746 238 769 tum
255 751 318 777 erga
333 743 489 770 desertores
504 742 576 774 lidei,
595 747 622 769 et
635 743 810 778 poenitentes.

215 788 259 815 lll.
274 788 405 815 llortatur
417 796 481 823 ergo
494 787 563 815 duos
577 788 609 814 ad
621 795 731 823 gregem
742 788 896 815 curandum
909 795 971 822 per-

179 834 331 861 secutionis
363 839 503 869 tempore,
530 840 678 869 ntottetque
712 842 766 861 tton
803 834 971 861 deserendas

1062 242 1082 268 l.
1103 241 1231 276 Ejusdem
1257 241 1360 275 pariter
1381 241 1535 276 argumenti
1552 249 1584 268 ac
1599 242 1732 276 temporis
1756 251 1819 270 cum

1027 287 1167 322 prioribus
1176 287 1293 314 duabus.

1062 332 1093 358 ll.
1112 331 1228 358 Maxima
1251 339 1314 366 pars
1337 331 1521 366 citrottologia:
1537 339 1630 358 reruttt
1649 331 1817 359 Theodoreti

1027 378 1128 413 pendet.
1153 386 1185 405 ex
1201 378 1351 412 qutestiotte
1370 377 1403 404 de
1418 377 1510 404 verbis
1526 377 1724 412 inscriptionis,
1744 378 1816 406 sitne

1027 423 1170 451 retinenda
1187 423 1311 450 ontttiunt
1327 423 1453 450 codicum
1468 423 1561 455 lectio,
1587 432 1648 458 qua:
1660 424 1743 451 habet
1756 432 1818 452 cott-

1025 468 1125 500 sulem;
1153 477 1187 495 an
1212 468 1385 503 corrigenda,
1413 468 1486 502 quod
1507 469 1566 496 vult
1587 469 1763 501 Duronius“;
1791 473 1817 497 et

1026 514 1129 542 Nemus
1145 522 1200 541 tton
1214 515 1309 541 consul
1325 515 1468 546 dicendus,
1485 515 1532 541 sed
1545 515 1709 542 consularis.
1831 533 1837 551 ε

1061 561 1105 588 lll.
1124 560 1305 588 lletinendam
1318 561 1428 596 opinor,
1443 561 1508 596 quia
1523 561 1635 588 retineri
1652 561 1719 588 nihil
1734 566 1816 594 vetat,

1027 608 1080 634 into
1099 607 1177 641 plura
1188 607 1286 641 jubettt
1298 615 1304 632 ε
1316 607 1506 641 corrigendum
1519 607 1578 633 vult
1594 607 1737 639 Baronius,
1750 616 1817 642 quo-

1025 653 1098 680 niattt
1126 652 1179 679 nisi
1202 652 1356 679 consularis
1381 655 1431 687 pro
1446 653 1558 679 consule
1576 657 1704 686 pottatur,
1722 653 1818 680 ὑπατι-

1024 699 1071 730 κὸς
1085 706 1135 732 pro
1150 698 1254 733 ὑπάτῳ,
1267 698 1334 725 falsa
1347 703 1425 733 putat
1437 698 1541 731 futura,
1555 707 1615 733 qua:
1626 699 1818 728 Theodoretns

1025 747 1121 770 sancto
1136 743 1220 770 Leoni
1234 742 1332 770 scribit
1347 743 1399 770 sub
1415 744 1496 770 tinent
1511 743 1576 770 anni
1588 743 1650 775 M9,
1666 751 1695 770 se
1707 752 1817 779 nempe,

1024 796 1087 815 cum
1110 788 1188 815 daret
1206 788 1324 820 litteras,
1354 788 1449 824 viginti
1466 793 1570 823 septem
1581 797 1668 816 anttos
1683 789 1709 815 in
1725 790 1817 824 ponti-

1024 833 1106 861 ﬁcatu
1128 834 1216 868 egisse
1242 842 1248 860 :
1270 834 1371 868 egisset
1385 834 1460 861 ettitn
1475 834 1571 869 viginti
1588 839 1615 861 et
1629 842 1738 868 novent,
1762 835 1818 862 into

178 887 244 906 oves
260 879 333 914 turpi
345 880 406 915 fuga
420 889 427 912 ;
446 881 493 907 sed
508 888 555 907 eos
571 881 617 914 qui
632 880 699 915 lapsi
714 881 814 911 forent,
829 880 926 906 idonea
942 884 970 906 et
987 877 1006 903 Β
1022 880 1078 907 fere
1092 880 1214 915 triginta,
1227 880 1261 912 si,
1273 888 1328 914 quo
1342 884 1466 914 tempore
1481 880 1564 908 dabat
1575 881 1625 908 has
1646 881 1678 908 ad
1698 881 1815 908 Nomunt

180 925 357 952 misericorde
371 926 532 960 poenitetttia
545 925 741 953 restitucttdos.

214 971 258 999 IV.
277 971 326 998 Vix
352 971 467 999 delinire
488 972 562 1004 licet,
587 979 642 1006 qtto
666 979 739 998 atttto
763 976 817 998 tam
838 971 968 998 salutaria

179 1018 284 1045 monita
306 1018 496 1046 Tltcodoretus
511 1019 619 1051 dederit
637 1027 644 1045 :
661 1018 796 1053 siquidem
815 1025 902 1045 attnos
919 1018 968 1044 tri-

179 1062 254 1097 ginta
269 1063 426 1097 persecutio
449 1063 543 1090 istltaec
560 1063 679 1095 duravit,
703 1063 737 1090 ab
751 1070 824 1090 anno
840 1062 970 1090 videlicet

179 1108 232 1135 420
246 1108 279 1134 ad
293 1108 355 1135 450.
368 1108 483 1135 Videtur
495 1113 585 1135 tamen
602 1108 793 1136 Theodoretus
806 1113 872 1135 tunc
884 1108 969 1136 fuisse

179 1153 288 1186 senior;
307 1155 375 1188 petit
385 1154 459 1181 enittt
472 1154 506 1180 ab
520 1153 638 1185 Eulalio,
651 1154 724 1188 quod
738 1154 862 1181 seniores
880 1154 969 1180 solent

179 1199 214 1226 ab
227 1199 335 1231 amicis,
354 1199 495 1234 impetrari
511 1207 526 1226 a
546 1199 602 1226 Deo
617 1199 626 1209 ‘
641 1199 780 1233 precibus,
800 1204 829 1226 ut
847 1200 969 1234 reliquos

178 1243 242 1271 vitte
265 1251 352 1270 annos
379 1252 412 1271 ex
437 1244 527 1278 legunt
554 1243 640 1277 ipsius
660 1249 796 1278 praecepto
825 1245 968 1278 trattsigat.

179 1289 257 1322 Quod
270 1289 291 1315 si
302 1290 338 1316 ita
353 1294 404 1321 est,
420 1289 530 1315 videtur
545 1289 647 1323 scripta
661 1289 775 1323 epistola
792 1289 902 1316 circiter
918 1297 968 1315 att-

179 1343 244 1362 nunt
256 1335 318 1366 MS,
332 1343 395 1362 cunt
407 1334 598 1361 Tlteodoretus
611 1334 668 1360 fere
678 1339 750 1361 esset
763 1334 967 1369 sexagenarius,

179 1387 231 1407 nec
244 1380 334 1407 adhuc
350 1388 364 1407 a
378 1379 534 1406 Theodosio
550 1384 699 1414 pateretur,
716 1387 777 1414 qum
794 1380 967 1414 postmodum

178 1425 353 1453 acciderunt:
364 1433 418 1452 tton
431 1425 516 1456 enittt,
530 1430 560 1451 ut
571 1429 612 1451 est.
623 1425 738 1459 querula
750 1433 793 1452 res
801 1425 921 1456 afﬂictio,
934 1425 968 1452 de

178 1470 237 1497 suis
257 1477 397 1501 mruntnts,
416 1477 485 1504 quas
510 1469 656 1496 videbatur
679 1469 733 1496 sibi
761 1477 810 1504 pro
834 1470 886 1496 lide
912 1469 967 1504 pati

147 1523 150 1526 ‘
177 1515 301 1543 siluisset
314 1515 385 1550 apttd
400 1523 458 1547 eos,
473 1515 519 1550 qui
539 1515 757 1550 persecutionem
773 1523 823 1550 pro
836 1515 968 1550 religione

177 1563 332 1590 Christiana
343 1562 545 1598 experirentur.

212 1609 245 1636 V.
257 1609 307 1636 Vix
321 1609 385 1636 licet
398 1607 524 1640 delinire,
541 1615 658 1642 quarum
671 1607 816 1634 civitatum
833 1607 971 1634 Ecelesias

177 1654 300 1682 Eulalius
317 1659 345 1682 et
365 1653 502 1681 Eusebius
524 1652 646 1680 rexerint
660 1661 667 1679 :
682 1652 752 1680 nihil
774 1660 857 1687 porro
872 1652 970 1679 melius

177 1699 278 1727 adduci
295 1704 386 1734 potest
413 1699 446 1726 ad
461 1699 488 1725 id
507 1698 728 1732 persuadendum
745 1705 800 1732 quo
820 1697 854 1725 de
869 1697 969 1733 ageba-

179 1750 237 1778 tur,
249 1753 331 1780 quant
347 1744 421 1779 quod
432 1744 477 1771 Itis
491 1743 591 1771 litteris
601 1743 770 1770 continetur.

194 1800 316 1837 Epistula
330 1800 373 1832 79,
387 1800 570 1835 deprecatoriu
582 1799 616 1826 ad
625 1798 781 1826 Anatolium
795 1799 946 1833 patriciuttt.

212 1857 233 1884 ἰ.
249 1856 311 1884 llaec
321 1861 349 1884 ct
362 1857 422 1883 alire
433 1860 489 1883 tres
501 1860 700 1890 consequentes
714 1856 795 1883 unius
809 1860 874 1883 suttt
885 1864 967 1891 argu-

177 1903 262 1930 menti
288 1911 295 1929 :
317 1902 461 1930 continent
484 1902 557 1929 enint
584 1901 751 1928 Theodoreti
769 1902 910 1935 querelam
933 1901 966 1928 de

178 1948 306 1976 mandato
323 1947 509 1982 imperatoris.
527 1955 582 1982 quo
598 1947 691 1982 jussus
706 1952 766 1974 erat
782 1947 845 1982 Cyri
865 1947 967 1975 finibus

177 2001 206 2020 se
218 1992 371 2020 continere.

212 2037 244 2064 ll.
257 2037 346 2070 Quare
368 2036 515 2064 clarissimi
533 2040 598 2064 sunt
613 2040 641 2063 et
661 2037 726 2064 antti
739 2041 767 2063 et
786 2045 964 2071 personarum

177 2083 283 2109 indices
296 2091 302 2108 :
315 2089 494 2117 personarum
505 2081 629 2116 quidem,
640 2082 704 2116 quia
717 2082 820 2109 nobilia
835 2087 901 2110 sunt
911 2083 966 2110 sitt-

176 2129 302 2163 gularutn
315 2127 427 2155 nomina
439 2136 446 2154 :
459 2127 524 2154 anni
538 2135 614 2158 vero,
625 2128 754 2162 quoniatn
767 2136 821 2155 tttta
834 2128 964 2156 scribitur

175 2174 262 2201 Nomo
277 2173 392 2204 consuli,
408 2173 466 2207 qui,
482 2176 512 2199 ut
526 2176 568 2199 est
583 2173 655 2207 apud
673 2181 769 2200 omnes
783 2173 810 2200 in
827 2174 962 2206 confesso,

176 2227 250 2247 anno
263 2219 315 2246 445
331 2226 470 2245 sumntum
485 2218 675 2253 magistratum
692 2219 784 2253 gessit.

210 2265 243 2291 lll
271 2264 324 2291 Sed
342 2264 400 2291 [nec
411 2263 526 2298 epoelta,
541 2269 571 2291 ut
583 2269 626 2291 est
640 2264 761 2298 pluriunt
771 2264 886 2292 aliaruut
901 2265 963 2292 futt-

174 2311 345 2342 tlantentum,
357 2310 392 2337 ita
407 2309 571 2337 stabilienda
582 2314 624 2337 est
634 2310 791 2338 firmissime
808 2310 840 2337 ad
857 2311 962 2345 episto-

174 2355 228 2383 lam
243 2354 287 2381 8|.

205 2400 253 2428 lV.
266 2401 302 2427 De
312 2399 441 2427 Anatolio
455 2399 559 2427 dictum
571 2404 614 2426 est
628 2400 662 2427 ad
680 2400 761 2434 epist.
778 2400 822 2426 45.

209 2446 241 2472 V.
258 2445 354 2473 Totant
367 2445 487 2473 mandati
502 2445 670 2479 imperatorii
684 2445 718 2472 ad
734 2453 763 2472 se
780 2445 856 2472 missi
872 2446 959 2473 histo—

173 2489 241 2516 riam
259 2489 405 2524 diligenter
423 2489 614 2516 Tlteodoretus
634 2493 738 2521 narrat,
757 2490 893 2525 simulque
911 2491 959 2518 ad-

171 2535 263 2570 juncta
282 2535 362 2570 327
378 2534 524 2570 diligenter
541 2535 710 2563 observanda
727 2544 732 2562 :
754 2535 873 2563 diximus
897 2537 959 2565 inde

173 2581 200 2608 in
215 2579 274 2606 Vita
292 2588 352 2614 quzc
367 2580 552 2615 pertinebant.

173 2642 290 2677 Epistula
306 2643 354 2675 80,
370 2643 549 2678 tlt‘pt‘ccatoria
564 2645 599 2672 ad
610 2645 777 2673 Eutrcrhium
795 2648 956 2682 prmfecttutt.

206 2697 335 2731 Ejusdem
349 2698 502 2732 argumenti
517 2704 544 2726 et
557 2701 688 2736 temporis
700 2710 761 2729 cunt
775 2703 954 2737 przecedcnte.

171 2743 207 2770 lle
221 2742 368 2771 Eutrecltio
386 2742 488 2769 dictum
502 2750 543 2771 est
561 2745 593 2772 ad
608 2746 750 2780 epistolam
764 2748 806 2774 57.

206 2845 226 2861 ⁵³
241 2846 299 2874 Vid.
317 2854 408 2881 supra,
428 2854 454 2880 p.
472 2847 533 2874 2-i9.

1023 926 1138 957 litteras,
1156 929 1185 952 et
1200 925 1305 952 Nemus
1319 926 1416 952 consul
1428 929 1511 957 esset,
1529 931 1557 953 et
1569 926 1624 961 jam
1639 926 1696 961 ipse
1709 927 1815 962 exegis-

1023 976 1065 998 set
1081 971 1177 1005 viginti
1191 971 1313 1005 quinque
1326 979 1414 997 annos
1430 971 1457 997 itt
1472 972 1641 1006 episcopatu.

1058 1015 1101 1043 ιν.
1114 1016 1215 1043 Verunt
1225 1021 1322 1042 contra
1331 1015 1478 1043 Barottium
1490 1016 1594 1043 faciunt
1602 1016 1816 1044 demonstratio-

1023 1069 1072 1089 nes
1087 1062 1201 1089 omnino
1212 1070 1270 1089 sex.
1288 1062 1378 1089 Prima
1390 1062 1424 1089 ad
1437 1062 1588 1095 hominem,
1603 1067 1633 1089 ut
1643 1063 1813 1097 loquuntur:

1023 1114 1084 1133 ttattt
1096 1107 1229 1133 Barunius
1245 1114 1338 1133 secum
1350 1110 1462 1141 pugnat.
1480 1106 1548 1134 Cum
1561 1106 1635 1133 enittt
1648 1111 1740 1141 aperte
1750 1114 1816 1134 con—

1023 1155 1086 1183 stet,
1097 1151 1301 1179 Theoderetum
1310 1152 1382 1178 hanc
1390 1152 1534 1186 epistolam
1543 1151 1662 1184 dedisse,
1672 1160 1734 1178 eum
1743 1152 1816 1188 Cyro

1022 1196 1115 1230 egredi
1131 1196 1232 1224 vetitus
1246 1201 1288 1223 est
1301 1205 1307 1222 :
1321 1203 1440 1231 euntque
1452 1196 1586 1223 Baronius
1599 1196 1814 1231 proltibitionem

1023 1242 1122 1268 laetam
1135 1250 1194 1269 esse
1208 1246 1313 1270 asserat
1326 1250 1398 1270 attno
1409 1243 1471 1275 443,
1488 1250 1542 1277 quo
1555 1247 1677 1277 tetttpore
1692 1243 1814 1270 nondum

1023 1288 1194 1314 eonsulatttttt
1203 1293 1325 1323 gesserat
1334 1289 1447 1321 Nonius,
1455 1289 1570 1322 epistola
1581 1294 1655 1316 certe
1664 1297 1718 1315 non
1725 1287 1815 1324 potuit

1023 1333 1161 1360 consulari
1186 1333 1314 1366 inscribi,
1344 1333 1371 1360 id
1386 1337 1438 1366 est,
1464 1333 1581 1367 homini,
1607 1334 1653 1368 qui
1670 1335 1813 1362 consulatu

1023 1377 1169 1405 defunctus
1179 1378 1224 1405 sit.

1061 1424 1088 1451 V.
1108 1424 1245 1456 Secunda,
1273 1425 1374 1452 iterum
1390 1425 1422 1452 ad
1439 1425 1591 1452 hominem.
1618 1423 1747 1459 Sijussio
1761 1424 1813 1451 iut-

1023 1470 1158 1505 pcratoris
1174 1470 1244 1498 facta
1256 1475 1298 1498 est
1311 1479 1383 1498 anno
1394 1471 1456 1503 445,
1473 1471 1612 1506 quomodo
1625 1471 1814 1498 Tlteodoretus

1023 1525 1094 1543 anno
1108 1517 1161 1544 4M
1175 1522 1238 1552 post
1251 1517 1357 1544 obitum
1371 1517 1465 1553 Cyrilli
1483 1517 1635 1545 Antioeltim
1652 1518 1812 1545 concionem

984 1551 1006 1579 (ἶ
1022 1562 1129 1593 habuit,
1150 1551 1232 1597 quam
1248 1563 1348 1590 Marius
1364 1551 1499 1590 mercator
1514 1568 1570 1590 etv
1582 1564 1702 1599 synodus
1715 1564 1813 1590 refert?

1022 1608 1115 1635 Paruit
1126 1608 1198 1635 ettitn
1216 1609 1342 1644 religiose
1354 1609 1481 1644 jussioni,
1495 1617 1545 1636 ttec
1558 1613 1618 1643 post
1629 1613 1767 1643 acceptant
1779 1609 1812 1636 ad

1021 1653 1218 1680 Antiochenam
1232 1654 1370 1681 civitatem
1384 1655 1509 1687 accessit,
1528 1660 1558 1682 ut
1576 1655 1632 1689 ipse
1649 1658 1775 1682 testatur.

1055 1700 1097 1726 Vl.
1127 1700 1230 1727 Tertia.
1258 1701 1361 1728 Eodem
1383 1705 1506 1735 tetttpore
1531 1705 1558 1728 et
1579 1701 1606 1728 in
1621 1701 1811 1728 eadentcattsa

1021 1745 1215 1773 Tltcodorctus
1229 1745 1348 1773 Nomum
1362 1746 1503 1774 consulem
1515 1751 1543 1773 et
1554 1747 1732 1773 Etttrechium
1744 1754 1813 1781 prae-

1019 1790 1121 1818 fectum
1137 1792 1284 1827 contpcllat
1309 1800 1316 1818 :
1343 1792 1418 1827 atqui
1437 1793 1464 1819 itt
1479 1792 1608 1819 etttttdent
1622 1800 1724 1819 anitum
1739 1800 1810 1826 pne-

1019 1838 1125 1864 fectttra
1141 1837 1296 1870 Eutrccltii,
1314 1843 1342 1864 ct
1355 1838 1434 1865 Νουιὶ
1449 1839 1609 1865 consulatus
1623 1838 1808 1865 conveniunt:

1020 1883 1102 1917 igitur
1118 1887 1165 1909 aut
1180 1887 1277 1910 neutra
1290 1883 1454 1918 corrigenda
1463 1888 1506 1910 est
1519 1884 1610 1914 lectio,
1623 1888 1670 1910 aut
1681 1887 1808 1918 utraque.

1019 1929 1158 1956 Posterior
1169 1937 1234 1956 vero
1249 1929 1350 1964 corrigi
1366 1937 1421 1956 nott
1438 1934 1542 1964 potest,
1568 1929 1712 1956 retittettda
1727 1929 1810 1964 igitur

1018 1975 1102 2008 prior.

1053 2021 1108 2047 Vll.
1137 2020 1250 2053 Quarta.
1278 2020 1471 2048 Tlteodorctus
1498 2021 1630 2055 epistolas
1654 2025 1710 2048 tres
1732 2020 1811 2047 dedit

1018 2066 1050 2092 ad
1067 2067 1184 2093 Nomum
1201 2067 1320 2094 diversis
1336 2067 1505 2101 tcntporibus
1524 2076 1530 2093 :
1549 2067 1664 2101 primam
1682 2066 1809 2093 inscribit

1018 2113 1143 2147 magistro
1167 2113 1310 2147 ofﬁciorum
1324 2133 1331 2145 ,
1362 2117 1527 2147 postremam
1548 2112 1669 2147 patricio,
1689 2111 1807 2138 mediam

1016 2158 1134 2191 consuli;
1152 2163 1218 2186 tutte
1233 2166 1299 2193 ergo
1311 2159 1413 2185 Nonius
1426 2158 1598 2185 consulatum
1611 2157 1734 2192 gerebat,
1744 2165 1806 2184 cttttt

980 2220 1001 2248 ι)
1017 2206 1122 2240 accepit
1135 2205 1263 2237 ntediant,
1279 2205 1415 2240 siquidem
1428 2205 1560 2240 ittscripto
1574 2205 1689 2239 singulis
1699 2204 1807 2231 duabus

1015 2252 1076 2278 aliis
1093 2252 1252 2286 magistratu
1270 2251 1445 2286 fu'tgcbatur,
1466 2258 1529 2278 cuttt
1547 2251 1620 2285 ipsas
1636 2250 1750 2285 recepit.

1050 2297 1118 2324 Vlll.
1136 2296 1246 2329 Quinta.
1262 2296 1609 2327 Tltcodoretusneminem,
1623 2296 1669 2330 qui
1680 2296 1805 2322 consula-

1015 2346 1073 2368 tum
1086 2342 1225 2376 gessisset,
1242 2341 1415 2369 consularem
1428 2341 1552 2368 nominat
1561 2341 1590 2373 it,
1605 2349 1667 2368 cum
1679 2341 1804 2375 pluribus

1013 2388 1096 2422 328
1123 2387 1228 2414 litteras
1254 2387 1332 2414 daret
1360 2392 1422 2422 post
1449 2394 1588 2414 summum
1615 2386 1803 2421 magistratum

1013 2435 1136 2467 gestum;
1164 2432 1213 2459 sed
1231 2440 1286 2459 suo:
1301 2439 1438 2467 quemque
1453 2432 1593 2465 dignitatis
1609 2431 1729 2463 nomine,
1750 2439 1803 2465 qua

1015 2481 1079 2504 tuttc
1106 2477 1284 2512 insigniretur
1310 2487 1316 2504 :
1342 2486 1432 2512 neque
1453 2477 1526 2504 enint
1552 2478 1720 2508 Anatolium.
1745 2477 1802 2504 Att-

1014 2523 1146 2555 tiochum,
1163 2522 1354 2554 Ariobiltdant,
1371 2523 1542 2554 Senatorent,
1558 2522 1688 2553 Taurum,
1702 2523 1801 2549 Vinco-

1014 2569 1126 2600 ntalunt,
1143 2569 1288 2596 consulatu
1303 2569 1424 2601 functos,
1446 2573 1493 2595 aut
1509 2569 1636 2596 consules
1652 2568 1800 2603 inseripsit,

1014 2619 1061 2641 aut
1076 2613 1250 2646 consulares;
1283 2614 1330 2641 scd
1357 2614 1400 2640 vel
1422 2614 1566 2648 patricios,
1586 2613 1660 2640 velut
1677 2615 1683 2622 '
1698 2613 1800 2640 Anato-

1013 2659 1095 2691 lium,
1122 2659 1316 2691 Arioltindam,
1341 2659 1518 2691 Senatorem,
1545 2664 1573 2686 et
1594 2659 1730 2692 Taurum;
1759 2659 1800 2686 vel

1012 2703 1164 2738 praefectos,
1183 2708 1213 2731 ut
1226 2704 1407 2738 Antiochum;
1424 2706 1467 2732 vel
1480 2706 1624 2742 magistros
1636 2705 1799 2737 ollicioruut,

1010 2753 1039 2776 ttt
1053 2749 1249 2777 Vitteontalunt.

836 2817 993 2845 Slllll'lJH
1019 2816 1136 2844 NOTAE.

1626 2811 1638 2820 ι
