1967 3047
131 128 178 158 9177

711 131 759 160 DE
780 131 865 160 LIB‘Il
873 131 906 160 IS
924 129 1177 160 THEODOIIETI.

1704 131 1757 162 2'18

166 182 211 208 IX.
230 182 322 209 Sexta.
339 182 563 213 Eruditissimum
576 183 748 211 Cardiualem
763 185 917 212 fefellerunt
933 188 953 215 Α
968 185 1085 212 militum
1106 176 1227 216 Orientis
1252 187 1280 211 et
1295 183 1412 211 consuli.
1444 183 1514 211 Hinc
1527 184 1652 220 arguitur
1660 186 1757 220 opinio

133 227 215 254 verba
238 227 362 262 epistolae
377 229 573 263 consequentis
591 229 624 256 ad
636 230 786 256 Eusebium
802 239 808 256 :
825 240 833 255 1
847 230 919 257 Inte-

133 281 208 307 grum
221 279 272 305 est,
284 274 328 300 cui
339 273 448 301 animus
458 274 551 307 fuerit,
564 275 675 310 antiqua
685 283 767 310 opera
777 283 837 303 mea
846 272 919 302 evol-

133 326 211 350 vere,
237 325 294 346 tum
315 327 348 346 ea
371 327 432 354 quas
443 325 506 347 ante
519 321 652 355 synodum
667 321 843 356 Ephesinam,
861 326 918 348 tum

133 372 192 398 quae
202 368 264 398 post
275 365 348 391 illam
360 373 465 398 rursus,
478 370 541 393 ante
551 367 694 394 duodecim
702 375 788 394 annos
794 367 915 402 scripsi»

134 409 193 437 ΙΙπο
205 410 279 436 enim
293 411 489 445 interpretatus
499 416 550 444 est,
565 412 678 446 perinde
691 420 722 440 ac
733 413 755 439 si
765 413 921 440 Theodore-

135 459 177 481 tus
189 455 368 489 signiﬁcaret,
384 464 486 483 annum
501 465 556 491 quo
568 458 716 490 scribebat,
728 458 920 485 duodecimum

134 508 192 527 esse
206 500 241 527 ab
255 501 393 535 Ephesina
408 502 512 536 synodo
534 511 541 529 :
560 506 588 529 at
601 503 663 537 quis
678 511 734 530 non
746 503 847 536 videat,
865 511 921 530 ser-

135 554 242 573 monem
264 555 325 574 esse
350 548 384 574 de
401 548 481 576 libris
498 556 567 583 quos
581 548 726 577 duodecim
738 550 826 582 annis,
846 554 922 576 antc—

134 601 214 627 quam
232 593 340 620 litteras
353 594 440 626 daret,
456 595 597 622 ediderat?

171 637 270 663 Verum
287 637 339 664 hac
350 637 384 664 de
396 638 547 672 qumstione
563 638 730 673 disputatum
743 643 785 666 est
795 639 883 674 capite
893 639 920 670 ‘2,

136 691 197 710 eum
224 688 332 718 tempus
356 684 418 711 initi
445 692 461 711 a
489 685 664 712 Theodoreto
686 685 860 720 episcopatus
882 685 922 711 in-

136 729 302 763 quirerelur.

138 803 256 838 Epistula
282 804 325 836 82,
354 804 496 838 familiaris
522 805 556 831 ad
578 805 719 832 Eusebium
744 805 853 840 Ancyra:
867 805 917 839 epi-

470 848 586 874 scopum.

171 906 190 932 l.
205 905 308 932 Eodem
318 905 375 932 fere
386 913 458 932 anno
469 905 531 932 data
539 909 590 938 est,
603 913 658 939 quo
667 905 773 939 priores
782 905 842 931 alize
851 909 920 936 tres;

136 951 295 986 exponenda
307 958 373 977 vero
384 951 455 976 κατὰ
468 952 559 984 μέρος,
573 950 703 984 quoniam
717 949 790 976 nulla
801 954 852 980 est,
864 956 924 982 qua:

137 997 214 1030 plura
227 996 261 1022 ad
282 995 425 1022 historiam
437 994 603 1030 pertinentia
615 994 755 1022 contineat
770 1003 776 1020 :
789 994 837 1021 sed
848 994 925 1028 prius

138 1043 171 1069 de
184 1043 304 1069 Eusebio
315 1050 413 1077 pauca.

163 1087 545 1122 ILTheodoto,cujuscelebrc
552 1094 649 1114 nomen
656 1087 730 1114 estin
738 1086 812 1113 Actis
818 1085 925 1112 concilii

140 1133 280 1168 Ephesini,
298 1131 447 1164 successit;
468 1139 523 1166 quo
539 1138 621 1162 anno,
637 1131 783 1157 incertum.
800 1129 927 1157 Interfuit

138 1178 256 1205 concilio
266 1177 386 1204 Flaviani
400 1176 531 1204 adversus
541 1176 683 1211 Eutychen
694 1183 765 1202 anno
774 1175 929 1206 448,1atro-

139 1223 221 1250 cinali
231 1222 411 1257 proEutyche
419 1229 491 1248 anno
497 1221 780 1254 449,Chalcedonensi
788 1228 858 1247 anno
865 1220 925 1246 451.

140 1268 198 1295 Non
213 1268 260 1295 diu
278 1267 330 1294 fuit
345 1272 485 1302 superstes
502 1276 508 1293 :
526 1275 587 1293 nam
605 1266 632 1293 in
647 1267 743 1301 synodi
757 1266 869 1293 Galatiae
884 1265 927 1292 lit-

141 1314 206 1340 teris
235 1313 269 1340 ad
292 1313 412 1340 Leonem
436 1313 630 1347 imperatorem
656 1311 806 1339 subscribit
824 1311 927 1345 primus

140 1359 298 1386 Anastasius
313 1358 425 1393 Ancyrae
437 1358 579 1392 episcopus.

174 1403 322 1430 Eusebium
334 1404 456 1438 oportuit
473 1403 540 1430 lcvis
561 1402 707 1430 admodum
726 1406 754 1428 et
774 1402 930 1429 inconstan-

142 1449 176 1474 lis
191 1447 274 1474 animi
290 1447 385 1478 fuisse,
412 1451 443 1474 ut
466 1447 512 1481 qui
528 1446 671 1481 Eutychen
693 1443 929 1478 Constantinopoli

142 1492 329 1525 damnaverit,
357 1497 388 1519 ut
411 1499 461 1526 par
483 1495 556 1524 erat;
589 1495 617 1517 et
630 1490 729 1525 Ephesi
747 1490 773 1516 in
786 1488 930 1516 latrocinio

143 1538 302 1570 absolverit,
327 1537 456 1565 damnato
472 1537 618 1568 Flaviano;
644 1539 671 1562 et
684 1535 856 1562 Chalcedone
873 1539 931 1561 tan—
945 1519 965 1546 Ο

143 1583 206 1609 dem
222 1583 290 1610 diris
303 1583 456 1610 devoverit.
485 1582 537 1609 Sed
550 1582 605 1616 jam
619 1581 724 1616 singula
735 1581 857 1614 epistola:
871 1587 932 1614 per—

143 1636 301 1663 sequamur.

138 1701 141 1704 ,
180 1675 224 1702 111.
240 1674 431 1702 Theodoretus
441 1674 529 1701 amice
540 1673 658 1708 primum
670 1663 932 1706 queritur,defuisse

145 1720 234 1747 cilicio
246 1720 405 1752 Eusebium,
418 1720 465 1754 qui
476 1718 605 1746 amictum
616 1722 644 1744 et
653 1716 816 1744 calumniam
824 1723 933 1750 passum

146 1766 205 1792 suis
218 1766 319 1792 litteris
333 1773 387 1792 non
401 1765 437 1792 sit
449 1765 562 1792 solatus.
581 1763 683 1791 Scribit
696 1762 779 1797 igitur
795 1769 828 1788 ex
842 1761 935 1787 donic-

147 1812 217 1838 stico
231 1819 281 1838 suo
297 1810 405 1838 exsilia.

185 1857 226 1883 IV.
248 1856 342 1883 Refert
361 1855 460 1883 deinde
472 1876 479 1886 ,
507 1862 555 1881 eos
575 1853 628 1881 sibi
647 1852 811 1880 calumniam
827 1851 934 1881 fecisse,

148 1902 196 1936 qui
212 1910 243 1929 ea
261 1905 421 1936 tempestate
438 1901 594 1930 Marcionis,
612 1898 760 1930 Valentini,
778 1897 893 1924 Manetis
909 1900 937 1922 et

150 1949 311 1976 Doeetarum
326 1947 442 1974 hmresiu
457 1949 622 1974 renovarent
637 1954 643 1971 :
661 1945 686 1971 id
699 1944 764 1971 olim
776 1943 877 1978 obiecit
887 1943 938 1978 Cy-

151 1993 231 2024 rillo,
257 2000 319 2019 cum
337 1997 465 2027 argueret
483 1992 600 2026 capitula
618 1990 774 2022 duodecim,
798 1989 871 2024 quod
888 1989 938 2016 ob—

151 2038 318 2065 servandum
342 2042 393 2065 est.
421 2038 450 2064 Id
467 2038 555 2072 ipsum
571 2041 665 2072 postea
682 2036 710 2062 in
728 2035 886 2070 pnefationc
906 2034 938 2061 ad

153 2084 299 2111 Eranistcn
326 2084 476 2118 exprobrat
502 2082 680 2114 adversariis,
699 2089 821 2116 quarunt,
841 2079 939 2114 inquit,

153 2131 258 2165 αἰρεσιν
275 2129 403 2164 ἄντικρυς
419 2128 608 2163 στηλιτεύομεν
619 2128 652 2154 ⁵⁸.
669 2127 735 2154 Mira
746 2125 882 2161 emphasis
895 2132 942 2151 vo-

153 2183 227 2206 cum,
245 2175 345 2210 quibus
363 2174 484 2209 dialogos
499 2173 601 2200 indicat
618 2181 624 2199 :
641 2173 675 2202 iis
689 2172 762 2199 enim
773 2171 942 2198 adversario-
962 2186 980 2211 ι)

155 2230 216 2248 rum
227 2221 342 2248 hteresin
353 2228 386 2247 ex
398 2221 522 2251 adverso,
538 2224 566 2246 et
576 2223 668 2253 aperte
681 2218 755 2245 velut
766 2218 792 2244 in
803 2217 882 2251 cippo
900 2216 942 2243 iu-

157 2267 252 2295 scribit
269 2270 297 2293 et
311 2265 439 2295 traducit.

192 2312 274 2347 329
292 2312 321 2340 ν.
335 2312 404 2338 Tum
415 2311 579 2338 calumniam
589 2309 739 2344 exponit“,
754 2308 826 2343 quod
839 2308 946 2334 induas

158 2358 230 2385 ﬁlios
245 2357 386 2384 Christum
398 2356 522 2384 dividere
534 2355 714 2387 diceretur",
728 2354 819 2382 dictus
829 2358 870 2381 est
880 2362 946 2381 vero

160 2408 305 2439 propterea
322 2403 395 2438 quod
415 2402 519 2430 acriter
543 2401 675 2428 adversus
691 2400 849 2428 defensores
866 2399 948 2426 unius

161 2453 266 2476 naturte
279 2448 361 2476 Verbi
377 2448 526 2475 inearnataz
543 2451 571 2473 et
585 2446 701 2481 dialogis
714 2445 851 2476 invectus,
879 2447 906 2471 et
919 2444 946 2470 in

160 2494 291 2530 Cyrillum
307 2497 445 2520 mortuum
465 2501 514 2527 pro
530 2492 661 2519 concione
676 2491 799 2518 invectus
809 2490 889 2516 foret.

200 2539 240 2566 Vl.
260 2539 320 2566 Mox
336 2542 428 2565 narrat
444 2538 557 2565 missum
572 2545 632 2564 esse
650 2537 683 2564 ab
699 2537 865 2570 imperatore
875 2542 948 2562 com-

163 2584 340 2612 monitorium
359 2583 502 2619 στρατηγῴ
517 2583 562 2610 καὶ
575 2581 708 2617 ﬁxing“,
722 2581 809 2607 Nomo
819 2579 949 2614 magistro

970 230 1066 265 nuperi
1089 229 1250 265 cujusdam,
1280 229 1397 257 volentis
1422 229 1556 264 Lupicino
1579 230 1758 258 commonito~

969 276 1040 302 rium
1062 283 1122 303 esse
1149 275 1302 307 directura,
1332 283 1386 310 qua
1402 275 1436 302 de
1450 275 1579 310 opinione
1597 276 1706 304 dicetur
1723 277 1761 303 ad»

967 322 1110 356 epistolam
1131 329 1171 348 xc.
1190 321 1282 353 Addit,
1310 320 1520 348 commonitorio
1534 329 1588 348 non
1610 321 1755 348 contineri

970 367 1172 393 accusationem
1187 365 1300 394 lueresis
1313 387 1319 399 ,
1352 366 1400 393 sed
1416 366 1630 401 prohibitionem
1646 366 1708 402 Cyri
1725 367 1757 393 ﬂ-

970 412 1052 438 nibus
1079 410 1258 446 egrediendi,
1290 410 1523 445 propterea,quod
1549 411 1667 446 synodos
1684 411 1756 445 apud

971 457 1143 484 Antiochiam
1162 459 1338 488 convocaret,
1366 455 1466 490 quibus
1477 463 1576 490 nempe
1592 456 1757 483 sollicitabat

970 503 1162 537 episcoporum
1174 501 1290 533 animos,
1303 509 1338 529 ne
1348 500 1442 536 Cyrilli
1450 501 1617 536 Joannisque
1627 502 1655 528 in
1665 506 1756 536 partes

972 548 1130 580 transirent,
1149 547 1278 583 pacisque
1292 547 1403 574 sancitte
1411 547 1485 582 leges
1498 547 1685 574 observarent.

1007 592 1061 620 VII.
1089 592 1282 624 Additetiam,
1308 599 1337 618 se
1350 591 1472 626 paruisse
1487 590 1756 623 continuolibenter,

972 644 1000 666 et
1011 638 1154 666 calumnia:
1164 641 1300 669 auctores,
1319 637 1374 663 Deo
1388 636 1548 667 ulciscentc,
1564 639 1675 670 argutos
1686 642 1756 666 esse.

972 692 1124 719 eorumque
1139 683 1301 719 patefactam
1315 682 1433 710 hazresin
1449 691 1455 709 :
1472 682 1602 709 nimirum
1615 685 1679 709 tune
1691 685 1759 708 tem-

973 731 1047 766 poris
1068 729 1181 757 Armeni
1202 728 1340 760 monachi,
1361 727 1407 762 qui
1422 727 1503 762 primi
1519 727 1594 754 litem
1604 731 1757 758 moverant,

974 774 1138 810 deprehensi
1153 778 1218 801 sunt
1229 773 1445 809 Apollinaristaa;
1471 777 1537 801 tunc
1550 773 1632 800 simul
1647 777 1760 800 vocatus

975 821 1004 848 in
1030 819 1214 855 suspicionem
1241 818 1394 854 Eutycltes,
1424 818 1620 845 monachorum
1645 817 1759 844 istorum

940 852 959 878 Β
973 866 1074 893 fautor.

1010 911 1077 938 VIII.
1096 910 1199 938 Scribit
1212 914 1313 942 tamen,
1325 910 1352 936 in
1363 916 1392 936 se
1403 908 1595 936 Alexandriam
1605 907 1639 934 ab
1651 907 1685 936 iis
1695 914 1759 934 eon-

975 957 1085 983 citatam
1111 963 1160 990 per
1183 955 1333 987 ministros,
1364 955 1411 989 qui
1433 958 1594 989 spargerent
1608 954 1636 980 in
1650 953 1758 988 vulgus,

975 1003 1045 1030 duos
1059 1010 1074 1029 a
1086 1001 1260 1029 Theodoreto
1276 1001 1347 1028 ﬁlios
1357 1000 1478 1032 defendi,
1506 1007 1569 1027 cum
1584 1003 1674 1026 tamen
1690 999 1762 1026 hanc

977 1049 1145 1082 impietatem
1165 1050 1324 1074 exsecretur
1341 1055 1347 1073 :
1364 1045 1528 1074 sollicitatus
1542 1052 1640 1079 nempe
1651 1047 1693 1071 est
1705 1044 1759 1078 jam

977 1092 1040 1119 inde
1065 1092 1099 1119 ab
1121 1091 1243 1127 Eutyche
1265 1091 1426 1122 Dioscorus,
1455 1093 1485 1116 ut
1508 1089 1536 1115 in
1558 1087 1761 1115 Theodoretum

977 1138 1094 1164 s:evirct.
1113 1136 1179 1164 Vide
1194 1139 1354 1170 sequentem
1366 1134 1522 1169 epistolam.

1013 1183 1059 1210 IX.
1078 1183 1122 1209 Ait
1133 1190 1162 1208 se
1178 1182 1311 1208 imitatum
1324 1180 1448 1207 Nicmnos
1457 1180 1562 1209 I’atres,
1575 1178 1621 1212 qui
1632 1177 1763 1204 adversus

979 1229 1074 1256 Arium
1091 1227 1279 1261 disputantes,
1299 1225 1377 1252 multi
1393 1225 1504 1252 fuerunt
1522 1224 1548 1250 in
1564 1222 1718 1250 dividendis
1735 1221 1764 1247 in

978 1274 1090 1302 Christo
1110 1272 1225 1300 naturis.
1256 1272 1331 1299 Idem
1351 1271 1434 1297 habet
1450 1274 1478 1297 et
1493 1268 1589 1296 iisdem
1606 1268 1662 1295 fere
1674 1266 1765 1294 verbis

979 1321 1008 1347 in
1022 1318 1143 1346 secundo
1152 1317 1270 1352 dialogo,
1290 1317 1337 1351 qui
1356 1316 1511 1350 Inconfusus
1528 1313 1641 1341 dicitur.

1016 1365 1048 1392 X.
1067 1364 1243 1392 Conteslatur
1261 1365 1373 1397 postea,
1403 1361 1474 1387 hanc
1485 1359 1685 1387 confessionem
1708 1366 1722 1385 a
1737 1365 1767 1385 se

981 1417 1035 1436 non
1055 1408 1175 1442 primum
1195 1406 1250 1438 edi,
1279 1405 1357 1440 quasi
1370 1413 1419 1440 per
1432 1404 1486 1431 vim
1500 1409 1528 1431 et
1540 1407 1642 1430 metum
1660 1405 1766 1429 extorta

981 1459 1068 1486 (3580.1;
1094 1453 1143 1481 sed
1156 1460 1233 1480 suam
1251 1459 1357 1486 semper
1368 1451 1452 1477 fuisse
1470 1453 1641 1477 constantem
1655 1451 1768 1475 50111011-

984 1500 1060 1530 tiam,
1075 1506 1157 1533 quam
1173 1495 1290 1531 quisque
1305 1496 1363 1523 suis
1377 1503 1411 1522 ex
1424 1495 1514 1525 libris,
1531 1501 1600 1528 quos
1615 1493 1693 1527 longe
1706 1496 1768 1519 ante

982 1544 1072 1571 editos
1083 1546 1219 1573 recenset,
1237 1541 1390 1576 intelligere
1401 1539 1496 1574 possit.
1521 1539 1559 1566 De
1572 1538 1652 1564 libris
1665 1537 1769 1564 dictum

983 1593 1024 1616 est
1040 1597 1099 1622 cap.
1112 1588 1139 1619 5,
1164 1586 1212 1614 sed
1241 1586 1313 1613 inter
1331 1584 1513 1612 recensendos
1531 1583 1616 1610 libros
1632 1582 1665 1609 de
1679 1590 1772 1616 repre-

984 1634 1116 1661 hcnsione
1130 1632 1312 1666 capitulorum
1329 1631 1401 1660 silet,
1419 1634 1446 1657 et
1462 1629 1495 1656 de
1508 1628 1618 1656 Diodori
1635 1636 1666 1655 uc
1680 1627 1770 1654 Theo-

984 1680 1043 1706 dori
1053 1677 1236 1713 Mopsucstcni
1247 1677 1414 1704 defensione.

1019 1726 1052 1752 Χ.
1071 1724 1195 1759 Denique
1208 1723 1328 1758 postulat
1343 1723 1377 1750 ab
1388 1722 1507 1749 Eusebio
1518 1741 1524 1751 ,
1550 1725 1580 1747 ut
1590 1719 1767 1747 caluumiato—

987 1771 1063 1798 ribus
1080 1770 1205 1801 obsistat,
1223 1769 1368 1796 calumniae
1380 1767 1530 1794 vanitatem
1543 1765 1679 1798 ostendat,
1695 1769 1773 1800 opta-

988 1822 1042 1844 tam
1053 1815 1238 1843 Eeclesiarum
1250 1821 1345 1849 pacem
1355 1822 1370 1840 a
1381 1814 1437 1840 Deo
1449 1812 1586 1847 etllagitet,
1599 1819 1677 1838 suum
1690 1811 1723 1837 de
1733 1811 1774 1837 in-

988 1862 1086 1889 eundis
1108 1869 1158 1896 pro
1180 1861 1231 1888 fide
1252 1859 1448 1887 certaminibus
1461 1858 1631 1894 propositum
1647 1857 1775 1892 precibus

988 1907 1142 1934 confirmet.

1025 1954 1032 1963 ‘
1047 1952 1104 1979 XII.
1119 1952 1159 1979 Ex
1170 1951 1214 1978 bis
1229 1951 1420 1986 intelliguntur
1433 1951 1518 1977 multa
1530 1950 1620 1984 magni
1633 1947 1774 1979 momenti,

991 2000 1037 2026 sed
1053 2000 1110 2026 haec
1123 1998 1235 2033 majoris
1249 1998 1303 2024 duo
1320 2007 1326 2023 :
1344 1997 1471 2028 alterum,
1492 1993 1777 2030 imperatorisjussio—

991 2053 1052 2072 nem
1067 2045 1101 2071 de
1117 2052 1170 2071 non
1182 2042 1356 2078 egrediendis
1369 2042 1469 2069 ﬁnibus
1480 2041 1541 2076 Cyri
1553 2040 1654 2068 editam
1664 2048 1722 2067 esse
1730 2048 1778 2066 an-

992 2099 1028 2118 no
1042 2091 1107 2122 Hii;
1135 2090 1263 2121 alterum,
1292 2088 1414 2122 dialogos
1436 2087 1552 2121 scriptos
1566 2093 1626 2112 esse
1652 2090 1715 2111 ante
1727 2092 1777 2110 an-

994 2146 1058 2165 num
1071 2137 1122 2164 Ιιίῦ
1131 2137 1163 2162 ⁸³.

994 2204 1075 2239 330
1090 2202 1210 2238 Epistola
1221 2202 1265 2234 85,
1280 2200 1440 2239 apologetica
1455 2200 1489 2226 ad
1502 2199 1654 2226 Dioscorum
1666 2197 1782 2225 Alexan-

1270 2236 1335 2262 dria
1350 2236 1508 2270 episcopum.

1032 2305 1051 2331 I.
1067 2305 1137 2336 lla-c,
1151 2303 1254 2338 pariter
1265 2311 1297 2329 ac
1307 2302 1475 2337 praecedens.
1487 2301 1577 2336 magni
1589 2301 1720 2328 momenti
1728 2303 1780 2331 est,

998 2350 1127 2385 quoniam
1145 2348 1289 2376 historicas
1303 2348 1396 2382 plures
1409 2351 1487 2374 notas
1501 2346 1594 2373 habet.

1035 2396 1065 2422 Il.
1085 2395 1151 2428 Quis
1167 2395 1314 2422 Dioscorus
1325 2393 1418 2424 fuerit,
1434 2400 1514 2419 nemo
1527 2391 1614 2418 nescit
1626 2400 1632 2417 :
1644 2397 1699 2425 quo
1711 2397 1782 2416 anno

999 2439 1191 2472 Vleozloretus
1205 2438 1239 2465 ad
1253 2438 1340 2473 ipsum
1356 2435 1507 2471 scripserit,
1524 2434 1588 2462 inde
1600 2433 1705 2468 liquido
1719 2439 1784 2459 con-

1002 2490 1064 2512 stat.
1079 2496 1086 2511 (
1101 2486 1163 2516 Sex,
1179 2484 1278 2519 inquit,
1291 2482 1427 2510 continuis
1439 2482 1518 2508 annis
1533 2480 1613 2508 docui
1631 2479 1682 2506 sub
1698 2479 1785 2506 beata)

1002 2537 1156 2565 sauctzeque
1172 2529 1310 2557 memoria:
1326 2528 1468 2555 Theodoto
1485 2526 1709 2554 Antiochensium
1725 2525 1785 2559 epi—

1002 2585 1099 2612 seopo;
1117 2576 1248 2603 tredecim
1265 2582 1360 2602 rursus
1373 2574 1433 2601 aliis
1451 2573 1501 2600 sub
1516 2573 1595 2600 beato
1608 2572 1730 2603 Joanne;
1753 2569 1785 2597 ad

836 2654 993 2683 SCllUL'LII
1015 2653 1128 2680 ΝΟΤΛί.

201 2769 222 2784 ιδ
235 2767 294 2795 Non
311 2770 415 2793 exstant
439 2767 489 2792 ista
504 2766 529 2792 in
551 2764 653 2799 praefat.
671 2763 703 2790 ad
715 2762 867 2799 l‘lranisten.

772 2796 832 2823 Viti.
849 2802 987 2837 supraan
1004 2795 1060 2820 I75.
1093 2794 1120 2837 If"
1137 2793 1302 2837 ﬁalhAherat
1314 2788 1358 2817 ‘ab
1379 2790 1444 2816 edit.
1458 2788 1555 2823 ιιι-ἰωή.

920 2760 941 2775 “‘
956 2759 1078 2787 Calumn.
1099 2759 1133 2784 De
1147 2758 1196 2784 hac
1209 2757 1290 2783 etiam
1304 2755 1428 2790 queritur
1441 2754 1467 2780 in
1482 2754 1560 2790 epist.
1577 2751 1789 2790 millium-oratu;

1594 2787 1615 2801 ’ν’
1632 2786 1684 2811 llus
1700 2788 1791 2809 autem

415 2827 482 2863 ann.
495 2827 546 2862 4‘56
560 2834 675 2868 scriptos
697 2840 767 2865 esse,
792 2827 923 2858 astruitur
948 2827 1026 2861 intra,
1053 2838 1076 2855 c.
1093 2829 1118 2858 6,
1140 2828 1153 2861 §
1173 2827 1217 2854 2'2.
