1967 3047
163 157 216 188 279

163 257 239 292 scapi
250 255 353 284 domini
366 254 489 281 Domni.»
508 253 576 280 Nam
591 259 654 278 cum
669 251 815 278 defunctus
825 251 861 278 sit
872 250 961 276 Theo-

165 303 247 330 dotus
256 309 327 329 anno
335 300 396 331 427,
405 304 435 326 ut
445 298 526 325 tradit
535 297 725 325 Theodoretus
735 297 762 323 in
772 295 889 323 Historia
898 315 905 327 ,
916 303 964 322 ne-

166 356 243 377 cesse
255 352 296 375 est
310 347 442 374 Joannem
458 344 610 371 decessisse
625 343 680 369 vita
697 342 771 369 circa
784 342 837 368 440
846 349 961 371 annum.

168 398 216 420 aut
236 392 314 420 initio
340 389 498 425 sequentis,
527 397 589 416 cum
616 388 748 415 tredecim
760 395 846 414 annos
870 387 963 414 sedem

170 437 305 469 tenuerit;
327 440 408 470 atque
420 435 457 462 ita
468 438 576 470 oportet
587 442 689 461 annum
700 433 846 467 septimum
855 433 963 464 Domni,

170 481 217 516 qui
232 479 330 508 Joanni
345 480 490 511 successit,
503 478 626 505 incidere
638 478 666 504 in
676 486 778 504 annum
787 477 890 504 Christi
902 477 963 509 447,

171 535 226 562 quo
251 531 375 561 tempore
390 525 482 552 datam
501 524 646 559 epistolam
669 523 810 550 fatendum
823 524 904 550 est".
926 523 965 550 Ex

173 573 226 600 hac
252 572 374 599 evidenti
399 570 636 599 demonstratione
657 574 775 601 constat,
794 569 966 596 Albertinum

174 618 294 653 turpiter
308 618 429 653 lapsum,
447 617 571 650 aliosque
589 615 615 642 in
629 622 752 642 errorem
768 615 893 646 traxisse,
905 623 966 642 eum

173 665 295 699 dialogos
311 672 326 690 a
342 663 515 690 Theodoreto
526 662 683 689 elaboratos
698 661 794 687 scribit
805 665 866 695 post
876 661 968 688 conri-

175 709 242 736 lium
253 708 485 740 Chalcedonense,
503 714 575 734 anno
585 707 652 740 551;
672 714 768 734 eorum
780 706 853 732 extim
868 705 897 732 ﬁt
910 713 967 733 mc-

177 755 263 782 moria
280 755 307 781 in
322 754 374 781 hac
388 754 514 789 epistola.

213 799 258 826 ill.
287 799 341 826 Sed
356 800 411 834 jam
429 799 536 834 singula
551 798 638 834 ipsius
660 798 694 825 ad
709 806 824 825 examen
835 797 967 825 vocanda.

178 845 301 873 Primum
327 845 485 872 consolatur
505 853 534 872 se
556 844 749 872 Theodoretus
767 844 893 878 exemplo
911 847 968 870 tum

178 891 302 925 Josaphi,
322 891 369 925 qui
387 891 452 917 olim
467 890 495 917 in
505 890 622 926 [Egypto
634 894 748 925 propter
757 889 868 924 nuptias
878 892 970 916 sancte

181 939 268 966 cultas
280 938 392 974 indigna
401 946 499 973 passus
512 938 558 970 sit,
570 945 603 964 ac
612 944 724 965 carcere
734 936 896 968 conclusus;
913 939 971 962 tum

180 984 311 1017 Davidis,
339 985 386 1019 qui
411 984 487 1012 velut
504 985 643 1019 impotens
659 987 792 1018 tyrannus
817 982 921 1018 ejectus
937 981 973 1008 sit

183 1031 211 1058 in
222 1031 365 1064 exsilium;
382 1035 440 1057 tum
449 1031 533 1059 etiam
544 1029 660 1062 Christi,
676 1029 723 1064 qui
736 1028 866 1056 seductor
875 1028 970 1055 audiit.

182 1077 330 1105 Alludebat
345 1077 450 1104 scilicet
468 1076 502 1104 ad
519 1083 616 1103 causas
628 1079 695 1107 tres,
715 1078 829 1110 propter
840 1082 909 1109 quas
925 1081 973 1100 ve-

183 1123 299 1150 xabatur
317 1132 322 1149 :
340 1123 412 1157 quod
427 1122 583 1150 ordinasset
595 1122 729 1148 lrenzeum
739 1121 888 1155 digamum,
900 1119 974 1155 quod

184 1169 213 1196 in
230 1169 342 1205 synodis
368 1169 573 1200 dominaretur,
600 1171 629 1195 et
644 1167 718 1202 quod
733 1167 913 1195 concionibus
927 1174 976 1202 po—

184 1216 265 1251 pulos
280 1215 412 1242 seducere
428 1214 578 1242 diceretur.

221 1261 267 1288 ιν.
293 1260 396 1288 Deinde
410 1260 580 1294 queritur“,
600 1267 628 1286 se
647 1259 801 1286 inauditum
816 1266 831 1285 a
845 1258 977 1285 Dioscoro

186 1307 357 1338 damnatum,
367 1313 429 1332 eum
440 1305 468 1332 id
477 1304 586 1332 crimini
595 1304 720 1337 daretur,
729 1304 802 1338 quod
812 1311 861 1338 pro
869 1303 977 1330 concio-

186 1359 222 1379 ne
231 1351 383 1379 Antiochia:
396 1349 538 1378 Christum
552 1350 580 1376 in
592 1349 661 1376 duos
673 1349 744 1376 ﬁlios
755 1348 903 1375 divisisset.
916 1347 978 1375 Hmc

187 1397 234 1424 illa
248 1397 345 1424 concio
357 1399 413 1426 est,
441 1403 495 1430 qua
520 1395 548 1422 in
562 1399 687 1422 sanctum
700 1394 833 1429 Cyrillum
845 1393 902 1420 vita
914 1392 977 1419 l'un-

187 1448 263 1470 ctum
276 1442 376 1470 acerbe
386 1441 465 1473 dixit,
482 1441 533 1468 sub
545 1441 628 1468 ﬁnem
638 1440 703 1468 anni
714 1440 777 1467 Ml.
792 1439 862 1466 llinc
869 1438 979 1466 concio-

187 1489 232 1516 nis
248 1489 393 1523 γνησιότης
407 1487 551 1522 probatur.

228 1535 260 1562 V.
287 1535 385 1561 Postea
408 1533 442 1560 de
463 1532 671 1560 accusatoribus
688 1532 727 1559 ait
750 1541 755 1557 :
780 1541 788 1557 Ι
803 1531 844 1558 Illi
866 1530 977 1565 quidem
993 1542 1014 1569 (ι

187 1585 245 1608 tres
257 1582 336 1610 sunt,
363 1581 410 1605 aut
425 1581 543 1612 quatuor
555 1596 562 1609 ,
581 1580 627 1603 aut
642 1575 798 1610 quindecim
813 1583 820 1607 ;
851 1582 901 1609 ego
913 1581 979 1600 vero

189 1626 289 1654 multas
312 1623 455 1651 hominum
479 1622 615 1658 myriades
642 1625 723 1649 rectae
742 1620 874 1648 doctrinte
896 1623 981 1646 testes

188 1671 319 1699 habeo".
331 1680 340 1696 ι
361 1669 453 1701 Addit,
471 1676 525 1703 quo
534 1668 643 1703 plausu,
661 1675 770 1702 quaque
785 1665 981 1701 approbatione

190 1724 346 1746 sermonem
358 1715 392 1743 ad
403 1715 536 1750 populum
549 1714 701 1741 Antiochim
717 1713 806 1739 facere
817 1711 928 1738 soleret.

227 1764 271 1792 Vl.
298 1763 367 1790 Tum
391 1762 472 1788 ﬁdem
492 1768 571 1788 suam
595 1759 628 1787 de
650 1767 705 1786 uno
724 1758 810 1790 Filio,
829 1762 858 1785 et
871 1757 983 1791 Virgine

191 1811 308 1845 Deipara
324 1807 447 1843 exponit,
467 1805 698 1839 tcstimoniisque,
711 1804 810 1838 partim
822 1803 981 1837 Scripturte,

192 1856 291 1892 partim
300 1855 411 1882 Patrum
422 1854 566 1880 conlirmat
576 1860 582 1878 :
592 1850 717 1878 meminit
726 1857 792 1876 vero
805 1849 876 1876 inter
890 1849 984 1875 Patres

192 1900 351 1928 aﬁ'erendos
373 1898 521 1926 Alexandri
534 1901 562 1924 et
573 1896 714 1924 Athanasii
737 1894 984 1922 Alexandrinorum

195 1946 353 1982 praesulum,
374 1944 499 1980 quamvis
511 1944 591 1970 ambo
605 1942 764 1969 defensores
776 1941 831 1968 sint
848 1939 930 1967 unius
942 1939 984 1966 in—

196 1996 313 2019 carnatm
327 1991 409 2018 Verbi
422 1995 527 2017 natura;
551 1998 557 2016 :
577 1988 703 2022 meminit
714 1994 825 2022 quoque
842 1985 986 2020 Theophili

196 2043 225 2066 ct
238 2037 344 2074 Cyrilli,
361 2044 416 2072 prae
426 2036 509 2062 animi
521 2033 697 2066 conﬁdentia,
712 2033 789 2068 quasi
802 2032 865 2059 inde
876 2039 987 2059 causam

197 2083 374 2119 potissimum
391 2089 469 2109 suam
489 2081 641 2116 adjuvaret,
666 2079 738 2106 unde
752 2078 912 2105 labefactari
925 2085 987 2105 crc-

199 2130 266 2157 deba
271 2133 324 2156 tur.

233 2175 312 2210 331
331 2173 387 2201 Vll.
400 2173 525 2201 Ostentat
539 2177 649 2206 quoque
664 2177 742 2197 suum
756 2176 818 2196 cum
829 2167 931 2203 Cyrillo
942 2167 988 2194 lit-

199 2225 322 2246 terarum
336 2219 532 2246 commercium
546 2238 552 2249 ,
583 2221 612 2244 ut
627 2215 707 2243 tacite
720 2215 838 2242 dilueret
854 2213 988 2248 obiectant

199 2265 282 2293 animi
294 2265 321 2291 in
333 2265 464 2300 Cyrillum
475 2262 672 2298 impotentiam.
684 2261 785 2290 Verum
796 2260 858 2287 silet
871 2266 990 2293 conque—

200 2316 273 2338 stum
287 2318 347 2337 esse
368 2309 465 2337 Joanni
481 2308 652 2335 Antiocheno
672 2306 801 2342 Cyrillum
815 2325 822 2338 ,
848 2304 920 2339 quod
934 2303 990 2331 suis

202 2357 301 2384 litteris
316 2356 487 2382 abuteretur.

240 2401 307 2428 Vill.
336 2401 459 2435 Denique
484 2398 713 2426 anathematismo
731 2397 811 2424 ﬁdem
827 2403 905 2422 suam
923 2402 989 2421 con-

203 2445 289 2473 cludit
312 2454 317 2472 :
346 2455 354 2470 ι
367 2445 394 2472 Si
408 2445 471 2480 quis
484 2449 606 2471 sanctam
620 2442 757 2477 Virginem
775 2440 918 2475 Deiparam
935 2447 989 2466 non

204 2491 280 2522 dicit,
294 2495 341 2517 aut
353 2498 453 2525 purum
463 2489 602 2516 hominem
614 2493 693 2513 vocat
709 2486 855 2513 Dominum
866 2489 990 2511 nostrum

207 2538 296 2564 lcsum
319 2536 475 2567 Christum,
501 2534 545 2561 vel
570 2536 598 2561 in
620 2533 689 2559 duos
704 2532 773 2558 ﬁlios
793 2530 891 2557 dividit
906 2538 990 2557 unum

205 2582 380 2617 Unigenitnm
400 2589 432 2608 ac
441 2579 653 2616 primogenitum
662 2577 752 2604 omnis
760 2580 908 2605 creaturae:
922 2583 936 2602 a
945 2582 993 2610 spe

208 2629 234 2655 in
246 2627 385 2656 Christum
399 2626 508 2655 excidat
519 2645 526 2657 ,
544 2628 572 2651 et
585 2624 658 2651 dicet
670 2623 760 2650 omnis
772 2622 890 2658 populus
903 2630 910 2649 :
922 2621 992 2653 Fiat,

207 2674 262 2700 ﬁat.
270 2684 278 2699 ι
299 2674 398 2700 Verum
409 2672 505 2700 eadem
517 2670 601 2698 verba
612 2668 756 2698 Nestorius
766 2669 825 2696 sine
832 2666 993 2705 praejudicio

730 149 919 180 GARNERII
939 147 1186 178 DlSSERTATIO
1206 146 1246 175 ΙΙ.

165 213 223 240 lucc
237 211 370 245 septimus
381 209 522 236 hie-annus
534 212 576 233 est
591 207 646 233 Dco
659 205 813 232 cbarissimi
824 203 961 238 archiepi-
977 207 996 232 Α

1754 135 1808 167 280

1013 203 1055 229 sui
1077 201 1182 229 erroris
1203 199 1329 235 protulit,
1358 197 1495 231 simulque
1519 202 1549 222 se
1570 191 1735 220 calumniam
1749 188 1805 226 pati

1013 252 1127 282 questus
1137 251 1189 279 est,
1208 245 1288 281 quasi
1302 243 1472 272 contrarium
1484 241 1610 269 sentiret.

1052 293 1097 320 IX;
1115 293 1167 326 Qui
1188 292 1270 327 paulo
1287 290 1421 318 attentius
1446 291 1572 315 versatus
1586 285 1668 312 fuerit
1684 284 1711 310 in
1723 283 1807 310 rebus

1014 345 1041 367 et
1055 339 1132 367 libris
1144 337 1322 369 Theodoreti,
1335 336 1433 371 ipsius,
1442 334 1552 368 opinor,
1563 329 1733 358 desiderabit
1743 337 1806 363 pru-

1014 387 1151 418 dentiain;
1174 385 1276 419 quippe
1302 382 1350 418 qui
1373 381 1407 408 ad
1429 381 1591 407 Dioscorum
1606 376 1732 404 scribens
1742 375 1808 401 Ale-

1015 432 1180 460 xandrinum
1192 430 1366 465 episcopum,
1390 425 1542 462 Cyrillique
1556 421 1731 458 pneeessoris
1748 424 1808 448 stu-
1842 438 1845 440 ν

1015 479 1124 505 diosum
1140 483 1171 504 ut
1185 477 1232 511 qui
1248 474 1376 505 maxime,
1402 473 1489 499 libros
1501 469 1605 500 laudet,
1620 468 1740 501 velitque
1753 474 1810 493 suae

1017 525 1044 551 in
1064 522 1264 551 Alexandrinos
1279 518 1463 548 observantiae
1476 521 1570 546 testes.
1594 515 1621 541 in
1636 513 1738 549 quibus
1753 520 1810 538 non

1017 573 1104 600 solum
1118 570 1263 598 liranisten
1287 576 1342 595 non
1354 567 1471 593 obscure
1486 563 1568 590 faciat
1580 560 1810 590 Alexandrinum,

1017 618 1064 645 sed
1080 617 1162 644 etiam
1181 615 1235 642 licti
1250 613 1372 641 nominis
1384 611 1457 638 illius
1481 610 1555 636 larva
1568 607 1611 634 vel
1623 605 1753 641 Cyrillum
1766 604 1811 631 in—

1018 664 1094 695 duat,
1120 661 1235 697 perinde
1256 668 1288 687 ac
1315 660 1337 687 si
1358 666 1413 686 una
1439 656 1590 689 eademque
1606 653 1701 688 Cyrilli
1716 651 1810 686 opinio

1019 710 1136 738 diversis
1160 706 1331 742 temporibus
1357 704 1495 731 diversam
1519 702 1634 728 formam
1658 697 1779 725 induerit
1802 705 1809 722 :

1020 757 1099 783 aliam
1113 762 1212 789 nempe
1225 774 1231 785 ,
1260 757 1405 786 antequam
1420 746 1641 776 anathenlatismi
1660 744 1811 779 reprehen-

1020 802 1169 832 derentur;
1189 799 1281 830 aliam,
1298 805 1359 824 cum
1375 795 1530 822 sanciretur
1546 800 1598 827 pax
1611 790 1810 820 Eeclesiarum;

1021 847 1101 875 aliam
1129 845 1297 873 reviviscens
1315 844 1341 870 in
1356 840 1508 869 monachis.
1531 843 1588 866 tum
1599 836 1736 868 Armenis,
1754 839 1812 862 tum

1021 893 1161 922 Constanti
1166 891 1341 927 nopolitanis.

1093 948 1214 985 Epistula
1227 947 1270 981 84,
1288 945 1418 981 enryrlica
1438 943 1473 970 ad
1486 944 1619 978 episropos
1633 941 1740 969 Cilicia’.

1058 1007 1079 1034 1.
1096 1005 1200 1033 Eodem
1217 1008 1352 1038 tempore,
1369 1009 1424 1035 quo
1435 999 1604 1036 praecedens,
1619 1002 1647 1024 et
1658 997 1755 1024 eodem
1767 1004 1813 1023 ar—

1024 1056 1154 1088 gumento
1179 1049 1281 1084 scripta
1301 1053 1343 1075 est
1367 1057 1373 1074 :
1396 1046 1521 1082 pluribus
1534 1045 1608 1072 enim
1623 1043 1815 1070 'l‘heodoretus

1024 1087 1122 1134 probat
1138 1096 1273 1124 unitatem
1286 1093 1358 1125 Filii,
1377 1097 1526 1126 monetque
1542 1089 1710 1117 coercendos
1725 1087 1815 1122 pmnis

1024 1133 1219 1171 ecclesiasticis
1232 1148 1290 1172 eos,
1316 1139 1362 1174 qui
1379 1138 1519 1165 Christum
1536 1137 1562 1163 in
1577 1136 1648 1162 duos
1658 1134 1729 1161 ﬁlios
1743 1133 1816 1160 divi-

1025 1189 1138 1221 derent;
1161 1187 1264 1222 quippe
1281 1193 1343 1212 cum
1358 1184 1421 1211 inde
1438 1187 1498 1210 orta
1513 1182 1653 1209 diceretur
1677 1187 1757 1207 causa
1769 1186 1816 1205 ea-

1026 1234 1138 1263 lumniaa
1150 1233 1179 1261 in
1189 1231 1344 1260 Orientales
1352 1231 1471 1265 jactatio,
1483 1227 1556 1262 quod
1567 1227 1594 1253 in
1605 1225 1701 1253 Cilicia
1712 1225 1818 1251 ferren-

1028 1285 1072 1307 tur
1086 1287 1157 1310 esse,
1235 1277 1309 1304 hunc
1320 1282 1443 1302 errorem
1456 1276 1591 1300 errarent.

1063 1327 1070 1335 '
1082 1324 1114 1351 ll.
1125 1322 1298 1358 Encyelicam
1309 1319 1446 1354 inscripsi,
1455 1318 1601 1352 siquidem,
1612 1321 1642 1343 ut
1650 1323 1683 1342 ex
1691 1313 1818 1349 sequenti

1028 1368 1143 1404 epistola
1159 1357 1276 1398 constat,
1294 1365 1376 1392 missa
1389 1363 1424 1390 sit
1440 1362 1473 1390 ad
1487 1362 1630 1396 utriusque
1642 1359 1745 1387 Ciliciae
1758 1357 1818 1392 epi-

1029 1422 1138 1450 scopos.
1164 1413 1190 1440 id
1212 1416 1263 1444 est,
1288 1411 1321 1438 ad
1345 1409 1490 1442 utriusque
1504 1407 1652 1442 provincia:
1676 1405 1817 1440 primates,

1030 1461 1192 1488 Tarsensem
1210 1458 1315 1492 primm,
1332 1455 1554 1483 Anazarbensem
1571 1451 1708 1481 secundae,
1724 1449 1772 1484 qui
1785 1448 1820 1475 de

1031 1514 1106 1534 more
1131 1504 1165 1532 ad
1189 1504 1336 1530 inferiores
1350 1502 1471 1535 reliquos
1494 1497 1724 1526 transmitterem.
1742 1493 1820 1521 Unde

1031 1552 1140 1586 opinor,
1155 1548 1360 1576 Theodorelum
1378 1555 1432 1574 non
1444 1554 1505 1576 suo,
1523 1544 1571 1571 sed
1587 1543 1629 1569 vel
1643 1540 1821 1568 Antiochena:

1031 1598 1074 1625 vel
1089 1594 1278 1631 Euphratesim
1292 1593 1387 1629 synodi
1401 1592 1512 1619 nomine
1526 1589 1679 1623 scripsisse.

1068 1643 1112 1670 lll.
1134 1642 1170 1668 Ea
1184 1643 1347 1675 tempestate
1364 1637 1528 1665 Theodorus
1540 1634 1627 1665 Tarsi,
1648 1633 1735 1668 Cyrus
1749 1631 1818 1658 Ana-

1033 1688 1107 1716 zarhi
1125 1687 1218 1714 sedem
1234 1685 1363 1716 tenebat,
1392 1688 1423 1711 ut
1441 1681 1580 1717 colligitur
1595 1687 1629 1707 ex
1643 1675 1822 1713 sequentibus

1036 1734 1148 1770 synodis
1161 1732 1249 1759 tribus
1264 1739 1328 1758 mox
1338 1729 1449 1757 habitis.

1070 1779 1115 1806 1V.
1133 1779 1219 1805 Porro
1233 1781 1324 1804 autem
1342 1776 1370 1802 in
1383 1775 1435 1802 hac
1448 1773 1576 1808 perieope
1591 1780 1598 1797 :
1617 1780 1626 1796 ι
1636 1770 1706 1797 Sunt
1719 1772 1823 1799 autem,

1034 1826 1081 1860 qui
1093 1825 1195 1857 dicant,
1210 1823 1356 1851 calumniae
1367 1827 1477 1848 causam
1491 1826 1540 1846 eos
1550 1817 1674 1851 arripere
1685 1823 1718 1842 ex
1729 1812 1826 1849 paucis

1035 1870 1219 1906 quibusdam,
1248 1866 1296 1902 qui
1322 1865 1394 1900 apud
1419 1871 1470 1891 nos
1498 1863 1534 1890 ita
1557 1861 1720 1892 sentiuntp
1747 1865 1824 1885 com-

1035 1914 1166 1942 mutanda
1180 1913 1288 1940 videtur
1302 1919 1355 1938 vox
1370 1909 1464 1944 prima:
1482 1914 1617 1943 personae,
1629 1905 1656 1932 in
1667 1910 1762 1931 vocem
1783 1909 1826 1929 se-

1037 1961 1143 1993 cundae,
1163 1957 1394 1991 scribendumque
1410 1955 1437 1982 in
1448 1958 1524 1981 textu
1535 1951 1658 1980 Grarco”
1675 1951 1739 1985 παρ’
1750 1949 1825 1983 ὑμῖν,

1037 2015 1091 2034 non
1106 2005 1170 2040 παρ’
1186 2005 1266 2039 ἡμῖν,
1284 2004 1310 2030 in
1328 2003 1426 2030 Latino
1440 1999 1510 2036 apud
1524 2007 1578 2029 vos,
1605 2004 1660 2023 non
1674 1994 1745 2030 apud
1758 2002 1804 2020 nos
1816 2001 1825 2019 :

1039 2057 1114 2080 totus
1125 2051 1198 2078 enim
1212 2054 1358 2077 contextus
1373 2048 1444 2075 hanc
1455 2044 1674 2074 emendationem
1685 2040 1779 2075 exigit.

1039 2108 1118 2144 332
1127 2105 1247 2142 Epistola
1257 2105 1301 2137 85',
1315 2103 1477 2140 apologetica
1488 2101 1522 2128 ad
1530 2099 1659 2128 Basiliam
1667 2097 1826 2132 episcopum.

1076 2165 1096 2192 Ι.
1114 2163 1287 2191 Manifestum
1304 2161 1389 2188 habet
1413 2158 1544 2193 temporis
1558 2155 1689 2183 indicium
1706 2163 1712 2180 :
1728 2153 1827 2187 scripta

1004 2207 1027 2236 ι)
1040 2212 1113 2239 enim
1136 2215 1178 2237 est
1191 2210 1279 2244 primo
1300 2211 1362 2242 post
1381 2206 1460 2233 datas
1480 2212 1494 2231 a
1516 2201 1690 2230 Thcodoreto
1704 2198 1737 2226 ad
1750 2197 1828 2225 Dios-

1040 2265 1135 2285 corum
1162 2254 1346 2290 apologeticas
1360 2253 1482 2283 litteras;
1498 2248 1630 2280 secundo,
1645 2245 1828 2282 postmissum

1040 2311 1055 2329 a
1068 2302 1198 2329 Dioscoro
1213 2297 1470 2332 Constantinopolin
1484 2295 1642 2330 episcopum
1653 2313 1659 2325 ,
1678 2291 1725 2326 qui
1738 2290 1829 2317 Theo-

1041 2348 1166 2375 doretum
1182 2346 1304 2379 aliosque
1318 2342 1472 2371 Orientales
1489 2340 1561 2375 apud
1577 2340 1771 2372 imperatorem
1787 2342 1831 2362 ac-

1042 2397 1166 2426 cusaret;
1195 2391 1293 2423 tertio,
1321 2388 1402 2417 simul
1426 2394 1489 2414 cum
1506 2385 1622 2420 epistola
1634 2385 1829 2416 consequente,

1045 2440 1173 2468 Flaviano
1197 2437 1343 2472 inscripta;
1375 2439 1403 2462 et
1428 2438 1489 2469 post
1508 2431 1674 2467 encyclicam
1688 2428 1831 2464 epistolam

1045 2487 1077 2513 ad
1093 2486 1235 2518 utriusque
1249 2482 1352 2510 Cilicite
1364 2481 1507 2516 primates.

1081 2532 1113 2559 ll.
1141 2531 1203 2558 llrec
1222 2529 1274 2556 tria
1303 2531 1367 2555 sunt
1379 2525 1444 2554 anni
1459 2525 1510 2552 4.58
1536 2519 1830 2557 incipientisindicia:

1047 2584 1109 2604 nam
1128 2575 1273 2603 Flavianus
1284 2571 1418 2600 successit
1431 2570 1528 2598 Proelo
1543 2568 1594 2596 sub
1606 2567 1687 2593 ﬁnem
1698 2565 1761 2592 anni
1771 2564 1832 2590 H7.

1047 2622 1238 2649 Thcodoretus
1253 2618 1437 2654 apologeticas
1450 2615 1561 2650 scripsit
1573 2613 1606 2640 ad
1618 2613 1778 2640 Dioscorum
1790 2609 1835 2636 lit-

1047 2671 1120 2693 teras
1131 2673 1203 2693 anno
1216 2664 1266 2691 H7
1277 2664 1332 2699 jam
1345 2662 1455 2693 alrecto,
1469 2664 1497 2687 et
1508 2667 1541 2686 eo
1554 2662 1677 2692 tempore
1687 2655 1834 2683 Dioscorus

889 2754 1049 2783 SCl-IULZH
1068 2753 1184 2781 RO'DE.

245 2826 268 2841 7“
286 2824 323 2851 Ad
340 2832 440 2851 annum
453 2823 552 2850 Christi
570 2823 630 2854 ω
643 2823 760 2850 refertur
776 2823 854 2852 intra.
867 2832 880 2848 ιτ
904 2810 956 2855 ﬁ,§
972 2821 977 2847 Ι

1035 2822 1052 2836 ⁷¹
1069 2821 1229 2859 \‘id.sitpra,
1246 2827 1273 2859 ρ.
1292 2819 1378 2859 175,οι

1499 2817 1520 2831 ⁷³
1534 2816 1609 2842 "om.
1628 2812 1798 2847 immemor.
1807 2815 1836 2847 ut

211 2861 303 2895 legunt
315 2859 448 2886 nonnulli.
462 2859 574 2886 l‘rzestat
589 2864 678 2886 autem
694 2858 774 2885 lectio
793 2846 1115 2891 izp‘oz:Grifuiulitorunt.
1135 2855 1155 2870 ⁷³
1172 2846 1231 2881 Ϋίιιί
1248 2846 1326 2882 istam
1346 2853 1488 2880 lectionem
1506 2858 1596 2879 supra.
1615 2854 1633 2877 t.
1652 2848 1695 2880 lV,
1713 2855 1740 2882 ιι.
1759 2846 1837 2873 “52.
