1967 3047
83 141 134 175 981

673 143 721 172 DE
742 143 868 172 LIBRIS
886 142 908 171 Τ
911 142 1113 185 ΙΙΕΟΒΟΒΕΤ
1119 142 1130 171 Ι
1135 165 1141 171 .

1663 138 1717 169 282

81 199 137 235 jam
162 199 274 226 miserat
296 199 324 226 in
347 199 444 226 urbem
474 197 576 233 regiam
604 202 791 224 accusatorem
816 197 875 231 epi-
891 200 913 227 Α
928 197 1022 231 bytero
1038 196 1170 227 habitam,
1186 195 1402 230 expositamque,
1419 199 1450 222 ut
1468 195 1577 230 opinor,
1597 195 1718 222 Athana-

82 251 197 279 scopum
202 264 210 271 .

119 290 164 316 IlI.
183 289 311 322 Basilius,
331 290 376 317 cui
391 288 507 324 cpistola
522 287 696 320 inscribitur,
712 287 779 322 quin
793 287 877 314 fuerit

83 335 219 363 Seleuciae
229 336 386 371 episcopus,
403 342 436 362 ac
451 334 561 362 Isauriae
573 334 685 369 primas,
708 334 803 360 nullus
815 333 875 359 fere

82 381 182 409 dubito
195 391 202 409 :
214 390 277 409 nam
287 387 315 409 et
324 382 417 416 primm
426 381 530 408 Ciliciae
540 380 649 407 vicinus
657 384 728 411 erat,
737 384 765 406 et
773 387 877 413 magna:

83 431 151 454 tunc
173 428 356 459 auctoritatis,
376 427 459 454 etiam
478 427 504 452 in
520 426 582 453 aula
593 445 601 458 ,
632 429 661 452 et
677 424 797 452 amicitia
813 432 877 452 cum

83 473 261 500 Theodoreto
275 474 451 507 coujuuetus.
480 462 522 503 Ο

119 520 164 547 ιν.
184 519 322 546 Successit
334 517 466 549 Desiano,
486 516 533 551 qui
546 517 664 543 concilio
679 515 819 551 Epliesino
836 515 878 542 in-

83 564 194 598 terfuit;
206 564 293 591 adfuit
306 571 372 591 vero
387 563 445 598 ipse
461 566 579 597 quatuor
591 561 717 589 conciliis
732 570 738 588 :
754 560 876 588 Flaviani

81 609 391 644 Constantinopolitano
419 608 552 635 adversus
563 608 706 642 Eutychen
731 615 803 634 anno
814 607 876 639 “8,

82 656 224 691 Ephesiuo
240 655 362 682 Dioscori
389 662 462 681 anno
481 653 543 685 449,
570 652 787 680 Chalcedonensi
800 661 876 680 oecu—

82 701 192 729 menito
207 701 352 732 aunoISl,
379 705 407 727 et
431 707 446 726 e
465 707 514 727 sua
529 699 640 726 Isauriae
655 698 759 734 synodo
776 698 810 725 ad
823 698 876 725 im-

81 755 240 784 peratorem
258 748 377 774 Leonem
394 746 536 783 rescripsit
552 753 625 772 anno
636 745 698 772 458.

120 795 150 821 V.
171 794 233 822 Fuit
248 794 330 820 homo
347 791 561 823 commutabilis,
580 791 638 818 sive
651 790 725 821 ﬁdei,
744 789 801 817 sive
816 798 876 817 ser-

82 840 173 867 monis
200 849 206 866 :
234 848 296 866 nam
316 839 459 874 Eutychen
471 837 611 864 damnavit
625 844 688 864 cum
700 837 828 863 Flaviano
847 836 875 863 in

928 240 962 267 sii
992 240 1142 276 Cyrillique
1176 240 1210 267 de
1248 248 1301 267 una
1334 240 1417 268 Verbi
1452 240 1585 268 iucarnati
1620 246 1719 268 natura

927 286 1102 317 sententiam,
1118 286 1263 312 anathema
1278 286 1401 312 dicerent
1415 286 1458 316 iis.
1474 287 1520 321 qui
1533 286 1673 314 Christum
1691 286 1718 314 in

927 330 996 357 duos
1013 330 1082 357 ﬁlios
1098 329 1265 363 dividerent,
1283 331 1497 366 nominatimque
1510 331 1518 341 '
1534 322 1717 364 Theodoreto,

927 377 1002 403 velut
1020 375 1144 403 omnium
1167 375 1347 403 nobilissimo.
1361 376 1521 404 Tumultqu
1544 377 1638 411 populi
1652 385 1717 403 aua-

928 421 1018 448 tlu-ma
1042 420 1304 456 iugemiuautisnon
1330 421 1461 455 repressit
1483 421 1639 452 Dioscorus,
1669 422 1718 448 sed

927 466 1066 500 excipiens
1088 465 1121 492 de
1142 474 1217 493 more
1236 465 1360 493 docentis
1376 473 1528 494 sermonem
1542 487 1549 498 ,
1572 472 1647 494 stans
1667 475 1717 494 suo

927 511 1008 538 etiam
1027 511 1245 546 suﬁ'ragiojuvit.
1266 512 1354 539 «Tulit
1366 512 1437 545 illos,
1445 512 1493 548 qui
1507 513 1588 539 nobis
1602 513 1717 540 anathe—

927 564 970 583 ma
985 556 1117 589 dicerent,
1133 565 1300 592 surgensque
1314 562 1340 585 et
1355 559 1509 586 acclamaus
1529 558 1638 585 illorum
1667 567 1715 586 vo-

928 609 974 628 ces
993 601 1174 629 conﬁrmavit.
1195 614 1204 627 ρ

954 647 984 673 5.
999 647 1055 674 Sub
1069 647 1166 674 Proclo
1179 648 1326 683 contigisse
1349 653 1379 676 ut
1394 649 1559 676 Antiocheni
1577 651 1717 677 consenti-

928 696 989 719 rent
1003 692 1030 719 iu
1045 693 1340 728 Constantiuopolitani
1360 695 1491 722 antistitis
1515 696 1717 730 prasidentiam

926 745 941 763 a
955 737 1076 765 secundo
1092 739 1209 766 concilio
1226 741 1347 774 generali
1363 745 1504 768 statutam.

961 784 986 811 4.
994 784 1070 812 Unde
1078 789 1171 812 natum
1181 785 1216 813 sit
1223 785 1345 813 Dioscori
1359 786 1387 813 in
1393 787 1597 815 Theodoretum
1607 788 1699 815 odium
1710 797 1716 815 :

927 830 1044 857 credidit
1065 831 1139 858 enim
1161 831 1342 860 Antiocheuis
1361 837 1502 860 auctorem
1527 833 1623 866 fuisse,
1641 842 1719 862 novae

82 886 152 913 urbe
166 886 252 920 regia,
271 884 389 912 absolvit
407 891 468 912 cum
484 883 615 910 Dioscoro
627 882 738 916 Ephesi,
751 889 877 908 exsecra-
893 886 913 912 Β
928 875 1021 902 Roma?
1035 876 1144 910 pralsuli
1156 876 1302 911 primatum
1322 877 1449 905 cedendi.

81 937 128 960 tus
142 936 185 958 est
200 939 262 958 cum
275 929 400 957 Ecclesia
414 927 601 960 Chalcedone,
617 927 663 953 ubi
678 926 797 957 veniam,
813 933 876 952 cum

79 985 142 1004 eam
160 976 322 1011 suppliciter
344 978 486 1010 rogasset,
511 973 566 999 vim
582 972 634 1000 sibi
649 972 751 999 illatam
775 971 874 1006 Ephesi

80 1026 221 1054 causatus,
251 1020 570 1054 Dioscorolicetpreces
583 1019 720 1050 elevante,
745 1017 874 1044 obtinuit.

80 1090 203 1126 Epistola
219 1089 264 1122 86,
279 1089 461 1149 deurecatorja
474 1088 509 1115 ad
520 1087 678 1114 Flavianum
690 1086 876 1114 Constantino-

401 1132 433 1149 no
446 1128 574 1149 ιιαηιιηι..

400 1128 559 1159 politanum.
570 1143 574 1147 .

119 1193 140 1220 I.
159 1193 283 1220 Pertinet
308 1192 404 1228 procul
422 1191 507 1219 dubio
534 1190 567 1217 ad
583 1185 685 1217 annum
700 1190 763 1217 M7.
780 1189 876 1224 Neque

81 1239 155 1266 enim
169 1239 258 1274 potuit
271 1243 318 1265 aut
329 1238 413 1266 citius
427 1237 522 1269 scribi,
535 1240 583 1263 aut
593 1236 683 1263 serius
697 1245 703 1262 :
718 1244 773 1263 non
781 1235 875 1267 citius,

81 1284 147 1319 quia
172 1284 320 1311 Flavianus
342 1283 478 1311 successit
493 1282 592 1309 Proclo
608 1282 664 1309 vita
677 1281 772 1309 functo
786 1281 830 1309 die
841 1281 877 1308 24

81 1330 212 1357 Octobris
236 1329 301 1356 anni
321 1329 390 1362 M7;
419 1336 473 1355 non
492 1327 608 1359 tardius,
630 1326 878 1361 cumpraccesserit

81 1375 218 1411 synodum
231 1383 246 1402 a
260 1375 389 1402 Flaviano
402 1374 535 1401 adversus
543 1373 685 1408 Eutychen
697 1372 817 1399 habitam
829 1373 890 1399 an-'

82 1430 119 1448 no
130 1421 182 1448 448
195 1421 240 1448 die
254 1425 351 1448 octavo
362 1419 536 1447 Novembris.
563 1419 649 1451 Adde,
666 1418 739 1453 quod
751 1418 876 1463 ejusdem

82 1467 119 1494 sit
132 1467 285 1502 argumenti
300 1474 361 1494 cum
373 1466 554 1500 praecedente.

121 1513 153 1540 ll.
172 1513 209 1539 De
223 1512 352 1539 Flaviano
363 1511 466 1539 dictum
481 1515 561 1539 antea
578 1511 612 1538 ad
624 1510 768 1546 epistolam
779 1510 822 1536 Il.

958 919 983 946 5.
1002 919 1065 947 Haec
1083 921 1176 952 verba,
1196 921 1336 948 Dioscorus
1359 923 1498 957 epistolam
1522 923 1557 950 ad
1576 932 1622 950 nos
1650 925 1718 951 scri-

927 966 988 1000 psit,
1006 970 1070 999 etc.,
1092 966 1249 1001 accipienda
1271 975 1326 994 non
1349 976 1410 995 esse
1427 968 1460 995 de
1478 969 1592 1003 privatis
1608 970 1717 1002 litteris,

927 1011 1005 1046 quasi
1023 1012 1169 1039 Dioscorus
1182 1013 1356 1040 Theodoreto
1374 1014 1479 1048 aliquas
1494 1014 1611 1047 dederit;
1627 1015 1673 1042 sed
1685 1015 1719 1043 de

927 1058 1121 1085 communibus
1137 1059 1228 1086 missis
1245 1059 1277 1086 ad
1298 1059 1444 1092 Domuum,
1462 1069 1577 1094 quarum
1593 1061 1720 1088 Theodo-

927 1108 1013 1135 retus,
1024 1104 1148 1131 scribens
1162 1104 1302 1137 Dioscoro,
1314 1106 1447 1132 meminit.
1457 1106 1497 1133 Ad
1516 1107 1652 1134 Domuum
1667 1107 1719 1134 illa;

926 1153 954 1176 et
970 1149 1004 1176 ad
1027 1150 1087 1185 ejus
1109 1150 1244 1186 synodum
1261 1150 1468 1186 dirigebantur;
1493 1153 1566 1187 quod
1587 1152 1620 1180 de
1642 1160 1720 1180 more

926 1196 1019 1229 ﬁebat,
1038 1205 1100 1224 cum
1117 1198 1226 1233 negotia
1241 1199 1375 1233 ejusmodi
1390 1203 1583 1227 tractarentur.

959 1243 990 1270 V.
1014 1243 1115 1270 Verum
1136 1244 1188 1270 hoc
1208 1243 1236 1270 in
1264 1244 1324 1271 loco
1349 1243 1468 1271 ﬁnienda
1493 1249 1536 1272 est
1559 1250 1719 1272 controver-

927 1289 966 1316 sia
975 1309 982 1320 ,
996 1297 1056 1324 quae
1067 1298 1129 1317 eum
1146 1289 1263 1317 Barouio
1281 1290 1373 1317 habita
1384 1295 1427 1318 est
1441 1291 1469 1317 in
1480 1290 1541 1318 Vita
1554 1290 1720 1318 Theodoreti

926 1335 1014 1369 capite
1024 1335 1038 1362 7
1047 1336 1079 1361 ⁷³.
1093 1335 1178 1362 Suum
1187 1335 1292 1363 scilicet
1304 1336 1330 1362 in
1337 1343 1451 1375 sensum
1462 1337 1629 1371 exponenda:
1640 1345 1722 1365 voces

927 1379 1009 1415 hujus
1020 1381 1151 1415 epistolae,
1167 1389 1227 1415 quae
1251 1381 1437 1408 illustrissimo
1459 1382 1585 1416 scriptori
1601 1383 1722 1409 occasio-

927 1431 990 1451 nem
1003 1424 1137 1451 dederunt
1151 1425 1377 1452 comminiscendi
1389 1426 1547 1458 concilium,
1566 1426 1599 1453 de
1612 1433 1667 1461 quo
1683 1426 1721 1453 ibi

927 1470 1055 1497 diximus.
1072 1470 1142 1497 Sunt
1162 1475 1254 1498 autem
1272 1470 1406 1505 ejusmodi
1423 1467 1434 1496 ε’
1454 1480 1462 1495 ι
1479 1470 1564 1502 Scito,
1598 1471 1720 1502 domine,

882 1521 885 1524 ί
929 1515 1000 1542 hanc
1014 1515 1091 1542 illum
1106 1515 1289 1551 (Dioscorum)
1306 1515 1438 1543 adversus
1450 1523 1500 1543 nos
1513 1515 1724 1550 pusillanimita-

121 1559 168 1586 III.
184 1559 212 1586 In
221 1558 336 1593 epistola
348 1557 506 1590 continetur
516 1555 877 1591 vehemensquerelaThco-
892 1552 913 1581 C
931 1564 985 1587 ιεηι
1003 1568 1115 1595 gerere,
1134 1569 1168 1587 ex
1189 1568 1244 1595 quo
1269 1561 1408 1596 synodicis
1432 1561 1531 1588 vestris
1558 1561 1610 1588 sub
1636 1561 1723 1588 beam:

84 1605 174 1632 doreti
188 1604 221 1631 de
235 1605 376 1636 Dioscoro,
403 1611 465 1638 quae
484 1608 618 1638 quantum
632 1602 812 1630 nihilominus
825 1601 878 1629 dif-

85 1651 156 1678 ferat
177 1659 191 1677 a
210 1650 323 1685 querela
338 1650 513 1684 postmodum
537 1649 609 1684 apud
624 1653 748 1676 sanctum
759 1648 879 1675 Leonem

85 1697 157 1724 facta
169 1717 176 1727 .
204 1704 284 1723 nemo
301 1695 348 1730 qui
362 1696 470 1731 legerit,
489 1703 544 1722 non
556 1695 641 1722 videt.
670 1694 756 1721 Nemo
770 1701 878 1728 quoque

85 1751 140 1770 non
163 1742 226 1769 inde
248 1742 386 1777 intelligit,
413 1741 534 1769 Leonem
548 1741 713 1776 appellatum
727 1747 788 1768 esse
803 1740 877 1767 velut

83 1789 220 1824 judicent;
239 1789 409 1820 Flavianum,
423 1792 453 1814 ut
465 1791 620 1822 patronum.

122 1836 166 1863 IV.
192 1836 293 1863 Praeter
314 1835 385 1862 hanc
400 1834 612 1870 querimoniam,
636 1833 717 1868 digna
729 1837 803 1864 sunt,
818 1839 879 1866 qua:

85 1883 281 1914 observentur,
303 1881 327 1908 I.
343 1881 454 1908 Missum
470 1888 486 1907 a
499 1880 674 1907 Theodoreto
687 1877 878 1906 Alexandriam

87 1928 296 1963 presbyterum;
315 1926 464 1956 Eusebium
476 1925 584 1960 opinor,
594 1933 643 1960 per
654 1932 736 1959 quem
748 1924 879 1951 Dioscoro

88 1974 269 2004 renuntiavit.
285 1981 313 2000 se
328 1972 467 2008 synodicis
480 1971 574 2007 Cyrilli
594 1975 623 1998 et
639 1970 753 1998 Joannis
767 1969 878 2004 acquie—

88 2027 183 2049 scure,
212 2017 286 2053 quod
301 2017 435 2044 hactenus
449 2018 587 2043 renuerat.
601 2014 690 2047 Quare
704 2014 748 2041 hic
759 2013 880 2048 primum

88 2065 194 2092 mentio
215 2063 245 2092 ﬁt
272 2063 399 2091 conversi
423 2062 456 2089 ad
479 2066 579 2088 rectam
601 2060 693 2091 ﬁdem,
723 2063 769 2086 aut
783 2059 879 2086 saltem

88 2120 102 2138 a
116 2111 231 2146 pristina
243 2108 428 2136 obstinatione
438 2106 595 2141 evigilantis
604 2104 771 2132 Theodoreti
780 2113 786 2130 :
794 2112 881 2138 quan-

87 2163 171 2189 quam
198 2154 277 2189 333
302 2152 458 2188 synodicas,
483 2153 539 2187 jam
561 2150 623 2177 inde
642 2158 656 2177 a
670 2154 792 2184 tempore
806 2149 880 2184 pacis

89 2203 175 2232 inite,
193 2208 255 2228 eum
272 2200 455 2230 mitterentur,
473 2198 586 2232 legerat,
601 2201 629 2223 et
644 2204 676 2224 ea
690 2199 766 2231 parte
780 2195 880 2230 proba-

89 2250 177 2277 verat,
203 2253 257 2280 qua
276 2244 393 2271 duarum
408 2248 567 2270 naturarum
584 2242 738 2269 doctrinam
755 2241 880 2269 contine—

90 2293 174 2324 bant;
208 2300 262 2318 non
287 2295 379 2318 tamen
402 2290 612 2324 subscripserat,
640 2289 739 2324 partim
762 2287 881 2316 Nestorii

89 2346 195 2369 atnore,
208 2338 307 2372 partim
318 2337 413 2373 Cyrilli
424 2336 497 2363 odio.
512 2335 583 2363 Cave
595 2343 678 2370 porro
688 2334 880 2370 synodicarum

91 2386 247 2412 litterarum
264 2384 374 2411 nomine
399 2383 536 2418 intelligas
549 2389 614 2414 eas,
642 2389 702 2416 qua:
721 2380 881 2407 anathema-

92 2431 189 2458 tismos
212 2430 374 2464 subjunctos
393 2429 508 2461 habent;
538 2427 585 2455 sed
613 2435 673 2462 qme
690 2427 724 2454 ab
741 2426 774 2453 iis
791 2425 882 2452 verbis

91 2476 202 2503 initium
216 2476 321 2503 ducunt
334 2484 340 2501 :
354 2475 488 2502 Lwtentur
498 2474 565 2505 caeli,
583 2478 636 2501 etc.

127 2522 154 2549 2.
169 2522 312 2555 Quomodo
330 2522 356 2548 iu
370 2528 502 2548 canouem
515 2520 655 2547 Nicmnum
667 2525 793 2553 peccasse
807 2517 884 2544 Dios-

93 2577 177 2596 corus
196 2577 211 2595 a
229 2567 402 2595 Theodoreto
420 2567 531 2600 dicitur,
552 2570 582 2592 ut
593 2565 639 2600 qui
652 2565 685 2592 de
697 2565 791 2592 aliena:
815 2564 885 2591 dite—

94 2614 165 2641 oesis
189 2613 301 2641 homine
322 2613 458 2649 judicium
479 2612 635 2640 exercuerit
652 2621 658 2638 :
673 2618 828 2646 quanquam
851 2617 886 2637 ne

93 2658 188 2686 violati
200 2658 314 2685 canonis
327 2658 457 2685 invidiam
484 2657 648 2689 incurreret,
660 2655 758 2691 judicii
772 2656 886 2683 formam

96 2713 151 2732 non
167 2706 265 2736 tenuit,
279 2705 327 2732 sed
342 2704 440 2732 callide
457 2703 565 2732 induxit
578 2708 751 2731 accusatores
762 2701 888 2729 Orienta-

98 2751 165 2778 lium
180 2751 339 2783 mouachos,
357 2750 405 2784 qui
417 2755 479 2785 post
499 2750 658 2777 concionem
669 2748 702 2776 de
716 2748 767 2776 ﬁde
782 2756 796 2774 a
810 2755 886 2783 pres-

930 1606 1068 1633 memoriae
1085 1606 1181 1633 Proclo
1200 1606 1278 1633 factis
1290 1626 1297 1638 ,
1314 1612 1471 1633 sanctorum
1489 1606 1599 1633 Patrum
1620 1606 1723 1641 regulis

931 1651 1105 1683 inlicerentes,
1122 1651 1290 1678 asscnsimus
1307 1661 1313 1678 :
1329 1659 1360 1678 ac
1374 1651 1407 1678 de
1419 1653 1469 1678 hoc
1481 1660 1529 1678 uos
1544 1652 1627 1678 semel
1640 1657 1723 1686 atque

930 1697 1031 1724 iterum
1049 1697 1217 1732 increpasse,
1230 1697 1307 1731 quasi
1324 1701 1352 1724 et
1365 1697 1611 1729 Antiochenorum,
1629 1702 1658 1724 ut
1672 1697 1720 1728 ait,

931 1745 958 1767 et
968 1740 1214 1768 Alexandrinorum
1227 1741 1289 1776 jura
1303 1741 1517 1775 prodiderimus.
1537 1751 1545 1766 ι

960 1787 1034 1820 Quas
1048 1795 1114 1814 vero
1128 1787 1318 1814 Theodoretus
1334 1786 1479 1822 synodieas
1488 1786 1539 1814 sub
1559 1787 1655 1814 Proclo
1680 1787 1720 1814 fa-

929 1839 987 1861 ctas
1008 1833 1255 1868 Constantinopoli,
1270 1836 1297 1859 et
1310 1833 1344 1860 ab
1357 1832 1538 1860 Antiochenis
1557 1833 1723 1867 approbatas

930 1883 1078 1911 memorat,
1106 1887 1161 1906 non
1175 1879 1243 1906 alias
1258 1879 1366 1913 opinor,
1390 1886 1471 1913 quam
1497 1886 1558 1913 qua:
1589 1878 1616 1905 in
1639 1886 1722 1906 causa

931 1925 1069 1952 Athanasii
1091 1925 1293 1952 Perrhenorum
1316 1924 1436 1959 episcopi
1454 1924 1585 1951 confectae
1607 1929 1671 1952 sunt
1693 1925 1722 1952 in

930 1971 1058 2002 concilio,
1077 1971 1148 1997 umlc
1165 1970 1278 1998 Proclus
1300 1970 1332 1997 ad
1359 1971 1492 1997 Domuum
1511 1978 1543 1997 ea
1556 1970 1589 1997 de
1604 1978 1633 1998 re
1652 1970 1722 1997 scri—

931 2017 994 2051 psit.
1024 2017 1134 2044 Littera:
1165 2016 1239 2044 enim
1262 2016 1352 2043 Procli
1374 2016 1532 2043 referuntur
1558 2017 1586 2043 in
1602 2017 1721 2044 concilio

930 2062 1011 2098 334Ι
1022 2062 1237 2089 Chalcedonensi
1262 2062 1315 2089 hoc
1338 2062 1418 2089 titulo
1435 2071 1442 2089 ε
1471 2051 1647 2098 ’Ᾰντίγραφον
1664 2071 1724 2089 συν-

932 2109 1021 2135 οδικοῦ
1043 2108 1214 2143 γράμματος,
1229 2107 1274 2143 Τῷ
1285 2108 1432 2143 ὀσιωτάτῳ,
1449 2108 1495 2134 καὶ
1514 2107 1721 2142 θεοφιλεστάτῳ,

931 2154 979 2181 καὶ
1003 2153 1200 2189 συλλειτουργῷ
1221 2153 1326 2189 Δὸμνῳ,
1342 2153 1474 2188 Πρόκλος.
1491 2154 1519 2180 ὲν
1540 2153 1650 2188 Χριστῷ
1662 2153 1723 2188 χαι-

936 2209 1001 2236 ρειν.

968 2247 1061 2274 Potest
1078 2252 1166 2273 tamen
1191 2245 1310 2272 suboriri
1334 2244 1465 2271 nonnulla
1481 2244 1607 2279 quaestio,
1628 2252 1723 2279 quam—

933 2292 1040 2323 obrem,
1054 2291 1075 2318 si
1091 2299 1134 2318 res
1148 2291 1184 2317 ita
1193 2299 1222 2317 se
1235 2290 1342 2322 habuit,
1356 2295 1386 2316 ut
1395 2289 1523 2322 diximus,
1535 2289 1724 2316 Theodoretus

933 2337 1089 2372 scripserit,
1106 2336 1292 2364 Antiochenos
1308 2343 1450 2363 assensum
1464 2335 1613 2370 prmbuisse
1634 2334 1725 2363 Procli

934 2382 1082 2418 synodicis,
1101 2383 1157 2413 τοῖς
1170 2381 1224 2407 τῶν
1240 2381 1323 2415 ἁγῐων
1340 2381 1468 2415 πατέρων
1485 2382 1594 2407 κανόσιν
1611 2380 1724 2406 ἀκολου-

936 2428 1086 2463 ῦὴσκυταςε
1101 2435 1150 2454 cur
1164 2427 1275 2454 eosdem
1290 2426 1478 2454 Antiochenos
1494 2426 1643 2453 Dioscorus
1663 2433 1726 2460 pro-

936 2473 999 2500 dita:
1010 2481 1065 2500 sua:
1084 2480 1115 2500 ac
1131 2472 1322 2499 Alexandrinae
1336 2471 1467 2498 Eeclesim
1487 2478 1550 2497 reos
1571 2470 1683 2503 fecerit;
1698 2474 1726 2497 et

937 2527 992 2555 quo
1015 2520 1042 2546 in
1057 2519 1141 2555 gradu
1157 2523 1223 2546 tunc
1247 2517 1378 2552 temporis
1391 2517 1538 2544 Dioscorus
1561 2516 1727 2544 constitutus

937 2569 1019 2592 esset.
1735 2564 1738 2588 Ξ

970 2611 1069 2637 Verum
1085 2614 1114 2637 ut
1131 2618 1145 2636 a
1165 2613 1303 2644 postremo
1317 2607 1421 2640 ordiar,
1432 2607 1580 2635 Dioscorus
1594 2614 1656 2634 cum
1669 2607 1726 2633 An-

937 2655 1071 2683 tiochenis
1083 2654 1187 2681 crimen
1209 2653 1373 2688 proditionis
1383 2652 1525 2687 objiceret,
1550 2659 1648 2678 recens
1666 2659 1729 2678 sue-

938 2705 1057 2728 cesserat
1070 2699 1096 2726 iu
1113 2699 1206 2735 Cyrilli
1219 2698 1309 2725 locum
1325 2697 1370 2725 die
1384 2697 1419 2724 ‘28
1431 2697 1564 2727 Januarii.
1584 2704 1658 2723 anno
1675 2696 1728 2723 ΗΕ

939 2747 1071 2773 defuncti.
1085 2745 1191 2781 Objecit
1204 2753 1280 2776 vero,
1300 2744 1362 2780 quia
1375 2744 1495 2771 Domuus
1507 2742 1644 2778 synodicis
1661 2741 1727 2769 Pro-

767 2826 922 2853 SCIII‘LZII
951 2824 1064 2852 NOTA'J.

135 2874 155 2888 "'
171 2873 231 2902 Yid.
244 2881 336 2910 supra,
349 2881 375 2910 p.
395 2873 452 2901 172.
