1967 3047
245 138 297 169 233

807 138 995 168 GARNERII
1015 136 1261 167 DISSERTATIO
1281 136 1310 164 ΙΙ

1817 130 1869 162 234

245 193 280 219 cli
292 192 393 219 litteris
411 192 582 224 admonitus,
606 191 781 227 dijudicatam
805 192 943 219 Athanasii
965 193 1029 219 Per—
1044 194 1064 222 Α
1080 192 1152 218 data.
1175 191 1237 218 Fuit
1260 191 1406 224 prieleetus
1428 188 1506 215 urbis
1523 185 1775 220 Constantinopolis
1798 193 1870 212 anno

245 237 353 264 rhensis
370 244 478 263 causam
496 236 694 270 recognovcrit,
712 244 767 271 quo
785 235 856 263 facto
868 237 956 263 videri
980 243 1029 271 po-

245 283 308 314 tuit,
322 282 468 317 primatum
478 281 575 308 Ριόειο
583 282 750 314 concedere;
766 281 898 316 siquidem
913 286 942 309 ut
952 282 1030 308 amici

245 333 287 355 est
301 327 413 362 privatis
427 327 527 354 litteris
546 334 656 354 monere
670 327 704 354 de
721 327 819 359 oﬁicio,
843 327 880 354 ita
895 327 1032 362 synodicis

246 374 278 400 ad
292 373 462 408 superiorem
472 373 601 407 pertinet.

279 419 338 446 Jam
358 426 424 445 vero
442 425 504 445 cum
520 417 704 445 Alexandrina
719 418 798 445 sedes
819 417 938 445 secunda
950 417 1033 444 fuerit

246 466 307 496 post
318 462 477 494 Romanam,
491 462 659 489 Antiochena
676 467 736 496 post
751 462 961 490 Alexandrinam
979 466 1034 488 ter-

248 507 294 539 tia,
311 507 393 541 idque
408 512 545 534 servatum
555 507 638 534 fuerit
653 508 708 542 jam
727 507 790 535 inde
803 516 818 535 a
831 507 926 542 primis
941 507 1034 534 Eccle-

248 552 295 579 sia:
309 552 490 586 temporibus,
505 552 806 587 Constantinopolitano
821 561 916 580 recens
931 553 1034 580 consti-

249 601 317 630 tuta,
332 597 354 624 si
369 597 518 624 secundum
536 598 625 625 locum
639 603 740 632 teneat,
755 601 854 634 jusque
876 599 962 633 ipsius
983 599 1034 625 hac

247 642 274 668 in
298 647 376 678 parte
401 646 574 677 agnoscatur,
599 650 711 670 necesse
730 648 774 671 est
788 648 933 678 utramque
954 643 1034 670 aliam

247 688 340 716 sedem
354 688 563 723 patriarchalem
575 689 702 724 deprimi.

293 744 413 779 Epistula
434 744 478 777 87,
503 744 646 786 familiaris
664 745 698 772 ad
715 745 848 773 Damnum
865 745 989 781 Apamcw

563 788 719 816 episcopum.

278 834 299 861 1.
318 834 421 862 Eodem
435 839 558 870 tempore
572 839 655 870 atque
671 835 753 863 etiam
769 841 939 871 argumento.

284 879 317 907 ll.
344 880 464 907 Domnus
478 880 628 915 primatum
651 881 741 908 tenuit
762 881 790 908 in
806 881 926 908 secunda
947 880 1034 916 Syria,

249 926 329 961 cujus
341 926 501 961 metropolis
523 927 641 961 Apamea
660 935 667 953 :
681 926 807 953 interfuit
819 926 938 954 concilio
955 926 1036 954 Chal-

249 971 407 1004 cedonensi,
421 975 535 1006 eratque
550 972 669 999 amicitia
684 972 815 1007 singulari
835 981 896 999 cum
913 972 1037 1000 Theodo-

248 1020 308 1044 reto
326 1017 499 1051 coniunctus.

285 1062 332 1090 ll].
350 1063 394 1090 Fit
411 1063 438 1090 in
452 1063 567 1098 epistola
583 1071 674 1091 sermo
688 1064 722 1091 de
740 1063 848 1091 clericis
860 1063 1039 1092 Osroenensi—

249 1108 311 1140 bus,
326 1108 374 1143 qui
392 1108 500 1136 libellos
519 1109 650 1137 adversus
665 1109 739 1136 ibam
755 1110 925 1142 obtulerunt,
940 1111 1038 1137 dicun—

251 1158 351 1188 turque
374 1161 469 1188 pacem
488 1154 617 1182 Ecclesia:
638 1155 772 1187 turbasse,
792 1159 819 1182 et
841 1159 936 1182 contra
950 1156 1039 1190 ipsum

250 1198 454 1226 Theodoretum
481 1199 647 1234 singularem
677 1200 730 1227 ibm
757 1200 886 1233 amicum,
918 1201 1039 1235 aliosque

248 1244 370 1272 Orientis
382 1246 526 1280 episcopos
539 1247 626 1273 multa
641 1246 782 1273 cﬂ‘udisse.

282 1290 326 1317 IV.
344 1291 380 1317 De
399 1298 481 1317 causa
497 1291 632 1325 ejusmodi
646 1291 810 1318 clericorun'i
826 1291 887 1318 vide
904 1291 1038 1318 actionem

251 1336 286 1363 10
296 1337 405 1363 concilii
421 1336 663 1368 Chalcedonensis,
685 1338 762 1372 cujus
775 1337 849 1363 Actis
864 1337 965 1363 inserta
977 1340 1041 1363 sunt

252 1382 353 1416 judicia
367 1382 431 1414 duo,
445 1391 506 1417 qua:
521 1383 608 1410 delba
623 1383 685 1418 Tyri
698 1388 725 1410 ct
741 1383 832 1418 Beryti
848 1382 1040 1410 accusantibus

255 1427 362 1454 clericis
378 1428 498 1455 exercita
511 1429 631 1455 fuerunt.

295 1483 417 1519 Epistula
430 1484 473 1516 88,
486 1484 666 1519 deprecatoria
678 1485 712 1510 (id
726 1484 841 1511 Taurum
853 1485 1003 1519 patricium.

1081 237 1148 268 49.2;
1175 236 1317 270 praefectus
1339 234 1467 269 praetorio
1492 240 1565 260 anno
1579 232 1646 265 428;
1672 231 1768 258 consul
1797 238 1870 257 anno

1081 283 1149 315 4‘29;
1167 281 1310 316 praefectus
1331 281 1458 315 prmtorio
1475 287 1572 306 rursus
1593 285 1664 305 anno
1679 277 1741 308 A36,
1754 280 1782 304 et
1798 284 1870 302 anno

1081 329 1142 360 459,
1169 331 1196 354 et
1206 333 1277 353 anno
1293 326 1361 358 MO;
1383 325 1544 360 cognitorin
1555 331 1637 351 causa
1647 322 1779 357 Eutychis
1798 329 1870 348 anno

1081 373 1150 406 MS;
1163 372 1249 407 judex
1262 372 1289 399 in
1300 371 1418 399 concilio
1429 369 1647 398 Chalcedonensi
1663 375 1735 394 anno
1749 367 1810 394 451.
1823 367 1872 393 Est

1082 419 1116 446 ad
1125 426 1188 446 eum
1204 418 1299 445 Isidori
1315 417 1459 444 Pelusiotae
1473 416 1588 450 epistola
1603 422 1655 442 una
1666 414 1738 440 libro
1752 413 1777 444 l,
1789 411 1870 446 epist.

1082 465 1144 490 “6.
1156 465 1214 491 Non
1231 462 1407 490 mediocriter
1422 469 1465 489 res
1478 460 1678 488 ecclesiasticas
1691 459 1796 486 calluit.

1083 520 1203 555 Epistula
1216 519 1250 547 90
1260 539 1267 551 ,
1282 519 1464 554 deprecatoria
1478 517 1513 545 ad
1529 517 1685 552 Lupicinum
1707 515 1872 549 magistrum.

1115 578 1134 604 Ι.
1153 578 1190 604 De
1216 576 1350 611 Lupicino
1371 574 1440 602 nihil
1464 573 1610 601 admodum
1630 571 1783 601 observari,
1803 577 1873 604 pne~

1085 626 1207 656 terquam
1219 621 1291 656 quod
1305 620 1357 647 l’uit
1369 619 1498 654 magister
1511 618 1644 650 militum,
1661 617 1793 651 religione
1809 615 1873 641 illu—

1085 666 1159 697 stris,
1173 669 1200 692 et
1215 669 1286 691 notae
1298 664 1427 691 omnibus
1440 663 1561 690 virtutis.

1119 711 1150 737 il.
1175 710 1227 743 Qui
1252 709 1361 744 scripsit
1377 708 1517 743 nuper",
1540 707 1574 734 ad
1593 714 1655 734 eum
1675 706 1766 732 datam
1791 704 1875 731 fuisse

1086 756 1266 787 sanctionem,
1277 761 1331 789 qua
1342 753 1532 780 Theodoretus
1540 751 1687 787 jubebatur
1697 757 1726 777 se
1735 749 1875 777 continuem

1086 801 1174 837 Cyro;
1199 808 1254 827 non
1269 800 1382 835 legerat.
1399 799 1509 833 opinor,
1532 797 1654 824 Graecam
1667 794 1874 829 inscriptionem

1086 847 1169 881 hujus
1189 845 1320 880 epistolae,
1345 848 1373 871 et
1384 850 1480 870 vocem
1494 849 1576 869 unam
1596 840 1717 875 epistolae
1737 839 1787 871 8‘2;
1812 844 1876 864 cum

1087 893 1160 920 enim
1174 892 1203 919 in
1220 890 1317 918 Latina
1335 889 1462 916 versione
1477 888 1620 921 utriusque
1639 885 1692 912 loci
1709 885 1815 911 videret
1826 883 1876 909 ad-

1088 938 1206 965 hibitum
1230 934 1353 971 magistri
1379 941 1479 961 nomen
1494 953 1501 965 ,
1522 932 1646 959 eamdem
1673 937 1733 958 esse
1758 927 1877 956 credidit

1087 983 1323 1020 signiﬁcationem.
1348 981 1448 1008 Verum
1468 980 1498 1007 in
1525 978 1641 1013 epistola
1662 976 1707 1008 εἳ,
1725 980 1768 1003 est
1793 982 1875 1009 στρα-

1086 1030 1172 1065 τηγῷ,
1181 1037 1241 1064 qum
1251 1035 1301 1055 vos
1314 1026 1474 1062 magistrum
1484 1024 1602 1051 militum
1616 1021 1752 1058 signiﬁcat
1763 1029 1769 1054 ;
1781 1021 1809 1047 in
1822 1020 1875 1046 hac

1091 1076 1242 1112 μαγίστρῳ,
1260 1080 1320 1108 quae
1331 1071 1454 1107 magistri
1469 1070 1620 1098 oﬁiciorum
1629 1067 1740 1104 propria
1753 1070 1805 1093 est.

1125 1119 1167 1146 Ill.
1178 1119 1206 1146 Id
1215 1125 1280 1145 vero
1289 1116 1450 1147 notandum,
1463 1114 1535 1150 quod
1548 1113 1630 1141 tradit
1638 1112 1837 1142 Theodore-tus,
1847 1117 1876 1136 se

1087 1167 1141 1201 jam
1158 1163 1309 1192 senectutis
1329 1166 1430 1189 metam
1454 1161 1607 1195 ingressum
1624 1167 1630 1185 ι
1649 1163 1749 1185 metant
1770 1157 1876 1190 utique,

1090 1220 1145 1238 non
1159 1218 1212 1245 qua
1227 1210 1330 1241 ﬁnitur,
1343 1208 1391 1235 sed
1407 1207 1480 1234 unde
1492 1206 1589 1240 incipit
1599 1208 1742 1235 senectus;
1761 1203 1818 1230 inec
1830 1210 1877 1228 au—

1089 1262 1144 1285 tem
1164 1256 1239 1283 varia
1256 1259 1297 1282 est
1313 1264 1318 1281 :
1335 1262 1397 1281 nam
1415 1261 1476 1288 qua:
1491 1252 1614 1283 minima,
1629 1255 1743 1278 octavus
1760 1253 1801 1276 est
1815 1255 1876 1282 sop-

1090 1302 1222 1334 tenarius,
1245 1301 1272 1328 id
1290 1305 1341 1333 est,
1368 1307 1456 1326 anuus
1479 1298 1566 1325 :etatis
1591 1297 1640 1330 56;
1667 1304 1727 1331 quae
1750 1295 1878 1327 maxima,

1091 1356 1179 1375 nonus
1192 1345 1374 1381 septenarius,
1385 1345 1431 1379 qui
1443 1344 1476 1371 U3
1490 1344 1576 1371 aetatis
1588 1350 1688 1371 annus;
1703 1349 1764 1376 qtne
1778 1340 1876 1371 media,

1091 1401 1178 1420 annus
1192 1392 1302 1419 circiter
1322 1391 1366 1417 60.
1383 1390 1469 1423 Quam
1483 1390 1516 1417 de
1532 1389 1620 1416 tribus
1636 1388 1731 1415 statuit
1751 1386 1878 1413 Theodo-

1093 1439 1187 1466 retus?
1207 1437 1234 1464 Si
1253 1437 1405 1467 minimam,
1427 1440 1503 1462 ortus
1524 1435 1610 1469 ipsius
1623 1433 1769 1466 contigisse
1784 1432 1879 1458 dicen-

1092 1485 1142 1511 dus
1155 1489 1197 1511 est
1216 1491 1288 1510 anno
1300 1483 1347 1509 591
1362 1491 1369 1514 ;
1390 1481 1412 1508 si
1427 1481 1582 1512 maximam,
1600 1487 1671 1506 anno
1688 1479 1756 1510 58i;
1781 1478 1802 1505 si
1821 1485 1879 1504 me-

286 1538 307 1565 l.
328 1538 390 1566 llaec
406 1542 433 1565 et
445 1538 504 1565 aliae
523 1543 723 1574 consequentes
737 1547 790 1565 una
803 1544 831 1566 et
845 1538 940 1573 Viginti
961 1539 1040 1565 unius

1098 1531 1176 1561 diam,
1193 1536 1264 1556 anno
1292 1528 1354 1559 586,
1380 1526 1515 1561 siquidem
1541 1525 1599 1552 inec
1619 1524 1734 1559 cpistola
1762 1523 1824 1550 data
1839 1527 1880 1549 est

253 1588 317 1610 sunt
335 1584 501 1618 argumenti,
527 1584 663 1618 uniusque
688 1584 838 1618 temporis,
866 1589 894 1610 et
916 1584 944 1610 in
959 1591 1040 1610 unam

252 1629 365 1656 directa:
377 1630 514 1657 civitatem
527 1629 640 1664 regiam,
659 1629 692 1656 ad
707 1637 788 1664 quam
806 1629 910 1656 scilicet
926 1629 1041 1664 delegati

252 1682 286 1701 ex
301 1673 412 1701 Oriente
426 1674 546 1708 episcopi
564 1674 722 1708 pergebant.

288 1719 320 1745 ll.
344 1719 417 1745 Missi
436 1723 500 1746 sunt
523 1727 589 1745 vero
608 1719 728 1754 episcopi
755 1719 810 1751 illi,
838 1723 868 1746 ιιι
892 1719 1041 1754 legatorum

253 1764 378 1791 Dioscori
397 1764 585 1791 molitionibus
603 1765 779 1797 obsisterent,
795 1769 877 1800 atque
891 1764 1042 1792 accusatio-

254 1817 316 1836 nem
333 1810 463 1837 adversus
475 1810 628 1838 Orientales
645 1811 789 1845 ipsumque
809 1811 934 1845 inprimis
954 1811 1043 1837 Theo-

255 1855 382 1882 dorctnm
394 1855 427 1882 de
441 1855 530 1882 diviso
548 1856 575 1882 in
592 1856 661 1883 duos
673 1855 742 1883 ﬁlios
753 1856 862 1884 Christo
874 1857 1021 1884 diluerent.

288 1901 333 1928 lll.
345 1901 414 1928 Sunt
427 1906 518 1929 autem
530 1901 591 1928 duae
606 1906 635 1929 et
647 1902 743 1937 viginti
760 1902 882 1937 epistolas
892 1911 906 1929 a
918 1902 1045 1929 Theodo-

257 1951 316 1973 reto
333 1954 405 1973 anno
418 1947 468 1973 1H7
485 1951 601 1974 exeunte
619 1947 728 1982 scripta:
741 1948 774 1975 ad
793 1947 938 1982 optimates
954 1948 1046 1975 trede-

256 1992 321 2024 cim,
336 1991 480 2027 episcopos
494 1996 560 2024 tres,
578 1992 753 2028 presbyteros
768 1993 837 2020 duos
848 2014 854 2026 ,
869 2001 1026 2020 meonomos
1038 1994 1046 2003 '

255 2038 358 2072 pariter
371 2037 450 2070 duos,
467 2042 495 2065 et
505 2038 672 2065 diaconissas
686 2039 810 2066 totidem.

291 2083 335 2111 Ν.
356 2083 470 2117 Scripta:
485 2087 559 2115 sunt,
572 2084 695 2118 inquam,
707 2091 778 2111 anno
788 2084 856 2116 M7;
872 2092 962 2119 neque
973 2085 1048 2112 enim

257 2133 407 2164 potuerunt
433 2128 556 2161 tardius,
587 2136 649 2156 eum
679 2129 795 2164 profecti
823 2129 878 2156 sint
902 2129 1046 2157 Antiochia

256 2175 337 2210 335
353 2175 435 2210 legati
447 2175 576 2202 scevientc
591 2175 681 2202 hieme
691 2194 698 2207 ,
712 2179 740 2202 et
757 2175 874 2202 needmn
889 2179 979 2203 tamen
994 2175 1048 2203 Iba:

1092 1584 1163 1603 anno
1187 1575 1249 1601 M7.
1276 1573 1390 1600 Mediam
1414 1572 1531 1606 opinor:
1551 1570 1676 1605 congruit
1699 1570 1772 1596 enim
1797 1569 1882 1602 magis

1092 1631 1154 1650 cum
1168 1625 1233 1648 etcte
1240 1620 1275 1647 ris
1287 1619 1348 1646 Viue
1359 1617 1503 1653 adjunctis.

1093 1678 1212 1714 Epistula
1228 1678 1259 1705 9i
1277 1676 1458 1711 deprccuturia
1481 1675 1515 1701 nd
1533 1673 1702 1701 Eulrechium
1720 1672 1880 1707 prmfrctum.

1128 1734 1169 1761 Ad
1180 1741 1243 1760 eum
1260 1733 1373 1759 fuerunt
1390 1732 1446 1765 jam
1457 1730 1518 1757 dure
1533 1730 1666 1764 epistolae,
1683 1729 1715 1756 57
1734 1733 1762 1755 et
1783 1727 1827 1754 80.
1844 1728 1881 1754 Ex

1094 1780 1220 1807 omnibus
1233 1782 1348 1809 constat,
1359 1775 1536 1804 Eutrechium
1549 1774 1715 1803 Theodoreti
1730 1773 1813 1800 luisse
1825 1773 1882 1800 sin-

1094 1826 1215 1861 gularem
1231 1824 1348 1851 amicum
1370 1830 1402 1850 ac
1418 1826 1574 1857 patronum.

1096 1881 1217 1917 Epistula
1234 1881 1284 1912 92,
1305 1878 1487 1915 deprccaturia
1505 1877 1539 1904 ad
1560 1875 1713 1904 Anatolium
1733 1875 1883 1910 patricium.

1128 1937 1166 1963 De
1179 1934 1305 1962 Anatolio
1320 1933 1425 1961 dictum
1443 1936 1486 1959 est
1500 1932 1534 1958 ad
1547 1931 1691 1966 epistolam
1707 1930 1752 1957 45.
1773 1929 1822 1957 Hic
1837 1937 1885 1957 au-

1097 1987 1151 2009 tem
1167 1981 1289 2008 breviter
1316 1979 1442 2014 quidem,
1458 1977 1505 2004 sed
1518 1976 1618 2004 eximie
1642 1976 1785 2008 laudatur;
1805 1975 1887 2010 336

1096 2028 1196 2063 quippe
1214 2037 1222 2053 ι
1239 2026 1283 2053 cui
1296 2025 1487 2052 universorum
1501 2022 1635 2050 Dominus
1654 2026 1682 2049 et
1699 2021 1778 2048 ﬁdem
1796 2021 1884 2048 since-

1096 2082 1154 2101 ram
1168 2071 1312 2108 impertiit,
1329 2074 1358 2098 et
1375 2069 1518 2096 incensum
1531 2075 1582 2103 pro
1597 2075 1629 2094 ea
1646 2067 1745 2099 zelum,
1761 2071 1789 2094 et
1804 2073 1885 2093 orna-

1097 2125 1152 2147 tam
1171 2117 1317 2153 prudentia
1334 2119 1464 2147 mentem,
1477 2119 1505 2141 et
1520 2114 1601 2141 bonis
1617 2116 1749 2148 praeterea
1765 2111 1887 2139 consiliis

1098 2160 1332 2189 obsecundantem
1346 2158 1514 2185 facultatem.
1532 2167 1541 2182 ι

257 2221 291 2248 “5
303 2229 366 2248 cum
374 2221 438 2251 5Ui5
457 2221 545 2256 Tyriis
559 2221 661 2255 “Sim-3
672 2224 755 2253 esset:
768 2229 829 2255 (ιυω
844 2221 965 2256 Primum
985 2221 1048 2256 ΤΥΓῘ
1066 2222 1087 2249 D
1120 2227 1239 2264 Epistula
1248 2227 1293 2259 95,
1310 2225 1491 2260 deprecaturia
1504 2224 1539 2251 ad
1550 2223 1706 2251 Senatorem
1721 2222 1869 2257 patricium.

257 2275 352 2295 mense
371 2267 522 2295 Februario
535 2269 600 2295 anni
618 2268 670 2295 M8
686 2267 839 2303 composita
854 2271 905 2294 est.

291 2313 324 2340 V.
345 2313 404 2340 Jam
426 2321 492 2340 vero
509 2313 616 2340 Taurus
629 2334 636 2346 ,
655 2318 685 2341 ut
707 2319 750 2341 est
771 2313 800 2340 in
814 2311 1048 2348 prosopographia

258 2356 368 2385 Codicis
376 2357 558 2384 Theodosiani
569 2366 584 2384 a
592 2357 761 2385 ﬂotbol‘redo
771 2357 927 2388 informata,
938 2357 989 2384 fuit
1001 2364 1047 2384 co-

260 2411 317 2431 mes
333 2411 424 2430 rerum
439 2404 606 2438 privatarum
625 2412 697 2431 anno
714 2404 777 2436 416,
792 2402 889 2430 consul
900 2410 972 2429 anno
985 2401 1046 2434 428,

261 2450 404 2484 pnefectus
415 2450 542 2484 pnetorio
551 2455 578 2477 et
593 2450 734 2484 patricius,
755 2457 827 2476 anno
839 2449 901 2475 454.
918 2448 958 2475 Ad
968 2455 1047 2475 eum-

260 2495 322 2522 dem
343 2499 429 2522 exstat
452 2495 548 2522 Isidori
563 2495 707 2522 Pelusiotae
726 2493 840 2529 epistola
855 2492 904 2520 lib.
919 2493 947 2524 3,
965 2492 1046 2527 epist.

262 2541 323 2568 l9-l.
338 2541 511 2568 Marcellinus
522 2541 681 2569 defunctum
697 2541 939 2574 rel‘ertProtogcne
956 2543 984 2566 et
999 2538 1048 2565 As-

263 2587 333 2614 terio
346 2595 430 2619 coss.,
450 2587 476 2614 id
486 2591 538 2619 est,
551 2594 623 2614 anno
637 2586 698 2614 M9.

266 2643 384 2678 Epistula
404 2643 448 2676 89,
462 2643 644 2678 deprccuturia
660 2642 694 2669 ad
716 2641 879 2668 Florentium
899 2639 1048 2675 patricium.

299 2701 336 2726 De
350 2699 489 2727 Florentio
504 2699 561 2726 haec
574 2699 656 2725 habet
671 2697 901 2733 prosopographia
917 2704 979 2724 mox
992 2695 1052 2722 lau-

1133 2284 1174 2310 Ad
1189 2290 1252 2310 eum
1265 2281 1328 2309 data
1342 2283 1385 2308 est
1403 2280 1519 2315 epistola
1534 2279 1580 2310 44,
1595 2277 1629 2304 ad
1650 2285 1731 2312 quam
1745 2276 1888 2303 observata

1101 2332 1175 2360 sunt,
1188 2335 1249 2363 qua:
1259 2330 1448 2355 occurrerunt.

1102 2385 1221 2421 Epistula
1235 2385 1280 2416 94,
1300 2383 1483 2419 deprecatoria
1499 2381 1535 2408 ad
1544 2380 1717 2414 Protogenen:
1728 2377 1888 2412 prafeclum.

1134 2442 1197 2470 Fuit
1214 2442 1258 2468 ille
1282 2439 1429 2475 praefectus
1453 2436 1583 2473 praetorio
1610 2442 1682 2462 anno
1705 2434 1773 2465 ἄλης
1796 2433 1890 2460 consul

1103 2494 1174 2514 anno
1188 2485 1252 2518 H9;
1270 2484 1402 2520 patricius
1430 2490 1503 2510 anno
1517 2480 1585 2513 450;
1611 2486 1684 2506 unus
1698 2486 1731 2505 ex
1752 2477 1892 2513 judicibus

1103 2532 1211 2560 concilii
1224 2529 1453 2559 Chalcedonensis
1468 2535 1540 2555 anno
1555 2527 1600 2553 liii
1609 2546 1615 2552 .

1120 2588 1240 2625 Epistula
1251 2587 1296 2620 95,
1309 2585 1488 2621 deprecatoria
1503 2584 1537 2610 ad
1547 2583 1701 2610 Antiochum
1713 2580 1872 2616 prmfuclum.

1138 2645 1158 2672 l.
1175 2645 1237 2672 Hec
1247 2644 1280 2671 de
1288 2642 1421 2670 Antiocho
1431 2641 1457 2668 in
1470 2638 1703 2675 prusopograpliia
1718 2637 1800 2665 semel
1811 2640 1893 2670 atque

1108 2693 1207 2720 iterum
1227 2690 1345 2718 laudata.
1360 2689 1421 2716 Fuit
1438 2687 1489 2715 sub
1502 2686 1657 2714 Theodosio
1669 2684 1781 2712 Juniore
1796 2682 1892 2717 pratic-

963 2770 1118 2800 SCHL'LZII
1139 2769 1252 2798 NOTAE.

304 2835 325 2850 ⁷⁵
343 2834 402 2862 Vid.
420 2841 512 2868 supra,
530 2842 556 2868 p.
575 2834 636 2861 329.
