1967 3047
60 131 115 163 285

61 231 146 259 Basso
160 239 234 259 anno
255 232 316 260 151.
345 232 464 261 Multum‘
477 235 634 263 contulitad
645 236 756 264 Codicis
768 237 858 264 Theo-

59 278 169 305 dosiani
187 278 350 312 editionem,
373 284 403 307 ut
415 280 538 308 declarat
561 281 620 315 ipse
638 282 810 310 Theodosius
829 284 857 310 in

60 323 115 350 line
134 323 250 351 novella:
268 324 293 350 1.

91 369 126 396 ll.
142 370 213 397 Sunt
237 370 285 405 qui
303 374 413 405 putent,
439 371 553 398 indicari
576 373 682 400 "ouilia
709 373 855 401 Theodosii

58 414 106 447 55,
124 423 187 450 qua:
207 415 279 442 edita
303 423 375 442 anno
387 417 456 449 444,
478 417 643 445 Antiochum
669 425 732 446 ante
753 427 854 447 annum

59 462 113 489 644
136 461 194 488 vita
217 469 277 489 esse
292 460 427 489 functum.
455 463 555 491 Putant
580 472 645 491 vero
671 469 783 500 propter
797 466 855 493 haec

59 507 165 535 verba:
185 518 194 534 ι
221 508 249 535 Si
274 517 327 544 qua
351 509 488 537 invocatio
508 515 570 546 post
588 511 853 540 administrationem

60 555 177 582 illustris
184 557 325 584 memoria:
332 557 461 584 Antiochi
473 557 544 584 facta
555 563 606 590 est;
620 568 629 584 ι
645 563 672 585 et
683 559 733 586 ista
746 569 752 585 :
769 569 777 584 ι
791 559 853 587 Suf-

60 601 143 629 ficere
156 602 285 629 novimus
297 602 376 635 illud,
388 603 461 637 quod
474 603 590 631 illustris
603 605 743 631 memoria:
755 605 852 632 Antio—

59 648 129 674 chus
137 652 202 675 ante
217 656 246 675 se
262 648 390 677 relevatis
407 648 515 676 indixit.
536 659 545 675 ι

95 692 103 701 '
121 691 165 719 IlI.
186 692 287 719 Verum
305 693 397 720 obstat
416 693 582 720 Theodoreti
608 694 754 722 scribentis
778 703 851 723 anno

55 737 108 764 447
121 738 284 765 auctoritas.
304 737 401 766 Obstat
422 743 451 766 et
471 739 645 766 Marcellinus
659 740 686 766 in
702 739 830 768 Chronica
841 763 848 774 ,

56 783 104 810 ubi
115 783 149 810 ad
168 784 341 811 consulatum
358 784 476 812 Zenonis
495 789 522 812 et
535 785 715 817 Postumiani,
731 786 778 820 qui
799 795 848 814 an-

55 838 109 856 nus
125 829 189 862 «148,
204 830 356 857 Antiochus
372 830 517 865 praefectus
528 831 656 865 praetorio
674 831 775 858 dicitur
790 836 848 859 lur-

55 884 100 903 rcs
114 881 142 903 et
158 883 252 911 portas
265 876 328 910 igne
339 880 450 904 exustas
464 876 603 905 refecisse.

88 922 134 949 IV.
164 922 332 949 Eunuchum
349 921 432 950 tradit
457 922 571 956 Suidas;
599 923 699 952 favisse
726 924 850 952 Nestorio

52 967 121 994 inde
133 968 286 1002 colligitur,
298 967 373 1002 quod
385 968 445 1003 ejus
459 975 602 997 sermones
619 969 780 1006 litterasque
792 970 852 999 Cte-

54 1014 156 1041 lestino
171 1022 248 1049 papa:
261 1014 362 1042 detulit
375 1014 408 1041 ⁷⁸.

83 1070 204 1105 Epistula
215 1070 261 1103 96,
281 1070 464 1106 deprccatort'a
483 1071 518 1098 ad
534 1071 649 1098 Nomum
668 1072 822 1107 patricium.

88 1127 129 1154 De
148 1126 236 1154 Nomo
256 1126 362 1154 dictum
378 1130 421 1154 est
436 1127 470 1154 ad
491 1127 620 1162 epistolas
638 1128 671 1156 58
688 1132 716 1156 el
730 1128 774 1162 81,
787 1129 849 1164 qui-

52 1173 107 1200 bus
118 1172 245 1207 queritur
258 1172 463 1205 Theodoretus,
483 1181 539 1201 non
554 1173 638 1202 fuisse
661 1175 824 1210 rescriptum
841 1184 848 1202 :

56 1226 65 1241 «
87 1216 199 1251 Bisjam
221 1224 285 1243 cum
312 1216 482 1251 scripserim,
513 1225 545 1245 ac
566 1222 608 1245 ter
625 1219 718 1251 etiam,
740 1220 848 1255 opinor,

51 1269 216 1296 responsum
228 1269 283 1288 non
298 1262 401 1296 accepi.
418 1272 426 1288 ι

71 1318 194 1353 Epistola
211 1319 255 1351 97,
268 1319 452 1354 deprecatoria
475 1321 510 1347 ad
527 1321 682 1355 Sparacium
700 1325 830 1351 comitem.

85 1374 267 1402 Consulatum
281 1375 366 1410 gessit
380 1383 453 1404 anno
464 1377 525 1409 452,
545 1385 607 1404 cum
619 1386 691 1406 anno
707 1380 849 1414 superiore

51 1420 189 1448 adfuisset
206 1421 278 1448 inter
296 1421 405 1456 judiees
429 1423 548 1450 concilio
561 1423 788 1453 Chalcedonensi.
805 1426 846 1461 Ip-

51 1466 112 1493 sius
125 1466 282 1494 hortatione
297 1467 407 1502 scripsit
422 1468 615 1497 Theodoretus
630 1470 731 1498 librum
745 1472 848 1500 Adver-

51 1520 97 1539 sus
114 1513 238 1539 hereses.
255 1512 334 1545 Vide,
349 1521 410 1548 qua:
429 1514 638 1542 observavimus
651 1516 684 1543 ad
702 1518 846 1552 epistolam
861 1530 882 1559 ο

51 1558 268 1593 Supposititiam.

139 1615 262 1651 Epistola
275 1615 320 1650 98,
337 1617 522 1652 deprecatoria
538 1619 573 1645 ad
589 1619 779 1648 Pancharium.

84 1674 160 1701 Inter
183 1674 306 1701 illustres
321 1674 458 1701 exstitisse
486 1679 593 1702 certum
615 1680 670 1708 est,
695 1677 850 1713 insignique

53 1726 171 1746 munere
186 1718 364 1751 defunctum;
377 1719 424 1746 sed
437 1720 501 1754 quis
517 1720 551 1748 de
567 1726 665 1749 czctero
682 1723 776 1756 fuerit,
790 1725 851 1752 nul-

52 1765 99 1792 lus
112 1765 181 1792 scio.

53 1820 177 1856 Epistola
192 1821 236 1853 99,
252 1821 434 1859 deprecatoria
459 1822 495 1859 ad
522 1821 702 1851 Claudianum
726 1826 847 1859 amigra-

386 1857 520 1892 pltarium.

89 1903 128 1929 De
141 1902 293 1930 Claudiano
313 1902 365 1929 tria
381 1907 517 1930 constant.
542 1904 566 1930 1.
583 1904 660 1937 Quod
682 1906 782 1940 smpius
799 1915 848 1934 au-

53 1949 158 1976 diverit
178 1948 396 1980 Theodoretum,
410 1956 471 1975 eum
494 1949 578 1977 verba
592 1950 696 1978 faceret
709 1953 742 1979 ad
762 1961 848 1988 popu-

53 1995 112 2021 lum
136 1994 217 2029 337
241 1994 403 2022 Antiochiae.
430 1994 457 2021 2.
487 1994 566 2028 Quod
583 2004 646 2023 cum
672 1999 809 2033 acciperet
831 2009 846 2027 a

53 2040 231 2068 Theodoreto
262 2041 388 2072 litteras,
416 2041 500 2067 fuerit
525 2041 597 2069 inter
623 2044 844 2072 catechumenos.

53 2086 81 2112 3.
100 2084 179 2117 Quod
202 2085 424 2120 antigrapharius
448 2086 493 2113 ille
509 2092 670 2115 censeretur
690 2089 762 2116 inter
784 2090 846 2116 illu-

54 2134 127 2156 stres
146 2138 153 2156 :
174 2130 245 2156 unde
263 2130 473 2165 magnificentia:
491 2131 603 2159 nomine
626 2140 641 2159 a
671 2133 845 2162 Theodoreto

54 2176 247 2210 compellatur.
262 2176 326 2202 Fuit
345 2184 411 2203 vero
433 2176 618 2212 ἀντιγραφεὺς
635 2179 708 2213 apud
727 2179 844 2212 Graecos,
863 2198 883 2225 υ

54 2229 138 2256 quem
153 2221 222 2248 Galli
246 2225 346 2248 vocant
363 2221 520 2250 Contréleur
534 2223 643 2258 ge’néral
662 2224 706 2251 des
717 2224 845 2259 ﬁnances.

54 2266 96 2294 Ad
115 2274 178 2293 eum
194 2271 259 2293 sunt
277 2267 346 2299 alim,
373 2275 432 2294 mea
449 2267 561 2302 quidem
589 2270 736 2303 sententia,
751 2270 849 2298 litterae

56 2313 86 2339 Η
103 2316 130 2339 et
146 2312 180 2338 50
192 2313 225 2338 ⁷⁷.

128 2368 247 2402 ΕμίδιοΙα
264 2368 324 2400 100.
341 2369 376 2396 ad
387 2369 570 2397 Alexandrum
583 2371 769 2399 diarottissam.

91 2414 113 2441 l.
140 2414 203 2441 llmc
226 2418 269 2441 est
288 2415 452 2448 Alexandra,
474 2424 556 2450 quam
574 2416 602 2443 in
626 2417 704 2444 obitu
725 2418 848 2453 conjugis

54 2460 215 2487 consolatus
246 2465 288 2488 est
315 2461 504 2489 Theodoretus
540 2463 623 2497 epist.
657 2464 705 2495 14,
731 2471 846 2499 quaeque

55 2513 134 2532 more
157 2505 390 2545 nobilissimarum
406 2507 552 2534 viduarum
569 2507 596 2534 in
621 2508 806 2536 diaconissam
830 2518 844 2537 a

53 2551 164 2583 Proelo,
177 2552 408 2586 quemadmodum
429 2561 445 2580 a
457 2553 652 2589 Chrysostomo
665 2555 741 2589 prius
753 2555 845 2591 Olym-

52 2594 125 2629 pias,
139 2595 265 2623 ordinata
277 2600 329 2624 est.

88 2640 123 2667 ll.
138 2639 202 2668 Haec
216 2641 383 2670 Theodoreti
398 2649 500 2678 partes,
517 2650 548 2672 ut
559 2645 616 2680 ipse
631 2645 732 2676 innuit.
748 2644 843 2672 defen—

53 2684 148 2717 derat,
165 2686 278 2721 suisque
295 2686 322 2714 id
341 2688 442 2716 litteris
461 2690 667 2718 renuntiaverat
685 2690 769 2717 :huic
787 2690 842 2725 epi-

53 2737 154 2764 scopos
170 2732 345 2759 commendat
361 2733 460 2767 opibus
474 2738 501 2760 et
513 2742 580 2761 cura
593 2734 771 2770 adjuvandos.

725 2811 882 2839 SClllillll

91 2852 113 2869 ’⁸
127 2853 228 2889 Ephes.
241 2854 352 2887 concil.,
370 2860 440 2890 part.
462 2864 479 2883 ι.

651 137 699 166 DE
720 138 847 167 LlBlllS
866 139 1119 174 ΤΗΕΟΒΟΗΕΤΙ.

60 193 124 214 ctus
138 187 267 222 praetorio
290 195 363 216 anno
386 189 437 216 427
449 210 456 222 ,
470 190 522 216 4‘50
543 195 570 218 et
589 191 637 218 451
653 201 660 224 ;
682 193 777 220 consul
795 201 857 220 cum
874 197 894 223 Λ

868 864 889 890 Β

1645 148 1698 179 286

998 198 1118 234 Epistula
1137 200 1200 232 101,
1217 200 1252 226 ad
1263 200 1412 228 Celeriuam
1424 201 1609 229 diucouissam.

942 254 963 280 l.
978 253 1064 289 llujus
1079 255 1192 289 pariter,
1205 255 1305 282 nobilis
1316 257 1411 290 procul
1423 256 1508 284 dubio
1519 257 1697 293 fetninze,po—

910 300 993 328 tentia
1011 302 1142 329 utendum
1159 304 1265 337 putavit
1284 303 1483 331 Theodoretus.
1499 304 1598 331 Mirum
1612 305 1697 338 enim,

908 351 1040 380 quantum
1057 352 1131 375 totus
1148 348 1193 375 hie
1208 349 1423 376 diaconissarum
1440 350 1508 377 ordo
1525 355 1552 377 et
1567 350 1698 386 dignitate

906 395 934 418 et
950 392 1113 420 auctoritate
1128 393 1253 427 polleret,
1271 399 1300 421 ut
1324 394 1351 421 in
1366 395 1455 429 ipsum
1471 395 1595 430 redigere
1615 397 1696 425 vellet

906 437 1078 465 Theodosius
1096 439 1270 466 Pulcheriam
1295 439 1446 475 Augustam
1473 449 1612 474 sororem,
1642 450 1697 476 quo

905 482 1061 511 interdictis
1076 485 1255 512 saecularibus
1266 485 1351 518 curis,
1371 489 1427 512 tota
1439 491 1552 513 vacaret
1563 487 1696 514 ecclesia-

904 530 981 557 sticis
999 534 1026 558 et
1037 530 1147 558 divinis.

938 576 970 603 ll.
999 576 1175 605 Observanda
1205 578 1271 605 duo.
1297 578 1321 604 1.
1347 577 1501 605 Celerinam
1529 578 1695 605 Theodoreti

903 629 1016 656 operum
1034 623 1119 649 fuisse
1131 623 1282 650 studiosam
1299 632 1305 650 :
1320 623 1394 651 unde
1405 623 1478 650 enim
1488 623 1589 658 alioqui
1604 623 1698 650 sciris-

902 671 953 700 sct,
971 675 1030 702 quae
1048 668 1118 695 foret
1133 668 1219 703 ipsius
1234 676 1322 701 mens,
1339 668 1392 695 nisi
1411 672 1458 694 aut
1470 667 1640 694 Antiochena
1654 667 1695 694 di.

901 718 980 740 eatur
990 734 996 745 ,
1017 718 1064 740 aut
1077 714 1230 741 Antiochia:
1254 714 1302 741 diu
1314 713 1444 741 versata?
1459 713 1486 739 ΕΞ.
1505 712 1653 747 Ειιίδροιιος
1668 720 1697 739 se

901 759 1009 786 dedisse
1025 759 1051 786 in
1062 759 1145 791 viam,
1161 759 1260 786 hiemis
1274 759 1420 794 asperitate
1438 762 1603 793 contempta,
1616 762 1697 792 atque

900 804 970 832 adeo
990 804 1041 832 sub
1058 804 1139 831 finem
1152 804 1216 832 anni
1229 805 1292 832 447.

957 860 1078 897 ΕρίδιοΙα
1099 861 1161 894 102,
1179 861 1391 896 expostulatoria
1404 862 1439 888 ad
1450 860 1578 888 Basiliam
1592 861 1647 895 epi—

1240 904 1356 931 scopum.

939 951 1070 980 Seleucia:
1080 953 1240 988 episcopum
1250 973 1257 985 ,
1276 952 1388 980 Isauriae
1397 953 1543 988 primatem
1563 952 1696 988 intellige,

902 998 935 1025 ad
950 1006 1031 1033 quem
1042 1003 1084 1026 est
1096 999 1212 1034 epistola
1227 999 1271 1027 85.
1288 999 1356 1027 Vide
1369 1006 1431 1034 qua:
1447 999 1481 1025 ad
1500 999 1587 1033 ipsam
1600 998 1697 1025 obser-

902 1047 963 1070 vata
1000 1047 1066 1070 sunt
1088 1043 1122 1071 de
1139 1043 1251 1071 Basilio.
1270 1044 1333 1071 Fuit
1358 1044 1404 1071 ille
1424 1043 1556 1078 frequens
1577 1043 1605 1070 in
1628 1042 1697 1069 urbe

901 1088 984 1124 regia,
1001 1088 1194 1124 serviebatque
1207 1089 1324 1123 tempori
1340 1097 1346 1116 :
1358 1096 1419 1123 qua:
1431 1088 1481 1115 fuit
1493 1095 1585 1120 causa,
1599 1095 1650 1114 cur
1662 1087 1696 1114 ab

901 1142 934 1162 eo
946 1141 975 1161 se
985 1133 1135 1166 desertum,
1149 1134 1177 1161 in
1196 1134 1248 1162 hac
1258 1134 1436 1162 inclinatione
1446 1142 1549 1165 rerum,
1569 1133 1697 1160 Theodo-

901 1184 976 1207 retus
990 1184 1164 1214 quereretur.

902 1235 1023 1271 Epistola
1036 1235 1098 1268 105,
1107 1237 1322 1263 commendatitia
1335 1236 1369 1262 ad
1384 1235 1553 1271 Apollonium
1565 1235 1694 1261 comitem.

933 1291 953 1318 l.
969 1291 1032 1318 Fuit
1056 1291 1218 1326 Apollonius
1240 1298 1333 1318 comes
1358 1298 1498 1317 sacrarunt
1519 1289 1693 1324 largitionum

900 1343 973 1362 anno
982 1336 1044 1367 456,
1063 1340 1094 1362 ut
1106 1339 1213 1362 constat
1231 1343 1263 1362 ex
1279 1335 1296 1361 l.
1310 1335 1360 1361 ult.
1375 1334 1414 1361 De
1430 1332 1596 1368 murilegulis
1608 1353 1615 1366 ,
1630 1333 1694 1360 data

899 1382 1150 1417 Constantinopoli.

931 1428 963 1455 ΙΙ.
982 1428 1022 1456 Ad
1039 1428 1128 1463 ipsum
1143 1427 1246 1461 scripta
1260 1431 1302 1453 est
1320 1425 1436 1460 epistola
1452 1425 1496 1457 75,
1509 1433 1590 1459 quam
1604 1432 1696 1460 opera:

900 1474 1018 1509 pretium
1031 1478 1073 1501 est
1086 1480 1292 1509 recognoscere.
1307 1472 1381 1499 lnter
1394 1472 1482 1506 ipsum
1495 1475 1523 1498 et
1537 1470 1697 1497 Theodore-
1715 1468 1722 1473 ’

901 1523 958 1545 tum
979 1518 1136 1546 intercessit
1161 1518 1292 1550 amicitia,
1318 1518 1375 1545 sive
1397 1525 1480 1553 quam
1504 1518 1615 1549 litterae,
1637 1517 1695 1544 sive

903 1571 984 1598 quam
1004 1571 1167 1598 congressus
1181 1563 1317 1598 pepererit
1327 1568 1354 1590 et
1367 1563 1475 1590 foverit.

902 1629 1023 1664 Epistula
1038 1629 1098 1661 101,
1115 1629 1298 1664 deprecatoria
1315 1628 1350 1655 ad
1369 1628 1527 1655 Flavianum
1540 1627 1693 1655 Constanti-

1154 1664 1255 1698 nopolis
1275 1664 1434 1698 episcopum.
1576 1695 1583 1702 ἥ,

932 1721 952 1748 l.
969 1721 1006 1747 De
1022 1719 1154 1747 Flaviano
1169 1718 1252 1746 semel
1272 1718 1388 1752 epistola
1403 1717 1446 1749 11,
1464 1717 1564 1744 iterum
1578 1717 1694 1751 epistola

900 1767 933 1794 86
950 1767 1053 1793 dictum
1067 1770 1119 1793 est.

937 1811 968 1838 ll.
996 1810 1077 1838 Nunc
1101 1809 1274 1837 observanda
1290 1808 1353 1836 tria.
1379 1808 1455 1836 Hanc
1475 1808 1619 1842 epistolam
1644 1815 1690 1843 per

899 1855 1046 1890 episcopos
1061 1855 1166 1889 legatos
1178 1853 1290 1880 missam
1305 1854 1312 1863 '
1328 1852 1451 1888 ejusdem
1467 1859 1527 1879 esse
1540 1852 1694 1887 argumenti

897 1901 980 1936 338
992 1908 1054 1927 cum
1075 1899 1241 1933 octogesima
1263 1901 1356 1929 sexta,
1380 1896 1433 1924 nisi
1452 1896 1525 1931 quod
1544 1896 1642 1931 dogma
1659 1896 1694 1924 dc

898 1954 953 1972 uno
967 1945 1034 1972 Filio
1050 1943 1183 1979 prolixius
1199 1942 1357 1977 exponitur.
1373 1942 1400 1968 2.
1420 1940 1488 1968 Cum
1511 1945 1694 1968 recensentur

898 1991 1030 2023 lncretici,
1047 1990 1094 2025 qui
1108 1989 1143 2016 de
1158 1988 1269 2016 Christo
1293 1995 1374 2015 secus
1388 1994 1469 2021 quam
1483 1990 1603 2021 oportet,
1628 1993 1693 2013 sen-

897 2044 968 2067 sere,
986 2043 1041 2062 non
1054 2033 1185 2069 appellari
1202 2033 1322 2060 Nestorii
1339 2040 1451 2059 nomen.
1470 2032 1496 2058 5.
1514 2031 1579 2065 ρυτε
1593 2032 1690 2059 dicun-

898 2087 943 2108 tur
970 2081 1004 2107 tle
1024 2080 1130 2106 ratione
1155 2078 1275 2110 diversa,
1301 2085 1354 2111 qua
1371 2077 1568 2112 disputandum
1595 2081 1639 2104 est
1658 2077 1693 2105 de

897 2125 1084 2154 incarnatione
1104 2124 1236 2152 adversus
1249 2123 1376 2150 diversos
1392 2122 1548 2154 hmreticos,
1577 2123 1692 2150 totidem

898 2173 954 2199 fere
969 2172 1060 2199 verbis
1082 2171 1108 2197 in
1131 2169 1254 2205 dialogo,
1270 2168 1317 2204 qui
1331 2168 1433 2196 dicitur
1449 2167 1614 2202 Inroufusus,
1627 2175 1693 2195 con-

899 2217 992 2245 tineri.

900 2272 1023 2309 Epistola
1042 2271 1108 2303 105,
1135 2270 1285 2297 hortatoria
1313 2270 1347 2296 ad
1362 2268 1504 2303 Eulogium
1519 2276 1689 2296 a'couomum.

938 2328 1066 2363 Ejusdem
1089 2331 1132 2354 est
1150 2325 1306 2361 argumenti
1327 2333 1389 2352 cum
1412 2323 1633 2359 praecedentibus
1648 2324 1690 2351 vi-

898 2374 978 2409 ginti.
993 2374 1099 2407 Quanta
1112 2373 1196 2400 fuerit
1208 2373 1236 2399 in
1255 2371 1378 2399 Ecclesia
1389 2370 1690 2405 Constantinopolitana

898 2426 1105 2446 ceeonomorum
1132 2418 1277 2453 potentia,
1306 2424 1388 2444 nemo
1416 2416 1544 2443 eruditus
1577 2415 1689 2443 nescit:

896 2467 1000 2498 quanto
1011 2463 1123 2498 pietatis
1131 2463 1222 2490 studio
1236 2461 1440 2493 incenderetur,
1456 2465 1613 2496 quantaque
1626 2460 1691 2488 inde

895 2517 909 2536 a
922 2509 1014 2536 multis
1028 2509 1112 2536 unius
1124 2512 1230 2536 naturae
1241 2507 1434 2535 defensoribus
1446 2506 1598 2534 certamina
1609 2506 1692 2533 susti-

895 2559 974 2582 neret
995 2554 1138 2589 Eulogius,
1158 2554 1351 2581 Theodoretus
1363 2553 1464 2586 tradit;
1483 2552 1566 2580 tradit
1587 2552 1690 2587 pariter

894 2599 1023 2626 edoctum
1037 2598 1135 2633 probe,
1151 2597 1208 2625 sive
1222 2597 1356 2625 librorum
1372 2597 1503 2629 lectione,
1518 2596 1592 2631 quod
1603 2596 1690 2631 magis

893 2652 968 2676 reor,
986 2644 1043 2672 sive
1054 2643 1237 2675 sermonibus,
1249 2650 1311 2677 qua:
1321 2642 1392 2669 foret
1414 2650 1492 2670 mens
1508 2641 1686 2674 Theodoreti,

894 2689 928 2716 de
942 2688 1140 2723 quaestionibus
1159 2695 1192 2715 ea
1212 2690 1377 2722 tempestate
1390 2686 1573 2719 ferventibus,
1587 2686 1619 2713 de
1632 2695 1688 2714 una

894 2735 1027 2761 ineat-uati
1040 2734 1113 2761 Verbi
1124 2739 1231 2766 natura,
1245 2733 1276 2760 de
1289 2733 1343 2760 Deo
1356 2741 1444 2768 passo,
1454 2737 1507 2760 etc.
1520 2732 1609 2766 Quare
1620 2732 1687 2759 hor-

903 2811 1017 2840 ΝΟΤΕ.

521 2857 540 2871 ’⁷
559 2857 617 2885 Vid.
642 2865 734 2892 supra,
752 2865 777 2892 p.
795 2857 846 2884 5‘20
861 2862 886 2884 et
908 2857 969 2885 5'13.
