1967 3047
800 110 813 118 ι

273 142 323 174 287

833 143 1021 173 GARNERII
1042 143 1288 174 DISSERTATIO
1307 144 1348 173 II.

1850 143 1905 175 288

273 205 347 228 tatur
363 199 397 226 ad
416 198 459 226 sui
476 197 665 226 defensionem
679 202 707 225 et
723 197 916 232 episcoporum
935 198 1063 225 sublcra-
1079 200 1101 227 A
1116 198 1239 224 futurum
1253 202 1323 231 erat,
1354 202 1384 225 ut
1399 206 1463 225 reus
1481 197 1558 225 ﬁeret
1580 198 1687 233 iniustae
1698 198 1814 232 alicujus
1825 199 1903 226 ordi-

274 247 387 274 tionem.

273 302 395 338 Epistola
412 301 472 334 106,
492 301 707 328 commendatitia
730 302 765 329 ad
786 302 967 329 Abrahamum
994 311 1061 330 wea-

610 345 688 363 nomu
692 346 728 364 m.

309 394 439 429 Ejusdem
455 393 568 420 omnino
583 392 737 428 argumenti
749 393 1005 428 cum'przecedente.

275 449 395 486 Epistola
409 449 469 482 107,
484 449 633 476 hartatoria
647 449 681 476 ad
696 449 855 476 Theodotum
871 450 1060 485 presbyterum.

308 505 424 533 Videtur
440 509 467 532 et
484 505 536 532 iste
548 506 662 539 'quoque
677 505 836 532 Theodotus
856 505 958 532 nobilis
977 505 1062 532 exsti-

275 552 340 579 tisse
366 551 437 578 inter
459 550 634 586 presbyteros
658 550 787 577 Ecclesia:
810 550 1062 586 Constantinopoli-

275 602 354 628 tanae,
369 601 514 631 partesque
525 595 690 623 Theodoreti
702 595 833 623 adversus
848 602 1063 631 propugnatores

277 643 358 669 unius
380 647 485 669 natura:
508 642 597 676 palam
619 645 647 669 et
667 650 729 669 cum
750 642 878 678 periculo.
897 641 1061 669 defendisse.

275 689 359 724 Cujus
375 688 504 716 Ecclesia:
522 695 570 715 seu
593 688 665 715 tituli
690 688 834 723 presbyter
855 687 949 720 fuerit,
971 688 1064 715 nullus

276 742 344 761 SCIO.

292 790 413 826 Epistolu
429 790 488 823 108,
505 791 652 817 hortataria
670 790 704 816 ad
716 790 839 817 Acacium
857 790 1044 825 presbyterum.

311 846 503 881 Orphanorum
526 847 577 874 iste
594 851 705 874 curator
722 846 839 874 Aeacius
856 856 861 873 :
877 847 928 873 fuit
941 847 1023 874 etiam
1036 847 1063 873 in
1081 865 1101 892 Β

277 892 401 927 partibus
421 892 597 924 Theodoreti,
620 900 721 926 easque
749 893 837 927 palam
862 897 890 920 et
908 897 1066 920 constanter

277 938 468 973 propugnavit.
486 938 617 965 ilortatur
631 938 835 970 Theodoretus,
849 943 878 965 ut
890 943 1063 973 perseveret;

277 989 358 1019 atque
371 984 449 1017 adeo,
465 984 538 1019 quod
551 984 758 1019 intelligendum
770 1006 776 1017 ,
793 985 908 1012 consilia
920 992 982 1012 cum
1004 985 1064 1020 epi‘

276 1031 369 1066 scopis
381 1030 575 1058 communicet.

277 1087 398 1120 Epistola
422 1087 483 1120 109,
505 1088 719 1129 commendatitia
743 1089 778 1115 ad
792 1088 934 1116 Eusebium
954 1088 1065 1124 Ancyra:

594 1131 753 1159 eptscopum.

312 1177 332 1204 1.
351 1177 392 1204 Ad
405 1177 533 1205 eumdem
553 1177 606 1205 fuit
625 1178 741 1213 epistola
764 1178 809 1212 82,
825 1179 859 1206 ad
872 1188 955 1214 quam
967 1180 1064 1207 obser-

277 1221 400 1249 vavimus
417 1230 477 1257 quae
498 1222 557 1250 visa
573 1227 638 1250 sunt
653 1222 687 1250 de
701 1223 822 1251 Eusebio
836 1233 842 1251 :
857 1233 935 1252 nunc
957 1225 992 1252 de
1004 1225 1064 1260 epi-

277 1268 357 1299 stola,
373 1276 434 1303 quae
450 1276 513 1295 eum
527 1268 746 1303 praecedentibus
760 1271 874 1305 reliquis
886 1271 947 1298 data
962 1276 1015 1299 est.

310 1314 343 1341 11.
358 1314 386 1340 1η
396 1322 427 1341 ea
438 1315 559 1349 primum
573 1323 602 1342 se
611 1315 802 1344 Theodoretus
814 1317 981 1346 consolatur.
991 1318 1066 1352 quod

277 1362 435 1385 sanctorum
457 1358 610 1386 calumnias
630 1367 773 1394 passorum
797 1361 921 1395 vestigiis
942 1361 1063 1389 insistat.

276 1403 380 1432 Deinde
394 1404 475 1432 fidem
490 1412 568 1433 suam
579 1405 614 1434 de
626 1414 682 1434 uno
695 1406 765 1434 Filio
778 1407 900 1442 exponit.
915 1407 1012 1435 Postea
1024 1408 1065 1435 lo-

276 1448 372 1483 quitur
393 1448 427 1476 de
450 1449 570 1485 scripto,
588 1459 644 1485 quo
661 1452 820 1486 complexus
844 1452 933 1480 fuerat
954 1453 1065 1480 Patrum

277 1494 432 1522 testimonia
448 1503 497 1530 pro
510 1503 539 1523 se
553 1496 697 1530 facientia;
715 1498 838 1533 petitque
855 1499 969 1526 rescribi
983 1499 1017 1526 ad
1035 1507 1065 1527 se

277 1540 311 1567 ab
325 1541 460 1574 Eusebio,
473 1542 539 1577 quid
561 1542 624 1570 inde
642 1544 769 1571 senserit.
791 1544 914 1579 Denique
929 1553 1066 1572 commen-
1080 1530 1102 1559 Ο

276 1584 324 1612 dat
354 1586 498 1621 episcopos
520 1587 627 1622 Ancyra
658 1588 838 1621 transituros,
859 1589 996 1624 traditque
1018 1597 1065 1617 eos

277 1631 367 1658 hieme
387 1632 438 1659 iter
452 1632 552 1660 facere.
574 1633 643 1661 Cum
666 1635 740 1662 enim
757 1639 972 1670 tempestuosum
993 1641 1066 1664 esset

276 1684 362 1708 mare,
381 1677 555 1712 intutumque
580 1678 826 1714 hiemis‘temporc,
849 1681 901 1708 iter
921 1682 976 1709 illis
992 1687 1066 1710 terra

277 1729 337 1748 esse
345 1722 451 1754 debuit,
460 1723 534 1758 quod
549 1728 578 1750 ut
587 1724 779 1752 brevissimum
790 1726 966 1760 conﬁcerent,
978 1733 1066 1756 trans-

277 1767 342 1793 ituri
364 1772 443 1795 erant
455 1768 562 1804 Ancyra
572 1768 692 1803 Galatiae,
710 1776 738 1798 et
748 1771 811 1799 inde
822 1774 941 1801 secundo
953 1774 1065 1803 ﬂumine

278 1812 410 1847 Sangario
427 1813 533 1841 devecti
559 1815 587 1842 in
611 1815 777 1851 Bithyniam,
799 1817 973 1847 Chalcedone
992 1820 1064 1848 Con-

278 1857 483 1891 stantinopolim
506 1860 658 1894 trajecturi.
677 1861 857 1894 Asperilatem
870 1864 951 1899 339
981 1873 1065 1900 porro

278 1901 378 1930 hiemis
389 1903 522 1935 meminit,
535 1904 665 1939 quoniam
681 1906 764 1933 Tauri
780 1909 881 1936 montis
904 1914 986 1944 atque
1010 1910 1066 1937 An-

280 1949 371 1976 titauri
386 1949 473 1978 vicina
486 1950 544 1977 loca
558 1953 726 1987 peragraturi
744 1958 833 1981 erant.

313 1995 356 2022 111.
375 1994 522 2030 Scriptum,
543 1998 622 2032 cujus
648 1999 816 2027 mentionem
837 2000 912 2033 facit,
938 2004 1065 2038 suspicor

277 2048 338 2068 esse
359 2041 552 2076 depromptum
565 2050 599 2070 ex
621 2044 742 2072 secundo
763 2045 888 2081 dialogo;
907 2056 958 2076 nec
976 2049 1010 2077 ab
1032 2058 1064 2078 ea

278 2086 389 2113 differre
420 2087 638 2115 testimoniorum
664 2089 776 2125 syllogc,
802 2099 863 2126 qua:
890 2095 1064 2127 postmodum

277 2131 369 2159 addita
391 2137 433 2159 est
454 2133 576 2167 epistola:
604 2135 689 2162 sancti
713 2136 823 2164 Leonis.

317 2188 437 2223 Epistola
452 2189 502 2216 110
516 2190 552 2216 ad
566 2190 696 2217 Domuum
706 2192 851 2220 Antiochia:
867 2196 1025 2231 episcopum.

313 2234 334 2262 l.
352 2234 463 2269 Spectat
481 2237 577 2271 procul
595 2237 679 2264 dubio
696 2238 730 2265 ad
754 2233 818 2266 anni
843 2241 892 2268 447
917 2242 1018 2269 ﬁnem:
1037 2243 1068 2270 fit

277 2281 351 2307 enim
367 2281 395 2307 in
411 2289 443 2308 ea
466 2283 568 2309 mentio
587 2283 709 2311 defuncti
723 2285 822 2318 Procli,
837 2286 883 2321 qui
905 2287 938 2314 ad
954 2295 1069 2323 superos

279 2325 388 2352 transiit
404 2325 639 2362 Constantinopoli
655 2336 719 2356 ann.
736 2330 798 2363 447,
822 2331 867 2359 die
883 2332 917 2359 21
931 2333 1066 2361 Octobris.

314 2370 346 2397 ll.
370 2370 413 2398 Fit
434 2375 461 2398 et
482 2372 585 2399 mentio
604 2373 785 2408 depositionis
808 2375 913 2408 lrenaei,
933 2386 994 2412 qua:
1005 2382 1070 2406 tunc

278 2420 327 2443 aut
346 2416 437 2444 futura
457 2417 530 2452 vulgi
547 2426 657 2446 rumore
667 2418 815 2453 ferebatur,
830 2425 877 2448 aut
893 2422 975 2449 etiam
991 2431 1069 2450 man-

279 2462 344 2489 dato
359 2461 533 2497 imperatoris
550 2464 661 2491 decreta
680 2469 750 2496 erat,
766 2466 855 2500 reipsa
867 2474 933 2493 vero
949 2472 1071 2502 postmo-

280 2508 346 2534 dum
357 2507 447 2534 edicto
459 2508 649 2542 praefectorum
660 2510 798 2544 publicata
811 2515 864 2545 est,
876 2512 904 2539 in
918 2513 1069 2542 Palaestina:

281 2553 479 2581 monachorum
496 2555 627 2582 Ecclesiis
650 2563 722 2582 anno
743 2556 805 2589 M8,
822 2556 867 2585 die
895 2558 929 2586 18
955 2558 1068 2594 Aprilis,

280 2607 341 2634 quae
365 2600 417 2627 fuit
440 2600 497 2626 Néa.
520 2601 649 2635 κυριακή.

319 2647 362 2673 111.
383 2646 514 2679 Queritur
527 2647 727 2680 Theodoretus,
743 2649 817 2676 tendi
831 2649 883 2677 sibi
900 2650 1023 2683 insidias,
1038 2659 1071 2679 c0

282 2692 356 2727 quod
371 2692 472 2726 deponi
488 2693 619 2720 lrenzeum
633 2693 730 2728 jubeat
753 2695 912 2730 imperator,
931 2705 982 2724 nec
993 2705 1071 2724 man-

285 2737 331 2764 det
349 2741 438 2764 tamen
460 2738 573 2765 alterius
595 2738 653 2766 ﬁeri
671 2740 871 2768 ordinationem
890 2750 896 2768 :
915 2741 978 2769 hinc
999 2742 1071 2769 enim

1113 244 1242 276 nationis,
1266 243 1323 270 sive
1349 244 1444 271 irenzei
1461 243 1661 278 depositionem
1681 243 1819 278 probaret.
1845 244 1904 272 sive

1113 289 1290 324 improbaret.
1314 288 1342 316 Si
1366 289 1440 316 enim
1456 293 1572 324 propter
1591 289 1712 316 rationes
1728 289 1763 315 ab
1785 290 1905 325 impera-

1114 337 1172 361 tore
1186 333 1319 360 adductas
1337 333 1514 368 improbaret,
1532 341 1581 360 cur
1599 333 1733 360 lrenaaum
1749 334 1905 361 ordinavit?

1113 387 1162 406 cur
1186 379 1275 413 ipsum
1293 383 1406 414 propter
1425 379 1505 406 fidem
1529 384 1556 405 et
1575 383 1687 405 caeteras
1705 379 1822 406 virtutes
1844 379 1904 406 lau-

1113 424 1178 451 dat?
1197 425 1206 435 ‘
1229 424 1257 451 Si
1275 424 1417 459 probaret,
1443 431 1492 451 cur
1513 424 1619 451 lrenzeo
1641 431 1830 451 successorem
1847 433 1908 452 non

1113 469 1242 496 ordinat?

1149 516 1193 543 IV.
1220 515 1370 551 Digamiam
1400 523 1483 550 porro
1507 523 1563 543 non
1586 516 1671 543 fuisse
1696 515 1903 550 impedimento,

1114 561 1268 594 conﬁrmat,
1288 561 1407 596 primum
1421 562 1547 596 exemplo
1563 561 1710 589 Alexandri
1728 561 1903 595 Antiocheni,

1114 609 1161 642 qui
1196 608 1367 642 Diogenem,
1394 611 1422 634 et
1448 607 1548 643 Praylii
1573 608 1830 643 Hierosolymitani,
1856 609 1905 644 qui

1114 653 1290 686 Domninum,
1316 653 1440 688 digamos
1464 653 1654 685 ordinassent;
1685 653 1785 680 deinde
1810 661 1904 681 assen—

1115 698 1191 726 sione
1215 699 1316 731 Procli,
1339 699 1588 734 cpiscoporumque
1614 699 1734 726 Pontica:
1754 698 1905 727 dimceseos

1115 750 1143 772 et
1162 745 1321 777 Palmstinai,
1336 745 1382 779 qui
1404 744 1604 772 ordinationem
1623 745 1716 772 lrenaei
1731 745 1903 779 probassent.

1151 791 1182 819 V.
1196 791 1293 818 Mirum
1309 791 1398 818 videri
1414 794 1513 825 potest,
1531 790 1604 825 quod
1622 790 1824 821 Theodoretus.
1839 799 1905 825 par-

1116 845 1156 863 va:
1182 840 1211 863 et
1232 840 1343 863 remotas
1369 836 1464 871 procul
1494 835 1612 863 civitatis
1637 835 1790 870 episcopus,
1817 836 1907 872 Tyriae

1116 882 1246 909 Ecclesia:
1269 882 1429 916 episcopum
1453 881 1602 908 Phoenicia:
1627 881 1725 915 prima:
1745 881 1906 916 metropoli-

1116 933 1210 956 tanum
1231 928 1425 956 ordinaverit:
1454 935 1514 962 quae
1538 928 1611 954 enim
1636 927 1700 954 facti
1723 928 1825 954 causa?
1850 927 1907 955 Cur

1116 974 1321 1009 circumpositis
1335 977 1375 1000 tot
1389 973 1593 1008 provinciarum
1610 972 1791 1004 antistitibus,
1805 972 1909 1000 utrius-

1115 1028 1169 1055 que
1188 1020 1321 1047 nimirum
1343 1019 1427 1055 Syrize
1447 1023 1475 1046 ct
1505 1018 1654 1046 Phoenicim
1682 1018 1856 1049 Libanitidis,
1879 1018 1909 1045 id

1117 1073 1201 1093 ausus
1224 1065 1285 1093 est?
1307 1065 1348 1092 An
1369 1065 1435 1092 solis
1451 1064 1612 1092 Phoenicum
1630 1063 1758 1098 precibus
1772 1063 1908 1090 adductus

1116 1111 1185 1138 fuit?
1206 1110 1262 1138 Cur
1284 1118 1350 1145 ergo
1373 1110 1406 1137 de
1428 1109 1601 1144 subrogando
1624 1109 1651 1135 in
1673 1108 1763 1135 locum
1790 1108 1906 1143 depositi

1116 1157 1245 1192 episcopo
1269 1161 1323 1183 tam
1345 1155 1463 1182 sollicite
1485 1154 1655 1189 angebatur?
1680 1153 1720 1180 An
1737 1154 1835 1180 Domni
1857 1162 1907 1188 pa-

1117 1203 1242 1230 triarchae
1254 1201 1375 1236 jussione
1382 1208 1419 1228 ac
1434 1199 1536 1227 vicaria
1550 1199 1704 1234 potestate?
1716 1198 1772 1226 Cur
1787 1199 1814 1226 id
1830 1199 1908 1227 silet?

1115 1247 1171 1274 Cur
1193 1246 1375 1274 ordinationis
1394 1245 1472 1273 factae
1486 1245 1590 1272 crimen
1606 1244 1658 1272 hac
1676 1243 1836 1272 defensione
1851 1252 1906 1271 non

1116 1292 1247 1327 repellit?

1133 1347 1255 1384 Epistola
1269 1348 1331 1380 111,
1345 1347 1508 1383 apologetica
1520 1347 1555 1374 ad
1566 1347 1718 1374 Anatolium
1737 1347 1887 1381 patricium.

1152 1402 1173 1429 1.
1197 1401 1265 1429 Cum
1296 1401 1401 1436 accepit
1426 1401 1569 1429 Anatolius
1591 1401 1745 1436 epistolam,
1770 1409 1831 1436 qua:
1860 1401 1904 1433 92,

1116 1448 1271 1475 rescribens
1292 1447 1495 1474 Theodoretum
1512 1447 1617 1479 docuit,
1637 1451 1754 1482 quantos
1772 1447 1908 1475 Constan-

1117 1493 1234 1528 tinopoli
1258 1493 1286 1519 in
1313 1493 1402 1527 ipsum
1426 1488 1520 1520 motus
1538 1493 1701 1520 concitasset
1721 1495 1905 1521 Osroenorum

1119 1539 1281 1565 clericorum
1303 1538 1432 1572 querela;
1455 1541 1645 1572 quantumque
1672 1537 1841 1572 impenderet
1858 1545 1907 1572 pe-

1120 1584 1249 1615 riculum,
1270 1584 1323 1611 nisi
1335 1587 1528 1616 amoveretur;
1542 1583 1664 1610 defendit
1678 1591 1706 1610 se
1718 1583 1908 1611 Theodoretus

1120 1630 1274 1657 rationibus
1302 1629 1423 1664 optimis,
1452 1634 1480 1656 et
1502 1629 1681 1656 nihilominus
1703 1637 1732 1656 se
1756 1630 1788 1656 ad
1812 1638 1908 1664 perpe-

1121 1675 1242 1702 tiendum
1273 1674 1425 1708 quidlibet,
1453 1673 1511 1700 sive
1534 1674 1660 1701 exsilium
1686 1674 1753 1701 illud
1781 1674 1826 1707 sit,
1851 1677 1908 1701 sive

1119 1720 1202 1747 etiam
1223 1727 1307 1751 mors,
1330 1723 1454 1753 paratum
1478 1723 1603 1746 testatur.

1154 1766 1185 1792 ll.
1202 1765 1269 1792 Data
1287 1768 1329 1791 est
1345 1765 1471 1798 epistola,
1486 1769 1548 1799 post
1571 1770 1712 1800 receptum
1733 1766 1852 1793 Anatolii
1873 1766 1907 1793 ad

1119 1811 1237 1846 priorem
1249 1818 1409 1844 responsum
1422 1810 1519 1846 2340
1528 1811 1671 1838 Anatolius
1685 1820 1740 1839 non
1753 1812 1906 1847 respondit,

1119 1857 1170 1884 nisi
1184 1860 1325 1891 postquam
1338 1855 1480 1890 epistolam
1490 1856 1610 1890 priorem
1626 1857 1660 1884 ab
1680 1858 1818 1892 episcopis
1837 1857 1910 1885 Con—

1119 1901 1322 1935 stantinopolim
1332 1901 1453 1935 appulsis
1472 1901 1622 1935 accepisset
1634 1910 1640 1928 :
1654 1902 1790 1936 appellere
1801 1903 1839 1929 illi
1853 1910 1909 1930 non

1119 1951 1268 1982 potuerunt
1281 1950 1344 1973 ante
1356 1946 1437 1973 ﬁnem
1453 1947 1516 1973 anni
1529 1947 1590 1978 M7,
1601 1947 1737 1975 autetiam
1751 1948 1859 1975 initium
1867 1955 1910 1975 se-

1118 1992 1246 2027 quentis;
1262 2000 1358 2027 aspera
1368 1993 1442 2019 enim
1451 1992 1542 2019 hieme
1556 1993 1702 2020 Antiochia
1715 1993 1908 2022 discesserant.

1120 2038 1182 2065 [hec
1205 2038 1288 2073 igitur
1307 2037 1443 2072 posterior
1464 2037 1579 2072 epistola
1602 2037 1668 2065 data
1689 2043 1732 2066 est
1752 2042 1815 2073 post
1841 2039 1911 2067 festa

1119 2084 1269 2117 Paschalia,
1283 2083 1393 2111 circiter
1405 2083 1487 2110 finem
1499 2084 1606 2118 Aprilis.
1615 2085 1679 2111 auni
1693 2085 1755 2112 448.

1149 2140 1270 2176 Epistola
1290 2140 1351 2173 “2,
1369 2141 1403 2167 ad
1415 2140 1549 2167 Damnum
1564 2140 1709 2168 Antiochia:
1719 2142 1879 2177 episcopum.

1150 2198 1170 2226 1.
1187 2197 1344 2225 Certissima
1359 2201 1400 2224 est
1419 2198 1551 2232 temporis
1572 2201 1655 2224 nota:
1674 2197 1704 2224 tit
1729 2198 1802 2225 enim
1828 2198 1857 2225 in
1877 2206 1910 2226 ea

1122 2245 1226 2273 mentio
1239 2243 1402 2271 evocatorite
1414 2243 1495 2278 regiae
1512 2243 1545 2270 ad
1570 2243 1719 2270 secundam
1743 2244 1910 2279 Ephesinam

1121 2290 1273 2328 synodum;
1287 2293 1314 2316 et
1325 2289 1407 2316 datur
1421 2297 1436 2315 a
1450 2288 1626 2316 Theodoreto
1640 2289 1788 2316 consilium
1805 2290 1910 2317 Domno

1122 2337 1156 2365 de
1172 2336 1255 2364 rebus
1267 2336 1294 2363 in
1305 2335 1409 2371 synodo
1425 2334 1548 2370 agendis,
1563 2334 1765 2370 cligendisque,
1783 2343 1852 2364 quos
1866 2342 1910 2362 se-

1122 2390 1184 2410 cum
1202 2382 1326 2413 duceret,
1341 2381 1526 2416 metropolitis
1539 2380 1573 2408 ⁷⁸.

1155 2427 1188 2454 ll.
1208 2427 1276 2453 Data
1295 2430 1337 2453 est
1354 2426 1449 2460 igitur,
1463 2430 1609 2460 postquam
1625 2426 1798 2460 pervenisset
1815 2425 1912 2453 Antio-

1122 2471 1212 2499 chiam
1227 2469 1394 2502 evocatoria,
1406 2474 1434 2496 et
1452 2474 1599 2504 antequam
1614 2469 1735 2496 Domnus
1755 2468 1913 2504 proﬁcisce-

1123 2521 1200 2544 retur
1215 2516 1365 2550 Ephesum.
1383 2515 1452 2542 Cum
1478 2522 1544 2549 ergo
1560 2514 1715 2542 evocatoria
1733 2514 1912 2549 consignetur

1119 2562 1272 2597 Protogene
1286 2565 1315 2588 et
1332 2560 1438 2588 Asterie
1451 2567 1522 2587 coss.
1536 2560 1553 2586 5
1574 2560 1632 2586 Kal.
1655 2559 1767 2594 Aprilis,
1784 2558 1912 2593 feretque

1121 2606 1149 2633 in
1168 2614 1200 2633 ea
1213 2606 1373 2633 condictum
1388 2605 1517 2632 Patribus
1531 2604 1565 2631 ad
1576 2604 1711 2631 Kalendas
1720 2603 1847 2639 Augusti,
1867 2607 1912 2630 at-

1121 2659 1175 2686 que
1187 2651 1301 2678 distaret
1317 2650 1463 2678 Antiochia
1475 2650 1600 2684 Ephesus
1618 2649 1717 2677 itinere
1733 2649 1841 2676 dierum
1862 2647 1913 2675 tri-

1122 2697 1197 2732 ginta
1224 2701 1251 2723 (ιι
1271 2696 1400 2731 amplius,
1425 2701 1453 2723 et
1477 2695 1596 2722 necdum
1626 2695 1754 2730 elegisset
1776 2695 1910 2726 Domnus,

1125 2751 1193 2777 quos
1206 2750 1299 2770 secum
1314 2735 1442 2774 duceret,
1458 2741 1661 2776 melropolitas;
1682 2748 1793 2768 necessu
1809 2744 1866 2772 est,
1881 2743 1915 2766 ut

964 2819 1118 2847 Stlllldlll
1140 2819 1250 2846 λΟΤιΕ.

322 2849 341 2864 '“
361 2850 419 2877 Vid.
443 2859 534 2886 supra,
559 2861 585 2887 ιι.
607 2852 664 2878 182.
