1967 3047
57 147 107 179 $39

637 143 685 173 DE
703 143 804 173 LIBRI
810 143 826 172 S
851 141 1098 173 I‘HEODORETI.

1623 142 1675 173 290

63 202 359 231 Theodoretusbomno
369 200 511 236 scripserit
522 207 615 227 mense
625 199 696 226 Maio
706 200 769 226 anni
779 200 839 226 449.
857 202 879 236 Α
892 199 938 234 qui
959 199 1047 234 ipsum
1060 198 1153 233 genuit
1166 198 1256 230 Pater,
1276 202 1304 224 et
1315 197 1435 232 Spiritus
1453 201 1582 229 sanctus;
1597 197 1674 224 idco.

92 249 132 275 lll.
152 249 190 275 Ex
213 255 244 275 ea
262 255 328 274 vero
354 246 502 273 discimus:
520 245 545 272 τι.
570 245 685 272 Causam
713 244 840 278 cogenda:

63 295 152 330 synodi
181 293 349 328 potissimam
373 292 458 319 fuisse
489 291 669 326 μικροψυχῖαν
693 290 841 317 Theodosii

64 340 201 368 irascentis
212 339 340 366 Flaviano
352 359 357 364 .
373 337 505 372 pependit
517 336 590 364 enim
606 336 701 372 synodi
714 335 841 370 cogendae

61 384 211 415 consilium,
228 383 316 409 donec
335 385 438 409 tentata
457 385 499 408 est
519 380 651 407 antistitis
674 388 735 407 cum
754 380 841 414 impe-

61 433 146 456 ratore
170 427 369 454 reconciliatio.
392 426 419 452 2.
436 425 611 460 Prospexisse
627 425 840 456 Theodoretum,

60 481 116 509 quae
134 473 204 499 mala
222 476 331 507 pareret
356 471 489 506 synodus,
505 470 562 497 suis
585 471 764 505 temporibus,
781 470 841 496 ani-

61 526 219 554 morumque
253 517 447 545 all‘eetionibus
471 517 579 550 collatis
611 524 674 544 cum
705 516 840 548 Nicmnis,

61 566 128 600 quod
141 565 288 600 diligenter
302 563 517 595 observandum,
533 568 564 590 nt
580 563 704 590 Historia:
718 563 841 590 ecclesia-

60 613 126 639 sticw
146 619 245 646 scopus
266 611 427 645 attingatur.
441 611 467 637 5.
483 610 569 642 Quam
589 609 646 643 ipse
673 609 762 636 adhuc
779 609 843 636 reti-

62 662 133 685 neret
148 657 306 691 opinionem
320 656 352 682 de
372 655 510 690 capitibus
524 654 630 690 Cyrilli.
644 654 676 681 ad
701 663 760 689 qua:
775 662 841 681 con-

61 701 188 728 ﬁrmanda
211 701 332 736 synodus
363 700 414 734 ipsi
438 700 580 728 videretur
600 701 680 736 cogi;
705 700 842 735 siquidem

60 752 166 784 putaret
177 748 249 775 idem
265 755 336 778 esse,
355 747 459 773 absolvi
471 746 624 782 Eutychen,
637 754 668 772 ac
682 746 770 780 capita
781 753 842 772 san-

59 795 118 821 ciri.
148 795 174 820 lt.
199 793 271 826 Quid
295 796 358 819 ante
385 791 518 827 synodum
543 791 658 826 primam
673 791 841 825 Ephesinam

58 839 218 869 Orientales,
232 837 298 873 quid
313 837 348 864 ‘in
368 837 425 871 ipsa
448 837 563 872 synodo,
577 837 643 871 quid
658 841 761 871 postea,
779 843 841 863 cum

892 253 944 278 que
958 244 1099 279 patibilem
1113 248 1239 270 naturam
1252 243 1418 277 sumpsisse,
1431 242 1495 277 quia
1509 243 1602 270 divina
1627 251 1676 270 na-

892 294 954 316 tura
970 290 1126 324 passionem
1142 297 1195 316 non
1214 288 1373 324 recipiebat,
1386 293 1417 316 ut
1434 296 1484 323 per
1504 289 1596 316 carnis
1613 297 1676 323 pro-

891 336 958 370 pria:
971 335 1127 370 passionem
1149 335 1396 369 impassibilitatem
1412 335 1445 361 iis
1467 335 1514 369 qui
1537 335 1564 362 in
1588 335 1676 369 ipsum

892 380 1048 409 crederent.
1063 380 1222 415 largiretur.
1244 389 1252 405 ι

926 427 952 453 ά.
968 427 1005 453 De
1020 426 1168 453 Flaviano:
1189 434 1198 451 ‹
1214 424 1463 452 Alexandrinorum
1477 425 1590 452 antistes
1604 425 1677 452 haud

892 480 1030 507 quaquam
1047 476 1193 499 contentus
1214 471 1265 499 fuit
1286 471 1380 506 iniqua
1392 471 1443 498 hac
1457 476 1485 498 et
1500 471 1677 506 injustissima

893 518 1064 553 depositione
1090 517 1265 549 sanctissimi,
1294 517 1405 552 Deoque
1426 517 1579 544 charissimi
1605 517 1677 544 Con-

893 564 1199 600 stantinopolitanorum
1229 563 1372 598 episcopi,
1401 563 1505 590 domini
1536 563 1677 595 Flaviani;

892 618 981 645 neque
996 610 1082 645 ipsius
1105 610 1222 636 animam
1254 609 1374 643 explevit
1398 608 1547 635 consimilis
1576 612 1680 642 strages

893 658 1011 684 aliorum
1027 657 1229 692 episcoporum.
1247 665 1257 680 ι
1271 654 1311 682 Ex
1331 654 1376 681 his
1392 654 1527 689 siquidem
1550 654 1679 688 intelligi-

894 706 948 735 tur,
960 710 1013 730 nec
1028 702 1055 729 in
1075 703 1192 729 concilio
1209 701 1331 729 occisum
1348 708 1408 728 esse
1431 700 1609 732 Flavianum;
1629 707 1680 726 nec

893 748 984 776 adhuc
995 756 1057 775 cum
1069 747 1260 775 Theodoretus
1272 747 1408 774 scriberet
1428 746 1462 773 dc
1483 746 1569 781 ipsius
1579 749 1679 776 morte.

893 802 953 829 quae
964 794 1008 821 vel
1024 794 1052 821 in
1063 793 1106 820 via
1120 793 1153 820 ad
1172 792 1261 820 exsilii
1284 793 1386 823 locum,
1403 792 1446 819 vel
1464 792 1489 818 in
1515 791 1576 818 loco
1592 791 1680 818 exsilii

894 840 1005 872 accidit,
1020 840 1048 866 in
1060 839 1173 867 Oriente
1190 839 1321 866 rescitum
1336 838 1430 865 fuisse.

59 885 240 913 Eeclesiarum
261 891 311 918 pax
330 882 460 915 iniretur,
481 883 625 909 occasione
642 882 762 916 capitum
780 889 843 916 ege-

929 885 955 912 5.
970 885 1008 912 De
1030 885 1154 912 ecclesiis
1178 884 1230 911 sibi
1258 884 1395 911 subditis:
1425 894 1433 909 ε
1455 883 1679 919 Octingenlarum

59 931 122 957 rint.
139 930 164 957 5.
182 929 221 956 Ad
236 936 306 963 quos
325 927 482 955 Occidentis
502 927 638 954 antistites
663 934 693 954 ea
711 927 745 953 de
762 934 844 954 causa

59 977 189 1011 scriptum
213 975 248 1002 sit
266 975 301 1001 ab
326 973 514 1001 Orientalibus
541 981 574 1000 ex
600 973 668 1000 urbe
693 972 842 1007 Ephesina.

57 1023 84 1049 ο.
104 1022 209 1054 Quanta
233 1020 316 1047 fuerit
338 1024 405 1046 tunc
432 1018 564 1053 temporis
588 1018 771 1045 Orientalium
786 1017 843 1044 dis-

58 1066 148 1094 sensio
167 1065 201 1092 de
220 1064 409 1099 dogmatibus,
425 1063 486 1090 aliis
509 1070 559 1097 pro
581 1062 683 1098 Cyrillo
696 1061 842 1093 stantibus,

58 1113 121 1141 aliis
133 1117 239 1138 contra.

95 1159 137 1185 IV.
164 1156 354 1184 Theodoretus
378 1156 513 1182 Domnum
535 1159 638 1186 monet,
653 1158 684 1180 ut
707 1153 843 1180 delectum

59 1205 149 1235 faciat,
168 1208 224 1230 tum
244 1202 446 1236 episcoporum,
463 1204 519 1227 tum
534 1200 697 1227 clericorum
721 1198 843 1233 ejusdem

56 1250 211 1280 sententia),
227 1255 296 1282 quos
319 1255 411 1274 secum
435 1246 569 1273 ducturus
595 1245 646 1272 sit:
669 1254 678 1270 ί
694 1245 734 1272 Ne
757 1252 772 1271 a
794 1244 844 1271 do-

55 1294 180 1323 mesticis
203 1293 280 1327 ipsis,
307 1291 405 1326 inquit,
430 1290 543 1325 proditi,
559 1290 603 1316 vel
624 1289 714 1316 facere
741 1288 845 1323 aliquid

56 1347 198 1376 cogamur,
215 1337 288 1372 quod
311 1337 367 1363 Deo
382 1336 537 1370 displiceat,
553 1335 595 1362 vel
613 1335 664 1362 soli
689 1334 792 1366 relicti,
810 1334 845 1361 ab

55 1385 184 1414 hostibus
199 1383 260 1418 capi
274 1382 353 1409 facile
365 1381 512 1416 possimus.
534 1390 543 1406 ι

81 1441 204 1478 Epistola
221 1440 285 1472 115,
305 1437 534 1500 αρρειιιὶἔὲἓὲαά
547 1437 658 1464 Leonem
672 1438 820 1472 episcopum

422 1481 498 1500 omw.

91 1523 113 1550 1.
132 1521 258 1549 Celebris
279 1520 336 1548 haec
368 1519 482 1553 epistola
496 1517 559 1545 data
583 1522 626 1545 est
646 1517 743 1553 procul
762 1517 846 1544 dubio

55 1576 130 1596 anno
145 1567 209 1599 419,
222 1574 315 1594 mense
331 1565 443 1593 circiter
455 1564 584 1596 Octobri,
603 1572 665 1592 cum
682 1563 788 1590 nuntiis
799 1570 845 1590 ac-

54 1614 144 1650 ceptis
160 1613 195 1640 de
210 1620 258 1640 sua
271 1611 452 1646 depositione,
466 1617 526 1645 quze
539 1609 609 1637 facta
621 1613 664 1637 est
678 1609 779 1644 Ephesi
797 1608 843 1636 die

55 1659 204 1687 undecima
220 1658 346 1692 Augusti.
366 1657 459 1684 sedem
484 1656 661 1690 apostolicam
683 1655 845 1690 appellaret,

55 1706 236 1739 mitteretque
258 1703 371 1730 Romam
387 1702 600 1736 chorepiscopos
622 1701 701 1733 duos,
715 1701 793 1737 35.1
818 1704 846 1728 et

53 1749 207 1778 exarehum
225 1748 433 1779 monachorum,
449 1746 496 1781 qui
522 1746 733 1781 appellationem
749 1753 845 1780 prose-

53 1799 192 1830 queretur
205 1794 240 1820 7°.

92 1841 129 1868 II.
145 1838 359 1874 Appellatoriam
382 1837 458 1864 dixi:
482 1836 548 1872 quid
573 1836 648 1864 enim
665 1836 739 1863 aliud
760 1836 846 1871 signi-

53 1886 142 1914 ﬁcant
155 1885 214 1912 istae
227 1883 330 1911 voces?
345 1893 354 1908 ‹
373 1882 427 1910 Oro
441 1888 522 1917 atque
538 1882 662 1909 obtestor
674 1881 847 1909 sanctitatem

53 1936 146 1962 tuam,
161 1935 193 1957 ut
206 1930 273 1957 mihi
292 1933 396 1956 rectum
416 1936 448 1955 ac
460 1928 565 1963 justum
586 1927 707 1954 tribunal
723 1931 846 1954 vestrum

52 1975 198 2003 invocanti
208 1982 287 2008 opem
296 1973 375 2004 ferat,
383 1973 391 1982 '
400 1973 549 2007 jubeatque
558 1971 591 1998 ad
602 1979 650 1998 vos
660 1971 766 2003 venire,
774 1975 843 1998 etc.)

91 2020 139 2047 lli.
157 2018 333 2046 Observanda
348 2025 412 2044 vero
433 2021 498 2044 sunt
521 2015 688 2043 Theodoreti
704 2016 789 2043 verba
811 2016 846 2044 de

51 2058 146 2093 variis
160 2065 244 2092 rebus
256 2064 326 2091 scitu
342 2063 441 2098 dignis.

91 2112 120 2138 1.
134 2111 173 2138 De
198 2111 263 2138 sede
285 2109 434 2144 apostolica
447 2118 454 2134 :
476 2118 484 2133 ί
502 2108 584 2135 Vobis
598 2108 701 2143 primas
715 2108 743 2135 in
757 2107 846 2135 omni-

53 2158 110 2186 bus
125 2161 221 2184 tenere
238 2155 377 2187 convenit,
393 2159 445 2182 etc.
466 2163 475 2179 ι

894 930 1072 958 ecclesiarum
1096 930 1263 966 pastoralem
1291 937 1386 957 curam
1414 930 1529 957 sortitus
1543 937 1620 963 sum;
1642 934 1681 957 tot

894 978 966 1005 enim
979 977 1065 1013 Cyrus
1078 977 1160 1005 habet
1172 977 1316 1012 parmeias.
1340 987 1348 1002 ι

930 1022 956 1049 6.
971 1023 1008 1050 De
1025 1023 1198 1050 anathemate
1210 1023 1284 1049 dicto
1302 1023 1353 1049 sibi
1367 1023 1537 1050 Alexandria:
1551 1032 1556 1049 :
1574 1033 1582 1048 ‹
1603 1023 1682 1050 Anno

894 1068 976 1095 etiam
996 1068 1149 1103 superiore,
1170 1075 1232 1095 cum
1246 1076 1280 1095 eo
1301 1068 1417 1103 profecti
1438 1074 1530 1095 essent
1550 1069 1605 1096 duo
1630 1069 1681 1095 \‘iri

894 1113 1059 1148 Apollinaris
1081 1113 1177 1140 morbo
1208 1113 1320 1145 infecti,
1350 1119 1377 1141 et
1403 1115 1555 1141 calumnias
1581 1114 1608 1140 in
1632 1122 1683 1140 nos

896 1159 1063 1185 texuissent:
1082 1166 1251 1193 consurgens
1265 1159 1291 1185 in
1306 1159 1431 1190 ecclesia,
1445 1167 1494 1186 nos
1509 1159 1682 1185 anathemate

896 1204 1016 1235 conﬁxit,
1031 1203 1114 1238 idque
1142 1212 1203 1231 cum
1226 1203 1258 1230 ad
1283 1212 1344 1230 cum
1373 1204 1557 1238 scripsissem,
1574 1208 1602 1231 et
1621 1211 1682 1238 qua:

896 1249 1027 1276 sentirem
1051 1257 1100 1283 per
1125 1249 1231 1276 litteras
1256 1249 1454 1284 exposuissem.
1478 1260 1486 1275 I
1512 1250 1578 1277 lnde
1607 1251 1682 1277 enim

895 1295 998 1322 scimus
1020 1295 1166 1321 anathema
1190 1294 1293 1321 dictum
1319 1302 1391 1321 anno
1415 1294 1483 1327 H8;
1506 1294 1622 1327 litteras,
1649 1295 1683 1322 de

895 1339 996 1375 quibus
1013 1340 1116 1367 mentio
1136 1339 1182 1371 tit,
1198 1339 1275 1367 datas
1286 1347 1358 1367 anno
1372 1340 1434 1371 M7,
1456 1340 1506 1368 sub
1522 1341 1602 1368 tinem
1617 1350 1623 1373 ;
1637 1349 1682 1368 ac-

897 1391 1038 1413 cusatores
1048 1386 1241 1413 Alexandriam
1255 1386 1393 1420 profectos
1408 1387 1503 1413 eodem
1521 1394 1594 1414 anno
1605 1387 1667 1414 H7.

930 1432 956 1458 7.
969 1432 1007 1459 De
1022 1436 1101 1459 :etate
1114 1439 1180 1459 sua:
1202 1441 1211 1456 ί
1232 1431 1284 1458 Sed
1297 1432 1392 1463 nolite,
1406 1433 1533 1464 obsecro,
1547 1433 1686 1468 supplices

897 1483 972 1503 meas
986 1484 1083 1510 preces
1110 1484 1252 1511 respuere,
1275 1484 1326 1503 nec
1354 1476 1482 1503 miseram
1500 1484 1587 1504 meam
1610 1477 1686 1504 cani-

899 1521 964 1548 tiem
986 1525 1048 1556 post
1065 1521 1166 1548 multos
1189 1521 1299 1548 labores
1318 1522 1517 1549 contumeliose
1541 1526 1685 1549 tractatam

898 1565 1051 1601 despicere.
1069 1575 1079 1591 ›
1096 1565 1174 1593 Tunc
1197 1565 1270 1593 enim
1293 1566 1496 1601 sexagenarius,
1525 1570 1573 1593 aut
1599 1567 1683 1593 etiam

899 1612 1094 1651 paulo'major,
1106 1613 1206 1646 quippe
1219 1611 1266 1646 qui
1279 1616 1359 1638 natus
1372 1612 1409 1638 Sit
1423 1619 1495 1638 anno
1506 1611 1608 1638 Christi
1621 1612 1683 1640 586.

932 1657 977 1684 IV.
995 1656 1064 1683 Sunt
1078 1660 1106 1683 et
1121 1656 1173 1683 alia
1196 1657 1281 1683 multa
1299 1656 1391 1691 digna,
1408 1664 1468 1691 qua:
1491 1656 1683 1687 observentur.

897 1701 982 1729 veluti
992 1702 1026 1728 de
1042 1701 1135 1729 Romae
1153 1701 1233 1737 342
1242 1702 1368 1736 sedisque
1386 1702 1686 1736 apostolieteetLeonis

897 1747 1037 1779 laudibus;
1054 1747 1087 1774 de
1104 1747 1162 1774 suis
1176 1747 1202 1774 in
1216 1747 1368 1774 excolendo
1385 1755 1466 1782 grege
1479 1747 1636 1781 laboribus;
1650 1748 1685 1775 de

898 1792 1077 1820 eoneionibus
1091 1792 1244 1820 Antiochia:
1260 1792 1379 1825 habitis;
1398 1792 1431 1819 de
1448 1787 1525 1820 libris
1541 1801 1556 1820 a
1571 1801 1600 1820 se
1621 1801 1686 1820 con-

898 1838 1025 1873 scriptis;
1039 1837 1072 1865 de
1092 1838 1261 1865 continentia
1277 1842 1304 1865 et
1327 1838 1389 1865 vita;
1406 1837 1538 1865 instituta:
1560 1837 1684 1868 ratione:

897 1884 932 1911 de
948 1883 1027 1910 annis
1038 1883 1230 1919 episcopatus;
1248 1891 1309 1918 qua:
1320 1883 1412 1911 omnia
1424 1887 1487 1910 sunt
1501 1891 1515 1910 a
1529 1883 1608 1910 nobis
1619 1883 1687 1911 alias

898 1932 1064 1963 pertractata
1082 1928 1115 1955 '°.

966 1994 1085 2030 Epistola
1104 1995 1164 2028 114,
1183 1994 1397 2021 commendaticia
1415 1994 1451 2021 ad
1469 1994 1631 2022 Andiberim.

934 2059 955 2086 1.
972 2059 1075 2086 Scribit
1098 2058 1298 2090 Theodoretus,
1316 2065 1377 2085 cum
1399 2063 1460 2093 post
1486 2059 1686 2094 depositionem

899 2104 1033 2140 cogitaret
1048 2104 1081 2131 de
1096 2103 1219 2131 discessu
1231 2112 1245 2131 e
1262 2112 1310 2131 sua
1325 2105 1437 2131 civitate
1451 2104 1484 2130 ει.

935 2149 1143 2177 ILAndiberim
1165 2153 1275 2184 oportet
1300 2149 1435 2176 illustrem
1460 2149 1559 2181 fuisse,
1584 2149 1687 2184 quippe

89 2203 119 2230 2.
138 2203 178 2229 De
200 2201 300 2228 Leonis
323 2201 437 2235 cpistola
460 2201 494 2228 ad
524 2199 700 2228 Flavianum:
726 2208 735 2224 1
758 2199 845 2226 Simul
863 2188 980 2243 quem
1015 2194 1205 2222 Theodoretus
1232 2193 1440 2229 magniﬁcentiae
1465 2194 1576 2221 nomine
1609 2202 1685 2221 eont-

52 2246 228 2277 declarabat,
244 2249 272 2272 et
285 2249 415 2272 aeternam
436 2253 471 2272 ex
488 2250 592 2272 mterno
607 2244 687 2271 Patre
706 2242 845 2278 Unigeniti

52 2292 244 2322 divinitatem,
258 2294 286 2317 et
302 2290 424 2325 ejusdem
439 2298 472 2317 ex
491 2289 606 2317 Abrahae
625 2294 653 2316 et
672 2288 782 2315 Davidis
801 2296 845 2315 se-

51 2339 133 2366 mine
150 2337 362 2366 humanitatem,
377 2343 409 2362 ac
433 2335 550 2363 similem
576 2342 625 2369 per
651 2333 742 2360 omnia
766 2332 847 2360 nobis

51 2383 143 2410 fuisse
181 2385 350 2415 assumptam
392 2384 540 2411 naturam,
567 2379 619 2405 hoc
645 2384 701 2404 uno
725 2376 847 2404 dissimi-

49 2429 120 2460 lem,
151 2427 226 2462 quod
256 2425 362 2461 peccati
385 2432 484 2460 expers
499 2423 640 2455 manserit,
658 2422 760 2457 quippe
772 2421 845 2456 quod

47 2482 110 2502 non
139 2481 175 2501 ex
196 2477 312 2505 natura,
338 2471 386 2499 sed
412 2479 447 2499 ex
472 2471 560 2498 libera
585 2470 726 2497 voluntate
755 2468 846 2495 nasci-

47 2523 112 2546 tur.
128 2522 187 2546 etc.
210 2526 220 2543 ι

86 2539 118 2591 5’.
137 2562 177 2589 De
199 2561 322 2596 epistolre
348 2560 449 2588 Leonis
469 2564 497 2587 et
519 2559 652 2587 Eranista:
681 2557 848 2585 Theodoreti

46 2609 259 2637 consonantia:
291 2617 299 2633 ι
323 2607 434 2634 Littera:
457 2605 655 2636 cominebant,
677 2611 763 2630 unutn
787 2610 848 2630 esse

47 2655 233 2690 unigenitum
250 2654 298 2681 Dei
316 2653 427 2682 Filium,
441 2656 469 2680 et
493 2650 672 2687 impatibilem
695 2657 757 2677 esse
780 2649 850 2676 divi-

48 2702 186 2733 nitatem,
199 2709 261 2736 qua:
279 2708 330 2727 nec
347 2700 417 2727 verti
428 2703 521 2734 queat,
537 2707 589 2726 nec
605 2697 722 2729 mutari;
737 2696 808 2723 sicut
821 2699 849 2723 et

899 2242 993 2277 pellat.

938 2287 982 2314 lll.
997 2286 1204 2315 Observandum
1219 2293 1250 2313 ea
1266 2289 1427 2321 tempestate
1455 2285 1619 2313 medicinam
1631 2295 1686 2314 non

901 2331 987 2359 fuisse
1010 2330 1181 2366 presbyteris
1208 2330 1397 2357 interdictam:
1417 2331 1512 2358 Petrus
1533 2331 1606 2357 enim
1622 2339 1686 2366 prc-

903 2377 1005 2413 sbyter,
1017 2377 1065 2412 qui
1081 2377 1128 2404 diu
1139 2376 1203 2412 Cyri
1220 2380 1308 2403 artem
1323 2375 1394 2403 hanc
1410 2381 1587 2409 exercuerat,
1600 2377 1688 2404 Andi-

900 2423 960 2450 beri
980 2422 1188 2450 commendatur
1211 2425 1338 2456 tanquam
1364 2421 1439 2448 utilis
1456 2421 1564 2449 futurus
1581 2422 1633 2449 alia
1659 2422 1687 2449 in

900 2469 1026 2496 civitate:
1042 2476 1105 2495 nam
1129 2475 1185 2502 pra:
1201 2466 1368 2494 Theodoreti
1387 2467 1524 2494 desiderio
1539 2467 1687 2503 Cyrensem

900 2513 1029 2540 deserere
1040 2513 1067 2539 in
1083 2513 1174 2539 animo
1190 2512 1318 2539 habebat.

935 2559 978 2587 1V.
995 2559 1057 2585 Haec
1067 2562 1094 2585 et
1104 2565 1277 2592 consequens
1289 2563 1392 2585 temere
1405 2558 1506 2585 inserta
1518 2562 1560 2585 est
1573 2558 1601 2584 in
1613 2557 1688 2585 hunc

899 2604 989 2632 locum
1015 2613 1021 2631 :
1046 2604 1128 2632 debet
1151 2603 1224 2630 enim
1243 2604 1369 2638 postponi
1395 2604 1551 2631 centesimae
1574 2603 1689 2631 decima:

900 2654 1012 2682 octavae,
1023 2657 1084 2684 quae
1093 2653 1136 2676 est
1149 2648 1182 2676 ad
1192 2648 1415 2676 archidiaconum
1429 2649 1538 2681 Romae;
1552 2648 1688 2683 siquidem

902 2695 1038 2728 115,116,
1056 2695 1106 2722 117
1125 2699 1154 2722 et
1175 2694 1227 2721 118
1252 2694 1375 2729 ejusdem
1396 2699 1461 2722 sunt
1480 2694 1643 2729 argumenti,
1661 2698 1689 2721 et

740 2764 898 2794 SCHULZII
918 2763 1032 2792 ΝΟΤᾸΕ.

85 2817 111 2834 ⁷³
128 2816 194 2845 Vid.
210 2824 304 2851 supra,
322 2823 348 2850 p.
371 2815 430 2851 l85.

48 2856 118 2880 sunt
143 2859 159 2879 a
177 2847 331 2879 Garn'erio:
361 2851 382 2867 ¹¹
396 2850 457 2878 Vid.
471 2857 565 2885 supra,
583 2856 610 2883 p.
627 2847 675 2874 185
690 2855 748 2881 seq.

483 2815 506 2831 ⁸ο
516 2813 578 2841 Vid.
599 2820 660 2847 qua:
682 2811 763 2843 intra,
783 2819 841 2846 cap.
860 2810 887 2843 9,
903 2809 957 2844 §5,
972 2809 1006 2836 ad
1024 2810 1114 2836 locum
1139 2807 1285 2843 quemdam
1309 2808 1392 2844 hujus
1403 2806 1526 2842 epistola:
1543 2807 1687 2834 observata
