1967 3047
275 178 326 210 201

823 179 1011 209 GARNERII
1031 177 1277 207 DISSEHTATIO
1298 177 1336 205 ll.

1850 170 1905 201 292

276 242 372 261 omnes
392 233 504 261 Romam
526 234 686 265 mittuntur,
703 235 736 260 ad
758 235 895 266 Leonem,
920 235 1063 263 Renauun,
1083 239 1100 264 Α
1117 234 1209 260 cilium
1229 233 1360 259 defuncto
1372 232 1516 258 sutis-ctum
1536 230 1621 264 ﬁngit.
1637 228 1690 256 Sed
1707 235 1813 259 vereor,
1829 232 1859 254 ut
1876 228 1904 254 id

277 279 411 314 synodum
423 279 583 310 Romanam,
598 283 626 305 et
641 280 863 306 arcltidiaconum
878 280 981 306 Romus.

349 333 469 369 Epistula
487 334 538 360 115
547 355 553 366 ,

313 390 416 417 Eodem
437 395 579 424 tempore,
596 389 692 417 eodem
717 395 896 425 argumento:
918 389 964 416 hic
983 390 1065 416 etiam

277 435 372 470 Apella
388 435 595 470 magniﬁcentiae
605 435 715 461 nomine
728 435 891 469 appellatur.

574 335 790 362 tommendatitia
812 335 847 361 ad
863 334 994 370 Apellam.

314 491 434 527 Epistula
450 491 510 522 116,
536 491 752 527 commendatitia
767 491 801 518 ad
821 491 954 518 Renatum
974 499 1033 526 prc-

603 526 746 561 sbytcrum.

314 582 335 609 I.
352 582 419 608 Data
436 589 497 608 cum
514 581 614 608 litteris
625 581 658 608 ad
677 586 803 609 sanctum
816 581 947 609 Leonem.

313 628 344 655 li.
363 628 485 654 Renatus
497 627 640 663 presbyter
658 627 711 654 fuit
720 636 791 655 unus
802 628 836 655 de
851 628 947 663 legalis
955 636 970 655 a
978 628 1068 655 Leone

280 674 372 702 missis
384 674 417 700 ad
428 673 596 708 Ephesinam
609 673 755 708 synodum,
767 673 919 700 secundum
929 673 1010 708 epist.
1021 674 1067 700 1οε

283 731 291 745 ι
308 720 346 747 Ad
363 727 472 746 onmem
488 727 600 746 causam
624 719 668 754 pic
683 727 715 746 ac
733 719 852 746 ﬁdeliter
867 719 1068 754 exsequendum

280 766 380 792 fratres
391 770 501 792 nostros
513 765 615 792 Julium
631 765 800 799 episcopum,
815 769 843 792 ct
858 765 991 792 chatum
1006 773 1070 800 prc-

281 811 420 846 sbyterum
446 811 519 838 tituli
548 811 635 837 sancti
661 810 831 842 Clementis,
858 811 906 838 sed
933 815 960 837 et.
985 810 1069 837 ﬁlium

282 864 373 882 meum
388 855 511 882 Hilarum
525 856 681 882 diaconum.
702 865 710 880 ι
729 862 735 867 ·

1116 278 1264 305 commenti
1282 277 1447 312 persuadere
1463 275 1548 310 possit
1563 274 1644 302 alicui
1663 281 1754 301 rerum
1768 273 1905 308 ejusmodi

1116 332 1171 350 non
1180 323 1327 350 rudissimo
1340 331 1346 348 :
1361 329 1423 348 nam
1435 322 1529 356 plures
1543 324 1607 347 sunt
1620 318 1721 347 Juliani
1741 318 1856 346 Coensis
1871 317 1906 344 ad

1117 370 1234 396 Leonem
1249 368 1381 404 epistolte,
1395 368 1489 402 plures
1509 366 1609 393 Leonis
1622 365 1656 393 ad
1673 365 1824 397 Coensem;
1845 365 1907 392 nul-

1117 415 1173 441 lum
1196 418 1285 441 tamen
1299 414 1326 440 in
1338 413 1393 440 ulla
1411 413 1442 440 ﬁt
1457 412 1572 439 verbum
1590 411 1624 438 de
1640 411 1784 446 praesentia
1800 410 1907 446 synodo

1117 459 1249 487 exhibita.
1263 458 1367 485 Deinde
1385 458 1407 485 si
1428 458 1552 485 Julianus
1565 462 1628 484 ante
1646 456 1801 483 inchoatam
1822 464 1907 492 syno-

1118 505 1183 532 dum
1202 505 1349 532 dcfunctus
1362 505 1408 535 sit,
1425 504 1603 538 Julianusque
1617 503 1731 530 Coensis
1750 503 1786 530 sit
1804 503 1831 530 in
1846 504 1907 539 ejus

1119 553 1208 580 locum
1226 551 1368 582 suffectus,
1388 550 1526 586 quomodo
1546 549 1622 576 nulla
1638 549 1708 576 facta
1729 553 1772 576 est
1790 548 1817 575 in
1831 548 1908 576 Actis

1120 597 1325 625 substitutionis
1338 595 1449 627 mentio,
1468 603 1530 622 cum
1546 602 1641 621 omnes
1652 594 1684 621 ad
1701 594 1906 629 imperatorem,

1120 645 1153 672 ad
1167 645 1316 679 Augustam
1331 642 1521 679 synodumque
1540 646 1568 669 et
1586 641 1654 668 alios
1664 641 1762 667 litterae
1777 640 1842 673 Julii
1858 647 1907 667 ex—

1120 698 1214 725 presse
1244 688 1434 720 meminerint,
1461 687 1614 722 debeatque
1644 687 1857 714 instrumentum
1876 690 1907 713 ut

1121 735 1193 769 quod
1223 734 1339 761 maxime
1369 733 1558 760 authenticum
1581 731 1716 767 proferri,
1747 731 1770 758 si
1797 731 1907 766 quando

1121 781 1255 815 quispiam
1272 780 1373 807 vicario
1389 779 1521 806 duntaxat
1539 778 1600 813 jure
1623 777 1722 805 debeat
1734 777 1838 812 synodo
1853 784 1909 811 prae

1121 827 1300 853 maximarum
1316 825 1423 852 sedium
1440 824 1609 851 antistitibus
1625 823 1791 858 pra-sidere?
1810 823 1909 850 Fateor

1122 869 1508 906 equidem,implicatissimam
1522 876 1581 896 esse
1593 868 1735 895 historiam
1751 867 1825 895 Julii.
1837 868 1909 901 Quid

321 901 363 928 ΠΙ·
382 901 558 928 observanda
585 901 642 950 huic
657 901 740 928 verba
753 910 784 950 :_‘
803 901 864 950 ⁸³ῗέ
882 901 1001 950 qnid°m_
1015 901 1072 936 eg"
1089 915 1108 942 Β
1122 901 1195 944 enim
1215 901 1258 944 eoi
1270 901 1371 944 factum
1397 916 1432 942 sit
1451 919 1512 950 post
1529 914 1704 942 latrocinium
1728 913 1908 948 Ephesinum,

282 947 370 980 pietas
399 951 463 978 tua,
498 955 561 974 cum
583 947 691 973 unicam
713 947 814 974 ca-dcm
834 947 857 962 δ’
874 947 1070 982 conspexisset.

283 991 359 1024 Quod
373 991 395 1018 si
410 996 522 1018 czetcras
544 991 628 1018 etiam
639 1011 646 1023 ,
658 1000 718 1026 quae
737 997 799 1026 post
821 992 973 1019 discessum
993 997 1072 1019 tuum

283 1042 396 1072 patrata:
411 1042 493 1068 sunt,
521 1037 653 1064 Phinecm
692 1038 768 1064 illum
802 1038 919 1065 fortasse
950 1039 1074 1066 imitatus

283 1091 367 1110 esses.
385 1093 393 1108 ι
411 1083 476 1110 Inde
498 1083 572 1110 enim
598 1083 708 1123 videtur
722 1092 802 1119 posse
815 1084 918 1119 colligi,
934 1085 976 1111 vel
999 1085 1074 1120 lega-

285 1133 327 1155 tos
349 1129 422 1156 sedis
444 1129 599 1163 apostolicm
617 1137 672 1156 non
694 1130 850 1157 interfuisse
874 1131 989 1165 synodo,
1013 1134 1075 1165 post

284 1174 438 1208 depositum
450 1175 610 1201 Flavianum
624 1184 631 1208 ;
646 1176 689 1203 vel
703 1183 718 1203 a
732 1176 916 1209 Theodoreto,
932 1176 989 1203 sive
1001 1176 1073 1212 quod

285 1228 298 1246 a
310 1221 414 1247 nuntiis
432 1221 564 1255 deceptus
575 1222 724 1253 esset,sive
735 1222 808 1256 quod
821 1223 954 1250 memoria
971 1223 1073 1257 lapsus,

285 1266 420 1292 lienatum
444 1267 635 1302 presbyterum
657 1267 789 1294 confundi
804 1267 983 1300 cumllilaro,
1007 1268 1074 1302 qui'

287 1311 349 1346 fuga
362 1319 390 1338 se
403 1311 550 1346 proripuit.

322 1357 365 1384 IV.
387 1356 563 1384 Observauda
576 1358 679 1392 pariter
696 1358 763 1384 ista:
787 1368 795 1383 ‹
813 1358 899 1391 Quam
915 1359 950 1385 ob
967 1366 1075 1386 causam

290 1411 339 1429 oro
352 1403 524 1430 sanctitatem
535 1407 619 1435 tuam,
629 1404 805 1431 sanctissimo
819 1409 846 1431 et
862 1405 1020 1431 beatissimo
1032 1413 1077 1432 ar-

291 1449 467 1483 chiepiscopo
482 1449 656 1483 persuadeat,
671 1453 701 1475 ut
711 1449 860 1483 apostolica
872 1454 1005 1485 potestate
1016 1456 1077 1477 uta—

290 1499 344 1526 tur,
359 1498 386 1520 et
402 1494 435 1521 ad
459 1494 605 1521 concilium
628 1499 750 1521 vestrum
775 1495 902 1522 advolare
919 1496 1076 1530 praecipiat:

289 1539 371 1566 habet
383 1539 455 1566 cnim
470 1539 643 1566 sanctissima
662 1540 705 1566 illa
716 1539 796 1566 sedes
807 1540 1002 1572 Ecclesiarum,
1019 1548 1078 1574 qua:

290 1587 317 1612 in
336 1589 392 1613 toto
409 1585 561 1617 suntorhe,
580 1585 765 1620 principatum
793 1585 886 1612 multis
908 1585 1076 1617 nominibus,
1093 1582 1113 1608 (ἶ

288 1637 370 1668 atque
385 1633 436 1659 hoc
452 1635 515 1659 ante
527 1631 711 1666 omnia.quod
727 1631 760 1657 ah
782 1631 907 1658 hatrctica
925 1631 985 1657 tabe
999 1631 1078 1666 343

291 1678 420 1704 immunis
433 1677 542 1709 mansit,
561 1684 611 1704 nec
629 1677 701 1703 ullus
715 1675 851 1703 contraria
870 1676 992 1703 sentiens
1005 1676 1031 1702 in
1047 1684 1078 1701 ca

290 1724 372 1755 sedit,
392 1723 440 1750 sed
453 1722 629 1757 apostolicam
645 1722 759 1757 gratiam
781 1722 914 1756 integram
933 1729 1080 1748 conserva-

291 1769 339 1796 vit.
356 1767 421 1800 Quae
437 1775 451 1794 a
463 1767 542 1794 vobis
553 1767 656 1793 fuerint
669 1766 801 1802 judicata.
817 1767 843 1792 in
859 1766 902 1798 iis,
917 1766 1079 1800 qualiacun-

292 1821 346 1848 que
358 1817 450 1844 erunt,
467 1812 564 1847 judicii
589 1811 672 1838 vestri
695 1811 817 1845 mquitati
844 1810 1015 1837 conlidcntcs
1035 1818 1080 1837 ac«

292 1859 477 1894 quiescamus,
492 1862 520 1885 et
545 1865 682 1892 rogamus,
703 1862 733 1884 ut
757 1857 892 1892 judicium
919 1864 953 1883 ex
971 1856 1082 1890 scriptis

293 1904 487 1931 constituatur.
504 1913 513 1928 ι
532 1902 654 1930 Probant
676 1903 811 1937 siquidem
827 1906 938 1937 aperte,
957 1910 1012 1929 non
1030 1903 1081 1928 im-

294 1951 429 1985 ploratum
446 1949 577 1976 duntaxat
591 1949 692 1976 Leonis
704 1948 887 1983 patrocinium
897 1969 904 1980 ,
926 1948 974 1976 sed
989 1949 1081 1983 appel-

295 1996 378 2022 latum
397 2003 410 2021 a
426 1994 600 2022 Thcodoreto
610 1994 683 2021 sedis
695 1994 852 2028 apostolicae
868 1993 998 2020 tribunal.

329 2040 360 2067 V.
378 2039 585 2067 Observandum
600 2040 692 2069 tertio,
711 2039 914 2066 Theodoretum
938 2046 992 2065 non
1016 2038 1083 2066 satis

296 2085 379 2112 fuisse
399 2085 526 2111 edoctum
549 2085 583 2111 de
605 2085 688 2112 rebus
704 2085 871 2120 legatorum;
894 2083 993 2111 scribit
1008 2083 1083 2110 enirn

295 2129 329 2156 ad
344 2130 488 2160 chatum,
505 2129 582 2164 quasi
603 2130 771 2157 interfuisset
794 2130 947 2157 latrocinali
968 2129 1082 2165 synodo,

296 2181 323 2204 et
344 2177 406 2204 inde
424 2177 538 2203 Romam
559 2176 729 2207 revertisset,
745 2184 808 2203 cum
832 2181 923 2203 tamen
944 2183 958 2202 a
983 2175 1083 2207 Felice,

298 2224 427 2249 Actorum
447 2222 481 2249 de
503 2221 614 2249 nomine
631 2221 733 2255 Acacii,
753 2230 801 2249 seu
818 2221 949 2249 Breviarii
971 2221 1084 2248 haeresis

298 2268 474 2303 Eutychiame
488 2272 611 2298 auctore,
628 2267 735 2294 dicatur
754 2268 781 2295 in
800 2267 887 2295 insula
905 2267 970 2294 Dcio
987 2267 1084 2294 defun-

298 2318 358 2340 ctus
371 2313 398 2339 in
415 2314 456 2340 via
471 2313 505 2340 ad
519 2313 687 2348 Ephesiuum
703 2313 860 2341 concilium.
877 2313 922 2340 Sic
934 2313 1007 2340 enim
1019 2313 1085 2347 legi-

300 2363 344 2385 tur
366 2367 371 2384 :
396 2368 404 2383 ‹
431 2357 615 2385 [interfuerunt
641 2359 724 2385 etiam
749 2358 844 2386 vicarii
870 2358 905 2385 ab
935 2358 1084 2392 apostolica

301 2404 365 2431 sede
382 2403 490 2433 directi.
507 2404 596 2442 Julius
612 2404 778 2431 Puteolanas
794 2404 948 2439 episcopus,
964 2407 991 2430 et
1010 2403 1085 2429 llila-

301 2449 358 2475 rius
373 2448 592 2481 archidiaconus,
609 2449 672 2483 quia
689 2449 833 2484 presbyter
847 2449 970 2476 Renatus
981 2448 1007 2474 in
1019 2448 1085 2474 Dolo

302 2493 390 2520 insula
406 2498 492 2521 morte
509 2499 671 2528 praeventus,
688 2503 696 2518 ι
712 2499 765 2521 ctc.

336 2550 422 2583 Quem
443 2550 545 2577 Julium
562 2550 638 2577 Felix
656 2555 746 2581 vocat,
760 2550 898 2577 Julianum
915 2550 981 2578 Acta
1001 2551 1078 2577 latro-

301 2595 398 2622 cinalis
415 2595 511 2630 synodi
528 2595 672 2622 nominant
691 2603 697 2621 :
717 2595 754 2621 ibi
773 2595 847 2621 enim
864 2599 926 2629 post
943 2595 1086 2629 praesidem

304 2641 462 2668 Dioscorum
480 2649 543 2668 mox
563 2641 636 2668 sedis
654 2641 809 2676 apostolicae
833 2641 938 2676 legatus
962 2641 1087 2668 Julianus

301 2687 446 2721 episcopus
474 2691 618 2719 Censetur;
645 2694 763 2721 cumque
792 2691 929 2718 censetur,
954 2687 1086 2713 Cociisem

302 2732 430 2766 opinatur
440 2731 614 2764 Que=nelius,
633 2740 714 2766 quem
733 2732 805 2759 .lulio
821 2732 847 2758 in
867 2732 965 2758 itinere
979 2731 1011 2757 ad
1023 2739 1089 2757 cou-

1123 963 1225 994 nullus,
1250 962 1323 997 quod
1351 961 1446 993 sciam,
1475 961 1575 993 tradit,
1602 960 1694 987 nullus
1721 961 1822 991 etiam,
1843 959 1909 995 quid

1124 1007 1224 1042 Ephesi
1240 1007 1335 1041 egerit.
1353 1007 1453 1034 Verum
1473 1006 1606 1033 chalum
1628 1005 1654 1032 in
1676 1005 1765 1032 insula
1782 1005 1847 1032 Delo
1861 1004 1911 1031 de—

1125 1053 1249 1079 functum
1271 1059 1330 1078 esse
1340 1073 1346 1083 ,
1365 1059 1427 1078 cum
1444 1051 1582 1086 Ephesum
1597 1054 1714 1085 peteret,
1729 1054 1911 1085 praeterquam

1125 1097 1197 1132 quod
1211 1097 1285 1124 Felix
1297 1097 1402 1128 scribit,
1417 1095 1586 1123 demonstrat
1600 1103 1659 1122 mea
1673 1095 1783 1130 quidem
1799 1099 1912 1122 senten-

1127 1143 1162 1169 tia
1180 1141 1298 1173 invicte,
1314 1141 1387 1176 quod
1406 1141 1432 1167 in
1449 1140 1524 1168 Actis
1543 1139 1689 1174 Ephesinis
1707 1147 1807 1166 nomen
1825 1139 1912 1174 ipsius

1127 1197 1180 1216 non
1203 1192 1355 1220 censeatur,
1376 1187 1423 1214 ubi
1441 1194 1495 1214 non
1519 1186 1616 1214 siletur
1633 1185 1666 1213 de
1683 1185 1786 1212 Hilario
1797 1185 1912 1212 diacono

1126 1239 1154 1261 ct
1165 1233 1282 1261 Dulcitio
1296 1233 1412 1260 notario.

1188 1279 1337 1306 bscrvanda
1359 1278 1477 1313 denique
1500 1277 1624 1305 recensio
1645 1277 1789 1308 librorum,
1808 1276 1842 1303 de
1859 1284 1912 1311 qua

1127 1324 1230 1358 egimus
1252 1323 1279 1350 in
1295 1330 1353 1357 cap.
1370 1322 1395 1348 εὶ.

1129 1379 1249 1414 Epistula
1266 1379 1323 1410 117,
1335 1378 1515 1414 (Irprccutoria
1529 1378 1563 1405 ad
1578 1377 1740 1414 Florentium
1757 1377 1914 1412 episcopum,

1174 1414 1214 1441 vel
1230 1415 1315 1449 potius
1335 1414 1369 1440 ad
1383 1413 1481 1440 clerum
1498 1417 1544 1440 aut
1557 1412 1696 1440 concilium
1710 1412 1867 1438 Romanum.

1165 1459 1184 1486 l.
1200 1459 1300 1486 Notum
1315 1463 1432 1493 tempus,
1446 1467 1500 1493 quo
1511 1458 1573 1486 data
1590 1462 1631 1486 est
1645 1467 1651 1484 :
1666 1458 1737 1485 hanc
1749 1458 1821 1484 cnim
1838 1457 1916 1484 detu-

1129 1504 1220 1530 lerunt
1232 1504 1311 1538 legati
1324 1512 1338 1530 a
1353 1503 1526 1531 Thcodoreto
1541 1503 1616 1530 missi
1633 1503 1764 1535 Romam;
1782 1503 1914 1537 ignotum,

1131 1550 1174 1575 cui
1190 1549 1292 1583 scripta
1307 1549 1351 1575 sit.
1366 1549 1394 1575 in
1412 1548 1554 1575 codicibus
1567 1548 1685 1582 vulgatis
1696 1552 1844 1582 nostroque
1860 1555 1918 1574 ma—

1132 1595 1273 1628 nnscripto
1295 1595 1454 1621 inscribitur
1475 1594 1613 1621 Florentio
1629 1594 1773 1628 episcopo;
1790 1594 1835 1621 sed
1858 1594 1917 1628 epi-

1131 1640 1199 1666 stola
1215 1639 1324 1666 titulum
1341 1640 1399 1666 falsi
1414 1640 1513 1675 arguit.

1166 1685 1256 1720 3&4.
1280 1686 1312 1712 ll.
1330 1686 1452 1712 Fuerunt
1474 1694 1504 1712 ca
1529 1689 1689 1720 tempestate
1711 1685 1840 1713 Florentii
1864 1685 1920 1712 duo

1132 1731 1279 1757 admodum
1291 1731 1429 1762 celebres;
1451 1739 1522 1758 unus
1536 1730 1662 1758 Sardium
1675 1731 1830 1765 cpiscopus,
1850 1731 1920 1758 alter

1132 1775 1265 1810 patricius
1284 1775 1408 1803 doctrina
1420 1776 1543 1811 insignis.
1561 1775 1695 1813 Scriptalm
1715 1777 1828 1803 fortasse
1845 1776 1922 1811 quis-

1133 1821 1205 1856 piam
1230 1821 1356 1856 eonjiciat
1380 1821 1412 1848 ad
1439 1821 1565 1848 Sardium
1595 1814 1754 1856 episcopum
1778 1830 1784 1848 :
1808 1829 1870 1848 nam
1893 1825 1922 1848 rt

1134 1866 1278 1900 inscriptio
1296 1866 1417 1900 cpistola:
1436 1865 1595 1900 episcopum
1608 1865 1684 1897 dicit,
1695 1869 1722 1892 et
1735 1865 1817 1892 verba
1833 1864 1923 1891 Theo-

1135 1910 1222 1937 doretl
1241 1918 1304 1938 eum
1318 1931 1324 1942 ,
1340 1910 1382 1937 cui
1405 1910 1544 1942 scribitur,
1564 1918 1668 1944 magnas
1691 1909 1798 1937 cuidam
1818 1909 1922 1936 civitati

1135 1957 1305 1992 prtcscdisse,
1322 1964 1486 1990 morumque
1505 1956 1648 1983 sanctitate
1669 1963 1700 1982 ac
1722 1954 1846 1982 doctrina
1867 1955 1925 1981 cla—

1135 2003 1223 2029 ruisse
1245 2001 1415 2037 signiﬁcant;
1438 2001 1477 2028 sic
1499 2001 1572 2027 enim
1593 2008 1622 2027 se
1644 2000 1766 2027 habent:
1791 2009 1800 2024 ς
1821 1999 1924 2026 Huma-

1135 2056 1200 2075 num
1214 2055 1300 2082 genus
1313 2047 1360 2074 Dei
1374 2054 1405 2074 ac
1421 2046 1570 2074 Salvatoris
1589 2045 1674 2071 nostri
1691 2044 1776 2079 gratia
1798 2043 1870 2070 omni
1889 2051 1923 2070 ex

1135 2099 1212 2129 parte
1234 2101 1288 2120 non
1312 2092 1446 2124 destituit,
1461 2091 1508 2119 sed
1531 2091 1641 2126 reliquit
1655 2090 1734 2116 nobis
1749 2097 1842 2116 semen
1857 2096 1923 2115 san-

1135 2139 1258 2166 ctitatem
1280 2143 1354 2166 tuam
1365 2138 1398 2170 ",
1414 2145 1448 2165 ne
1466 2137 1563 2164 ﬁamus
1583 2137 1653 2164 sicut
1672 2136 1801 2167 Sodoma,
1818 2140 1846 2162 et
1867 2134 1923 2162 Go-

1136 2185 1254 2211 morrha:
1274 2184 1378 2211 similes
1391 2191 1426 2210 ne
1441 2183 1536 2210 simus.
1559 2182 1614 2209 [loc
1634 2189 1683 2209 nos
1703 2181 1794 2208 animo
1813 2180 1925 2215 penitus

1137 2231 1255 2258 deﬁcere
1273 2238 1326 2256 non
1346 2229 1422 2261 sinit,
1434 2228 1483 2255 sed
1498 2228 1619 2255 molestae
1635 2227 1805 2262 tempestatis
1820 2226 1925 2253 exitum

1136 2275 1256 2311 opperiri
1268 2283 1320 2302 nos
1334 2275 1419 2309 jubet.
1437 2274 1494 2301 Hoc
1505 2281 1555 2301 nos
1570 2274 1597 2300 in
1613 2274 1712 2300 bonam
1725 2280 1801 2307 spem
1818 2272 1898 2306 erigit
1917 2281 1924 2299 :

1137 2325 1280 2356 propterea
1299 2321 1380 2347 etiam
1397 2319 1619 2354 religiosissimos
1638 2317 1813 2353 presbyteros
1837 2317 1926 2352 Hypa-

1138 2367 1205 2393 tium
1221 2370 1248 2392 ct
1264 2365 1424 2392 Ahramium
1439 2364 1650 2398 cliorcpiscopos
1662 2383 1669 2396 ,
1687 2368 1714 2390 et
1727 2363 1852 2398 Alypium
1869 2371 1928 2389 mo-

1138 2411 1288 2438 nachorum
1308 2409 1380 2444 apud
1398 2416 1448 2436 nos
1467 2409 1615 2435 exarchum
1637 2408 1671 2435 ad
1687 2408 1858 2435 sanctitatem
1877 2415 1926 2434 ve-

1139 2462 1222 2483 stram
1250 2456 1392 2487 misimus,
1418 2459 1448 2481 ut
1478 2454 1661 2481 calamitatem
1688 2453 1844 2488 dcpcllatis,
1867 2461 1929 2486 quae

1140 2503 1260 2530 Orientis
1280 2501 1418 2529 Ecclesias
1435 2500 1588 2536 occupavit.
1608 2510 1616 2526 ι
1638 2501 1671 2527 Et
1682 2505 1775 2535 postea
1792 2508 1798 2525 ι
1816 2509 1824 2524 ι
1846 2499 1928 2525 Dccct

1141 2557 1224 2584 porro
1240 2548 1412 2575 sanctitatem
1435 2550 1564 2578 vestram,
1588 2545 1683 2572 eadem
1705 2545 1848 2571 nobiscum
1866 2551 1932 2570 sen-

1141 2593 1239 2620 tientes
1252 2600 1300 2627 per
1311 2591 1438 2627 injuriam
1450 2590 1543 2625 pulsos
1559 2597 1612 2616 non
1625 2588 1781 2623 despicere;
1796 2587 1843 2614 sed
1855 2587 1932 2622 justo

1141 2638 1264 2666 subsidio
1292 2637 1418 2672 injuriam
1442 2635 1611 2671 reprimere,
1634 2643 1665 2662 ac
1687 2636 1830 2662 veritatem
1854 2641 1931 2667 pne-

1141 2685 1226 2711 fracte
1242 2685 1434 2718 impugnantes
1450 2683 1560 2713 docere,
1572 2690 1626 2708 non
1645 2681 1735 2708 omnia
1755 2679 1867 2714 exsequi
1882 2687 1934 2706 eos

1141 2737 1231 2765 posse,
1246 2729 1291 2763 qui
1307 2729 1421 2755 licenter
1434 2727 1570 2762 quidlibet
1587 2726 1696 2762 aggredi
1711 2729 1857 2753 conantur.
1876 2734 1885 2750 ι

975 2808 1131 2836 SCiiHlll
1158 2808 1272 2835 ΝΟΤίΕ.

340 2879 362 2894 ¹²
375 2878 485 2905 deem.
505 2879 577 2906 Edit.
600 2880 673 2913 prior
700 2880 814 2908 habebat
834 2882 930 2907 sulem.

970 2881 992 2896 ’³
1007 2880 1096 2906 Tumn.
1118 2879 1212 2906 Potius
1231 2883 1355 2906 vestram.
1373 2883 1401 2905 ut
1419 2878 1431 2912 §
1448 2879 1473 2908 Ο,
1499 2877 1624 2913 legimus.
