1967 3047
80 134 129 165 293

80 245 234 272 magnaeque
246 238 435 271 auctoritatis;
460 239 511 267 fuit
521 247 548 268 ct
562 242 718 270 Florentius
730 244 864 278 patricius

79 282 201 308 doctrina
215 287 242 309 et
255 290 361 310 morum
374 283 529 319 integritate
543 286 650 317 nobilis,
669 288 702 314 de
717 296 771 322 quo
785 293 863 315 antea

78 327 178 354 dictum
193 333 244 355 est.

113 374 154 401 lV.
168 374 269 401 Verum
282 375 422 408 quomodo
434 378 598 404 conveniant
610 379 732 413 epistolte
745 380 817 407 dicta
835 381 862 407 in

77 421 244 454 episcopum.
266 420 314 455 qui
338 420 548 449 bmresiarcbam
576 424 715 458 Eutychen
735 425 861 457 absolvit,

78 469 253 499 sanctumque
271 465 429 492 Flavianum
451 466 590 494 damnavit
605 469 630 495 in
646 470 763 496 concilio
781 470 863 497 latro—
878 469 882 471 ξ

77 511 166 543 cinaii,
182 511 284 544 quique
299 511 433 546 indulgeri
451 511 502 539 sibi
515 517 568 539 tam
586 514 703 548 grande'
719 520 861 549 peccatum

78 556 200 590 poposcit
213 555 398 589 Chalcedone,
412 557 486 592 quod
500 558 564 585 fecit
580 559 749 592 Florentius;
769 561 862 588 nullus

77 600 165 626 video.

112 645 140 671 γ.
159 644 237 677 Quod
250 645 272 671 si
289 645 352 679 quis
367 645 514 673 delendum
530 651 607 682 putet
618 647 739 682 episcopi
762 655 861 675 nomen

75 697 107 716 ex
122 690 302 724 inscriptione
315 711 322 722 ,
338 691 526 726 scriptumque
542 693 671 728 conjiciat
692 694 725 720 ad
748 694 861 721 Floren‘

76 736 141 762 tium
157 735 301 770 patricium
313 743 368 764 sua:
379 737 467 764 astatis
485 738 717 772 potentissimum,
734 738 862 766 doctissi-

77 788 204 815 mtnnque
218 789 249 808 ac
262 782 485 817 integerrimum;
504 783 617 810 habebit
631 785 787 819 conjectura
800 785 861 819 plus

74 826 174 860 aliquid
200 826 400 860 probabilitatis
425 832 453 855 et
479 829 665 863 congruentia:
688 837 750 856 cum
778 830 859 857 dictis

74 872 248 900 Theodoreti.
263 873 363 900 Verum
377 873 478 906 obstat,
494 875 566 909 quod
587 879 615 902 et
636 876 789 903 sanctitatis
810 884 859 902 no-
876 873 894 898 Β

73 917 144 944 mine
160 917 340 952 compelletur
353 918 376 945 is
396 917 430 945 ad
446 926 527 953 quem
543 919 682 950 scribitur,
697 924 725 947 et
737 920 764 946 in
779 920 858 947 Occi-

71 963 153 990 dente
168 963 274 998 positus
290 971 345 990 non
362 963 479 991 obscure
500 964 641 991 innuatur.
655 965 777 992 Primum
792 973 858 992 vero

70 1009 193 1035 saeculari
219 1009 335 1040 homini,
357 1009 473 1036 alterum
492 1009 610 1043 patricio
622 1009 857 1045 Constantinopoli

65 1054 161 1081 sedem
174 1054 297 1085 ha'benti,
314 1062 368 1081 non
383 1055 520 1082 convenit.
531 1055 559 1082 Si
578 1055 643 1082 licet
657 1056 685 1082 in
699 1063 728 1083 re
745 1060 798 1083 tam
811 1057 858 1083 ob-

69 1107 149 1127 scura
161 1100 324 1127 sententiam
341 1100 443 1132 dicere,
464 1101 563 1135 opinor
581 1101 723 1136 irrepsisse
734 1109 855 1129 errorem

69 1146 97 1173 in
115 1146 240 1178 titulum,
257 1150 397 1181 totamque
418 1147 562 1181 epistolam
582 1155 642 1174 esse
663 1147 795 1175 directam
812 1149 855 1175 vol

67 1191 100 1218 ad
122 1192 225 1219 clerum
243 1192 406 1222 Romanum,
417 1192 490 1226 quod
504 1192 595 1218 minus
608 1192 749 1223 ailirmetn,
764 1194 806 1220 vel
822 1193 854 1220 ad

67 1235 210 1270 episcopos
228 1235 359 1263 Romana:
380 1236 438 1263 sive
460 1236 638 1264 occidentalis
658 1238 764 1272 synodi,
782 1239 854 1273 quod

66 1281 237 1315 probabilius
248 1281 365 1308 videtur.

102 1337 144 1363 Vl.
158 1337 187 1364 In
208 1337 278 1364 hanc
294 1338 451 1372 opinionem
467 1339 567 1366 indicia
582 1347 628 1366 sex
649 1348 690 1367 me
704 1340 852 1368 adducunt.

67 1382 92 1409 1.
119 1382 197 1414 Quod
226 1382 417 1410 Thcodoretus
441 1383 475 1410 ad
506 1384 600 1418 plures
625 1384 744 1417 scribat;
768 1385 855 1412 utitur

64 1427 138 1454 enim
153 1435 262 1462 semper
281 1436 395 1455 numero
410 1428 604 1462 multitudinis,
623 1429 719 1457 solitus
734 1429 855 1465 singula-

64 1480 108 1499 res
137 1481 333 1507 quoseunquc,
359 1473 441 1500 etiam
469 1482 608 1501 summurn
636 1475 804 1509 pontiﬁcem,
826 1480 853 1503 et

63 1519 214 1554 Augustam
223 1519 396 1546 Pulcheriam
411 1519 543 1554 singulari
556 1520 666 1547 nomine
678 1521 851 1556 compellare.
867 1538 887 1566 ϐ

62 1564 141 1597 Quod
171 1568 263 1590 autem
292 1564 428 1598 interpres
452 1565 554 1599 posuit,
576 1567 742 1592 sanctitatem
767 1571 851 1595 tuam,

63 1617 119 1636 non
136 1614 268 1636 consonat
280 1609 383 1642 Grateo,
399 1611 532 1646 ὑμετέραν
550 1610 732 1646 ἁγιωσύνῃ-ιθ
746 1619 752 1637 :
767 1610 852 1647 345

63 1656 296 1690 quemadmodum
306 1664 357 1683 nec.
368 1657 440 1691 quod
449 1657 750 1689 dixit,virsanctissinw;
761 1657 853 1683 Gra‘cc

64 1703 141 1729 enim
167 1702 268 1737 legitur
300 1702 456 1734 ἁγιώτατοι.
478 1702 504 1729 ‘3.
528 1702 605 1735 Quod
636 1703 728 1736 plures
747 1703 796 1731 illi.
819 1702 851 1728 ad

61 1756 133 1783 quos
149 1749 292 1780 scribitur,
312 1748 401 1774 forent
417 1747 632 1774 Occidentalium
656 1748 787 1783 partium;
804 1756 853 1783 op-

61 1794 141 1828 ponit
161 1793 298 1828 siquidem
320 1793 515 1820 Orientalibus.
538 1792 563 1819 5.
594 1792 670 1825 Quod
695 1793 787 1826 plures
814 1792 852 1819 illi

59 1847 172 1874 quoque
184 1839 373 1866 Occidentales
392 1838 494 1865 fuerint
510 1838 646 1873 episcopi;
669 1842 850 1873 praeterquam

58 1884 135 1920 quod
158 1884 230 1911 enim
250 1884 277 1910 id
302 1883 398 1911 titulus
419 1883 531 1915 indicat,
550 1883 720 1910 demonstrat
741 1884 852 1918 insuper

58 1938 114 1957 vox
139 1930 289 1956 sanctitatis
311 1933 413 1961 vestrm,
436 1929 547 1956 tertium
573 1928 705 1955 adhibita.
724 1929 751 1955 ιί.
772 1928 849 1962 Quod

56 1976 185 2012 episcopi
201 1977 245 2003 isti
260 1984 314 2003 non
329 1975 480 2003 defecerint
502 1983 516 2002 a
542 1975 604 2006 fide,
618 1975 738 2002 Orientis
754 1976 850 2003 Eccle-

56 2023 110 2049 siis
130 2029 303 2048 communem
321 2021 502 2048 calamitatem
520 2020 617 2055 passis,
631 2024 712 2054 atquc
736 2020 772 2047 ita
786 2020 850 2047 inde

56 2075 124 2102 spes
148 2067 231 2094 fuerit
259 2066 435 2094 restituenda),
448 2067 489 2093 rei
507 2075 513 2093 :
531 2076 539 2091 ι
557 2066 605 2093 Dei
627 2065 715 2101 gratia
737 2066 849 2100 reliquit

56 2113 142 2140 nobis
157 2121 252 2139 semen
272 2112 445 2140 sanctitatem
462 2115 579 2139 vestram
591 2132 597 2143 ,
610 2119 645 2138 uc
663 2111 759 2138 tiamus
778 2111 849 2138 sicut

56 2158 190 2189 Sodoma,
212 2167 220 2182 ι
236 2161 288 2184 etc.
304 2157 330 2184 5.
353 2156 430 2189 Quod
445 2159 525 2183 tanta:
540 2155 578 2182 illi
595 2155 684 2183 forent
698 2155 847 2182 auctorita-

659 142 705 171 DE
726 143 852 172 LIBRIS
870 142 1124 177 THEODORETI.

115 192 155 218 111.
174 191 237 218 Fuit
257 200 322 219 vero
341 192 468 220 Sardium
483 195 628 230 episcopus
642 197 733 233 Lydia:
747 199 864 232 primas,
880 201 901 228 Α

1650 156 1700 186 291

955 201 1009 229 Vll.
1025 203 1126 231 Indicia
1142 213 1189 232 sex
1202 205 1263 237 ista,
1281 207 1332 234 nisi
1352 207 1547 236 occidentalem
1567 213 1700 245 synodum

916 246 1115 279 demonstrent.
1137 258 1189 277 non
1202 251 1282 278 video
1304 261 1364 287 qua:
1386 254 1439 281 alia
1461 261 1566 289 possmt
1588 258 1699 287 clarius.

913 292 990 320 Adde
1005 294 1077 328 quod
1098 303 1131 322 ex
1149 297 1264 330 epistola
1281 298 1332 324 116
1348 303 1465 331 constet,
1489 306 1597 335 optasse
1612 303 1701 331 Theo-

914 338 1051 372 doretum,
1065 348 1174 368 causam
1189 349 1265 369 suam
1280 344 1323 378 agi
1342 344 1368 370 in
1383 345 1544 374 occidentali
1560 349 1676 376 concilio
1691 360 1698 377 :

918 392 926 408 ι
953 383 1119 412 Persuadent
1145 388 1277 414 sanctitas
1301 393 1344 415 tua
1371 391 1544 419 sanctissimo
1565 394 1700 429 archiepi—

913 436 1005 464 scopo,
1023 435 1052 457 ut
1065 432 1214 465 apostolica
1231 435 1396 462 auctoritate
1413 441 1517 469 utatur,
1535 442 1562 464 et
1575 439 1608 466 ad
1633 448 1699 467 con-

913 473 1006 500 cilium
1019 480 1139 502 vestrum
1159 477 1285 505 advolare
1300 479 1450 514 pra-cipiat.
1467 490 1475 506 ι
1493 481 1521 508 id
1536 482 1624 517 ipsum
1638 492 1699 518 pre-

913 518 990 546 cibus
1011 519 1129 547 Anatolii
1144 522 1178 548 ab
1190 522 1355 557 imperatore
1368 524 1545 553 obtenturum
1563 535 1591 555 sc
1604 536 1697 563 spera-

912 570 990 591 verat
1014 566 1095 600 epist.
1112 567 1182 594 ll9:
1202 577 1211 593 ‹
1241 569 1454 604 Magnitudinem
1478 576 1552 599 tuam
1577 574 1698 601 obtestor

913 608 983 636 hanc
996 617 1010 636 a
1023 611 1126 638 victore
1145 612 1266 647 Augusto
1287 615 1402 648 gratiam
1421 619 1505 650 petat,
1526 623 1556 644 ut
1576 618 1603 645 in
1620 618 1697 646 Occi—

912 655 1022 682 dentem
1038 656 1156 688 veniam,
1173 657 1267 692 ibique
1278 666 1292 685 a
1306 659 1361 687 Deo
1375 660 1542 689 charissimis
1555 664 1695 691 sanctissi-

911 701 1018 736 misqne
1036 701 1301 738 cpiscopisjudicer.
1323 714 1331 730 ›

946 747 1014 774 1⁷111.
1030 747 1094 776 Ilscc
1107 754 1199 776 autem
1215 749 1236 776 si
1252 750 1287 777 ita
1307 758 1336 777 se
1352 751 1462 784 habent,
1478 757 1507 779 ut
1520 753 1621 781 habent
1635 762 1697 789 pro-

910 793 955 819 cul
967 792 1060 826 dubio,
1072 794 1161 822 lucem
1172 795 1291 822 aﬂ‘crunt
1303 796 1428 824 obscuris
1441 798 1468 824 in
1479 798 1594 826 historia
1607 808 1694 834 qums-

911 839 1035 866 tionibus
1048 860 1054 871 ,
1083 845 1113 867 ut
1130 845 1195 875 puta
1218 841 1251 869 de
1275 843 1457 877 appellatione
1478 845 1642 874 Theodoreti
1661 848 1694 874 ad

910 893 1047 912 summum
1065 887 1223 921 pontificem
1243 892 1270 915 et
1293 889 1353 924 ejus
1372 891 1516 925 synodum,
1529 891 1562 918 de
1577 894 1696 927 appella-

910 930 993 957 tionis
1008 931 1099 963 modo,
1114 931 1147 959 de
1158 932 1270 967 judiciis
1288 941 1456 962 summorum
1477 937 1635 972 pontiﬁcum
1649 938 1694 964 illa

909 979 1080 1010 tempestate,
1093 980 1147 1004 etc.

1006 1034 1128 1070 Epistola
1144 1036 1205 1068 H8,
1221 1045 1255 1063 aa
1268 1037 1481 1064 archidiaconum
1492 1037 1591 1066 Romce.

942 1090 962 1117 1.
978 1091 1106 1126 Ejusdem
1127 1093 1259 1128 temporis
1277 1097 1358 1128 atque
1384 1093 1538 1127 argumenti
1553 1102 1616 1122 cum
1631 1096 1690 1123 116.

906 1135 1037 1168 Qucritur
1051 1138 1124 1177 enim
1143 1139 1240 1165 factam
1255 1139 1306 1166 sibi
1330 1139 1459 1174 injuriam
1480 1141 1590 1175 Ephesi,
1604 1148 1692 1177 rogat-

906 1189 959 1215 quc
981 1189 1057 1209 suam
1077 1187 1105 1210 ct
1127 1184 1313 1211 Ecclesiarum
1335 1192 1444 1212 causam
1466 1186 1536 1220 apud
1554 1194 1691 1214 summum

906 1226 1062 1260 pontiﬁcem
1078 1228 1244 1261 promoveri.

941 1272 973 1298 11.
996 1272 1063 1305 Quis
1087 1278 1178 1300 autem
1201 1273 1246 1300 ille
1271 1274 1498 1302 archidiaconus?
1520 1275 1639 1308 Hilarus,
1656 1284 1691 1304 an

905 1318 996 1344 alter?
1009 1318 1102 1345 Hilaro
1119 1323 1193 1346 certe
1211 1327 1265 1346 non
1281 1319 1428 1348 admodum
1441 1321 1616 1354 conveniunt,
1632 1330 1692 1357 qua:

904 1363 1045 1390 dicuntur.
1062 1363 1254 1391 Verumtamen
1274 1364 1332 1391 ﬁeri
1351 1365 1451 1399 potuit,
1468 1367 1541 1400 quod
1556 1366 1584 1392 in
1595 1374 1692 1401 repen-

905 1407 971 1434 tinis
985 1408 1094 1435 casibus
1112 1409 1192 1440 solet,
1209 1413 1239 1436 ut
1255 1409 1453 1442 Theodoretus,
1468 1418 1531 1438 cum
1547 1412 1690 1444 scriberet,

904 1453 1026 1480 nondum
1044 1454 1110 1480 satis
1120 1454 1234 1481 edoctus
1248 1454 1330 1481 fuerit
1343 1454 1376 1481 dc
1393 1455 1476 1482 rebus
1491 1456 1524 1482 ab
1543 1456 1634 1483 llilaro
1647 1465 1690 1491 ge-

904 1499 954 1526 stis
979 1499 1091 1533 Ephesi,
1112 1499 1334 1534 quandoquidem
1362 1500 1467 1528 Renato
1498 1501 1610 1533 tribuit,
1631 1510 1691 1536 qum

905 1543 990 1570 llilari
1002 1547 1076 1575 sunt,
1096 1547 1124 1570 et
1137 1544 1247 1571 sciverit
1265 1549 1353 1572 tamen
1367 1550 1456 1577 antea,
1469 1551 1568 1580 quanta
1583 1546 1692 1573 Hilarus

903 1589 1018 1624 polleret
1035 1590 1127 1616 Romze
1142 1590 1382 1621 auctoritate,tum
1400 1595 1512 1625 propter
1530 1591 1691 1626 dignitatem

903 1635 984 1670 31.6
999 1635 1204 1668 archidiaconi,
1217 1636 1296 1670 cujus
1320 1640 1379 1662 crat
1399 1643 1494 1663 causas
1514 1644 1610 1671 agere;
1632 1641 1688 1664 tum

903 1685 1015 1715 propter
1026 1681 1210 1715 prwstantiam
1224 1681 1287 1713 viri,
1300 1681 1347 1716 qui
1363 1681 1461 1709 merito
1480 1686 1573 1716 postea
1586 1683 1689 1710 electus

902 1726 983 1753 estin
1002 1726 1102 1753 Leonis
1117 1735 1324 1754 successorem:
1341 1735 1424 1762 quare
1440 1735 1504 1755 suas
1526 1728 1575 1762 ipsi
1594 1736 1690 1763 preces

901 1771 1010 1798 obtulit.

902 1827 1022 1862 Epistula
1042 1827 1100 1859 119,
1117 1827 1298 1863 deprecatoria
1315 1829 1349 1855 ad
1367 1828 1521 1855 Anatolium
1538 1830 1687 1864 patricium.

935 1884 956 1911 1.
976 1884 1080 1912 Eodem
1103 1888 1237 1920 tempore,
1253 1892 1315 1912 cum
1334 1884 1456 1912 nondum
1472 1893 1598 1921 egressus
1618 1887 1689 1915 foret

900 1929 980 1966 Cyro,
1000 1931 1048 1958 sed
1075 1931 1226 1966 ejiciendus
1249 1931 1417 1959 crederetur.
1443 1941 1452 1957 ‹
1478 1932 1540 1960 Haec
1567 1938 1596 1961 ut
1616 1941 1688 1962 nunc

900 1976 1060 2009 scriberem,
1081 1984 1115 2004 eo
1138 1984 1198 2003 sum
1219 1977 1341 2008 adactus,
1365 1977 1439 2012 quod
1456 1981 1487 2004 ut
1509 1978 1575 2005 hinc
1589 1979 1688 2014 jubear

899 2022 986 2051 abire,
1000 2022 1089 2048 moliri
1105 2021 1237 2056 quosdam
1250 2021 1435 2056 cognoverim.
1453 2031 1461 2046 ι

934 2067 966 2093 ll.
985 2066 1115 2099 Qucritur
1125 2067 1158 2097 ⁸³,
1173 2073 1202 2092 se
1224 2070 1319 2093 contra
1341 2066 1386 2101 jus
1408 2066 1503 2101 fasque
1520 2066 1685 2101 depositum,

899 2111 1083 2146 eﬂlagitatquc
1097 2111 1318 2143 lamentabiliter,
1330 2111 1383 2138 sibi
1401 2111 1434 2138 ab
1450 2111 1614 2146 imperatore
1627 2111 1685 2138 ﬁeri

899 2157 1059 2184 alterutram
1069 2161 1242 2190 potestatem,
1259 2160 1306 2183 aut
1321 2156 1354 2183 ad
1367 2156 1503 2190 judicium
1519 2156 1604 2183 sancti
1617 2157 1687 2184 Leo-

56 2205 105 2235 tis,
126 2213 135 2228 ‹
155 2208 185 2230 ut
203 2202 461 2237 possentdepellere
473 2201 594 2228 Orientis
607 2201 790 2228 Ecclesiarum
803 2209 847 2228 ca-
864 2205 884 2232 D
899 2203 942 2230 nis
955 2202 1056 2230 eundi:
1075 2212 1083 2227 ι
1103 2202 1315 2237 Magnitudinem
1340 2207 1412 2228 tuam
1430 2202 1561 2234 obtestor,
1577 2202 1647 2229 hanc
1670 2211 1686 2230 a

55 2250 222 2280 lamitatem,
241 2252 364 2275 exortam
380 2247 496 2274 baercsin
520 2247 692 2281 proscribere
705 2266 712 2279 ,
731 2254 778 2274 eos
799 2247 846 2281 qui

56 2295 256 2323 incarnationis
266 2294 418 2321 doctrinam
431 2294 586 2321 adulterare
597 2293 655 2320 ausi
671 2297 744 2324 sunt,
753 2298 846 2328 aperte

55 2340 236 2374 redarguere,
254 2339 361 2365 illorum
388 2338 434 2373 qui
459 2337 568 2373 pietatis
594 2345 677 2364 causa
701 2341 844 2369 vexantur,

53 2383 242 2419 patrocinium
251 2387 278 2410 et
291 2382 477 2410 defensionem
494 2383 644 2417 suscipere,
659 2390 707 2417 per
718 2382 846 2417 injuriam

51 2429 153 2463 pulsos
169 2435 226 2454 non
250 2427 392 2462 despicere
404 2447 411 2459 ,
425 2427 473 2454 sed
491 2428 567 2462 justo
580 2427 704 2454 subsidio
720 2427 846 2462 iniuriam

51 2473 220 2508 reprimere,
237 2480 268 2500 ac
282 2472 424 2499 veritatem
439 2473 581 2507 prmfracte
595 2472 786 2507 impugnantes
799 2472 847 2499 do-

49 2527 131 2552 cere,
155 2527 210 2546 non
233 2521 325 2547 omnia
350 2527 398 2548 eos
422 2526 501 2554 posse
522 2518 644 2553 exsequi,
667 2518 713 2552 qui
732 2518 847 2545 licenter

48 2565 197 2601 quidlibet
211 2565 321 2601 aggredi
335 2570 485 2593 conanturr
498 2574 507 2590 ι
528 2564 554 2591 6.
573 2564 650 2598 Quod
665 2563 700 2591 ad
713 2571 760 2591 eos
770 2563 846 2591 missi

48 2612 110 2638 sint
138 2609 277 2644 legatiht
302 2609 532 2644 Religiosissimos
555 2609 732 2644 presbyteros
758 2607 847 2643 llypa«

49 2654 124 2680 tium
143 2657 172 2680 et
186 2653 346 2680 Abramium
368 2653 590 2688 chorepiscopos,
603 2657 631 2680 et
646 2653 772 2688 Alypium
790 2661 848 2680 mo-

49 2699 209 2726 nachorum
224 2699 295 2734 apud
320 2707 370 2726 nos
392 2699 539 2726 exarchum
559 2699 592 2725 ad
616 2699 788 2726 sanctitatem
804 2706 848 2725 vc-

49 2750 141 2772 stram
155 2746 292 2772 misimus.
311 2755 320 2770 ι

899 2248 1002 2274 victore
1024 2247 1145 2281 Augusto
1169 2249 1245 2280 petat
1267 2245 1392 2280 gratiam,
1406 2249 1436 2272 ut
1457 2245 1484 2272 in
1509 2246 1687 2274 Occidentem

899 2293 1017 2324 Veniam,
1030 2292 1129 2326 .ibique
1149 2299 1163 2318 a
1186 2291 1241 2317 Deo
1265 2290 1433 2317 charissitnis
1451 2291 1686 2326 sanctissimisque

899 2337 1036 2373 episcopis
1057 2337 1185 2372 judicer:
1201 2343 1233 2362 ac
1251 2336 1272 2363 si
1294 2335 1337 2366 vel
1353 2336 1498 2363 minimum
1514 2340 1545 2364 a‘
1560 2337 1622 2364 fidei
1640 2346 1686 2365 re-

899 2384 960 2418 gula
985 2382 1130 2410 deﬂectere
1152 2381 1255 2413 videar,
1276 2381 1303 2408 in
1324 2381 1446 2408 medium
1468 2382 1552 2408 maris
1576 2381 1687 2415 profun-

900 2428 964 2455 dum
987 2427 1113 2462 dejiciar;
1134 2436 1142 2452 ι
1172 2431 1219 2453 aut
1246 2426 1273 2452 in
1293 2426 1491 2454 monasterium
1520 2425 1686 2453 secedendi:

904 2483 912 2499 I
932 2473 1010 2506 Quod
1020 2473 1042 2500 si
1058 2473 1101 2499 his
1117 2472 1245 2506 precibus
1256 2470 1355 2499 vestris
1379 2480 1433 2499 non
1454 2471 1548 2504 cedet,
1562 2471 1686 2498 habitare

901 2528 945 2546 me
967 2519 1063 2546 saltem
1083 2517 1178 2553 jubeat
1199 2517 1226 2544 in
1240 2519 1407 2545 monasterio
1420 2521 1525 2549 nostro,
1538 2516 1611 2551 quod
1624 2516 1686 2550 qui-

898 2565 960 2593 dem
972 2573 987 2592 a
997 2565 1135 2600 Cyrestica
1149 2564 1316 2592 milliaribus
1326 2565 1403 2592 abest
1418 2569 1528 2591 centum
1540 2567 1567 2590 ct
1578 2563 1685 2598 viginti,

898 2611 932 2637 ab
950 2610 1122 2637 Antiochena
1145 2609 1267 2644 quinque
1281 2615 1310 2638 et
1323 2610 1509 2645 septuaginta;
1533 2609 1621 2636 tribus
1635 2617 1685 2636 au--

899 2661 952 2683 tem
964 2655 1130 2682 milliaribus
1143 2655 1225 2682 distat
1237 2655 1268 2683 ab
1285 2657 1353 2683 urbe
1369 2655 1516 2690 Apamcna.
1537 2664 1545 2680 ›

934 2701 976 2728 111.
990 2699 1208 2731 Observandum,
1229 2701 1302 2735 quod
1324 2701 1362 2728 ait
1382 2701 1416 2728 de
1435 2708 1486 2728 suo
1508 2701 1684 2730 monasterio.

899 2747 977 2781 cujus
990 2747 1072 2773 situm
1089 2745 1222 2772 describit
1237 2756 1243 2773 :
1261 2747 1323 2774 inde
1339 2746 1412 2774 enim
1426 2746 1529 2781 liquet,
1544 2746 1571 2773 in
1591 2753 1686 2773 mona-

729 2812 888 2840 StlilULle
906 2812 1022 2840 NOTAE.

86 2860 110 2876 ⁸⁵
127 2859 192 2896 Legi
208 2861 278 2888 solet
293 2860 432 2895 ἁγιότητα.
453 2860 514 2888 Vid.
532 2865 552 2888 t.
567 2860 611 2892 Ν,
627 2867 653 2894 p.
670 2859 745 2886 1199.

784 2859 806 2874 ⁸⁵
821 2859 881 2886 V‘id.
897 2867 987 2894 supra,
1002 2867 1029 2894 p.
1048 2859 1105 2886 185.
