1967 3047
256 153 308 183 295

259 257 321 281 rent
334 257 462 287 parentes
475 261 481 278 :
493 258 554 278 cum
567 254 659 277 autem
673 249 816 280 vixissent,
834 250 862 276 in
878 250 1048 284 Apamcnum

259 299 367 326 venisse
379 319 386 330 ,
401 297 448 325 sed
473 302 630 324 revocatum
648 296 675 322 in
693 296 812 330 priorem
820 295 927 327 'locum,
941 295 1050 330 quando

259 345 373 371 allectus
384 348 425 370 est
446 343 481 370 ab
500 342 655 370 Alexandro
667 342 796 376 episcopo
809 340 836 367 in
849 341 1050 368 Antiochenam

259 391 373 418 clerum.

342 446 464 481 Epistula
478 445 536 480 [‘20,
549 445 724 472 consolatorie
746 444 781 471 ad
798 443 962 479 Lupicinum.

294 504 316 531 1.
333 503 436 531 Eodem
452 509 575 539 tempore
589 506 616 530 et
632 503 728 530 eadem
743 501 897 528 occasione.

295 551 327 578 ll.
344 551 560 578 Emendavimus
577 551 755 585 scriptione-In
769 570 775 581 ,
796 557 857 584 qua:
871 549 952 582 vulgo
970 548 1051 575 habet

259 596 405 631 Lupicium
421 606 427 623 ι
443 605 476 624 ex
498 597 636 632 adiunctis
658 595 731 622 enim
754 599 879 630 apertum
902 598 954 626 est,
976 601 1051 624 eum,

260 643 295 669 ad
310 651 390 677 quem
414 643 556 674 scribitur,
569 650 624 669 non
645 649 705 668 esse
722 641 815 672 alium,
837 648 917 674 quam
934 640 976 666 cui
991 639 1052 666 data

260 693 303 715 cst
325 689 441 723 epistola
461 689 514 721 90;
536 696 618 724 quam
639 687 718 719 vide,
734 691 764 713 ut
783 687 816 714 de
834 687 968 721 Lupicino
985 685 1051 712 ed0-

261 734 360 761 cearis.

298 781 342 808 lll.
354 780 564 808 Observandum
582 785 684 812 autem,
701 780 774 815 quod
788 779 938 814 Lupicinus
951 777 1053 805 dicitur

263 825 432 852 alumnarum
453 826 556 860 pictatis
573 826 703 860 princeps,
721 824 746 851 id
762 829 814 855 est,
830 822 947 858 partium
961 822 1052 849 Theo-

263 872 296 899 do
303 871 352 900 reti
371 871 521 898 studiosus.

367 927 486 963 Epistola
505 927 564 960 121,
581 927 615 954 ad
629 927 781 954 Anatolium
802 926 953 962 patricium.

297 985 319 1012 ῐ.
330 985 397 1012 Data
407 990 449 1012 est
460 985 542 1019 paulo
560 988 622 1020 post
639 984 783 1019 epistolam
805 983 865 1015 119,
879 990 941 1010 eum
955 989 1054 1016 nempe

261 1029 316 1065 jam
336 1029 487 1064 accepisset
502 1029 704 1064 antigraphum,
721 1033 767 1055 aut
783 1028 914 1055 Actorum
938 1027 1054 1062 Ephesi-

263 1083 373 1107 norum,
392 1079 439 1102 aut
460 1075 555 1102 saltem
576 1074 742 1105 litterarum,
756 1075 813 1102 sive
830 1081 898 1108 quas
912 1073 1053 1103 Flaviano,

264 1120 321 1147 sive
333 1127 400 1155 quas
414 1119 514 1154 Ephesi
527 1119 700 1154 congregatis
712 1118 849 1154 episcopis
870 1121 981 1145 sanctus
1000 1116 1055 1143 Leo

264 1165 421 1199 scripserat.
433 1165 591 1192 Gratulatus
610 1165 682 1192 enim
708 1164 759 1191 sibi
782 1164 913 1191 doctrina:
937 1170 1054 1190 conscii--

264 1211 369 1238 sionem
392 1219 454 1238 cum
478 1216 572 1238 sancto
596 1211 702 1241 Leone,
721 1218 801 1245 quem
814 1209 1056 1244 faccmmaa-imnm

264 1258 342 1284 totius
354 1257 422 1283 orbis
436 1261 569 1283 terrarum
580 1261 678 1288 vocat,
697 1256 839 1283 continere
858 1262 918 1282 sese
932 1262 987 1281 non
1006 1262 1054 1289 po-

266 1301 326 1334 tuit,
338 1302 404 1336 quin
420 1301 484 1328 inde
498 1301 570 1336 apud
583 1301 700 1328 amicum
720 1301 943 1336 potentissimum
961 1300 1054 1335 apolo-

265 1346 336 1382 giam
354 1346 406 1373 sibi
424 1346 583 1378 conﬁceret,
598 1354 713 1380 eamque
726 1346 800 1373 omni
820 1346 995 1373 accusatione
1011 1352 1056 1371 su-

266 1392 423 1426 periorem,
454 1392 476 1419 si
508 1392 591 1419 modo
617 1392 775 1420 conferatur
807 1392 923 1427 epistola
955 1393 1056 1419 summi

266 1436 404 1471 pontiﬁcis
419 1445 480 1464 cum
493 1437 552 1469 his,
567 1444 627 1471 quae
645 1436 787 1464 Anatolius
807 1437 865 1471 ipse
881 1436 1056 1463 Theodoreto

267 1481 414 1509 conciones
427 1482 545 1509 habente
558 1481 709 1509 audivisset
720 1481 754 1509 ⁸⁸.

300 1527 333 1555 ll.
355 1527 531 1555 Observanda
552 1527 704 1563 ὸρθοδοξιας
724 1527 883 1563 plenissima
897 1526 1054 1562 professio:
1070 1543 1090 1572 Ο

269 1583 278 1600 ι
296 1572 361 1607 Quae
371 1581 386 1600 a
398 1574 500 1600 sanctis
513 1573 654 1608 beatisquc
673 1573 814 1608 prophetis
830 1577 857 1600 et
875 1572 1016 1608 apostolis,
1029 1577 1057 1600 et

264 1618 344 1654 347
360 1618 394 1646 ab
407 1618 450 1650 iis,
465 1618 511 1653 qui
525 1618 658 1653 postillos
673 1618 850 1653 Evangelium
862 1616 1055 1652 praedicarunt,

265 1671 380 1699 quaeque
405 1671 419 1690 a
436 1663 539 1690 sanctis
560 1663 687 1690 Patribus
701 1663 798 1690 Nicaea:
812 1662 984 1697 congregatis
1002 1665 1057 1689 tra-

266 1710 321 1737 dita
339 1712 413 1740 sunt,
431 1708 526 1735 eadem
543 1708 569 1735 in
583 1708 626 1735 his
637 1708 737 1735 litteris
749 1708 821 1735 nacti
839 1715 943 1739 sumus,
957 1707 1057 1742 quibus

265 1758 294 1782 et
311 1762 361 1781 nos
384 1754 510 1780 insistere
528 1753 698 1788 proﬁtemur,
717 1758 745 1780 et
761 1761 819 1785 eos,
835 1753 881 1788 qui
901 1753 935 1780 ab
950 1753 993 1779 his
1013 1753 1056 1780 di-

266 1806 346 1826 versa
362 1797 494 1829 sentiunt,
510 1797 659 1832 impietatis
675 1798 847 1825 damnamus.
866 1807 874 1823 ι

302 1844 346 1871 111.
367 1844 420 1871 Sed
441 1843 642 1870 observandum
660 1844 742 1871 etiam
759 1844 898 1870 silentium
916 1843 950 1870 de
964 1843 1056 1878 Ephe-

267 1891 326 1918 sina
354 1891 457 1926 synodo
479 1890 667 1922 meumenica,
685 1890 712 1916 in
736 1897 789 1924 qua
812 1889 957 1916 Nestorius
974 1894 1056 1923 atque

266 1936 348 1963 etiam
362 1935 523 1962 Theodorus
536 1936 564 1962 in
580 1942 630 1962 suo
646 1934 770 1970 symbolo
785 1933 930 1961 damnatus
942 1939 993 1961 est.

319 1999 439 2034 Epistula
457 1999 508 2026 122
529 2002 553 2026 et
573 1998 638 2030 125,
655 1998 801 2033 familiares
819 1999 854 2025 ad
875 1998 1003 2026 Uranium

524 2034 672 2069 episcopum
686 2033 798 2060 Emeste.

302 2090 321 2118 1.
338 2089 440 2117 Scribit
461 2097 476 2117 e
492 2097 612 2119 secessu.
628 2089 656 2116 in
673 2097 754 2124 quem
774 2097 803 2117 sc
817 2095 968 2125 receperat,
986 2089 1056 2125 Cyro

266 2137 363 2172 pulsus
385 2145 392 2162 :
422 2144 506 2170 quare
530 2135 644 2170 epistola
670 2135 746 2170 prior
766 2136 876 2163 videtur
900 2136 962 2163 data
982 2137 1055 2164 circa

268 2182 350 2209 ﬁnem
363 2181 426 2208 anui
440 2181 501 2212 “9,
518 2180 654 2215 posterior
671 2179 748 2206 initio
763 2181 913 2214 sequentis.

302 2227 335 2254 ll.
358 2226 533 2254 Observanda
558 2226 615 2253 lucc
635 2226 797 2260 posterioris
822 2225 906 2252 verba
929 2234 935 2252 :
963 2235 972 2251 ί
998 2225 1055 2254 lloc

267 2273 378 2307 quidem
391 2292 398 2303 ,
413 2271 524 2298 domine
536 2292 544 2304 ,
563 2271 602 2299 sic
616 2271 732 2303 habeto,
748 2271 864 2298 aliorum
882 2279 925 2298 me
944 2272 1000 2298 Deo
1011 2271 1054 2298 di-

267 2317 478 2345 lectissimorum
499 2317 691 2352 episcoporum
711 2317 833 2352 eulogias
847 2317 880 2343 ad
901 2325 944 2344 me
959 2317 1055 2345 missas

267 2371 322 2391 non
339 2363 476 2398 accepisse
491 2372 497 2389 :
516 2371 569 2390 non
596 2362 668 2397 quod
685 2370 734 2389 eos
754 2362 800 2397 qui
825 2363 975 2395 miserant,
990 2371 1056 2390 con-

266 2413 430 2441 temnerem,
449 2408 535 2435 absit!
552 2409 600 2435 sed
619 2408 691 2442 quod
705 2408 890 2435 necessarium
904 2409 1005 2435 victum
1021 2409 1054 2436 ab

266 2463 300 2482 eo
318 2455 423 2482 interea
435 2462 572 2482 sumerem
586 2474 594 2487 ,
609 2454 656 2488 qui
671 2454 745 2480 hunc
759 2454 841 2480 etiam
862 2455 952 2480 corvis
965 2454 1054 2481 abun-

266 2500 365 2528 danter
387 2500 552 2535 suppeditat.
575 2499 645 2534 Erga
663 2506 728 2526 vero
750 2503 823 2525 tuam
846 2499 976 2534 pietatem
1001 2500 1053 2527 tale

265 2543 333 2572 nihil
356 2544 496 2580 egizvicit
517 2543 590 2570 enim
614 2551 709 2569 revera
738 2542 880 2570 eharitatis
906 2544 998 2575 ardor,
1026 2545 1054 2570 id

266 2590 335 2625 quod
358 2591 421 2617 mihi
452 2589 553 2617 tamdiu
576 2589 737 2624 propositum
767 2588 853 2623 fuerat
865 2588 897 2615 '".
918 2598 927 2614 ι
949 2589 989 2616 Ex
1011 2589 1054 2617 his

265 2636 338 2663 enim
355 2640 472 2668 constat,
486 2636 689 2663 Theodoretum
706 2635 748 2662 vel
765 2639 877 2662 exutum
891 2642 950 2662 esse
963 2635 1052 2668 bonis,

265 2689 327 2708 cum
341 2683 412 2717 Cyro
427 2682 621 2716 expelleretur,
635 2681 678 2708 vel
696 2681 796 2716 spretis
807 2680 916 2714 penitus
927 2681 1054 2708 onmibus

264 2727 297 2754 ad
312 2730 508 2754 monasterium
519 2734 547 2754 se
560 2726 720 2754 contulisse.

823 148 1012 178 GARNERII
1032 149 1279 179 DISSERTATIO
1303 151 1341 180 ll.

258 206 342 235 sterio
361 205 490 241 Euprcpii
511 203 667 232 exercuisse
686 211 714 231 se
733 203 874 238 primum,
891 203 956 230 dum
972 204 1047 231 vive—
1066 209 1086 235 Α

1838 148 1890 181 296

1137 205 1180 232 lll.
1199 206 1315 232 Lirauius
1330 213 1410 240 porro
1423 205 1528 232 ElllOSLE
1543 204 1570 231 in
1584 203 1723 231 thnicia
1736 203 1891 232 Liba'nitide

1100 252 1247 286 episcopus
1274 252 1325 278 sub
1351 251 1517 278 Dauiasceno
1544 251 1736 285 metropolita,
1769 251 1892 278 interfuit

1101 297 1211 331 utrique
1224 297 1330 331 judicio
1343 296 1376 323 de
1387 297 1448 323 ilia:
1461 296 1525 332 Tyri
1541 304 1652 330 nempe,
1667 304 1763 323 mense
1776 297 1893 323 Februa-

1102 343 1153 375 rio,
1169 348 1197 371 et
1209 344 1310 379 Beryti,
1329 351 1423 370 mense
1437 343 1592 377 Septembri
1606 350 1678 369 anno
1689 343 1750 369 MS.
1770 343 1894 370 Interfuit

1092 394 1130 416 et
1145 390 1262 417 concilio
1277 389 1494 417 Chalcedonensi
1508 396 1580 415 anno
1591 389 1653 420 451,
1666 392 1694 415 et
1710 389 1847 423 synodicae
1859 388 1892 415 ad

1103 435 1223 462 Leonem
1241 435 1433 470 imperatorem
1445 434 1609 468 subscripsit
1621 441 1694 461 anno
1705 434 1773 461 458.

1103 504 1223 540 Epistola
1240 505 1307 537 124,
1324 503 1467 539 familiaris
1484 503 1518 530 ad
1538 503 1681 530 Martinam
1700 501 1891 530 scholasticam.

1139 572 1247 607 Scripta
1261 578 1304 600 est
1319 580 1334 600 e
1349 572 1420 603 loco,
1435 571 1462 598 in
1483 579 1564 606 quem
1584 571 1745 606 confugerat
1765 571 1893 606 expulsus

1103 618 1183 654 Cyro,
1196 618 1279 646 etubi
1297 618 1374 645 iratis
1389 617 1555 645 adversariis
1572 617 1724 648 fruebatur,
1738 617 1834 651 procul
1850 622 1893 644 tu-

1103 664 1245 690 multibus.
1258 663 1295 690 De
1309 663 1416 690 Marana
1428 663 1583 689 dictumest
1599 661 1632 688 ad
1649 661 1792 696 epistolam
1807 661 1850 688 67.

1105 733 1227 769 Epistula
1245 733 1306 764 125,
1325 732 1474 767 dogmatica
1493 732 1528 792 at:
1542 731 1731 767 magistratum
1752 730 1894 766 Zeugmate

1435 775 1514 792 aet-en
1529 775 1565 792 es.

1435 775 1565 803 gerentes.

1139 837 1159 863 l.
1181 835 1296 870 Scripsit
1320 834 1512 862 Theodoretus
1539 841 1572 861 ex
1594 833 1690 861 eodem
1715 834 1786 866 loco,
1811 833 1893 868 idque
1917 818 1920 819 ν

1069 878 1090 905 Β
1105 882 1168 909 inde
1181 885 1298 912 constat,
1321 879 1405 915 quod,
1426 884 1456 907 ut
1477 879 1622 912 scriberet,
1634 883 1743 914 rogatus
1755 879 1790 906 sit
1803 878 1838 906 ab
1852 887 1895 906 ar-

1105 927 1298 958 chimandrita,
1313 926 1359 961 qui
1372 926 1519 961 Zeugmate
1535 925 1568 952 ad
1583 925 1670 960 ipsum
1685 929 1796 952 venerat
1814 924 1895 960 longo

1085 991 1088 995 .
1105 973 1202 1000 itinere
1219 981 1225 998 :
1243 979 1297 999 non
1322 971 1420 998 fuisset
1445 974 1537 998 autem
1560 971 1612 997 iter
1626 970 1705 997 valde
1725 970 1847 1005 longum,
1870 971 1895 998 si

1106 1024 1171 1046 tunc
1195 1018 1257 1054 Cyri
1283 1017 1467 1049 constitisset;
1490 1016 1542 1043 fuit
1559 1023 1644 1048 vero,
1666 1016 1689 1043 si
1712 1024 1798 1052 prope
1826 1016 1897 1051 Apa-

1106 1072 1192 1091 meam
1207 1073 1214 1090 -.
1229 1064 1256 1090 iu
1276 1063 1409 1090 alterutro
1427 1066 1518 1089 autem
1544 1062 1701 1089 constitisse
1716 1069 1827 1090 necesse
1842 1067 1895 1090 est.

1141 1110 1174 1137 ll.
1186 1108 1362 1136 Observanda
1375 1115 1458 1142 porro
1473 1111 1569 1135 exacta
1581 1107 1716 1142 dogmatis
1727 1107 1761 1135 de
1772 1108 1897 1134 incama—

1107 1155 1181 1182 tione
1196 1154 1342 1189 expositio,
1353 1153 1406 1180 nisi
1419 1153 1492 1187 quod
1506 1152 1540 1179 de
1552 1152 1646 1179 ἐνώσει
1659 1152 1720 1179 καθ’
1736 1153 1894 1186 ὑπόστασιν,

1107 1210 1154 1229 seu
1171 1203 1282 1236 φυσικῇ,
1297 1205 1380 1227 tacet.

1173 1273 1181 1281 ’
1197 1270 1317 1304 Epistola
1334 1270 1393 1302 126,
1412 1270 1592 1311 increpatoria
1609 1270 1645 1296 ad
1656 1269 1832 1296 Sabinianum

1424 1313 1586 1340 episcopum.

1143 1374 1162 1401 Ι.
1177 1374 1238 1401 Hrec
1252 1373 1334 1401 etiam
1346 1381 1379 1400 ex
1396 1372 1493 1399 eodem
1506 1372 1567 1399 loco
1581 1372 1644 1399 data
1662 1376 1704 1399 est
1716 1380 1788 1399 anno
1798 1371 1861 1400 450.

1142 1420 1174 1447 ll.
1189 1419 1354 1447 Sabinianus
1374 1426 1435 1445 cum
1449 1418 1611 1445 Perrhensis
1623 1417 1752 1446 Ecclesiae
1765 1417 1856 1445 sedem
1870 1417 1898 1445 in

1107 1466 1245 1501 Ephesius
1260 1464 1381 1492 Dioscuri
1399 1463 1503 1499 synodo
1518 1464 1825 1496 amisisset,tentaverat
1836 1471 1898 1490 eam

1108 1511 1242 1538 redimere
1255 1511 1357 1545 abiecta
1370 1509 1487 1545 quadam
1503 1509 1545 1537 vel
1558 1517 1640 1544 prece
1649 1510 1692 1537 vel
1704 1509 1897 1537 meonomia".

1107 1557 1203 1592 Arguit
1219 1561 1368 1584 tentantem
1384 1555 1466 1591 348
1479 1555 1671 1583 Theodoretus
1684 1576 1691 1587 ,
1704 1563 1821 1591 cumque
1834 1563 1898 1583 cum

1108 1603 1260 1630 induxisset
1272 1602 1410 1630 dicentem
1427 1611 1434 1629 :
1451 1612 1460 1628 ι
1477 1601 1547 1636 Quid
1563 1601 1647 1637 igitur
1661 1602 1733 1629 facto
1753 1610 1822 1637 opus
1844 1606 1897 1634 est,

1108 1648 1142 1675 iis
1154 1648 1201 1682 qui
1220 1648 1271 1675 ista
1283 1647 1476 1675 detestantur?
1492 1657 1501 1673 ι
1521 1647 1658 1683 (dogmata
1673 1647 1777 1674 scilicet
1792 1647 1825 1674 de
1845 1654 1899 1674 una

1107 1697 1205 1720 natura
1223 1697 1251 1720 et
1267 1694 1323 1720 Deo
1343 1694 1451 1730 passo);
1473 1693 1620 1728 respondet
1640 1692 1823 1728 praestandum
1838 1700 1899 1720 esse

1111 1749 1120 1765 ‹
1139 1739 1254 1766 duorum
1281 1739 1398 1766 alterum
1417 1748 1422 1766 :
1438 1747 1547 1774 nempe,
1563 1743 1594 1766 ut
1613 1743 1660 1765 aut
1681 1739 1773 1773 potius
1788 1745 1899 1764 manum

1107 1788 1263 1816 conserant,
1284 1787 1312 1818 et
1338 1784 1495 1819 dogmatum
1518 1783 1666 1811 falsitatem
1690 1783 1827 1815 refellant,
1852 1787 1901 1809 aut

1107 1830 1212 1865 fugiant
1226 1835 1354 1864 tanquam
1371 1835 1465 1864 aperte
1478 1829 1624 1864 impiorum
1636 1828 1868 1856 communionem.
1886 1837 1896 1853 ι

1142 1875 1186 1902 Ill.
1203 1875 1354 1906 Sabiniani,
1367 1878 1512 1909 postquam
1525 1874 1593 1901 dixit
1604 1873 1748 1901 anathema
1760 1873 1898 1905 Nestorio,

1107 1929 1189 1949 causa
1200 1921 1332 1948 adversus
1347 1921 1527 1947 Athanasium
1544 1920 1578 1947 de
1590 1919 1654 1947 sede
1669 1918 1831 1946 Perrhensis
1844 1918 1900 1945 Εε-

1107 1967 1196 1994 clesise
1216 1974 1264 2002 per
1280 1971 1364 1993 totam
1388 1965 1522 1992 decimam
1540 1964 1796 2000 quartamtcnncilii
1814 1963 1898 1991 Chal-

1107 2012 1269 2039 cedonensis
1282 2011 1418 2038 actionem
1431 2011 1532 2046 agitata
1547 2015 1598 2038 est.

1108 2081 1227 2117 Epistula
1250 2081 1310 2112 127,
1331 2080 1509 2117 gratulatoria
1531 2079 1693 2117 a_d_Jobium
1718 2079 1898 2114 presbyterum

1356 2120 1379 2141 et
1396 2115 1644 2142 archimandritam.

1141 2184 1161 2210 Ι.
1186 2183 1344 2210 Gratulatur
1358 2183 1437 2210 Jobio
1457 2182 1491 2209 de
1513 2189 1645 2217 generosa
1665 2181 1785 2216 pietatis,
1800 2181 1826 2208 id
1842 2184 1896 2213 est,

1107 2229 1224 2256 duarum
1237 2233 1396 2254 naturarum
1415 2227 1585 2254 defensione.

1142 2274 1175 2301 11.
1190 2273 1257 2307 Quis
1271 2273 1353 2301 fuerit
1374 2281 1457 2301 senex
1474 2274 1534 2304 ille,
1554 2277 1583 2300 et
1605 2273 1649 2300 cui
1668 2273 1789 2300 mandrae
1802 2271 1899 2307 prafe-

1108 2323 1179 2352 etus,
1199 2320 1334 2346 incertum
1349 2319 1415 2346 mihi
1435 2323 1477 2346 est.
1489 2328 1495 2346 :
1509 2327 1599 2354 neque
1613 2319 1687 2346 enim
1702 2318 1772 2345 ratio
1788 2323 1898 2352 tempo-

1108 2373 1168 2392 rum
1182 2365 1258 2396 sinit,
1277 2370 1306 2392 ut
1322 2365 1431 2392 dicatur
1450 2373 1510 2393 esse
1529 2366 1626 2393 Jobius
1641 2366 1696 2397 ille,
1712 2372 1793 2400 quem
1805 2363 1900 2391 laudat

1107 2410 1232 2441 Photius,
1255 2409 1392 2443 traditque
1412 2409 1543 2437 adversus
1559 2409 1693 2437 Severum
1716 2409 1750 2436 de
1771 2408 1901 2435 incarna-

1107 2456 1181 2483 tione
1194 2456 1347 2490 scripsisse.

1141 2501 1186 2528 lll.
1209 2501 1275 2527 Data
1297 2505 1340 2528 cst
1366 2501 1481 2536 epistola
1506 2505 1569 2529 ante
1589 2499 1766 2528 latrocinium
1781 2498 1901 2534 Ephesi:

1106 2553 1183 2577 num,
1197 2553 1252 2580 quo
1271 2549 1392 2580 tempore
1413 2544 1588 2573 detinebatur
1604 2545 1678 2581 Cyri.
1699 2554 1708 2571 ‹
1726 2543 1899 2579 Amplexari,

1105 2591 1211 2625 inquit,
1225 2591 1488 2618 vcnerandissimam
1513 2591 1642 2618 canitiem
1661 2595 1750 2622 tuam,
1764 2588 1812 2617 sed
1832 2588 1901 2623 quia

1105 2637 1156 2664 hoc
1175 2636 1264 2664 facere
1281 2644 1387 2671 nequeo
1400 2657 1407 2669 ,
1421 2645 1455 2664 eo
1474 2637 1547 2672 quod
1570 2638 1700 2673 pietatem
1721 2641 1795 2664 tuam
1821 2635 1900 2662 domi

1104 2687 1232 2710 senectus
1258 2683 1376 2715 retinet;
1403 2691 1446 2710 me
1471 2691 1538 2710 vero
1568 2683 1612 2710 lex
1643 2683 1718 2718 regia
1743 2682 1788 2709 hic
1819 2687 1902 2707 coer-

1105 2732 1159 2760 cet,
1177 2737 1185 2752 ι
1201 2733 1256 2755 etc.

929 2783 1086 2811 SCIIULZII
1107 2783 1221 2811 NOTIE.

265 2861 324 2889 187.

298 2828 320 2868 "_‘
336 2827 397 2856 Vid.
423 2836 514 2864 supra,
532 2837 592 2865 pag.
618 2829 677 2857 i88.
715 2830 737 2846 ⁸⁷
750 2830 799 2858 Ed.
819 2831 904 2865 prior,
921 2830 947 2857 id
977 2831 1045 2865 quod
1066 2831 1127 2857 mihi
1147 2831 1306 2868 propositum
1327 2832 1433 2858 tandem
1455 2832 1552 2867 fuerat.
1592 2831 1614 2848 ⁸⁸
1638 2831 1699 2859 Vid.
1724 2837 1816 2865 supra,
1833 2837 1898 2865 pag.
