  <div class='ocr_page' id='page_1' title='image "/cluster/home/n/w/nwhite01/storage/ocr_20150623/84/njp.32101010943783/154.png"; bbox 0 0 1967 3047; ppageno 0'>
   <div class='ocr_carea' id='block_1_1' title="bbox 128 135 181 166">
    <p class='ocr_par' dir='ltr' id='par_1_1' title="bbox 128 135 181 166">
     <span class='ocr_line' id='line_1_1' title="bbox 128 135 181 166; baseline 0 0"><span class='ocrx_word' id='word_1_1' title='bbox 128 135 181 166; x_wconf 71' lang='grc'><strong>997</strong></span> 
     </span>
    </p>
   </div>
   <div class='ocr_carea' id='block_1_2' title="bbox 717 131 1183 165">
    <p class='ocr_par' dir='ltr' id='par_1_2' title="bbox 717 131 1183 165">
     <span class='ocr_line' id='line_1_2' title="bbox 717 131 1183 165; baseline -0.006 0"><span class='ocrx_word' id='word_1_2' title='bbox 717 134 764 165; x_wconf 82' lang='lat' dir='ltr'><strong>DE</strong></span> <span class='ocrx_word' id='word_1_3' title='bbox 784 131 911 163; x_wconf 66' lang='lat' dir='ltr'><strong>LlBﬁIS</strong></span> <span class='ocrx_word' id='word_1_4' title='bbox 929 131 1171 162; x_wconf 71' lang='lat' dir='ltr'><strong>THEODORETI</strong></span> <span class='ocrx_word' id='word_1_5' title='bbox 1177 156 1183 162; x_wconf 90' lang='lat'><strong>.</strong></span> 
     </span>
    </p>
   </div>
   <div class='ocr_carea' id='block_1_3' title="bbox 1706 137 1760 171">
    <p class='ocr_par' dir='ltr' id='par_1_3' title="bbox 1706 137 1760 171">
     <span class='ocr_line' id='line_1_3' title="bbox 1706 137 1760 171; baseline 0 0"><span class='ocrx_word' id='word_1_6' title='bbox 1706 137 1760 171; x_wconf 76' lang='lat'><strong>298</strong></span> 
     </span>
    </p>
   </div>
   <div class='ocr_carea' id='block_1_4' title="bbox 132 188 1762 230">
    <p class='ocr_par' dir='ltr' id='par_1_4' title="bbox 132 188 1762 230">
     <span class='ocr_line' id='line_1_4' title="bbox 132 188 1762 230; baseline 0.001 -9"><span class='ocrx_word' id='word_1_7' title='bbox 132 193 252 230; x_wconf 69' lang='lat' dir='ltr'><strong>Epistula</strong></span> <span class='ocrx_word' id='word_1_8' title='bbox 272 192 338 226; x_wconf 65' lang='lat' dir='ltr'><strong>tas,</strong></span> <span class='ocrx_word' id='word_1_9' title='bbox 352 193 500 230; x_wconf 65' lang='lat' dir='ltr'><strong>hortium-iu</strong></span> <span class='ocrx_word' id='word_1_10' title='bbox 522 193 557 220; x_wconf 79' lang='lat' dir='ltr'><strong>ad</strong></span> <span class='ocrx_word' id='word_1_11' title='bbox 569 192 723 230; x_wconf 64' lang='lat' dir='ltr'><strong>Candidum</strong></span> <span class='ocrx_word' id='word_1_12' title='bbox 744 190 922 226; x_wconf 74' lang='lat' dir='ltr'><strong>presbyterum</strong></span> <span class='ocrx_word' id='word_1_13' title='bbox 938 189 958 217; x_wconf 88' lang='grc' dir='ltr'><strong>Α</strong></span> <span class='ocrx_word' id='word_1_14' title='bbox 976 193 1097 215; x_wconf 86' lang='lat' dir='ltr'><strong>strorum</strong></span> <span class='ocrx_word' id='word_1_15' title='bbox 1113 188 1262 217; x_wconf 73' lang='lat' dir='ltr'><strong>sententias</strong></span> <span class='ocrx_word' id='word_1_16' title='bbox 1276 196 1322 217; x_wconf 81' lang='lat' dir='ltr'><strong>ess</strong></span> <span class='ocrx_word' id='word_1_17' title='bbox 1346 189 1419 224; x_wconf 81' lang='lat' dir='ltr'><strong>ipsas</strong></span> <span class='ocrx_word' id='word_1_18' title='bbox 1438 197 1507 223; x_wconf 83' lang='lat' dir='ltr'><strong>esse.</strong></span> <span class='ocrx_word' id='word_1_19' title='bbox 1522 198 1582 227; x_wconf 68' lang='lat' dir='ltr'><strong>qua:</strong></span> <span class='ocrx_word' id='word_1_20' title='bbox 1602 196 1762 223; x_wconf 71' lang='lat' dir='ltr'><strong>etsecunda</strong></span> 
     </span>
    </p>
   </div>
   <div class='ocr_carea' id='block_1_5' title="bbox 376 228 667 255">
    <p class='ocr_par' dir='ltr' id='par_1_5' title="bbox 376 228 667 255">
     <span class='ocr_line' id='line_1_5' title="bbox 376 228 667 255; baseline -0.003 0"><span class='ocrx_word' id='word_1_21' title='bbox 376 233 401 255; x_wconf 86' lang='lat' dir='ltr'><strong>et</strong></span> <span class='ocrx_word' id='word_1_22' title='bbox 417 228 667 255; x_wconf 81' lang='lat' dir='ltr'><strong>archimandrilam.</strong></span> 
     </span>
    </p>
   </div>
   <div class='ocr_carea' id='block_1_6' title="bbox 166 283 920 321">
    <p class='ocr_par' dir='ltr' id='par_1_6' title="bbox 166 283 920 321">
     <span class='ocr_line' id='line_1_6' title="bbox 166 283 920 321; baseline -0.007 -7"><span class='ocrx_word' id='word_1_23' title='bbox 166 287 304 314; x_wconf 74' lang='lat' dir='ltr'><strong>Videntur</strong></span> <span class='ocrx_word' id='word_1_24' title='bbox 322 286 409 321; x_wconf 74' lang='lat' dir='ltr'><strong>magis</strong></span> <span class='ocrx_word' id='word_1_25' title='bbox 430 285 546 313; x_wconf 83' lang='lat' dir='ltr'><strong>indicari</strong></span> <span class='ocrx_word' id='word_1_26' title='bbox 569 289 692 320; x_wconf 86' lang='lat' dir='ltr'><strong>tempora</strong></span> <span class='ocrx_word' id='word_1_27' title='bbox 713 283 804 319; x_wconf 80' lang='lat' dir='ltr'><strong>priora</strong></span> <span class='ocrx_word' id='word_1_28' title='bbox 816 283 920 318; x_wconf 86' lang='lat' dir='ltr'><strong>synodo</strong></span> 
     </span>
    </p>
   </div>
   <div class='ocr_carea' id='block_1_7' title="bbox 129 327 922 367">
    <p class='ocr_par' dir='ltr' id='par_1_7' title="bbox 129 327 922 367">
     <span class='ocr_line' id='line_1_7' title="bbox 129 327 922 367; baseline -0.009 -5"><span class='ocrx_word' id='word_1_29' title='bbox 129 333 364 364; x_wconf 80' lang='lat' dir='ltr'><strong>Chalcedonensi,</strong></span> <span class='ocrx_word' id='word_1_30' title='bbox 377 340 460 367; x_wconf 81' lang='lat' dir='ltr'><strong>quam</strong></span> <span class='ocrx_word' id='word_1_31' title='bbox 481 331 687 366; x_wconf 77' lang='lat' dir='ltr'><strong>consequentia.</strong></span> <span class='ocrx_word' id='word_1_32' title='bbox 699 330 766 363; x_wconf 87' lang='lat' dir='ltr'><strong>Quis</strong></span> <span class='ocrx_word' id='word_1_33' title='bbox 787 329 833 356; x_wconf 89' lang='lat' dir='ltr'><strong>ille</strong></span> <span class='ocrx_word' id='word_1_34' title='bbox 850 327 922 356; x_wconf 87' lang='lat' dir='ltr'><strong>Can-</strong></span> 
     </span>
    </p>
   </div>
   <div class='ocr_carea' id='block_1_8' title="bbox 130 375 921 412">
    <p class='ocr_par' dir='ltr' id='par_1_8' title="bbox 130 375 921 412">
     <span class='ocr_line' id='line_1_8' title="bbox 130 375 921 412; baseline -0.004 -8"><span class='ocrx_word' id='word_1_35' title='bbox 130 377 214 404; x_wconf 84' lang='lat' dir='ltr'><strong>didus</strong></span> <span class='ocrx_word' id='word_1_36' title='bbox 227 377 328 409; x_wconf 83' lang='lat' dir='ltr'><strong>fuerit,</strong></span> <span class='ocrx_word' id='word_1_37' title='bbox 341 377 463 412; x_wconf 75' lang='lat' dir='ltr'><strong>ignotum</strong></span> <span class='ocrx_word' id='word_1_38' title='bbox 475 383 519 404; x_wconf 85' lang='lat' dir='ltr'><strong>est</strong></span> <span class='ocrx_word' id='word_1_39' title='bbox 531 386 538 404; x_wconf 92' lang='lat'><strong>:</strong></span> <span class='ocrx_word' id='word_1_40' title='bbox 551 377 625 404; x_wconf 88' lang='lat' dir='ltr'><strong>hunc</strong></span> <span class='ocrx_word' id='word_1_41' title='bbox 642 377 769 403; x_wconf 73' lang='lat' dir='ltr'><strong>hortatur</strong></span> <span class='ocrx_word' id='word_1_42' title='bbox 785 375 819 402; x_wconf 83' lang='lat' dir='ltr'><strong>ad</strong></span> <span class='ocrx_word' id='word_1_43' title='bbox 840 382 921 402; x_wconf 80' lang='lat' dir='ltr'><strong>oran-</strong></span> 
     </span>
    </p>
   </div>
   <div class='ocr_carea' id='block_1_9' title="bbox 131 421 788 458">
    <p class='ocr_par' dir='ltr' id='par_1_9' title="bbox 131 421 788 458">
     <span class='ocr_line' id='line_1_9' title="bbox 131 421 788 458; baseline -0.003 -8"><span class='ocrx_word' id='word_1_44' title='bbox 131 423 197 450; x_wconf 87' lang='lat' dir='ltr'><strong>dum</strong></span> <span class='ocrx_word' id='word_1_45' title='bbox 209 430 259 458; x_wconf 86' lang='lat' dir='ltr'><strong>pro</strong></span> <span class='ocrx_word' id='word_1_46' title='bbox 271 423 382 457; x_wconf 76' lang='lat' dir='ltr'><strong>pietatis</strong></span> <span class='ocrx_word' id='word_1_47' title='bbox 396 421 599 454; x_wconf 76' lang='lat' dir='ltr'><strong>defensoribus,</strong></span> <span class='ocrx_word' id='word_1_48' title='bbox 613 422 640 449; x_wconf 97' lang='lat' dir='ltr'><strong>id</strong></span> <span class='ocrx_word' id='word_1_49' title='bbox 656 426 708 454; x_wconf 88' lang='lat' dir='ltr'><strong>est,</strong></span> <span class='ocrx_word' id='word_1_50' title='bbox 721 422 788 449; x_wconf 88' lang='lat' dir='ltr'><strong>suis.</strong></span> 
     </span>
    </p>
   </div>
   <div class='ocr_carea' id='block_1_10' title="bbox 130 477 920 514">
    <p class='ocr_par' dir='ltr' id='par_1_10' title="bbox 130 477 920 514">
     <span class='ocr_line' id='line_1_10' title="bbox 130 477 920 514; baseline -0.003 -9"><span class='ocrx_word' id='word_1_51' title='bbox 130 477 252 514; x_wconf 75' lang='lat' dir='ltr'><strong>Epistula</strong></span> <span class='ocrx_word' id='word_1_52' title='bbox 274 477 542 514; x_wconf 38' lang='grc' dir='ltr'><strong>ηννεπήονιαιονὶα</strong></span> <span class='ocrx_word' id='word_1_53' title='bbox 562 478 597 504; x_wconf 86' lang='lat' dir='ltr'><strong>ad</strong></span> <span class='ocrx_word' id='word_1_54' title='bbox 616 477 743 514; x_wconf 79' lang='lat' dir='ltr'><strong>Magnum</strong></span> <span class='ocrx_word' id='word_1_55' title='bbox 758 477 920 504; x_wconf 78' lang='lat' dir='ltr'><strong>Antoninum</strong></span> 
     </span>
    </p>
   </div>
   <div class='ocr_carea' id='block_1_11' title="bbox 285 513 767 548">
    <p class='ocr_par' dir='ltr' id='par_1_11' title="bbox 285 513 767 548">
     <span class='ocr_line' id='line_1_11' title="bbox 285 513 767 548; baseline 0 -9"><span class='ocrx_word' id='word_1_56' title='bbox 285 513 466 548; x_wconf 71' lang='lat' dir='ltr'><strong>presbyterum</strong></span> <span class='ocrx_word' id='word_1_57' title='bbox 480 517 504 539; x_wconf 76' lang='lat' dir='ltr'><strong>et</strong></span> <span class='ocrx_word' id='word_1_58' title='bbox 520 513 767 540; x_wconf 79' lang='lat' dir='ltr'><strong>archimandritam.</strong></span> 
     </span>
    </p>
   </div>
   <div class='ocr_carea' id='block_1_12' title="bbox 164 568 920 604">
    <p class='ocr_par' dir='ltr' id='par_1_12' title="bbox 164 568 920 604">
     <span class='ocr_line' id='line_1_12' title="bbox 164 568 920 604; baseline -0.001 -8"><span class='ocrx_word' id='word_1_59' title='bbox 164 569 185 597; x_wconf 88' lang='lat' dir='ltr'><strong>i.</strong></span> <span class='ocrx_word' id='word_1_60' title='bbox 201 569 276 596; x_wconf 86' lang='lat' dir='ltr'><strong>Idem</strong></span> <span class='ocrx_word' id='word_1_61' title='bbox 288 569 433 596; x_wconf 79' lang='lat' dir='ltr'><strong>ferendum</strong></span> <span class='ocrx_word' id='word_1_62' title='bbox 449 569 484 596; x_wconf 87' lang='lat' dir='ltr'><strong>de</strong></span> <span class='ocrx_word' id='word_1_63' title='bbox 499 569 551 597; x_wconf 87' lang='lat' dir='ltr'><strong>hac</strong></span> <span class='ocrx_word' id='word_1_64' title='bbox 563 569 707 604; x_wconf 83' lang='lat' dir='ltr'><strong>judicium,</strong></span> <span class='ocrx_word' id='word_1_65' title='bbox 725 575 757 595; x_wconf 90' lang='lat' dir='ltr'><strong>ac</strong></span> <span class='ocrx_word' id='word_1_66' title='bbox 768 568 802 595; x_wconf 84' lang='lat' dir='ltr'><strong>de</strong></span> <span class='ocrx_word' id='word_1_67' title='bbox 817 576 920 603; x_wconf 57' lang='lat' dir='ltr'><strong>praece-</strong></span> 
     </span>
    </p>
   </div>
   <div class='ocr_carea' id='block_1_13' title="bbox 129 616 920 651">
    <p class='ocr_par' dir='ltr' id='par_1_13' title="bbox 129 616 920 651">
     <span class='ocr_line' id='line_1_13' title="bbox 129 616 920 651; baseline -0.003 -7"><span class='ocrx_word' id='word_1_68' title='bbox 129 617 222 644; x_wconf 90' lang='lat' dir='ltr'><strong>dente.</strong></span> <span class='ocrx_word' id='word_1_69' title='bbox 239 617 448 645; x_wconf 80' lang='lat' dir='ltr'><strong>Observandum</strong></span> <span class='ocrx_word' id='word_1_70' title='bbox 459 624 536 649; x_wconf 86' lang='lat' dir='ltr'><strong>vero,</strong></span> <span class='ocrx_word' id='word_1_71' title='bbox 554 620 657 651; x_wconf 84' lang='lat' dir='ltr'><strong>quanta</strong></span> <span class='ocrx_word' id='word_1_72' title='bbox 669 616 809 651; x_wconf 77' lang='lat' dir='ltr'><strong>diligentia</strong></span> <span class='ocrx_word' id='word_1_73' title='bbox 823 622 920 642; x_wconf 86' lang='lat' dir='ltr'><strong>mona—</strong></span> 
     </span>
    </p>
   </div>
   <div class='ocr_carea' id='block_1_14' title="bbox 129 661 920 696">
    <p class='ocr_par' dir='ltr' id='par_1_14' title="bbox 129 661 920 696">
     <span class='ocr_line' id='line_1_14' title="bbox 129 661 920 696; baseline -0.004 -6"><span class='ocrx_word' id='word_1_74' title='bbox 129 663 277 691; x_wconf 85' lang='lat' dir='ltr'><strong>steriorum</strong></span> <span class='ocrx_word' id='word_1_75' title='bbox 300 662 450 689; x_wconf 82' lang='lat' dir='ltr'><strong>amicitiam</strong></span> <span class='ocrx_word' id='word_1_76' title='bbox 470 662 662 689; x_wconf 85' lang='lat' dir='ltr'><strong>Theodoretus</strong></span> <span class='ocrx_word' id='word_1_77' title='bbox 680 661 800 694; x_wconf 78' lang='lat' dir='ltr'><strong>foveret;</strong></span> <span class='ocrx_word' id='word_1_78' title='bbox 817 664 920 696; x_wconf 88' lang='lat' dir='ltr'><strong>quanta</strong></span> 
     </span>
    </p>
   </div>
   <div class='ocr_carea' id='block_1_15' title="bbox 128 708 709 738">
    <p class='ocr_par' dir='ltr' id='par_1_15' title="bbox 128 708 709 738">
     <span class='ocr_line' id='line_1_15' title="bbox 128 708 709 738; baseline -0.003 -2"><span class='ocrx_word' id='word_1_79' title='bbox 128 709 251 736; x_wconf 75' lang='lat' dir='ltr'><strong>vicissim</strong></span> <span class='ocrx_word' id='word_1_80' title='bbox 269 709 304 735; x_wconf 81' lang='lat' dir='ltr'><strong>ab</strong></span> <span class='ocrx_word' id='word_1_81' title='bbox 322 708 357 735; x_wconf 83' lang='lat' dir='ltr'><strong>iis</strong></span> <span class='ocrx_word' id='word_1_82' title='bbox 370 708 546 736; x_wconf 80' lang='lat' dir='ltr'><strong>observantia</strong></span> <span class='ocrx_word' id='word_1_83' title='bbox 558 708 709 738; x_wconf 76' lang='lat' dir='ltr'><strong>coleretur.</strong></span> 
     </span>
    </p>
   </div>
   <div class='ocr_carea' id='block_1_16' title="bbox 165 752 919 788">
    <p class='ocr_par' dir='ltr' id='par_1_16' title="bbox 165 752 919 788">
     <span class='ocr_line' id='line_1_16' title="bbox 165 752 919 788; baseline -0.001 -8"><span class='ocrx_word' id='word_1_84' title='bbox 165 754 197 781; x_wconf 90' lang='lat' dir='ltr'><strong>ll.</strong></span> <span class='ocrx_word' id='word_1_85' title='bbox 218 754 280 781; x_wconf 83' lang='lat' dir='ltr'><strong>Fuit</strong></span> <span class='ocrx_word' id='word_1_86' title='bbox 300 754 343 780; x_wconf 87' lang='lat' dir='ltr'><strong>his</strong></span> <span class='ocrx_word' id='word_1_87' title='bbox 358 753 529 788; x_wconf 81' lang='lat' dir='ltr'><strong>temporibus</strong></span> <span class='ocrx_word' id='word_1_88' title='bbox 543 753 661 781; x_wconf 87' lang='lat' dir='ltr'><strong>celebris</strong></span> <span class='ocrx_word' id='word_1_89' title='bbox 678 752 789 788; x_wconf 87' lang='lat' dir='ltr'><strong>quidam</strong></span> <span class='ocrx_word' id='word_1_90' title='bbox 802 753 919 781; x_wconf 82' lang='lat' dir='ltr'><strong>Antoni-</strong></span> 
     </span>
    </p>
   </div>
   <div class='ocr_carea' id='block_1_17' title="bbox 128 798 920 835">
    <p class='ocr_par' dir='ltr' id='par_1_17' title="bbox 128 798 920 835">
     <span class='ocr_line' id='line_1_17' title="bbox 128 798 920 835; baseline -0.004 -7"><span class='ocrx_word' id='word_1_91' title='bbox 128 808 193 832; x_wconf 87' lang='lat' dir='ltr'><strong>nus,</strong></span> <span class='ocrx_word' id='word_1_92' title='bbox 209 800 288 835; x_wconf 83' lang='lat' dir='ltr'><strong>cujus</strong></span> <span class='ocrx_word' id='word_1_93' title='bbox 300 800 425 827; x_wconf 86' lang='lat' dir='ltr'><strong>meminit</strong></span> <span class='ocrx_word' id='word_1_94' title='bbox 437 804 564 835; x_wconf 81' lang='lat' dir='ltr'><strong>tanquam</strong></span> <span class='ocrx_word' id='word_1_95' title='bbox 579 799 736 826; x_wconf 83' lang='lat' dir='ltr'><strong>exsistentis</strong></span> <span class='ocrx_word' id='word_1_96' title='bbox 756 799 828 826; x_wconf 84' lang='lat' dir='ltr'><strong>inter</strong></span> <span class='ocrx_word' id='word_1_97' title='bbox 842 798 920 826; x_wconf 79' lang='lat' dir='ltr'><strong>vivos</strong></span> 
     </span>
    </p>
   </div>
   <div class='ocr_carea' id='block_1_18' title="bbox 971 233 1761 274">
    <p class='ocr_par' dir='ltr' id='par_1_18' title="bbox 971 233 1761 274">
     <span class='ocr_line' id='line_1_18' title="bbox 971 233 1761 274; baseline 0.01 -15"><span class='ocrx_word' id='word_1_98' title='bbox 971 233 1105 260; x_wconf 65' lang='lat' dir='ltr'><strong>Eranistae</strong></span> <span class='ocrx_word' id='word_1_99' title='bbox 1118 233 1236 269; x_wconf 76' lang='lat' dir='ltr'><strong>dialogo,</strong></span> <span class='ocrx_word' id='word_1_100' title='bbox 1251 240 1279 262; x_wconf 87' lang='lat' dir='ltr'><strong>et</strong></span> <span class='ocrx_word' id='word_1_101' title='bbox 1290 235 1390 263; x_wconf 77' lang='lat' dir='ltr'><strong>litteris</strong></span> <span class='ocrx_word' id='word_1_102' title='bbox 1400 236 1486 263; x_wconf 86' lang='lat' dir='ltr'><strong>sancti</strong></span> <span class='ocrx_word' id='word_1_103' title='bbox 1498 235 1597 264; x_wconf 85' lang='lat' dir='ltr'><strong>Leonis</strong></span> <span class='ocrx_word' id='word_1_104' title='bbox 1609 238 1761 274; x_wconf 77' lang='lat' dir='ltr'><strong>subjuncta)</strong></span> 
     </span>
    </p>
   </div>
   <div class='ocr_carea' id='block_1_19' title="bbox 970 285 1046 308">
    <p class='ocr_par' dir='ltr' id='par_1_19' title="bbox 970 285 1046 308">
     <span class='ocr_line' id='line_1_19' title="bbox 970 285 1046 308; baseline -0.013 0"><span class='ocrx_word' id='word_1_105' title='bbox 970 285 1046 308; x_wconf 80' lang='lat' dir='ltr'><strong>sunt.</strong></span> 
     </span>
    </p>
   </div>
   <div class='ocr_carea' id='block_1_20' title="bbox 970 335 1761 374">
    <p class='ocr_par' dir='ltr' id='par_1_20' title="bbox 970 335 1761 374">
     <span class='ocr_line' id='line_1_20' title="bbox 970 335 1761 374; baseline 0.008 -11"><span class='ocrx_word' id='word_1_106' title='bbox 970 335 1094 371; x_wconf 77' lang='lat' dir='ltr'><strong>Epistula</strong></span> <span class='ocrx_word' id='word_1_107' title='bbox 1110 336 1156 363; x_wconf 77' lang='lat' dir='ltr'><strong>i5l</strong></span> <span class='ocrx_word' id='word_1_108' title='bbox 1172 357 1179 369; x_wconf 93' lang='lat'><strong>,</strong></span> <span class='ocrx_word' id='word_1_109' title='bbox 1194 337 1373 374; x_wconf 66' lang='lat' dir='ltr'><strong>eucltaﬁsticq</strong></span> <span class='ocrx_word' id='word_1_110' title='bbox 1383 338 1418 374; x_wconf 70' lang='lat' dir='ltr'><strong>ad</strong></span> <span class='ocrx_word' id='word_1_111' title='bbox 1444 338 1592 374; x_wconf 70' lang='lat' dir='ltr'><strong>Longinum</strong></span> <span class='ocrx_word' id='word_1_112' title='bbox 1610 342 1761 369; x_wconf 69' lang='lat' dir='ltr'><strong>archiman—</strong></span> 
     </span>
    </p>
   </div>
   <div class='ocr_carea' id='block_1_21' title="bbox 1235 372 1486 400">
    <p class='ocr_par' dir='ltr' id='par_1_21' title="bbox 1235 372 1486 400">
     <span class='ocr_line' id='line_1_21' title="bbox 1235 372 1486 400; baseline 0.008 -2"><span class='ocrx_word' id='word_1_113' title='bbox 1235 372 1336 400; x_wconf 83' lang='lat' dir='ltr'><strong>dritam</strong></span> <span class='ocrx_word' id='word_1_114' title='bbox 1356 372 1486 400; x_wconf 82' lang='lat' dir='ltr'><strong>Doliches.</strong></span> 
     </span>
    </p>
   </div>
   <div class='ocr_carea' id='block_1_22' title="bbox 1007 428 1760 466">
    <p class='ocr_par' dir='ltr' id='par_1_22' title="bbox 1007 428 1760 466">
     <span class='ocr_line' id='line_1_22' title="bbox 1007 428 1760 466; baseline 0.008 -11"><span class='ocrx_word' id='word_1_115' title='bbox 1007 428 1027 455; x_wconf 95' lang='lat' dir='ltr'><strong>l.</strong></span> <span class='ocrx_word' id='word_1_116' title='bbox 1049 428 1130 455; x_wconf 83' lang='lat' dir='ltr'><strong>Missa</strong></span> <span class='ocrx_word' id='word_1_117' title='bbox 1145 433 1188 456; x_wconf 88' lang='lat' dir='ltr'><strong>est</strong></span> <span class='ocrx_word' id='word_1_118' title='bbox 1207 436 1270 456; x_wconf 92' lang='lat' dir='ltr'><strong>cum</strong></span> <span class='ocrx_word' id='word_1_119' title='bbox 1292 429 1444 463; x_wconf 84' lang='lat' dir='ltr'><strong>superiore,</strong></span> <span class='ocrx_word' id='word_1_120' title='bbox 1464 436 1498 457; x_wconf 85' lang='lat' dir='ltr'><strong>ex</strong></span> <span class='ocrx_word' id='word_1_121' title='bbox 1513 430 1611 458; x_wconf 86' lang='lat' dir='ltr'><strong>eodem</strong></span> <span class='ocrx_word' id='word_1_122' title='bbox 1630 431 1702 466; x_wconf 82' lang='lat' dir='ltr'><strong>loco,</strong></span> <span class='ocrx_word' id='word_1_123' title='bbox 1724 434 1760 461; x_wconf 75' lang='lat' dir='ltr'><strong>sd</strong></span> 
     </span>
    </p>
   </div>
   <div class='ocr_carea' id='block_1_23' title="bbox 971 473 1259 502">
    <p class='ocr_par' dir='ltr' id='par_1_23' title="bbox 971 473 1259 502">
     <span class='ocr_line' id='line_1_23' title="bbox 971 473 1259 502; baseline 0.003 -1"><span class='ocrx_word' id='word_1_124' title='bbox 971 473 1098 501; x_wconf 81' lang='lat' dir='ltr'><strong>eamdem</strong></span> <span class='ocrx_word' id='word_1_125' title='bbox 1107 474 1259 502; x_wconf 71' lang='lat' dir='ltr'><strong>civitatem.</strong></span> 
     </span>
    </p>
   </div>
   <div class='ocr_carea' id='block_1_24' title="bbox 1006 520 1759 561">
    <p class='ocr_par' dir='ltr' id='par_1_24' title="bbox 1006 520 1759 561">
     <span class='ocr_line' id='line_1_24' title="bbox 1006 520 1759 561; baseline 0.013 -15"><span class='ocrx_word' id='word_1_126' title='bbox 1006 520 1039 546; x_wconf 87' lang='lat' dir='ltr'><strong>il.</strong></span> <span class='ocrx_word' id='word_1_127' title='bbox 1063 520 1101 547; x_wconf 89' lang='lat' dir='ltr'><strong>De</strong></span> <span class='ocrx_word' id='word_1_128' title='bbox 1127 520 1252 556; x_wconf 77' lang='lat' dir='ltr'><strong>Longino</strong></span> <span class='ocrx_word' id='word_1_129' title='bbox 1279 522 1347 549; x_wconf 88' lang='lat' dir='ltr'><strong>nihil</strong></span> <span class='ocrx_word' id='word_1_130' title='bbox 1360 522 1508 552; x_wconf 84' lang='lat' dir='ltr'><strong>admodum</strong></span> <span class='ocrx_word' id='word_1_131' title='bbox 1527 531 1698 560; x_wconf 84' lang='lat' dir='ltr'><strong>compertum</strong></span> <span class='ocrx_word' id='word_1_132' title='bbox 1708 533 1759 561; x_wconf 77' lang='lat' dir='ltr'><strong>est,</strong></span> 
     </span>
    </p>
   </div>
   <div class='ocr_carea' id='block_1_25' title="bbox 971 565 1761 602">
    <p class='ocr_par' dir='ltr' id='par_1_25' title="bbox 971 565 1761 602">
     <span class='ocr_line' id='line_1_25' title="bbox 971 565 1761 602; baseline 0.013 -10"><span class='ocrx_word' id='word_1_133' title='bbox 971 565 1024 593; x_wconf 88' lang='lat' dir='ltr'><strong>nisi</strong></span> <span class='ocrx_word' id='word_1_134' title='bbox 1035 566 1147 601; x_wconf 87' lang='lat' dir='ltr'><strong>quodad</strong></span> <span class='ocrx_word' id='word_1_135' title='bbox 1156 567 1360 595; x_wconf 82' lang='lat' dir='ltr'><strong>Theodoretum</strong></span> <span class='ocrx_word' id='word_1_136' title='bbox 1367 569 1546 599; x_wconf 76' lang='lat' dir='ltr'><strong>invisendum</strong></span> <span class='ocrx_word' id='word_1_137' title='bbox 1555 572 1685 601; x_wconf 81' lang='lat' dir='ltr'><strong>diaconos</strong></span> <span class='ocrx_word' id='word_1_138' title='bbox 1691 574 1761 602; x_wconf 81' lang='lat' dir='ltr'><strong>duos</strong></span> 
     </span>
    </p>
   </div>
   <div class='ocr_carea' id='block_1_26' title="bbox 971 613 1760 650">
    <p class='ocr_par' dir='ltr' id='par_1_26' title="bbox 971 613 1760 650">
     <span class='ocr_line' id='line_1_26' title="bbox 971 613 1760 650; baseline 0.009 -10"><span class='ocrx_word' id='word_1_139' title='bbox 971 613 1089 645; x_wconf 84' lang='lat' dir='ltr'><strong>miserit,</strong></span> <span class='ocrx_word' id='word_1_140' title='bbox 1100 614 1229 650; x_wconf 85' lang='lat' dir='ltr'><strong>quodque</strong></span> <span class='ocrx_word' id='word_1_141' title='bbox 1236 615 1347 650; x_wconf 86' lang='lat' dir='ltr'><strong>pietatis</strong></span> <span class='ocrx_word' id='word_1_142' title='bbox 1359 616 1452 644; x_wconf 86' lang='lat' dir='ltr'><strong>studio</strong></span> <span class='ocrx_word' id='word_1_143' title='bbox 1462 621 1489 644; x_wconf 87' lang='lat' dir='ltr'><strong>et</strong></span> <span class='ocrx_word' id='word_1_144' title='bbox 1498 618 1642 645; x_wconf 75' lang='lat' dir='ltr'><strong>sanctitate</strong></span> <span class='ocrx_word' id='word_1_145' title='bbox 1653 626 1760 647; x_wconf 91' lang='lat' dir='ltr'><strong>morum</strong></span> 
     </span>
    </p>
   </div>
   <div class='ocr_carea' id='block_1_27' title="bbox 971 659 1098 687">
    <p class='ocr_par' dir='ltr' id='par_1_27' title="bbox 971 659 1098 687">
     <span class='ocr_line' id='line_1_27' title="bbox 971 659 1098 687; baseline 0.008 -2"><span class='ocrx_word' id='word_1_146' title='bbox 971 659 1098 687; x_wconf 63' lang='lat' dir='ltr'><strong>eluserit.</strong></span> 
     </span>
    </p>
   </div>
   <div class='ocr_carea' id='block_1_28' title="bbox 972 713 1761 756">
    <p class='ocr_par' dir='ltr' id='par_1_28' title="bbox 972 713 1761 756">
     <span class='ocr_line' id='line_1_28' title="bbox 972 713 1761 756; baseline 0.013 -16"><span class='ocrx_word' id='word_1_147' title='bbox 972 713 1093 749; x_wconf 72' lang='lat' dir='ltr'><strong>Epistula</strong></span> <span class='ocrx_word' id='word_1_148' title='bbox 1112 715 1174 748; x_wconf 79' lang='grc'><strong>152,</strong></span> <span class='ocrx_word' id='word_1_149' title='bbox 1188 716 1366 744; x_wconf 79' lang='lat' dir='ltr'><strong>consolatoria</strong></span> <span class='ocrx_word' id='word_1_150' title='bbox 1384 718 1419 745; x_wconf 86' lang='lat' dir='ltr'><strong>ad</strong></span> <span class='ocrx_word' id='word_1_151' title='bbox 1440 718 1516 746; x_wconf 82' lang='lat' dir='ltr'><strong>Ibam</strong></span> <span class='ocrx_word' id='word_1_152' title='bbox 1533 720 1641 748; x_wconf 64' lang='lat' dir='ltr'><strong>Edessa:</strong></span> <span class='ocrx_word' id='word_1_153' title='bbox 1663 722 1761 756; x_wconf 77' lang='lat' dir='ltr'><strong>cpisco-</strong></span> 
     </span>
    </p>
   </div>
   <div class='ocr_carea' id='block_1_29' title="bbox 1328 761 1402 788">
    <p class='ocr_par' dir='ltr' id='par_1_29' title="bbox 1328 761 1402 788">
     <span class='ocr_line' id='line_1_29' title="bbox 1328 761 1402 788; baseline 0.014 -9"><span class='ocrx_word' id='word_1_154' title='bbox 1328 761 1402 788; x_wconf 83' lang='lat' dir='ltr'><strong>pum.</strong></span> 
     </span>
    </p>
   </div>
   <div class='ocr_carea' id='block_1_30' title="bbox 1007 805 1761 845">
    <p class='ocr_par' dir='ltr' id='par_1_30' title="bbox 1007 805 1761 845">
     <span class='ocr_line' id='line_1_30' title="bbox 1007 805 1761 845; baseline 0.013 -13"><span class='ocrx_word' id='word_1_155' title='bbox 1007 805 1028 832; x_wconf 90' lang='grc'>1.</span> <span class='ocrx_word' id='word_1_156' title='bbox 1042 806 1083 834; x_wconf 77' lang='lat' dir='ltr'><strong>Ex</strong></span> <span class='ocrx_word' id='word_1_157' title='bbox 1098 806 1195 834; x_wconf 90' lang='lat' dir='ltr'><strong>eodem</strong></span> <span class='ocrx_word' id='word_1_158' title='bbox 1217 807 1290 840; x_wconf 87' lang='lat' dir='ltr'><strong>loco,</strong></span> <span class='ocrx_word' id='word_1_159' title='bbox 1306 808 1340 836; x_wconf 92' lang='lat' dir='ltr'><strong>ad</strong></span> <span class='ocrx_word' id='word_1_160' title='bbox 1369 809 1456 842; x_wconf 78' lang='lat' dir='ltr'><strong>ibam,</strong></span> <span class='ocrx_word' id='word_1_161' title='bbox 1483 811 1543 845; x_wconf 82' lang='lat' dir='ltr'><strong>pari</strong></span> <span class='ocrx_word' id='word_1_162' title='bbox 1570 819 1663 840; x_wconf 81' lang='lat' dir='ltr'><strong>secum</strong></span> <span class='ocrx_word' id='word_1_163' title='bbox 1689 813 1761 842; x_wconf 72' lang='lat' dir='ltr'><strong>forte</strong></span> 
     </span>
    </p>
   </div>
   <div class='ocr_carea' id='block_1_31' title="bbox 130 845 1762 893">
    <p class='ocr_par' dir='ltr' id='par_1_31' title="bbox 130 845 1762 893">
     <span class='ocr_line' id='line_1_31' title="bbox 130 845 1762 893; baseline -0.004 -19"><span class='ocrx_word' id='word_1_164' title='bbox 130 846 322 893; x_wconf 82' lang='lat' dir='ltr'><strong>Theodoretus</strong></span> <span class='ocrx_word' id='word_1_165' title='bbox 339 853 399 893; x_wconf 83' lang='lat' dir='ltr'><strong>cap.</strong></span> <span class='ocrx_word' id='word_1_166' title='bbox 415 846 464 873; x_wconf 72' lang='grc'><strong>251</strong></span> <span class='ocrx_word' id='word_1_167' title='bbox 489 846 613 893; x_wconf 67' lang='lat' dir='ltr'><strong>Historia</strong></span> <span class='ocrx_word' id='word_1_168' title='bbox 627 845 778 893; x_wconf 72' lang='lat' dir='ltr'><strong>religiosae:</strong></span> <span class='ocrx_word' id='word_1_169' title='bbox 795 845 842 893; x_wconf 78' lang='lat' dir='ltr'><strong>sed</strong></span> <span class='ocrx_word' id='word_1_170' title='bbox 855 845 921 893; x_wconf 55' lang='lat' dir='ltr'><strong>soli:</strong></span> <span class='ocrx_word' id='word_1_171' title='bbox 937 860 958 887; x_wconf 73' lang='grc' dir='ltr'><strong><em>Β</em></strong></span> <span class='ocrx_word' id='word_1_172' title='bbox 973 851 1129 886; x_wconf 52' lang='lat' dir='ltr'><strong>depositum</strong></span> <span class='ocrx_word' id='word_1_173' title='bbox 1148 853 1175 880; x_wconf 74' lang='lat' dir='ltr'><strong>in</strong></span> <span class='ocrx_word' id='word_1_174' title='bbox 1191 854 1311 882; x_wconf 57' lang='lat' dir='ltr'><strong>concilio</strong></span> <span class='ocrx_word' id='word_1_175' title='bbox 1320 855 1445 883; x_wconf 56' lang='lat' dir='ltr'><strong>Diosmri</strong></span> <span class='ocrx_word' id='word_1_176' title='bbox 1464 866 1469 883; x_wconf 42' lang='grc' dir='ltr'><strong>Σ</strong></span> <span class='ocrx_word' id='word_1_177' title='bbox 1488 862 1605 893; x_wconf 42' lang='lat' dir='ltr'><strong>uterque</strong></span> <span class='ocrx_word' id='word_1_178' title='bbox 1618 860 1693 887; x_wconf 64' lang='lat' dir='ltr'><strong>enim</strong></span> <span class='ocrx_word' id='word_1_179' title='bbox 1713 862 1762 889; x_wconf 62' lang='lat' dir='ltr'><strong>ab_</strong></span> 
     </span>
    </p>
   </div>
   <div class='ocr_carea' id='block_1_32' title="bbox 129 891 919 925">
    <p class='ocr_par' dir='ltr' id='par_1_32' title="bbox 129 891 919 925">
     <span class='ocr_line' id='line_1_32' title="bbox 129 891 919 925; baseline -0.003 -5"><span class='ocrx_word' id='word_1_180' title='bbox 129 892 217 920; x_wconf 77' lang='lat' dir='ltr'><strong>larius</strong></span> <span class='ocrx_word' id='word_1_181' title='bbox 237 892 322 920; x_wconf 79' lang='lat' dir='ltr'><strong>fuisse</strong></span> <span class='ocrx_word' id='word_1_182' title='bbox 343 892 464 925; x_wconf 88' lang='lat' dir='ltr'><strong>videtur,</strong></span> <span class='ocrx_word' id='word_1_183' title='bbox 480 900 537 919; x_wconf 91' lang='lat' dir='ltr'><strong>non</strong></span> <span class='ocrx_word' id='word_1_184' title='bbox 556 892 621 920; x_wconf 86' lang='lat' dir='ltr'><strong>item</strong></span> <span class='ocrx_word' id='word_1_185' title='bbox 642 891 860 920; x_wconf 80' lang='lat' dir='ltr'><strong>archimandrita</strong></span> <span class='ocrx_word' id='word_1_186' title='bbox 877 891 919 918; x_wconf 80' lang='lat' dir='ltr'><strong>vel</strong></span> 
     </span>
    </p>
   </div>
   <div class='ocr_carea' id='block_1_33' title="bbox 128 937 920 974">
    <p class='ocr_par' dir='ltr' id='par_1_33' title="bbox 128 937 920 974">
     <span class='ocr_line' id='line_1_33' title="bbox 128 937 920 974; baseline -0.003 -7"><span class='ocrx_word' id='word_1_187' title='bbox 128 939 284 974; x_wconf 77' lang='lat' dir='ltr'><strong>presbyter,</strong></span> <span class='ocrx_word' id='word_1_188' title='bbox 305 938 358 966; x_wconf 87' lang='lat' dir='ltr'><strong>nisi</strong></span> <span class='ocrx_word' id='word_1_189' title='bbox 371 938 460 966; x_wconf 78' lang='lat' dir='ltr'><strong>factus</strong></span> <span class='ocrx_word' id='word_1_190' title='bbox 470 938 506 966; x_wconf 88' lang='lat' dir='ltr'><strong>sit</strong></span> <span class='ocrx_word' id='word_1_191' title='bbox 524 943 586 974; x_wconf 82' lang='lat' dir='ltr'><strong>post</strong></span> <span class='ocrx_word' id='word_1_192' title='bbox 599 945 703 966; x_wconf 78' lang='lat' dir='ltr'><strong>annum</strong></span> <span class='ocrx_word' id='word_1_193' title='bbox 718 937 781 970; x_wconf 66' lang='grc'><strong>445,</strong></span> <span class='ocrx_word' id='word_1_194' title='bbox 799 945 854 972; x_wconf 88' lang='lat' dir='ltr'><strong>quo</strong></span> <span class='ocrx_word' id='word_1_195' title='bbox 870 937 920 964; x_wconf 82' lang='lat' dir='ltr'><strong>Hi-</strong></span> 
     </span>
    </p>
   </div>
   <div class='ocr_carea' id='block_1_34' title="bbox 100 984 578 1020">
    <p class='ocr_par' dir='ltr' id='par_1_34' title="bbox 100 984 578 1020">
     <span class='ocr_line' id='line_1_34' title="bbox 100 984 578 1020; baseline 0 -9"><span class='ocrx_word' id='word_1_196' title='bbox 100 997 105 999; x_wconf 85' lang='lat'><em>-</em></span> <span class='ocrx_word' id='word_1_197' title='bbox 127 985 212 1012; x_wconf 69' lang='lat' dir='ltr'><strong>stos-ia</strong></span> <span class='ocrx_word' id='word_1_198' title='bbox 225 984 349 1020; x_wconf 74' lang='lat' dir='ltr'><strong>religiosa</strong></span> <span class='ocrx_word' id='word_1_199' title='bbox 361 985 515 1019; x_wconf 84' lang='lat' dir='ltr'><strong>composita</strong></span> <span class='ocrx_word' id='word_1_200' title='bbox 526 988 578 1012; x_wconf 89' lang='lat' dir='ltr'><strong>est.</strong></span> 
     </span>
    </p>
   </div>
   <div class='ocr_carea' id='block_1_35' title="bbox 128 1041 917 1078">
    <p class='ocr_par' dir='ltr' id='par_1_35' title="bbox 128 1041 917 1078">
     <span class='ocr_line' id='line_1_35' title="bbox 128 1041 917 1078; baseline 0.001 -9"><span class='ocrx_word' id='word_1_201' title='bbox 128 1041 251 1077; x_wconf 78' lang='lat' dir='ltr'><strong>Epistula</strong></span> <span class='ocrx_word' id='word_1_202' title='bbox 270 1041 330 1074; x_wconf 75' lang='grc'><strong>150,</strong></span> <span class='ocrx_word' id='word_1_203' title='bbox 343 1041 494 1077; x_wconf 81' lang='lat' dir='ltr'><strong>dogmatica</strong></span> <span class='ocrx_word' id='word_1_204' title='bbox 515 1042 550 1069; x_wconf 78' lang='lat' dir='ltr'><strong>ad</strong></span> <span class='ocrx_word' id='word_1_205' title='bbox 572 1041 734 1070; x_wconf 75' lang='lat' dir='ltr'><strong>Timotheum</strong></span> <span class='ocrx_word' id='word_1_206' title='bbox 757 1043 917 1078; x_wconf 73' lang='lat' dir='ltr'><strong>episcopum.</strong></span> 
     </span>
    </p>
   </div>
   <div class='ocr_carea' id='block_1_36' title="bbox 163 1097 919 1134">
    <p class='ocr_par' dir='ltr' id='par_1_36' title="bbox 163 1097 919 1134">
     <span class='ocr_line' id='line_1_36' title="bbox 163 1097 919 1134; baseline 0 -9"><span class='ocrx_word' id='word_1_207' title='bbox 163 1098 184 1126; x_wconf 91' lang='lat' dir='ltr'><strong>l.</strong></span> <span class='ocrx_word' id='word_1_208' title='bbox 201 1098 308 1134; x_wconf 85' lang='lat' dir='ltr'><strong>Scripta</strong></span> <span class='ocrx_word' id='word_1_209' title='bbox 328 1105 401 1125; x_wconf 86' lang='lat' dir='ltr'><strong>anno</strong></span> <span class='ocrx_word' id='word_1_210' title='bbox 412 1097 464 1126; x_wconf 76' lang='lat'><strong>450</strong></span> <span class='ocrx_word' id='word_1_211' title='bbox 476 1106 508 1125; x_wconf 83' lang='lat' dir='ltr'><strong>ex</strong></span> <span class='ocrx_word' id='word_1_212' title='bbox 528 1098 589 1125; x_wconf 85' lang='lat' dir='ltr'><strong>loco</strong></span> <span class='ocrx_word' id='word_1_213' title='bbox 601 1097 700 1130; x_wconf 78' lang='lat' dir='ltr'><strong>exsilii,</strong></span> <span class='ocrx_word' id='word_1_214' title='bbox 718 1098 745 1125; x_wconf 89' lang='lat' dir='ltr'><strong>id</strong></span> <span class='ocrx_word' id='word_1_215' title='bbox 761 1102 813 1130; x_wconf 88' lang='lat' dir='ltr'><strong>est,</strong></span> <span class='ocrx_word' id='word_1_216' title='bbox 829 1106 844 1125; x_wconf 90' lang='lat' dir='ltr'><strong>e</strong></span> <span class='ocrx_word' id='word_1_217' title='bbox 859 1105 919 1125; x_wconf 91' lang='lat' dir='ltr'><strong>mo-</strong></span> 
     </span>
    </p>
   </div>
   <div class='ocr_carea' id='block_1_37' title="bbox 128 1143 919 1178">
    <p class='ocr_par' dir='ltr' id='par_1_37' title="bbox 128 1143 919 1178">
     <span class='ocr_line' id='line_1_37' title="bbox 128 1143 919 1178; baseline -0.003 -6"><span class='ocrx_word' id='word_1_218' title='bbox 128 1145 249 1173; x_wconf 86' lang='lat' dir='ltr'><strong>nasterio</strong></span> <span class='ocrx_word' id='word_1_219' title='bbox 264 1144 353 1172; x_wconf 91' lang='lat' dir='ltr'><strong>tribus</strong></span> <span class='ocrx_word' id='word_1_220' title='bbox 372 1144 538 1172; x_wconf 89' lang='lat' dir='ltr'><strong>milliaribus</strong></span> <span class='ocrx_word' id='word_1_221' title='bbox 551 1143 669 1171; x_wconf 85' lang='lat' dir='ltr'><strong>distante</strong></span> <span class='ocrx_word' id='word_1_222' title='bbox 683 1152 698 1171; x_wconf 89' lang='lat' dir='ltr'><strong>a</strong></span> <span class='ocrx_word' id='word_1_223' title='bbox 715 1144 827 1171; x_wconf 82' lang='lat' dir='ltr'><strong>civitate</strong></span> <span class='ocrx_word' id='word_1_224' title='bbox 846 1143 919 1178; x_wconf 78' lang='lat' dir='ltr'><strong>Apa-</strong></span> 
     </span>
    </p>
   </div>
   <div class='ocr_carea' id='block_1_38' title="bbox 129 1198 219 1218">
    <p class='ocr_par' dir='ltr' id='par_1_38' title="bbox 129 1198 219 1218">
     <span class='ocr_line' id='line_1_38' title="bbox 129 1198 219 1218; baseline -0.011 0"><span class='ocrx_word' id='word_1_225' title='bbox 129 1198 219 1218; x_wconf 88' lang='lat' dir='ltr'><strong>mena.</strong></span> 
     </span>
    </p>
   </div>
   <div class='ocr_carea' id='block_1_39' title="bbox 163 1234 920 1271">
    <p class='ocr_par' dir='ltr' id='par_1_39' title="bbox 163 1234 920 1271">
     <span class='ocr_line' id='line_1_39' title="bbox 163 1234 920 1271; baseline -0.003 -7"><span class='ocrx_word' id='word_1_226' title='bbox 163 1236 196 1265; x_wconf 88' lang='lat' dir='ltr'><strong>li.</strong></span> <span class='ocrx_word' id='word_1_227' title='bbox 217 1236 379 1264; x_wconf 80' lang='lat' dir='ltr'><strong>Timotheus</strong></span> <span class='ocrx_word' id='word_1_228' title='bbox 400 1236 445 1264; x_wconf 88' lang='lat' dir='ltr'><strong>ille</strong></span> <span class='ocrx_word' id='word_1_229' title='bbox 463 1236 515 1263; x_wconf 80' lang='lat' dir='ltr'><strong>fuit</strong></span> <span class='ocrx_word' id='word_1_230' title='bbox 528 1235 674 1271; x_wconf 86' lang='lat' dir='ltr'><strong>episcopus</strong></span> <span class='ocrx_word' id='word_1_231' title='bbox 694 1234 842 1263; x_wconf 73' lang='lat' dir='ltr'><strong>Dolichos:</strong></span> <span class='ocrx_word' id='word_1_232' title='bbox 859 1242 920 1270; x_wconf 71' lang='lat' dir='ltr'><strong>quae</strong></span> 
     </span>
    </p>
   </div>
   <div class='ocr_carea' id='block_1_40' title="bbox 127 1280 918 1317">
    <p class='ocr_par' dir='ltr' id='par_1_40' title="bbox 127 1280 918 1317">
     <span class='ocr_line' id='line_1_40' title="bbox 127 1280 918 1317; baseline -0.004 -7"><span class='ocrx_word' id='word_1_233' title='bbox 127 1283 225 1310; x_wconf 81' lang='lat' dir='ltr'><strong>civitas</strong></span> <span class='ocrx_word' id='word_1_234' title='bbox 237 1282 266 1310; x_wconf 90' lang='lat' dir='ltr'><strong>in</strong></span> <span class='ocrx_word' id='word_1_235' title='bbox 281 1281 462 1317; x_wconf 83' lang='lat' dir='ltr'><strong>Euphratesia</strong></span> <span class='ocrx_word' id='word_1_236' title='bbox 475 1281 629 1317; x_wconf 84' lang='lat' dir='ltr'><strong>provincia,</strong></span> <span class='ocrx_word' id='word_1_237' title='bbox 640 1288 697 1308; x_wconf 90' lang='lat' dir='ltr'><strong>non</strong></span> <span class='ocrx_word' id='word_1_238' title='bbox 712 1280 808 1316; x_wconf 82' lang='lat' dir='ltr'><strong>procul</strong></span> <span class='ocrx_word' id='word_1_239' title='bbox 822 1288 837 1307; x_wconf 89' lang='lat' dir='ltr'><strong>a</strong></span> <span class='ocrx_word' id='word_1_240' title='bbox 849 1280 918 1307; x_wconf 87' lang='lat' dir='ltr'><strong>civi-</strong></span> 
     </span>
    </p>
   </div>
   <div class='ocr_carea' id='block_1_41' title="bbox 129 1327 918 1366">
    <p class='ocr_par' dir='ltr' id='par_1_41' title="bbox 129 1327 918 1366">
     <span class='ocr_line' id='line_1_41' title="bbox 129 1327 918 1366; baseline -0.004 -9"><span class='ocrx_word' id='word_1_241' title='bbox 129 1335 184 1358; x_wconf 86' lang='lat' dir='ltr'><strong>tate</strong></span> <span class='ocrx_word' id='word_1_242' title='bbox 202 1329 290 1366; x_wconf 87' lang='lat' dir='ltr'><strong>Cyro,</strong></span> <span class='ocrx_word' id='word_1_243' title='bbox 305 1330 355 1357; x_wconf 89' lang='lat' dir='ltr'><strong>sub</strong></span> <span class='ocrx_word' id='word_1_244' title='bbox 372 1329 469 1356; x_wconf 84' lang='lat' dir='ltr'><strong>eadem</strong></span> <span class='ocrx_word' id='word_1_245' title='bbox 486 1328 653 1363; x_wconf 89' lang='lat' dir='ltr'><strong>metropoli,</strong></span> <span class='ocrx_word' id='word_1_246' title='bbox 671 1327 804 1355; x_wconf 90' lang='lat' dir='ltr'><strong>nimirum</strong></span> <span class='ocrx_word' id='word_1_247' title='bbox 821 1327 918 1355; x_wconf 76' lang='lat' dir='ltr'><strong>Hiera-</strong></span> 
     </span>
    </p>
   </div>
   <div class='ocr_carea' id='block_1_42' title="bbox 127 1374 706 1412">
    <p class='ocr_par' dir='ltr' id='par_1_42' title="bbox 127 1374 706 1412">
     <span class='ocr_line' id='line_1_42' title="bbox 127 1374 706 1412; baseline -0.005 -9"><span class='ocrx_word' id='word_1_248' title='bbox 127 1376 194 1412; x_wconf 85' lang='lat' dir='ltr'><strong>poli.</strong></span> <span class='ocrx_word' id='word_1_249' title='bbox 207 1375 335 1403; x_wconf 85' lang='lat' dir='ltr'><strong>interl&#39;uit</strong></span> <span class='ocrx_word' id='word_1_250' title='bbox 348 1375 466 1403; x_wconf 89' lang='lat' dir='ltr'><strong>concilio</strong></span> <span class='ocrx_word' id='word_1_251' title='bbox 478 1374 706 1402; x_wconf 87' lang='lat' dir='ltr'><strong>Chalcedonensi.</strong></span> 
     </span>
    </p>
   </div>
   <div class='ocr_carea' id='block_1_43' title="bbox 162 1418 919 1454">
    <p class='ocr_par' dir='ltr' id='par_1_43' title="bbox 162 1418 919 1454">
     <span class='ocr_line' id='line_1_43' title="bbox 162 1418 919 1454; baseline -0.004 -5"><span class='ocrx_word' id='word_1_252' title='bbox 162 1422 208 1450; x_wconf 85' lang='lat' dir='ltr'><strong>lli.</strong></span> <span class='ocrx_word' id='word_1_253' title='bbox 223 1421 343 1449; x_wconf 81' lang='lat' dir='ltr'><strong>Petierat</strong></span> <span class='ocrx_word' id='word_1_254' title='bbox 353 1442 359 1454; x_wconf 92' lang='lat'><strong>,</strong></span> <span class='ocrx_word' id='word_1_255' title='bbox 373 1427 403 1449; x_wconf 91' lang='lat' dir='ltr'><strong>ut</strong></span> <span class='ocrx_word' id='word_1_256' title='bbox 418 1420 532 1448; x_wconf 81' lang='lat' dir='ltr'><strong>ardebat</strong></span> <span class='ocrx_word' id='word_1_257' title='bbox 545 1419 636 1447; x_wconf 87' lang='lat' dir='ltr'><strong>studio</strong></span> <span class='ocrx_word' id='word_1_258' title='bbox 649 1418 815 1447; x_wconf 73' lang='lat' dir='ltr'><strong>defendendi</strong></span> <span class='ocrx_word' id='word_1_259' title='bbox 827 1425 919 1454; x_wconf 81' lang='lat' dir='ltr'><strong>partes</strong></span> 
     </span>
    </p>
   </div>
   <div class='ocr_carea' id='block_1_44' title="bbox 127 1465 917 1503">
    <p class='ocr_par' dir='ltr' id='par_1_44' title="bbox 127 1465 917 1503">
     <span class='ocr_line' id='line_1_44' title="bbox 127 1465 917 1503; baseline -0.004 -8"><span class='ocrx_word' id='word_1_260' title='bbox 127 1468 315 1500; x_wconf 84' lang='lat' dir='ltr'><strong>Theodoreti,</strong></span> <span class='ocrx_word' id='word_1_261' title='bbox 336 1475 404 1503; x_wconf 85' lang='lat' dir='ltr'><strong>quas</strong></span> <span class='ocrx_word' id='word_1_262' title='bbox 421 1467 533 1494; x_wconf 91' lang='lat' dir='ltr'><strong>nomine</strong></span> <span class='ocrx_word' id='word_1_263' title='bbox 556 1465 667 1501; x_wconf 87' lang='lat' dir='ltr'><strong>pietatis</strong></span> <span class='ocrx_word' id='word_1_264' title='bbox 687 1465 820 1498; x_wconf 84' lang='lat' dir='ltr'><strong>vocabat,</strong></span> <span class='ocrx_word' id='word_1_265' title='bbox 833 1465 917 1492; x_wconf 87' lang='lat' dir='ltr'><strong>scribi</strong></span> 
     </span>
    </p>
   </div>
   <div class='ocr_carea' id='block_1_45' title="bbox 127 1511 918 1550">
    <p class='ocr_par' dir='ltr' id='par_1_45' title="bbox 127 1511 918 1550">
     <span class='ocr_line' id='line_1_45' title="bbox 127 1511 918 1550; baseline -0.004 -9"><span class='ocrx_word' id='word_1_266' title='bbox 127 1514 201 1547; x_wconf 86' lang='lat' dir='ltr'><strong>sibi,</strong></span> <span class='ocrx_word' id='word_1_267' title='bbox 226 1523 350 1550; x_wconf 78' lang='lat' dir='ltr'><strong>quamam</strong></span> <span class='ocrx_word' id='word_1_268' title='bbox 373 1514 405 1540; x_wconf 84' lang='lat' dir='ltr'><strong>dc</strong></span> <span class='ocrx_word' id='word_1_269' title='bbox 424 1513 539 1540; x_wconf 81' lang='lat' dir='ltr'><strong>salutari</strong></span> <span class='ocrx_word' id='word_1_270' title='bbox 565 1512 686 1548; x_wconf 75' lang='lat' dir='ltr'><strong>passione</strong></span> <span class='ocrx_word' id='word_1_271' title='bbox 712 1512 857 1547; x_wconf 71' lang='lat' dir='ltr'><strong>prwdicare</strong></span> <span class='ocrx_word' id='word_1_272' title='bbox 877 1511 918 1538; x_wconf 72' lang='lat' dir='ltr'><strong>vel</strong></span> 
     </span>
    </p>
   </div>
   <div class='ocr_carea' id='block_1_46' title="bbox 126 1558 917 1597">
    <p class='ocr_par' dir='ltr' id='par_1_46' title="bbox 126 1558 917 1597">
     <span class='ocr_line' id='line_1_46' title="bbox 126 1558 917 1597; baseline -0.006 -8"><span class='ocrx_word' id='word_1_273' title='bbox 126 1563 224 1589; x_wconf 68' lang='lat' dir='ltr'><strong>sentire</strong></span> <span class='ocrx_word' id='word_1_274' title='bbox 243 1564 372 1597; x_wconf 84' lang='lat' dir='ltr'><strong>oporteat.</strong></span> <span class='ocrx_word' id='word_1_275' title='bbox 390 1559 457 1588; x_wconf 85' lang='lat' dir='ltr'><strong>Erat</strong></span> <span class='ocrx_word' id='word_1_276' title='bbox 470 1560 544 1587; x_wconf 90' lang='lat' dir='ltr'><strong>enim</strong></span> <span class='ocrx_word' id='word_1_277' title='bbox 564 1562 630 1586; x_wconf 90' lang='lat' dir='ltr'><strong>tunc</strong></span> <span class='ocrx_word' id='word_1_278' title='bbox 645 1559 777 1593; x_wconf 89' lang='lat' dir='ltr'><strong>temporis</strong></span> <span class='ocrx_word' id='word_1_279' title='bbox 788 1566 820 1585; x_wconf 84' lang='lat' dir='ltr'><strong>ea</strong></span> <span class='ocrx_word' id='word_1_280' title='bbox 839 1558 917 1593; x_wconf 82' lang='lat' dir='ltr'><strong>quasi</strong></span> 
     </span>
    </p>
   </div>
   <div class='ocr_carea' id='block_1_47' title="bbox 127 1603 917 1642">
    <p class='ocr_par' dir='ltr' id='par_1_47' title="bbox 127 1603 917 1642">
     <span class='ocr_line' id='line_1_47' title="bbox 127 1603 917 1642; baseline -0.006 -7"><span class='ocrx_word' id='word_1_281' title='bbox 127 1615 234 1636; x_wconf 87' lang='lat' dir='ltr'><strong>summa</strong></span> <span class='ocrx_word' id='word_1_282' title='bbox 249 1606 460 1642; x_wconf 76' lang='lat' dir='ltr'><strong>disputationis,</strong></span> <span class='ocrx_word' id='word_1_283' title='bbox 472 1606 643 1640; x_wconf 85' lang='lat' dir='ltr'><strong>formulaque</strong></span> <span class='ocrx_word' id='word_1_284' title='bbox 660 1603 742 1640; x_wconf 60' lang='lat'><strong>35,9</strong></span> <span class='ocrx_word' id='word_1_285' title='bbox 756 1604 818 1631; x_wconf 79' lang='lat' dir='ltr'><strong>ﬁdei</strong></span> <span class='ocrx_word' id='word_1_286' title='bbox 831 1624 837 1635; x_wconf 90' lang='lat'><strong>,</strong></span> <span class='ocrx_word' id='word_1_287' title='bbox 848 1604 917 1630; x_wconf 77' lang='lat' dir='ltr'><strong>Deus</strong></span> 
     </span>
    </p>
   </div>
   <div class='ocr_carea' id='block_1_48' title="bbox 127 1649 917 1688">
    <p class='ocr_par' dir='ltr' id='par_1_48' title="bbox 127 1649 917 1688">
     <span class='ocr_line' id='line_1_48' title="bbox 127 1649 917 1688; baseline -0.005 -8"><span class='ocrx_word' id='word_1_288' title='bbox 127 1661 230 1688; x_wconf 74' lang='lat' dir='ltr'><strong>passus.</strong></span> <span class='ocrx_word' id='word_1_289' title='bbox 250 1652 389 1679; x_wconf 79' lang='lat' dir='ltr'><strong>Rescribit</strong></span> <span class='ocrx_word' id='word_1_290' title='bbox 411 1651 603 1678; x_wconf 89' lang='lat' dir='ltr'><strong>Theodoretus</strong></span> <span class='ocrx_word' id='word_1_291' title='bbox 614 1670 621 1682; x_wconf 94' lang='lat'><strong>,</strong></span> <span class='ocrx_word' id='word_1_292' title='bbox 638 1650 676 1677; x_wconf 86' lang='lat' dir='ltr'><strong>ita</strong></span> <span class='ocrx_word' id='word_1_293' title='bbox 696 1653 727 1677; x_wconf 92' lang='lat' dir='ltr'><strong>ut</strong></span> <span class='ocrx_word' id='word_1_294' title='bbox 743 1657 776 1677; x_wconf 78' lang='lat' dir='ltr'><strong>ex</strong></span> <span class='ocrx_word' id='word_1_295' title='bbox 792 1649 917 1677; x_wconf 85' lang='lat' dir='ltr'><strong>Eranista</strong></span> 
     </span>
    </p>
   </div>
   <div class='ocr_carea' id='block_1_49' title="bbox 126 1694 917 1733">
    <p class='ocr_par' dir='ltr' id='par_1_49' title="bbox 126 1694 917 1733">
     <span class='ocr_line' id='line_1_49' title="bbox 126 1694 917 1733; baseline -0.005 -8"><span class='ocrx_word' id='word_1_296' title='bbox 126 1706 253 1733; x_wconf 70' lang='lat' dir='ltr'><strong>magnam</strong></span> <span class='ocrx_word' id='word_1_297' title='bbox 274 1698 374 1733; x_wconf 75' lang='lat' dir='ltr'><strong>dialogi</strong></span> <span class='ocrx_word' id='word_1_298' title='bbox 395 1697 510 1725; x_wconf 87' lang='lat' dir='ltr'><strong>secundi</strong></span> <span class='ocrx_word' id='word_1_299' title='bbox 536 1699 641 1731; x_wconf 85' lang='lat' dir='ltr'><strong>partem</strong></span> <span class='ocrx_word' id='word_1_300' title='bbox 671 1695 699 1723; x_wconf 91' lang='lat' dir='ltr'><strong>in</strong></span> <span class='ocrx_word' id='word_1_301' title='bbox 722 1694 917 1730; x_wconf 87' lang='lat' dir='ltr'><strong>compendium</strong></span> 
     </span>
    </p>
   </div>
   <div class='ocr_carea' id='block_1_50' title="bbox 126 1743 284 1770">
    <p class='ocr_par' dir='ltr' id='par_1_50' title="bbox 126 1743 284 1770">
     <span class='ocr_line' id='line_1_50' title="bbox 126 1743 284 1770; baseline 0 0"><span class='ocrx_word' id='word_1_302' title='bbox 126 1743 284 1770; x_wconf 76' lang='lat' dir='ltr'><strong>contrahat.</strong></span> 
     </span>
    </p>
   </div>
   <div class='ocr_carea' id='block_1_51' title="bbox 164 1785 917 1822">
    <p class='ocr_par' dir='ltr' id='par_1_51' title="bbox 164 1785 917 1822">
     <span class='ocr_line' id='line_1_51' title="bbox 164 1785 917 1822; baseline -0.007 -6"><span class='ocrx_word' id='word_1_303' title='bbox 164 1788 398 1816; x_wconf 73' lang='lat' dir='ltr'><strong>lV.0bservsnda</strong></span> <span class='ocrx_word' id='word_1_304' title='bbox 430 1787 524 1818; x_wconf 84' lang='lat' dir='ltr'><strong>verba,</strong></span> <span class='ocrx_word' id='word_1_305' title='bbox 551 1786 653 1822; x_wconf 81' lang='lat' dir='ltr'><strong>quibus</strong></span> <span class='ocrx_word' id='word_1_306' title='bbox 674 1793 745 1821; x_wconf 87' lang='lat' dir='ltr'><strong>pene</strong></span> <span class='ocrx_word' id='word_1_307' title='bbox 779 1785 917 1812; x_wconf 85' lang='lat' dir='ltr'><strong>clauditur</strong></span> 
     </span>
    </p>
   </div>
   <div class='ocr_carea' id='block_1_52' title="bbox 126 1831 917 1869">
    <p class='ocr_par' dir='ltr' id='par_1_52' title="bbox 126 1831 917 1869">
     <span class='ocr_line' id='line_1_52' title="bbox 126 1831 917 1869; baseline -0.005 -8"><span class='ocrx_word' id='word_1_308' title='bbox 126 1834 244 1869; x_wconf 82' lang='lat' dir='ltr'><strong>epistola</strong></span> <span class='ocrx_word' id='word_1_309' title='bbox 260 1843 267 1860; x_wconf 87' lang='lat'><strong>:</strong></span> <span class='ocrx_word' id='word_1_310' title='bbox 284 1843 293 1859; x_wconf 72' lang='grc' dir='ltr'><strong>ε</strong></span> <span class='ocrx_word' id='word_1_311' title='bbox 315 1834 367 1860; x_wconf 84' lang='lat' dir='ltr'><strong>Ista</strong></span> <span class='ocrx_word' id='word_1_312' title='bbox 378 1841 430 1869; x_wconf 72' lang='lat' dir='ltr'><strong>ego</strong></span> <span class='ocrx_word' id='word_1_313' title='bbox 444 1840 518 1860; x_wconf 88' lang='lat' dir='ltr'><strong>nunc</strong></span> <span class='ocrx_word' id='word_1_314' title='bbox 534 1831 699 1867; x_wconf 83' lang='lat' dir='ltr'><strong>compendio</strong></span> <span class='ocrx_word' id='word_1_315' title='bbox 723 1831 842 1864; x_wconf 73' lang='lat' dir='ltr'><strong>dictavi;</strong></span> <span class='ocrx_word' id='word_1_316' title='bbox 855 1831 917 1858; x_wconf 86' lang='lat' dir='ltr'><strong>misi</strong></span> 
     </span>
    </p>
   </div>
   <div class='ocr_carea' id='block_1_53' title="bbox 126 1877 917 1914">
    <p class='ocr_par' dir='ltr' id='par_1_53' title="bbox 126 1877 917 1914">
     <span class='ocr_line' id='line_1_53' title="bbox 126 1877 917 1914; baseline -0.004 -7"><span class='ocrx_word' id='word_1_317' title='bbox 126 1884 230 1913; x_wconf 85' lang='lat' dir='ltr'><strong>autem,</strong></span> <span class='ocrx_word' id='word_1_318' title='bbox 238 1884 266 1907; x_wconf 90' lang='lat' dir='ltr'><strong>et</strong></span> <span class='ocrx_word' id='word_1_319' title='bbox 274 1887 357 1914; x_wconf 89' lang='lat' dir='ltr'><strong>quam</strong></span> <span class='ocrx_word' id='word_1_320' title='bbox 369 1886 460 1913; x_wconf 85' lang='lat' dir='ltr'><strong>nuper</strong></span> <span class='ocrx_word' id='word_1_321' title='bbox 470 1878 635 1913; x_wconf 79' lang='lat' dir='ltr'><strong>scripseram</strong></span> <span class='ocrx_word' id='word_1_322' title='bbox 647 1878 756 1905; x_wconf 79' lang='lat' dir='ltr'><strong>hortatu</strong></span> <span class='ocrx_word' id='word_1_323' title='bbox 767 1877 917 1912; x_wconf 77' lang='lat' dir='ltr'><strong>religiosis-</strong></span> 
     </span>
    </p>
   </div>
   <div class='ocr_carea' id='block_1_54' title="bbox 127 1923 916 1959">
    <p class='ocr_par' dir='ltr' id='par_1_54' title="bbox 127 1923 916 1959">
     <span class='ocr_line' id='line_1_54' title="bbox 127 1923 916 1959; baseline -0.003 -7"><span class='ocrx_word' id='word_1_324' title='bbox 127 1925 190 1952; x_wconf 86' lang='lat' dir='ltr'><strong>simi</strong></span> <span class='ocrx_word' id='word_1_325' title='bbox 203 1925 424 1959; x_wconf 85' lang='lat' dir='ltr'><strong>sanctissimique</strong></span> <span class='ocrx_word' id='word_1_326' title='bbox 435 1924 556 1952; x_wconf 90' lang='lat' dir='ltr'><strong>hominis</strong></span> <span class='ocrx_word' id='word_1_327' title='bbox 579 1924 626 1951; x_wconf 85' lang='lat' dir='ltr'><strong>Dei</strong></span> <span class='ocrx_word' id='word_1_328' title='bbox 644 1923 788 1952; x_wconf 85' lang='lat' dir='ltr'><strong>Domini...</strong></span> <span class='ocrx_word' id='word_1_329' title='bbox 803 1923 916 1951; x_wconf 88' lang='lat' dir='ltr'><strong>brevem</strong></span> 
     </span>
    </p>
   </div>
   <div class='ocr_carea' id='block_1_55' title="bbox 127 1969 916 2006">
    <p class='ocr_par' dir='ltr' id='par_1_55' title="bbox 127 1969 916 2006">
     <span class='ocr_line' id='line_1_55' title="bbox 127 1969 916 2006; baseline -0.003 -8"><span class='ocrx_word' id='word_1_330' title='bbox 127 1971 341 2004; x_wconf 69' lang='lat' dir='ltr'><strong>institutionem,</strong></span> <span class='ocrx_word' id='word_1_331' title='bbox 357 1979 418 2006; x_wconf 72' lang='lat' dir='ltr'><strong>quae</strong></span> <span class='ocrx_word' id='word_1_332' title='bbox 441 1975 469 1999; x_wconf 87' lang='lat' dir='ltr'><strong>et</strong></span> <span class='ocrx_word' id='word_1_333' title='bbox 488 1971 547 2006; x_wconf 85' lang='lat' dir='ltr'><strong>ipsa</strong></span> <span class='ocrx_word' id='word_1_334' title='bbox 574 1971 691 1998; x_wconf 82' lang='lat' dir='ltr'><strong>suﬂiciat</strong></span> <span class='ocrx_word' id='word_1_335' title='bbox 714 1970 748 1997; x_wconf 88' lang='lat' dir='ltr'><strong>ad</strong></span> <span class='ocrx_word' id='word_1_336' title='bbox 764 1969 916 1997; x_wconf 88' lang='lat' dir='ltr'><strong>docendam</strong></span> 
     </span>
    </p>
   </div>
   <div class='ocr_carea' id='block_1_56' title="bbox 127 2015 918 2052">
    <p class='ocr_par' dir='ltr' id='par_1_56' title="bbox 127 2015 918 2052">
     <span class='ocr_line' id='line_1_56' title="bbox 127 2015 918 2052; baseline -0.003 -8"><span class='ocrx_word' id='word_1_337' title='bbox 127 2017 342 2052; x_wconf 83' lang='lat' dir='ltr'><strong>apostolicorum</strong></span> <span class='ocrx_word' id='word_1_338' title='bbox 366 2017 524 2052; x_wconf 78' lang='lat' dir='ltr'><strong>dogmatum</strong></span> <span class='ocrx_word' id='word_1_339' title='bbox 541 2017 696 2044; x_wconf 85' lang='lat' dir='ltr'><strong>veritatem.</strong></span> <span class='ocrx_word' id='word_1_340' title='bbox 712 2015 790 2049; x_wconf 85' lang='lat' dir='ltr'><strong>Quod</strong></span> <span class='ocrx_word' id='word_1_341' title='bbox 806 2015 828 2043; x_wconf 88' lang='lat' dir='ltr'><strong>si</strong></span> <span class='ocrx_word' id='word_1_342' title='bbox 843 2015 918 2043; x_wconf 84' lang='lat' dir='ltr'><strong>calli-</strong></span> 
     </span>
    </p>
   </div>
   <div class='ocr_carea' id='block_1_57' title="bbox 126 2060 917 2097">
    <p class='ocr_par' dir='ltr' id='par_1_57' title="bbox 126 2060 917 2097">
     <span class='ocr_line' id='line_1_57' title="bbox 126 2060 917 2097; baseline -0.001 -9"><span class='ocrx_word' id='word_1_343' title='bbox 126 2063 261 2097; x_wconf 76' lang='lat' dir='ltr'><strong>graphum</strong></span> <span class='ocrx_word' id='word_1_344' title='bbox 276 2067 372 2090; x_wconf 91' lang='lat' dir='ltr'><strong>nactus</strong></span> <span class='ocrx_word' id='word_1_345' title='bbox 389 2063 478 2094; x_wconf 82' lang='lat' dir='ltr'><strong>fuero,</strong></span> <span class='ocrx_word' id='word_1_346' title='bbox 501 2062 609 2089; x_wconf 80' lang='lat' dir='ltr'><strong>mittam</strong></span> <span class='ocrx_word' id='word_1_347' title='bbox 631 2061 768 2089; x_wconf 80' lang='lat' dir='ltr'><strong>sanctitati</strong></span> <span class='ocrx_word' id='word_1_348' title='bbox 798 2066 850 2088; x_wconf 74' lang='lat' dir='ltr'><strong>tum</strong></span> <span class='ocrx_word' id='word_1_349' title='bbox 872 2060 917 2087; x_wconf 87' lang='lat' dir='ltr'><strong>illa</strong></span> 
     </span>
    </p>
   </div>
   <div class='ocr_carea' id='block_1_58' title="bbox 126 2108 918 2144">
    <p class='ocr_par' dir='ltr' id='par_1_58' title="bbox 126 2108 918 2144">
     <span class='ocr_line' id='line_1_58' title="bbox 126 2108 918 2144; baseline 0 -9"><span class='ocrx_word' id='word_1_350' title='bbox 126 2110 221 2141; x_wconf 82' lang='lat' dir='ltr'><strong>etiam,</strong></span> <span class='ocrx_word' id='word_1_351' title='bbox 234 2116 295 2143; x_wconf 65' lang='lat' dir='ltr'><strong>quae</strong></span> <span class='ocrx_word' id='word_1_352' title='bbox 314 2109 414 2144; x_wconf 84' lang='lat' dir='ltr'><strong>dialogi</strong></span> <span class='ocrx_word' id='word_1_353' title='bbox 431 2117 506 2137; x_wconf 87' lang='lat' dir='ltr'><strong>more</strong></span> <span class='ocrx_word' id='word_1_354' title='bbox 538 2116 587 2144; x_wconf 87' lang='lat' dir='ltr'><strong>per</strong></span> <span class='ocrx_word' id='word_1_355' title='bbox 609 2108 850 2144; x_wconf 73' lang='lat' dir='ltr'><strong>interrogationem</strong></span> <span class='ocrx_word' id='word_1_356' title='bbox 890 2113 918 2135; x_wconf 82' lang='lat' dir='ltr'><strong>et</strong></span> 
     </span>
    </p>
   </div>
   <div class='ocr_carea' id='block_1_59' title="bbox 125 2154 916 2190">
    <p class='ocr_par' dir='ltr' id='par_1_59' title="bbox 125 2154 916 2190">
     <span class='ocr_line' id='line_1_59' title="bbox 125 2154 916 2190; baseline 0.003 -9"><span class='ocrx_word' id='word_1_357' title='bbox 125 2154 335 2189; x_wconf 86' lang='lat' dir='ltr'><strong>responsionem</strong></span> <span class='ocrx_word' id='word_1_358' title='bbox 355 2154 518 2189; x_wconf 86' lang='lat' dir='ltr'><strong>conscripsi,</strong></span> <span class='ocrx_word' id='word_1_359' title='bbox 540 2154 692 2181; x_wconf 84' lang='lat' dir='ltr'><strong>orationem</strong></span> <span class='ocrx_word' id='word_1_360' title='bbox 718 2154 827 2190; x_wconf 73' lang='lat' dir='ltr'><strong>longius</strong></span> <span class='ocrx_word' id='word_1_361' title='bbox 851 2163 916 2190; x_wconf 91' lang='lat' dir='ltr'><strong>pro-</strong></span> 
     </span>
    </p>
   </div>
   <div class='ocr_carea' id='block_1_60' title="bbox 971 897 1760 940">
    <p class='ocr_par' dir='ltr' id='par_1_60' title="bbox 971 897 1760 940">
     <span class='ocr_line' id='line_1_60' title="bbox 971 897 1760 940; baseline 0.015 -17"><span class='ocrx_word' id='word_1_362' title='bbox 971 903 1035 924; x_wconf 88' lang='lat' dir='ltr'><strong>sens</strong></span> <span class='ocrx_word' id='word_1_363' title='bbox 1053 897 1200 925; x_wconf 87' lang='lat' dir='ltr'><strong>damnatus</strong></span> <span class='ocrx_word' id='word_1_364' title='bbox 1218 903 1270 932; x_wconf 85' lang='lat' dir='ltr'><strong>est,</strong></span> <span class='ocrx_word' id='word_1_365' title='bbox 1282 907 1346 930; x_wconf 88' lang='lat' dir='ltr'><strong>cum</strong></span> <span class='ocrx_word' id='word_1_366' title='bbox 1360 900 1551 931; x_wconf 83' lang='lat' dir='ltr'><strong>Theodoretus</strong></span> <span class='ocrx_word' id='word_1_367' title='bbox 1563 903 1637 940; x_wconf 86' lang='lat' dir='ltr'><strong>Cyri,</strong></span> <span class='ocrx_word' id='word_1_368' title='bbox 1655 906 1716 934; x_wconf 82' lang='lat' dir='ltr'><strong>ibas</strong></span> <span class='ocrx_word' id='word_1_369' title='bbox 1733 907 1760 935; x_wconf 91' lang='lat' dir='ltr'><strong>in</strong></span> 
     </span>
    </p>
   </div>
   <div class='ocr_carea' id='block_1_61' title="bbox 971 942 1760 984">
    <p class='ocr_par' dir='ltr' id='par_1_61' title="bbox 971 942 1760 984">
     <span class='ocr_line' id='line_1_61' title="bbox 971 942 1760 984; baseline 0.015 -16"><span class='ocrx_word' id='word_1_370' title='bbox 971 942 1068 969; x_wconf 83' lang='lat' dir='ltr'><strong>exsilio</strong></span> <span class='ocrx_word' id='word_1_371' title='bbox 1080 948 1258 971; x_wconf 86' lang='lat' dir='ltr'><strong>versaretur:</strong></span> <span class='ocrx_word' id='word_1_372' title='bbox 1281 945 1326 972; x_wconf 87' lang='lat' dir='ltr'><strong>ille</strong></span> <span class='ocrx_word' id='word_1_373' title='bbox 1345 945 1521 982; x_wconf 84' lang='lat' dir='ltr'><strong>imperatoris</strong></span> <span class='ocrx_word' id='word_1_374' title='bbox 1541 950 1682 984; x_wconf 85' lang='lat' dir='ltr'><strong>mandato,</strong></span> <span class='ocrx_word' id='word_1_375' title='bbox 1707 952 1760 980; x_wconf 83' lang='lat' dir='ltr'><strong>iste</strong></span> 
     </span>
    </p>
   </div>
   <div class='ocr_carea' id='block_1_62' title="bbox 971 988 1449 1026">
    <p class='ocr_par' dir='ltr' id='par_1_62' title="bbox 971 988 1449 1026">
     <span class='ocr_line' id='line_1_62' title="bbox 971 988 1449 1026; baseline 0.013 -12"><span class='ocrx_word' id='word_1_376' title='bbox 971 988 1103 1024; x_wconf 88' lang='lat' dir='ltr'><strong>Eutychis</strong></span> <span class='ocrx_word' id='word_1_377' title='bbox 1116 994 1145 1017; x_wconf 88' lang='lat' dir='ltr'><strong>et</strong></span> <span class='ocrx_word' id='word_1_378' title='bbox 1154 989 1319 1026; x_wconf 82' lang='lat' dir='ltr'><strong>Chrysaphii</strong></span> <span class='ocrx_word' id='word_1_379' title='bbox 1332 992 1449 1020; x_wconf 86' lang='lat' dir='ltr'><strong>artibus.</strong></span> 
     </span>
    </p>
   </div>
   <div class='ocr_carea' id='block_1_63' title="bbox 1006 1035 1760 1072">
    <p class='ocr_par' dir='ltr' id='par_1_63' title="bbox 1006 1035 1760 1072">
     <span class='ocr_line' id='line_1_63' title="bbox 1006 1035 1760 1072; baseline 0.015 -11"><span class='ocrx_word' id='word_1_380' title='bbox 1006 1035 1039 1062; x_wconf 87' lang='lat' dir='ltr'><strong>ll.</strong></span> <span class='ocrx_word' id='word_1_381' title='bbox 1068 1035 1192 1063; x_wconf 79' lang='lat' dir='ltr'><strong>Videnda</strong></span> <span class='ocrx_word' id='word_1_382' title='bbox 1213 1044 1293 1065; x_wconf 70' lang='lat' dir='ltr'><strong>nona:</strong></span> <span class='ocrx_word' id='word_1_383' title='bbox 1317 1042 1346 1066; x_wconf 89' lang='lat' dir='ltr'><strong>et</strong></span> <span class='ocrx_word' id='word_1_384' title='bbox 1371 1039 1487 1068; x_wconf 59' lang='lat' dir='ltr'><strong>decima}</strong></span> <span class='ocrx_word' id='word_1_385' title='bbox 1511 1042 1629 1071; x_wconf 86' lang='lat' dir='ltr'><strong>actionis</strong></span> <span class='ocrx_word' id='word_1_386' title='bbox 1648 1044 1760 1072; x_wconf 88' lang='lat' dir='ltr'><strong>concilii</strong></span> 
     </span>
    </p>
   </div>
   <div class='ocr_carea' id='block_1_64' title="bbox 969 1079 1760 1118">
    <p class='ocr_par' dir='ltr' id='par_1_64' title="bbox 969 1079 1760 1118">
     <span class='ocr_line' id='line_1_64' title="bbox 969 1079 1760 1118; baseline 0.014 -11"><span class='ocrx_word' id='word_1_387' title='bbox 969 1079 1203 1110; x_wconf 81' lang='lat' dir='ltr'><strong>Chalcedonensis</strong></span> <span class='ocrx_word' id='word_1_388' title='bbox 1218 1083 1297 1113; x_wconf 85' lang='lat' dir='ltr'><strong>Acta.</strong></span> <span class='ocrx_word' id='word_1_389' title='bbox 1311 1084 1413 1118; x_wconf 82' lang='lat' dir='ltr'><strong>quibus</strong></span> <span class='ocrx_word' id='word_1_390' title='bbox 1436 1087 1594 1115; x_wconf 86' lang='lat' dir='ltr'><strong>continetur</strong></span> <span class='ocrx_word' id='word_1_391' title='bbox 1607 1092 1663 1117; x_wconf 86' lang='lat' dir='ltr'><strong>tota</strong></span> <span class='ocrx_word' id='word_1_392' title='bbox 1690 1091 1760 1118; x_wconf 71' lang='grc' dir='ltr'><strong>κατὰ</strong></span> 
     </span>
    </p>
   </div>
   <div class='ocr_carea' id='block_1_65' title="bbox 972 1127 1232 1162">
    <p class='ocr_par' dir='ltr' id='par_1_65' title="bbox 972 1127 1232 1162">
     <span class='ocr_line' id='line_1_65' title="bbox 972 1127 1232 1162; baseline 0.015 -10"><span class='ocrx_word' id='word_1_393' title='bbox 972 1127 1055 1162; x_wconf 78' lang='grc' dir='ltr'><strong>μέρος</strong></span> <span class='ocrx_word' id='word_1_394' title='bbox 1072 1127 1126 1155; x_wconf 68' lang='grc' dir='ltr'><strong>Πηθ</strong></span> <span class='ocrx_word' id='word_1_395' title='bbox 1140 1136 1232 1156; x_wconf 84' lang='lat' dir='ltr'><strong>causa.</strong></span> 
     </span>
    </p>
   </div>
   <div class='ocr_carea' id='block_1_66' title="bbox 970 1183 1760 1221">
    <p class='ocr_par' dir='ltr' id='par_1_66' title="bbox 970 1183 1760 1221">
     <span class='ocr_line' id='line_1_66' title="bbox 970 1183 1760 1221; baseline 0.014 -11"><span class='ocrx_word' id='word_1_396' title='bbox 970 1183 1091 1219; x_wconf 78' lang='lat' dir='ltr'><strong>Epistula</strong></span> <span class='ocrx_word' id='word_1_397' title='bbox 1107 1185 1168 1216; x_wconf 79' lang='lat' dir='ltr'><strong>l35,</strong></span> <span class='ocrx_word' id='word_1_398' title='bbox 1198 1186 1341 1220; x_wconf 76' lang='lat' dir='ltr'><strong>familiaris</strong></span> <span class='ocrx_word' id='word_1_399' title='bbox 1362 1189 1398 1215; x_wconf 83' lang='lat' dir='ltr'><strong>ad</strong></span> <span class='ocrx_word' id='word_1_400' title='bbox 1426 1189 1557 1217; x_wconf 80' lang='lat' dir='ltr'><strong>Joannem</strong></span> <span class='ocrx_word' id='word_1_401' title='bbox 1586 1186 1760 1221; x_wconf 58' lang='lat' dir='ltr'><strong>Germanicis:</strong></span> 
     </span>
    </p>
   </div>
   <div class='ocr_carea' id='block_1_67' title="bbox 1281 1224 1442 1258">
    <p class='ocr_par' dir='ltr' id='par_1_67' title="bbox 1281 1224 1442 1258">
     <span class='ocr_line' id='line_1_67' title="bbox 1281 1224 1442 1258; baseline 0.012 -9"><span class='ocrx_word' id='word_1_402' title='bbox 1281 1224 1430 1258; x_wconf 82' lang='lat' dir='ltr'><strong>episcopum</strong></span> <span class='ocrx_word' id='word_1_403' title='bbox 1435 1244 1442 1251; x_wconf 92' lang='lat'><strong>.</strong></span> 
     </span>
    </p>
   </div>
   <div class='ocr_carea' id='block_1_68' title="bbox 1004 1275 1478 1307">
    <p class='ocr_par' dir='ltr' id='par_1_68' title="bbox 1004 1275 1478 1307">
     <span class='ocr_line' id='line_1_68' title="bbox 1004 1275 1478 1307; baseline 0.008 -5"><span class='ocrx_word' id='word_1_404' title='bbox 1004 1275 1025 1302; x_wconf 89' lang='grc'><strong>1.</strong></span> <span class='ocrx_word' id='word_1_405' title='bbox 1046 1275 1113 1303; x_wconf 84' lang='lat' dir='ltr'><strong>Data</strong></span> <span class='ocrx_word' id='word_1_406' title='bbox 1125 1281 1166 1303; x_wconf 86' lang='lat' dir='ltr'><strong>est</strong></span> <span class='ocrx_word' id='word_1_407' title='bbox 1177 1277 1229 1304; x_wconf 90' lang='lat' dir='ltr'><strong>sub</strong></span> <span class='ocrx_word' id='word_1_408' title='bbox 1242 1277 1324 1305; x_wconf 79' lang='lat' dir='ltr'><strong>tinent</strong></span> <span class='ocrx_word' id='word_1_409' title='bbox 1336 1279 1400 1306; x_wconf 91' lang='lat' dir='ltr'><strong>anni</strong></span> <span class='ocrx_word' id='word_1_410' title='bbox 1415 1279 1478 1307; x_wconf 67' lang='lat'><strong>449.</strong></span> 
     </span>
    </p>
   </div>
   <div class='ocr_carea' id='block_1_69' title="bbox 1005 1321 1758 1357">
    <p class='ocr_par' dir='ltr' id='par_1_69' title="bbox 1005 1321 1758 1357">
     <span class='ocr_line' id='line_1_69' title="bbox 1005 1321 1758 1357; baseline 0.013 -9"><span class='ocrx_word' id='word_1_411' title='bbox 1005 1321 1216 1350; x_wconf 83' lang='lat' dir='ltr'><strong>ll.lnvitavcrat</strong></span> <span class='ocrx_word' id='word_1_412' title='bbox 1231 1323 1436 1352; x_wconf 86' lang='lat' dir='ltr'><strong>Theodorctnm</strong></span> <span class='ocrx_word' id='word_1_413' title='bbox 1461 1326 1582 1356; x_wconf 85' lang='lat' dir='ltr'><strong>Joannes</strong></span> <span class='ocrx_word' id='word_1_414' title='bbox 1613 1328 1758 1357; x_wconf 82' lang='lat' dir='ltr'><strong>Germani-</strong></span> 
     </span>
    </p>
   </div>
   <div class='ocr_carea' id='block_1_70' title="bbox 969 1367 1759 1411">
    <p class='ocr_par' dir='ltr' id='par_1_70' title="bbox 969 1367 1759 1411">
     <span class='ocr_line' id='line_1_70' title="bbox 969 1367 1759 1411; baseline 0.011 -17"><span class='ocrx_word' id='word_1_415' title='bbox 969 1367 1052 1400; x_wconf 87' lang='lat' dir='ltr'><strong>ciam,</strong></span> <span class='ocrx_word' id='word_1_416' title='bbox 1065 1368 1142 1395; x_wconf 86' lang='lat' dir='ltr'><strong>velut</strong></span> <span class='ocrx_word' id='word_1_417' title='bbox 1158 1369 1185 1396; x_wconf 92' lang='lat' dir='ltr'><strong>in</strong></span> <span class='ocrx_word' id='word_1_418' title='bbox 1201 1369 1292 1396; x_wconf 89' lang='lat' dir='ltr'><strong>locum</strong></span> <span class='ocrx_word' id='word_1_419' title='bbox 1310 1370 1419 1405; x_wconf 78' lang='lat' dir='ltr'><strong>refugii,</strong></span> <span class='ocrx_word' id='word_1_420' title='bbox 1430 1379 1492 1399; x_wconf 87' lang='lat' dir='ltr'><strong>cum</strong></span> <span class='ocrx_word' id='word_1_421' title='bbox 1509 1374 1693 1408; x_wconf 73' lang='lat' dir='ltr'><strong>expelleretur</strong></span> <span class='ocrx_word' id='word_1_422' title='bbox 1708 1375 1759 1411; x_wconf 73' lang='lat' dir='ltr'><strong>Cy-</strong></span> 
     </span>
    </p>
   </div>
   <div class='ocr_carea' id='block_1_71' title="bbox 970 1413 1758 1454">
    <p class='ocr_par' dir='ltr' id='par_1_71' title="bbox 970 1413 1758 1454">
     <span class='ocr_line' id='line_1_71' title="bbox 970 1413 1758 1454; baseline 0.013 -14"><span class='ocrx_word' id='word_1_423' title='bbox 970 1421 1000 1440; x_wconf 92' lang='lat' dir='ltr'><strong>ro</strong></span> <span class='ocrx_word' id='word_1_424' title='bbox 1012 1422 1019 1446; x_wconf 88' lang='lat'>;</span> <span class='ocrx_word' id='word_1_425' title='bbox 1037 1413 1082 1441; x_wconf 87' lang='lat' dir='ltr'><strong>ille</strong></span> <span class='ocrx_word' id='word_1_426' title='bbox 1096 1415 1165 1441; x_wconf 83' lang='lat' dir='ltr'><strong>actis</strong></span> <span class='ocrx_word' id='word_1_427' title='bbox 1177 1415 1274 1450; x_wconf 75' lang='lat' dir='ltr'><strong>gratiis</strong></span> <span class='ocrx_word' id='word_1_428' title='bbox 1284 1416 1439 1444; x_wconf 85' lang='lat' dir='ltr'><strong>rescribite</strong></span> <span class='ocrx_word' id='word_1_429' title='bbox 1449 1417 1562 1454; x_wconf 85' lang='lat' dir='ltr'><strong>Cyrensi</strong></span> <span class='ocrx_word' id='word_1_430' title='bbox 1574 1420 1653 1453; x_wconf 81' lang='lat' dir='ltr'><strong>urbe,</strong></span> <span class='ocrx_word' id='word_1_431' title='bbox 1668 1428 1697 1449; x_wconf 89' lang='lat' dir='ltr'><strong>se</strong></span> <span class='ocrx_word' id='word_1_432' title='bbox 1709 1429 1758 1449; x_wconf 80' lang='lat' dir='ltr'><strong>ex-</strong></span> 
     </span>
    </p>
   </div>
   <div class='ocr_carea' id='block_1_72' title="bbox 968 1461 1759 1500">
    <p class='ocr_par' dir='ltr' id='par_1_72' title="bbox 968 1461 1759 1500">
     <span class='ocr_line' id='line_1_72' title="bbox 968 1461 1759 1500; baseline 0.01 -14"><span class='ocrx_word' id='word_1_433' title='bbox 968 1464 1092 1494; x_wconf 84' lang='lat' dir='ltr'><strong>spectare</strong></span> <span class='ocrx_word' id='word_1_434' title='bbox 1102 1465 1267 1496; x_wconf 61' lang='lat' dir='ltr'><strong>praeceptum</strong></span> <span class='ocrx_word' id='word_1_435' title='bbox 1280 1461 1453 1496; x_wconf 85' lang='lat' dir='ltr'><strong>imperatoris</strong></span> <span class='ocrx_word' id='word_1_436' title='bbox 1471 1464 1506 1491; x_wconf 83' lang='lat' dir='ltr'><strong>de</strong></span> <span class='ocrx_word' id='word_1_437' title='bbox 1524 1465 1584 1492; x_wconf 92' lang='lat' dir='ltr'><strong>loco</strong></span> <span class='ocrx_word' id='word_1_438' title='bbox 1599 1466 1704 1500; x_wconf 83' lang='lat' dir='ltr'><strong>exsilii;</strong></span> <span class='ocrx_word' id='word_1_439' title='bbox 1731 1467 1759 1494; x_wconf 93' lang='lat' dir='ltr'><strong>id</strong></span> 
     </span>
    </p>
   </div>
   <div class='ocr_carea' id='block_1_73' title="bbox 970 1506 1760 1545">
    <p class='ocr_par' dir='ltr' id='par_1_73' title="bbox 970 1506 1760 1545">
     <span class='ocr_line' id='line_1_73' title="bbox 970 1506 1760 1545; baseline 0.011 -13"><span class='ocrx_word' id='word_1_440' title='bbox 970 1506 1043 1532; x_wconf 87' lang='lat' dir='ltr'><strong>enim</strong></span> <span class='ocrx_word' id='word_1_441' title='bbox 1058 1506 1161 1533; x_wconf 88' lang='lat' dir='ltr'><strong>litteris</strong></span> <span class='ocrx_word' id='word_1_442' title='bbox 1172 1507 1205 1534; x_wconf 88' lang='lat' dir='ltr'><strong>ad</strong></span> <span class='ocrx_word' id='word_1_443' title='bbox 1219 1507 1374 1534; x_wconf 81' lang='lat' dir='ltr'><strong>Anatolium</strong></span> <span class='ocrx_word' id='word_1_444' title='bbox 1389 1508 1459 1536; x_wconf 82' lang='lat' dir='ltr'><strong>datis</strong></span> <span class='ocrx_word' id='word_1_445' title='bbox 1486 1511 1638 1545; x_wconf 82' lang='lat' dir='ltr'><strong>expetierat</strong></span> <span class='ocrx_word' id='word_1_446' title='bbox 1654 1521 1661 1539; x_wconf 89' lang='lat'>:</span> <span class='ocrx_word' id='word_1_447' title='bbox 1682 1522 1692 1538; x_wconf 74' lang='grc' dir='ltr'><strong>ε</strong></span> <span class='ocrx_word' id='word_1_448' title='bbox 1720 1513 1760 1541; x_wconf 86' lang='lat' dir='ltr'><strong>De</strong></span> 
     </span>
    </p>
   </div>
   <div class='ocr_carea' id='block_1_74' title="bbox 970 1551 1757 1592">
    <p class='ocr_par' dir='ltr' id='par_1_74' title="bbox 970 1551 1757 1592">
     <span class='ocr_line' id='line_1_74' title="bbox 970 1551 1757 1592; baseline 0.011 -15"><span class='ocrx_word' id='word_1_449' title='bbox 970 1555 1064 1578; x_wconf 86' lang='lat' dir='ltr'><strong>nostra</strong></span> <span class='ocrx_word' id='word_1_450' title='bbox 1094 1551 1185 1578; x_wconf 90' lang='lat' dir='ltr'><strong>isthuc</strong></span> <span class='ocrx_word' id='word_1_451' title='bbox 1212 1553 1382 1587; x_wconf 83' lang='lat' dir='ltr'><strong>profectione</strong></span> <span class='ocrx_word' id='word_1_452' title='bbox 1397 1554 1520 1582; x_wconf 85' lang='lat' dir='ltr'><strong>scribere</strong></span> <span class='ocrx_word' id='word_1_453' title='bbox 1544 1555 1614 1583; x_wconf 85' lang='lat' dir='ltr'><strong>nihil</strong></span> <span class='ocrx_word' id='word_1_454' title='bbox 1635 1565 1757 1592; x_wconf 85' lang='lat' dir='ltr'><strong>possum.</strong></span> 
     </span>
    </p>
   </div>
   <div class='ocr_carea' id='block_1_75' title="bbox 969 1597 1758 1637">
    <p class='ocr_par' dir='ltr' id='par_1_75' title="bbox 969 1597 1758 1637">
     <span class='ocr_line' id='line_1_75' title="bbox 969 1597 1758 1637; baseline 0.01 -14"><span class='ocrx_word' id='word_1_455' title='bbox 969 1597 1131 1632; x_wconf 86' lang='lat' dir='ltr'><strong>priusquam</strong></span> <span class='ocrx_word' id='word_1_456' title='bbox 1156 1604 1332 1632; x_wconf 78' lang='lat' dir='ltr'><strong>cognoscam,</strong></span> <span class='ocrx_word' id='word_1_457' title='bbox 1360 1599 1427 1634; x_wconf 79' lang='lat' dir='ltr'><strong>quid</strong></span> <span class='ocrx_word' id='word_1_458' title='bbox 1447 1599 1481 1626; x_wconf 83' lang='lat' dir='ltr'><strong>de</strong></span> <span class='ocrx_word' id='word_1_459' title='bbox 1506 1601 1586 1628; x_wconf 84' lang='lat' dir='ltr'><strong>nobis</strong></span> <span class='ocrx_word' id='word_1_460' title='bbox 1597 1604 1758 1637; x_wconf 69' lang='lat' dir='ltr'><strong>prmccperit</strong></span> 
     </span>
    </p>
   </div>
   <div class='ocr_carea' id='block_1_76' title="bbox 968 1642 1315 1678">
    <p class='ocr_par' dir='ltr' id='par_1_76' title="bbox 968 1642 1315 1678">
     <span class='ocr_line' id='line_1_76' title="bbox 968 1642 1315 1678; baseline 0.003 -9"><span class='ocrx_word' id='word_1_461' title='bbox 968 1642 1109 1677; x_wconf 88' lang='lat' dir='ltr'><strong>piissimus</strong></span> <span class='ocrx_word' id='word_1_462' title='bbox 1130 1643 1289 1678; x_wconf 87' lang='lat' dir='ltr'><strong>imperator.</strong></span> <span class='ocrx_word' id='word_1_463' title='bbox 1306 1652 1315 1669; x_wconf 77' lang='grc' dir='ltr'><strong><em>ι</em></strong></span> 
     </span>
    </p>
   </div>
   <div class='ocr_carea' id='block_1_77' title="bbox 1003 1687 1757 1724">
    <p class='ocr_par' dir='ltr' id='par_1_77' title="bbox 1003 1687 1757 1724">
     <span class='ocr_line' id='line_1_77' title="bbox 1003 1687 1757 1724; baseline 0.008 -10"><span class='ocrx_word' id='word_1_464' title='bbox 1003 1687 1085 1723; x_wconf 81' lang='lat'><strong>350</strong></span> <span class='ocrx_word' id='word_1_465' title='bbox 1101 1688 1146 1715; x_wconf 85' lang='grc' dir='ltr'><strong>ΙΙΙ.</strong></span> <span class='ocrx_word' id='word_1_466' title='bbox 1163 1688 1250 1724; x_wconf 85' lang='lat' dir='ltr'><strong>Hujus</strong></span> <span class='ocrx_word' id='word_1_467' title='bbox 1265 1689 1388 1723; x_wconf 66' lang='lat' dir='ltr'><strong>epistola:</strong></span> <span class='ocrx_word' id='word_1_468' title='bbox 1398 1690 1568 1718; x_wconf 87' lang='lat' dir='ltr'><strong>mentionem</strong></span> <span class='ocrx_word' id='word_1_469' title='bbox 1583 1690 1648 1719; x_wconf 79' lang='lat' dir='ltr'><strong>facit</strong></span> <span class='ocrx_word' id='word_1_470' title='bbox 1674 1692 1703 1719; x_wconf 90' lang='lat' dir='ltr'><strong>in</strong></span> <span class='ocrx_word' id='word_1_471' title='bbox 1716 1693 1757 1720; x_wconf 84' lang='lat' dir='ltr'><strong>al-</strong></span> 
     </span>
    </p>
   </div>
   <div class='ocr_carea' id='block_1_78' title="bbox 970 1734 1759 1771">
    <p class='ocr_par' dir='ltr' id='par_1_78' title="bbox 970 1734 1759 1771">
     <span class='ocr_line' id='line_1_78' title="bbox 970 1734 1759 1771; baseline 0.008 -11"><span class='ocrx_word' id='word_1_472' title='bbox 970 1738 1029 1761; x_wconf 74' lang='lat' dir='ltr'><strong>tera</strong></span> <span class='ocrx_word' id='word_1_473' title='bbox 1046 1735 1128 1769; x_wconf 82' lang='lat' dir='ltr'><strong>paulo</strong></span> <span class='ocrx_word' id='word_1_474' title='bbox 1141 1738 1202 1769; x_wconf 88' lang='lat' dir='ltr'><strong>post</strong></span> <span class='ocrx_word' id='word_1_475' title='bbox 1215 1735 1276 1762; x_wconf 86' lang='lat' dir='ltr'><strong>data</strong></span> <span class='ocrx_word' id='word_1_476' title='bbox 1294 1734 1317 1751; x_wconf 84' lang='lat'><strong>&quot;</strong></span> <span class='ocrx_word' id='word_1_477' title='bbox 1335 1744 1342 1762; x_wconf 90' lang='lat'>:</span> <span class='ocrx_word' id='word_1_478' title='bbox 1375 1745 1385 1761; x_wconf 70' lang='grc' dir='ltr'>ι</span> <span class='ocrx_word' id='word_1_479' title='bbox 1414 1735 1455 1763; x_wconf 84' lang='lat' dir='ltr'><strong>Ad</strong></span> <span class='ocrx_word' id='word_1_480' title='bbox 1479 1737 1586 1771; x_wconf 80' lang='lat' dir='ltr'><strong>priores</strong></span> <span class='ocrx_word' id='word_1_481' title='bbox 1605 1739 1759 1766; x_wconf 81' lang='lat' dir='ltr'><strong>sanctitatis</strong></span> 
     </span>
    </p>
   </div>
   <div class='ocr_carea' id='block_1_79' title="bbox 970 1779 1758 1818">
    <p class='ocr_par' dir='ltr' id='par_1_79' title="bbox 970 1779 1758 1818">
     <span class='ocr_line' id='line_1_79' title="bbox 970 1779 1758 1818; baseline 0.008 -13"><span class='ocrx_word' id='word_1_482' title='bbox 970 1782 1024 1806; x_wconf 56' lang='lat' dir='ltr'><strong>tua),</strong></span> <span class='ocrx_word' id='word_1_483' title='bbox 1042 1779 1148 1806; x_wconf 81' lang='lat' dir='ltr'><strong>litteras</strong></span> <span class='ocrx_word' id='word_1_484' title='bbox 1178 1779 1319 1814; x_wconf 85' lang='lat' dir='ltr'><strong>rescripsi.</strong></span> <span class='ocrx_word' id='word_1_485' title='bbox 1353 1787 1417 1807; x_wconf 87' lang='lat' dir='ltr'><strong>cum</strong></span> <span class='ocrx_word' id='word_1_486' title='bbox 1441 1781 1561 1815; x_wconf 88' lang='lat' dir='ltr'><strong>primum</strong></span> <span class='ocrx_word' id='word_1_487' title='bbox 1592 1785 1706 1818; x_wconf 82' lang='lat' dir='ltr'><strong>accepi;</strong></span> <span class='ocrx_word' id='word_1_488' title='bbox 1723 1783 1758 1812; x_wconf 85' lang='lat' dir='ltr'><strong>de</strong></span> 
     </span>
    </p>
   </div>
   <div class='ocr_carea' id='block_1_80' title="bbox 968 1825 1305 1860">
    <p class='ocr_par' dir='ltr' id='par_1_80' title="bbox 968 1825 1305 1860">
     <span class='ocr_line' id='line_1_80' title="bbox 968 1825 1305 1860; baseline 0 -8"><span class='ocrx_word' id='word_1_489' title='bbox 968 1825 1096 1860; x_wconf 70' lang='lat' dir='ltr'><strong>pnesenti</strong></span> <span class='ocrx_word' id='word_1_490' title='bbox 1108 1830 1211 1856; x_wconf 83' lang='lat' dir='ltr'><strong>autem.</strong></span> <span class='ocrx_word' id='word_1_491' title='bbox 1229 1834 1238 1851; x_wconf 74' lang='grc' dir='ltr'>ι</span> <span class='ocrx_word' id='word_1_492' title='bbox 1252 1829 1305 1852; x_wconf 88' lang='lat' dir='ltr'><strong>etc.</strong></span> 
     </span>
    </p>
   </div>
   <div class='ocr_carea' id='block_1_81' title="bbox 970 1882 1759 1918">
    <p class='ocr_par' dir='ltr' id='par_1_81' title="bbox 970 1882 1759 1918">
     <span class='ocr_line' id='line_1_81' title="bbox 970 1882 1759 1918; baseline 0.009 -10"><span class='ocrx_word' id='word_1_493' title='bbox 970 1882 1090 1918; x_wconf 79' lang='lat' dir='ltr'><strong>Epistula</strong></span> <span class='ocrx_word' id='word_1_494' title='bbox 1108 1882 1174 1914; x_wconf 65' lang='grc'><strong>154,</strong></span> <span class='ocrx_word' id='word_1_495' title='bbox 1205 1883 1405 1918; x_wconf 69' lang='lat' dir='ltr'><strong>exprobratoria</strong></span> <span class='ocrx_word' id='word_1_496' title='bbox 1423 1884 1456 1910; x_wconf 82' lang='lat' dir='ltr'><strong>ad</strong></span> <span class='ocrx_word' id='word_1_497' title='bbox 1475 1884 1649 1913; x_wconf 75' lang='lat' dir='ltr'><strong>Tlteoctistum</strong></span> <span class='ocrx_word' id='word_1_498' title='bbox 1661 1886 1759 1915; x_wconf 73' lang='lat' dir='ltr'><strong>Berme</strong></span> 
     </span>
    </p>
   </div>
   <div class='ocr_carea' id='block_1_82' title="bbox 1282 1919 1438 1954">
    <p class='ocr_par' dir='ltr' id='par_1_82' title="bbox 1282 1919 1438 1954">
     <span class='ocr_line' id='line_1_82' title="bbox 1282 1919 1438 1954; baseline 0.013 -10"><span class='ocrx_word' id='word_1_499' title='bbox 1282 1919 1401 1954; x_wconf 69' lang='lat' dir='ltr'><strong>episcopi:</strong></span> <span class='ocrx_word' id='word_1_500' title='bbox 1406 1927 1438 1946; x_wconf 88' lang='lat' dir='ltr'><strong>m.</strong></span> 
     </span>
    </p>
   </div>
   <div class='ocr_carea' id='block_1_83' title="bbox 1005 1974 1758 2011">
    <p class='ocr_par' dir='ltr' id='par_1_83' title="bbox 1005 1974 1758 2011">
     <span class='ocr_line' id='line_1_83' title="bbox 1005 1974 1758 2011; baseline 0.007 -10"><span class='ocrx_word' id='word_1_501' title='bbox 1005 1975 1025 2002; x_wconf 88' lang='lat' dir='ltr'><strong>l.</strong></span> <span class='ocrx_word' id='word_1_502' title='bbox 1038 1974 1269 2010; x_wconf 77' lang='lat' dir='ltr'><strong>Expressissimus</strong></span> <span class='ocrx_word' id='word_1_503' title='bbox 1290 1976 1421 2011; x_wconf 84' lang='lat' dir='ltr'><strong>tem-poris</strong></span> <span class='ocrx_word' id='word_1_504' title='bbox 1437 1977 1590 2005; x_wconf 72' lang='lat' dir='ltr'><strong>character.</strong></span> <span class='ocrx_word' id='word_1_505' title='bbox 1608 1987 1616 2004; x_wconf 86' lang='grc'><em>‹</em></span> <span class='ocrx_word' id='word_1_506' title='bbox 1633 1979 1758 2007; x_wconf 86' lang='lat' dir='ltr'><strong>Proscri-</strong></span> 
     </span>
    </p>
   </div>
   <div class='ocr_carea' id='block_1_84' title="bbox 968 2021 1760 2056">
    <p class='ocr_par' dir='ltr' id='par_1_84' title="bbox 968 2021 1760 2056">
     <span class='ocr_line' id='line_1_84' title="bbox 968 2021 1760 2056; baseline 0.008 -8"><span class='ocrx_word' id='word_1_507' title='bbox 968 2026 1045 2056; x_wconf 89' lang='lat' dir='ltr'><strong>ptum</strong></span> <span class='ocrx_word' id='word_1_508' title='bbox 1064 2025 1116 2053; x_wconf 83' lang='lat' dir='ltr'><strong>est,</strong></span> <span class='ocrx_word' id='word_1_509' title='bbox 1138 2021 1229 2056; x_wconf 86' lang='lat' dir='ltr'><strong>inquit</strong></span> <span class='ocrx_word' id='word_1_510' title='bbox 1239 2022 1441 2054; x_wconf 84' lang='lat' dir='ltr'><strong>Theodoretus,</strong></span> <span class='ocrx_word' id='word_1_511' title='bbox 1461 2023 1574 2051; x_wconf 68' lang='lat' dir='ltr'><strong>haeresis</strong></span> <span class='ocrx_word' id='word_1_512' title='bbox 1591 2033 1668 2052; x_wconf 70' lang='lat' dir='ltr'><strong>norm</strong></span> <span class='ocrx_word' id='word_1_513' title='bbox 1683 2033 1760 2054; x_wconf 86' lang='lat' dir='ltr'><strong>men-</strong></span> 
     </span>
    </p>
   </div>
   <div class='ocr_carea' id='block_1_85' title="bbox 969 2067 1757 2106">
    <p class='ocr_par' dir='ltr' id='par_1_85' title="bbox 969 2067 1757 2106">
     <span class='ocr_line' id='line_1_85' title="bbox 969 2067 1757 2106; baseline 0.008 -13"><span class='ocrx_word' id='word_1_514' title='bbox 969 2067 1089 2098; x_wconf 85' lang='lat' dir='ltr'><strong>dacium,</strong></span> <span class='ocrx_word' id='word_1_515' title='bbox 1105 2071 1132 2094; x_wconf 89' lang='lat' dir='ltr'><strong>et</strong></span> <span class='ocrx_word' id='word_1_516' title='bbox 1149 2067 1304 2095; x_wconf 88' lang='lat' dir='ltr'><strong>divinorum</strong></span> <span class='ocrx_word' id='word_1_517' title='bbox 1326 2067 1536 2103; x_wconf 75' lang='lat' dir='ltr'><strong>Evnngeliorum</strong></span> <span class='ocrx_word' id='word_1_518' title='bbox 1554 2070 1656 2097; x_wconf 83' lang='lat' dir='ltr'><strong>veritas</strong></span> <span class='ocrx_word' id='word_1_519' title='bbox 1667 2072 1757 2106; x_wconf 84' lang='lat' dir='ltr'><strong>palam</strong></span> 
     </span>
    </p>
   </div>
   <div class='ocr_carea' id='block_1_86' title="bbox 968 2112 1755 2148">
    <p class='ocr_par' dir='ltr' id='par_1_86' title="bbox 968 2112 1755 2148">
     <span class='ocr_line' id='line_1_86' title="bbox 968 2112 1755 2148; baseline 0.004 -8"><span class='ocrx_word' id='word_1_520' title='bbox 968 2113 1142 2148; x_wconf 77' lang='lat' dir='ltr'><strong>praedicatur.</strong></span> <span class='ocrx_word' id='word_1_521' title='bbox 1165 2122 1173 2138; x_wconf 75' lang='grc' dir='ltr'><strong><em>ι</em></strong></span> <span class='ocrx_word' id='word_1_522' title='bbox 1190 2112 1306 2146; x_wconf 83' lang='lat' dir='ltr'><strong>Quando</strong></span> <span class='ocrx_word' id='word_1_523' title='bbox 1323 2121 1421 2148; x_wconf 86' lang='lat' dir='ltr'><strong>nempe</strong></span> <span class='ocrx_word' id='word_1_524' title='bbox 1438 2114 1594 2141; x_wconf 85' lang='lat' dir='ltr'><strong>Theodosio</strong></span> <span class='ocrx_word' id='word_1_525' title='bbox 1617 2115 1672 2142; x_wconf 72' lang='lat' dir='ltr'><strong>vita</strong></span> <span class='ocrx_word' id='word_1_526' title='bbox 1695 2116 1755 2143; x_wconf 73' lang='grc' dir='ltr'><strong>[ιπη-</strong></span> 
     </span>
    </p>
   </div>
   <div class='ocr_carea' id='block_1_87' title="bbox 968 2158 1756 2195">
    <p class='ocr_par' dir='ltr' id='par_1_87' title="bbox 968 2158 1756 2195">
     <span class='ocr_line' id='line_1_87' title="bbox 968 2158 1756 2195; baseline 0.004 -11"><span class='ocrx_word' id='word_1_527' title='bbox 968 2162 1023 2190; x_wconf 89' lang='lat' dir='ltr'><strong>cto,</strong></span> <span class='ocrx_word' id='word_1_528' title='bbox 1044 2158 1187 2192; x_wconf 88' lang='lat' dir='ltr'><strong>imperium</strong></span> <span class='ocrx_word' id='word_1_529' title='bbox 1201 2158 1354 2185; x_wconf 82' lang='lat' dir='ltr'><strong>Marcianus</strong></span> <span class='ocrx_word' id='word_1_530' title='bbox 1364 2162 1391 2185; x_wconf 90' lang='lat' dir='ltr'><strong>et</strong></span> <span class='ocrx_word' id='word_1_531' title='bbox 1404 2159 1550 2186; x_wconf 81' lang='lat' dir='ltr'><strong>Pulcheria</strong></span> <span class='ocrx_word' id='word_1_532' title='bbox 1564 2165 1756 2195; x_wconf 82' lang='lat' dir='ltr'><strong>susceperunt,</strong></span> 
     </span>
    </p>
   </div>
   <div class='ocr_carea' id='block_1_88' title="bbox 125 2200 1757 2239">
    <p class='ocr_par' dir='ltr' id='par_1_88' title="bbox 125 2200 1757 2239">
     <span class='ocr_line' id='line_1_88' title="bbox 125 2200 1757 2239; baseline 0.004 -12"><span class='ocrx_word' id='word_1_533' title='bbox 125 2200 241 2231; x_wconf 83' lang='lat' dir='ltr'><strong>ducens.</strong></span> <span class='ocrx_word' id='word_1_534' title='bbox 255 2204 283 2227; x_wconf 90' lang='lat' dir='ltr'><strong>et</strong></span> <span class='ocrx_word' id='word_1_535' title='bbox 293 2200 405 2227; x_wconf 82' lang='lat' dir='ltr'><strong>Patrum</strong></span> <span class='ocrx_word' id='word_1_536' title='bbox 435 2200 567 2227; x_wconf 88' lang='lat' dir='ltr'><strong>doctrinis</strong></span> <span class='ocrx_word' id='word_1_537' title='bbox 593 2203 687 2226; x_wconf 87' lang='lat' dir='ltr'><strong>nostra</strong></span> <span class='ocrx_word' id='word_1_538' title='bbox 715 2201 917 2229; x_wconf 87' lang='lat' dir='ltr'><strong>commnniens.</strong></span> <span class='ocrx_word' id='word_1_539' title='bbox 933 2211 956 2239; x_wconf 71' lang='grc' dir='ltr'><strong>ι)</strong></span> <span class='ocrx_word' id='word_1_540' title='bbox 971 2210 1032 2230; x_wconf 83' lang='lat' dir='ltr'><strong>mox</strong></span> <span class='ocrx_word' id='word_1_541' title='bbox 1051 2203 1194 2238; x_wconf 83' lang='lat' dir='ltr'><strong>Eutychen</strong></span> <span class='ocrx_word' id='word_1_542' title='bbox 1217 2203 1244 2230; x_wconf 88' lang='lat' dir='ltr'><strong>in</strong></span> <span class='ocrx_word' id='word_1_543' title='bbox 1261 2203 1387 2230; x_wconf 83' lang='lat' dir='ltr'><strong>exsilium</strong></span> <span class='ocrx_word' id='word_1_544' title='bbox 1401 2205 1473 2238; x_wconf 82' lang='lat' dir='ltr'><strong>ejiei,</strong></span> <span class='ocrx_word' id='word_1_545' title='bbox 1491 2205 1612 2232; x_wconf 88' lang='lat' dir='ltr'><strong>revocari</strong></span> <span class='ocrx_word' id='word_1_546' title='bbox 1628 2205 1757 2234; x_wconf 78' lang='lat' dir='ltr'><strong>Theodo-</strong></span> 
     </span>
    </p>
   </div>
   <div class='ocr_carea' id='block_1_89' title="bbox 125 2245 914 2282">
    <p class='ocr_par' dir='ltr' id='par_1_89' title="bbox 125 2245 914 2282">
     <span class='ocr_line' id='line_1_89' title="bbox 125 2245 914 2282; baseline 0.001 -9"><span class='ocrx_word' id='word_1_547' title='bbox 125 2245 185 2273; x_wconf 77' lang='lat' dir='ltr'><strong>llisi</strong></span> <span class='ocrx_word' id='word_1_548' title='bbox 201 2249 293 2273; x_wconf 88' lang='lat' dir='ltr'><strong>autem</strong></span> <span class='ocrx_word' id='word_1_549' title='bbox 310 2254 383 2274; x_wconf 90' lang='lat' dir='ltr'><strong>nunc</strong></span> <span class='ocrx_word' id='word_1_550' title='bbox 395 2245 478 2274; x_wconf 88' lang='lat' dir='ltr'><strong>etiam</strong></span> <span class='ocrx_word' id='word_1_551' title='bbox 496 2253 597 2280; x_wconf 85' lang='lat' dir='ltr'><strong>paucas</strong></span> <span class='ocrx_word' id='word_1_552' title='bbox 615 2250 738 2272; x_wconf 85' lang='lat' dir='ltr'><strong>veterum</strong></span> <span class='ocrx_word' id='word_1_553' title='bbox 768 2247 914 2282; x_wconf 79' lang='lat' dir='ltr'><strong>magistro—</strong></span> 
     </span>
    </p>
   </div>
   <div class='ocr_carea' id='block_1_90' title="bbox 125 2290 916 2326">
    <p class='ocr_par' dir='ltr' id='par_1_90' title="bbox 125 2290 916 2326">
     <span class='ocr_line' id='line_1_90' title="bbox 125 2290 916 2326; baseline 0.001 -8"><span class='ocrx_word' id='word_1_554' title='bbox 125 2298 186 2318; x_wconf 88' lang='lat' dir='ltr'><strong>rum</strong></span> <span class='ocrx_word' id='word_1_555' title='bbox 197 2291 358 2323; x_wconf 82' lang='lat' dir='ltr'><strong>sententias,</strong></span> <span class='ocrx_word' id='word_1_556' title='bbox 383 2299 444 2326; x_wconf 72' lang='lat' dir='ltr'><strong>quaa</strong></span> <span class='ocrx_word' id='word_1_557' title='bbox 454 2291 521 2318; x_wconf 85' lang='lat' dir='ltr'><strong>satis</strong></span> <span class='ocrx_word' id='word_1_558' title='bbox 539 2295 603 2318; x_wconf 85' lang='lat' dir='ltr'><strong>sunt</strong></span> <span class='ocrx_word' id='word_1_559' title='bbox 620 2290 653 2318; x_wconf 90' lang='lat' dir='ltr'><strong>ad</strong></span> <span class='ocrx_word' id='word_1_560' title='bbox 678 2291 831 2318; x_wconf 80' lang='lat' dir='ltr'><strong>doctrinam</strong></span> <span class='ocrx_word' id='word_1_561' title='bbox 854 2291 916 2319; x_wconf 82' lang='lat' dir='ltr'><strong>illo—</strong></span> 
     </span>
    </p>
   </div>
   <div class='ocr_carea' id='block_1_91' title="bbox 123 2335 610 2364">
    <p class='ocr_par' dir='ltr' id='par_1_91' title="bbox 123 2335 610 2364">
     <span class='ocr_line' id='line_1_91' title="bbox 123 2335 610 2364; baseline -0.002 -2"><span class='ocrx_word' id='word_1_562' title='bbox 123 2343 185 2363; x_wconf 88' lang='lat' dir='ltr'><strong>rum</strong></span> <span class='ocrx_word' id='word_1_563' title='bbox 201 2336 314 2363; x_wconf 82' lang='lat' dir='ltr'><strong>Patrum</strong></span> <span class='ocrx_word' id='word_1_564' title='bbox 325 2335 575 2364; x_wconf 85' lang='lat' dir='ltr'><strong>demonstrandam.</strong></span> <span class='ocrx_word' id='word_1_565' title='bbox 601 2345 610 2361; x_wconf 72' lang='grc' dir='ltr'><strong>ι</strong></span> 
     </span>
    </p>
   </div>
   <div class='ocr_carea' id='block_1_92' title="bbox 158 2381 912 2418">
    <p class='ocr_par' dir='ltr' id='par_1_92' title="bbox 158 2381 912 2418">
     <span class='ocr_line' id='line_1_92' title="bbox 158 2381 912 2418; baseline 0.003 -9"><span class='ocrx_word' id='word_1_566' title='bbox 158 2381 191 2409; x_wconf 71' lang='grc' dir='ltr'><strong>ν.</strong></span> <span class='ocrx_word' id='word_1_567' title='bbox 209 2381 275 2409; x_wconf 85' lang='lat' dir='ltr'><strong>inde</strong></span> <span class='ocrx_word' id='word_1_568' title='bbox 288 2382 468 2418; x_wconf 78' lang='lat' dir='ltr'><strong>intelligimus</strong></span> <span class='ocrx_word' id='word_1_569' title='bbox 483 2392 489 2410; x_wconf 91' lang='lat'>:</span> <span class='ocrx_word' id='word_1_570' title='bbox 503 2383 529 2410; x_wconf 82' lang='lat' dir='ltr'><strong>i.</strong></span> <span class='ocrx_word' id='word_1_571' title='bbox 558 2383 763 2411; x_wconf 83' lang='lat' dir='ltr'><strong>institutionem</strong></span> <span class='ocrx_word' id='word_1_572' title='bbox 790 2384 912 2416; x_wconf 85' lang='lat' dir='ltr'><strong>brevem,</strong></span> 
     </span>
    </p>
   </div>
   <div class='ocr_carea' id='block_1_93' title="bbox 123 2426 914 2465">
    <p class='ocr_par' dir='ltr' id='par_1_93' title="bbox 123 2426 914 2465">
     <span class='ocr_line' id='line_1_93' title="bbox 123 2426 914 2465; baseline 0.004 -11"><span class='ocrx_word' id='word_1_573' title='bbox 123 2426 158 2454; x_wconf 87' lang='lat' dir='ltr'><strong>de</strong></span> <span class='ocrx_word' id='word_1_574' title='bbox 173 2434 228 2462; x_wconf 83' lang='lat' dir='ltr'><strong>qua</strong></span> <span class='ocrx_word' id='word_1_575' title='bbox 247 2427 293 2455; x_wconf 87' lang='lat' dir='ltr'><strong>hic</strong></span> <span class='ocrx_word' id='word_1_576' title='bbox 308 2435 399 2455; x_wconf 85' lang='lat' dir='ltr'><strong>sermo</strong></span> <span class='ocrx_word' id='word_1_577' title='bbox 412 2432 464 2460; x_wconf 90' lang='lat' dir='ltr'><strong>est,</strong></span> <span class='ocrx_word' id='word_1_578' title='bbox 481 2436 537 2456; x_wconf 90' lang='lat' dir='ltr'><strong>non</strong></span> <span class='ocrx_word' id='word_1_579' title='bbox 553 2429 665 2457; x_wconf 83' lang='lat' dir='ltr'><strong>ditl‘errc</strong></span> <span class='ocrx_word' id='word_1_580' title='bbox 692 2438 707 2456; x_wconf 86' lang='lat' dir='ltr'><strong>a</strong></span> <span class='ocrx_word' id='word_1_581' title='bbox 725 2429 839 2465; x_wconf 88' lang='lat' dir='ltr'><strong>scripto,</strong></span> <span class='ocrx_word' id='word_1_582' title='bbox 865 2437 914 2457; x_wconf 83' lang='lat' dir='ltr'><strong>cn-</strong></span> 
     </span>
    </p>
   </div>
   <div class='ocr_carea' id='block_1_94' title="bbox 119 2471 915 2511">
    <p class='ocr_par' dir='ltr' id='par_1_94' title="bbox 119 2471 915 2511">
     <span class='ocr_line' id='line_1_94' title="bbox 119 2471 915 2511; baseline 0.006 -13"><span class='ocrx_word' id='word_1_583' title='bbox 119 2471 167 2507; x_wconf 82' lang='lat' dir='ltr'><strong>jus</strong></span> <span class='ocrx_word' id='word_1_584' title='bbox 180 2471 285 2499; x_wconf 82' lang='lat' dir='ltr'><strong>mentio</strong></span> <span class='ocrx_word' id='word_1_585' title='bbox 296 2471 326 2499; x_wconf 83' lang='lat' dir='ltr'><strong>tit</strong></span> <span class='ocrx_word' id='word_1_586' title='bbox 343 2473 372 2500; x_wconf 91' lang='lat' dir='ltr'><strong>in</strong></span> <span class='ocrx_word' id='word_1_587' title='bbox 386 2473 469 2508; x_wconf 86' lang='lat' dir='ltr'><strong>epist,</strong></span> <span class='ocrx_word' id='word_1_588' title='bbox 482 2473 534 2501; x_wconf 83' lang='lat' dir='ltr'><strong>l09</strong></span> <span class='ocrx_word' id='word_1_589' title='bbox 562 2473 596 2500; x_wconf 78' lang='lat' dir='ltr'><strong>sd</strong></span> <span class='ocrx_word' id='word_1_590' title='bbox 623 2474 774 2502; x_wconf 85' lang='lat' dir='ltr'><strong>Eusebium</strong></span> <span class='ocrx_word' id='word_1_591' title='bbox 802 2474 915 2511; x_wconf 72' lang='lat' dir='ltr'><strong>Ancyra:</strong></span> 
     </span>
    </p>
   </div>
   <div class='ocr_carea' id='block_1_95' title="bbox 121 2517 915 2555">
    <p class='ocr_par' dir='ltr' id='par_1_95' title="bbox 121 2517 915 2555">
     <span class='ocr_line' id='line_1_95' title="bbox 121 2517 915 2555; baseline 0.006 -12"><span class='ocrx_word' id='word_1_592' title='bbox 121 2517 293 2553; x_wconf 81' lang='lat' dir='ltr'><strong>episcopum.</strong></span> <span class='ocrx_word' id='word_1_593' title='bbox 305 2517 332 2545; x_wconf 80' lang='lat'><strong>2.</strong></span> <span class='ocrx_word' id='word_1_594' title='bbox 349 2519 527 2555; x_wconf 85' lang='lat' dir='ltr'><strong>Episcopum,</strong></span> <span class='ocrx_word' id='word_1_595' title='bbox 541 2520 619 2555; x_wconf 72' lang='lat' dir='ltr'><strong>cuius</strong></span> <span class='ocrx_word' id='word_1_596' title='bbox 633 2528 734 2548; x_wconf 86' lang='lat' dir='ltr'><strong>nomen</strong></span> <span class='ocrx_word' id='word_1_597' title='bbox 747 2519 791 2548; x_wconf 88' lang='lat' dir='ltr'><strong>hic</strong></span> <span class='ocrx_word' id='word_1_598' title='bbox 805 2520 915 2549; x_wconf 83' lang='lat' dir='ltr'><strong>deside-</strong></span> 
     </span>
    </p>
   </div>
   <div class='ocr_carea' id='block_1_96' title="bbox 122 2564 915 2600">
    <p class='ocr_par' dir='ltr' id='par_1_96' title="bbox 122 2564 915 2600">
     <span class='ocr_line' id='line_1_96' title="bbox 122 2564 915 2600; baseline 0.005 -10"><span class='ocrx_word' id='word_1_599' title='bbox 122 2568 213 2596; x_wconf 76' lang='lat' dir='ltr'><strong>ratur,</strong></span> <span class='ocrx_word' id='word_1_600' title='bbox 229 2571 290 2592; x_wconf 84' lang='lat' dir='ltr'><strong>esse</strong></span> <span class='ocrx_word' id='word_1_601' title='bbox 301 2564 463 2597; x_wconf 80' lang='lat' dir='ltr'><strong>Eusebium,</strong></span> <span class='ocrx_word' id='word_1_602' title='bbox 484 2573 566 2600; x_wconf 86' lang='lat' dir='ltr'><strong>quem</strong></span> <span class='ocrx_word' id='word_1_603' title='bbox 580 2573 642 2592; x_wconf 81' lang='lat' dir='ltr'><strong>mox</strong></span> <span class='ocrx_word' id='word_1_604' title='bbox 655 2565 776 2593; x_wconf 78' lang='lat' dir='ltr'><strong>laudavi.</strong></span> <span class='ocrx_word' id='word_1_605' title='bbox 797 2569 826 2595; x_wconf 79' lang='grc'><strong>5.</strong></span> <span class='ocrx_word' id='word_1_606' title='bbox 850 2567 915 2594; x_wconf 86' lang='lat' dir='ltr'><strong>Dia-</strong></span> 
     </span>
    </p>
   </div>
   <div class='ocr_carea' id='block_1_97' title="bbox 122 2609 913 2645">
    <p class='ocr_par' dir='ltr' id='par_1_97' title="bbox 122 2609 913 2645">
     <span class='ocr_line' id='line_1_97' title="bbox 122 2609 913 2645; baseline 0.005 -9"><span class='ocrx_word' id='word_1_607' title='bbox 122 2609 201 2645; x_wconf 70' lang='lat' dir='ltr'><strong>Iogos</strong></span> <span class='ocrx_word' id='word_1_608' title='bbox 215 2609 334 2644; x_wconf 84' lang='lat' dir='ltr'><strong>scriptos</strong></span> <span class='ocrx_word' id='word_1_609' title='bbox 344 2618 405 2638; x_wconf 84' lang='lat' dir='ltr'><strong>esse</strong></span> <span class='ocrx_word' id='word_1_610' title='bbox 418 2615 481 2638; x_wconf 84' lang='lat' dir='ltr'><strong>ante</strong></span> <span class='ocrx_word' id='word_1_611' title='bbox 492 2611 640 2639; x_wconf 89' lang='lat' dir='ltr'><strong>concilium</strong></span> <span class='ocrx_word' id='word_1_612' title='bbox 655 2612 662 2619; x_wconf 80' lang='lat'><strong>‘</strong></span> <span class='ocrx_word' id='word_1_613' title='bbox 675 2611 913 2645; x_wconf 75' lang='lat' dir='ltr'><strong>Clialcedoncnse,</strong></span> 
     </span>
    </p>
   </div>
   <div class='ocr_carea' id='block_1_98' title="bbox 122 2655 913 2695">
    <p class='ocr_par' dir='ltr' id='par_1_98' title="bbox 122 2655 913 2695">
     <span class='ocr_line' id='line_1_98' title="bbox 122 2655 913 2695; baseline 0.005 -13"><span class='ocrx_word' id='word_1_614' title='bbox 122 2655 184 2683; x_wconf 84' lang='lat' dir='ltr'><strong>imo</strong></span> <span class='ocrx_word' id='word_1_615' title='bbox 195 2659 224 2682; x_wconf 90' lang='lat' dir='ltr'><strong>et</strong></span> <span class='ocrx_word' id='word_1_616' title='bbox 250 2655 330 2691; x_wconf 76' lang='lat' dir='ltr'><strong>longe</strong></span> <span class='ocrx_word' id='word_1_617' title='bbox 355 2661 418 2684; x_wconf 82' lang='lat' dir='ltr'><strong>ante</strong></span> <span class='ocrx_word' id='word_1_618' title='bbox 441 2657 613 2692; x_wconf 81' lang='lat' dir='ltr'><strong>Ephesinum</strong></span> <span class='ocrx_word' id='word_1_619' title='bbox 637 2658 802 2691; x_wconf 83' lang='lat' dir='ltr'><strong>secundum,</strong></span> <span class='ocrx_word' id='word_1_620' title='bbox 831 2664 913 2695; x_wconf 84' lang='lat' dir='ltr'><strong>atque</strong></span> 
     </span>
    </p>
   </div>
   <div class='ocr_carea' id='block_1_99' title="bbox 120 2699 912 2736">
    <p class='ocr_par' dir='ltr' id='par_1_99' title="bbox 120 2699 912 2736">
     <span class='ocr_line' id='line_1_99' title="bbox 120 2699 912 2736; baseline 0.005 -9"><span class='ocrx_word' id='word_1_621' title='bbox 120 2699 265 2728; x_wconf 76' lang='lat' dir='ltr'><strong>adeoante</strong></span> <span class='ocrx_word' id='word_1_622' title='bbox 280 2701 410 2736; x_wconf 85' lang='lat' dir='ltr'><strong>scriptam</strong></span> <span class='ocrx_word' id='word_1_623' title='bbox 430 2709 445 2728; x_wconf 80' lang='lat' dir='ltr'><strong>a</strong></span> <span class='ocrx_word' id='word_1_624' title='bbox 469 2707 565 2731; x_wconf 80' lang='lat' dir='ltr'><strong>sancto</strong></span> <span class='ocrx_word' id='word_1_625' title='bbox 590 2703 681 2731; x_wconf 80' lang='lat' dir='ltr'><strong>Leone</strong></span> <span class='ocrx_word' id='word_1_626' title='bbox 704 2703 738 2731; x_wconf 87' lang='lat' dir='ltr'><strong>ad</strong></span> <span class='ocrx_word' id='word_1_627' title='bbox 753 2704 912 2732; x_wconf 82' lang='lat' dir='ltr'><strong>Flavianum</strong></span> 
     </span>
    </p>
   </div>
   <div class='ocr_carea' id='block_1_100' title="bbox 119 2746 910 2782">
    <p class='ocr_par' dir='ltr' id='par_1_100' title="bbox 119 2746 910 2782">
     <span class='ocr_line' id='line_1_100' title="bbox 119 2746 910 2782; baseline 0.005 -9"><span class='ocrx_word' id='word_1_628' title='bbox 119 2746 470 2782; x_wconf 74' lang='lat' dir='ltr'><strong>epistolamdogmaticam.</strong></span> <span class='ocrx_word' id='word_1_629' title='bbox 488 2748 513 2775; x_wconf 81' lang='grc'>4.</span> <span class='ocrx_word' id='word_1_630' title='bbox 542 2749 646 2776; x_wconf 75' lang='lat' dir='ltr'><strong>Paucas</strong></span> <span class='ocrx_word' id='word_1_631' title='bbox 672 2753 797 2777; x_wconf 66' lang='lat' dir='ltr'><strong>veterum</strong></span> <span class='ocrx_word' id='word_1_632' title='bbox 823 2750 910 2782; x_wconf 70' lang='lat' dir='ltr'><strong>mani-</strong></span> 
     </span>
    </p>
   </div>
   <div class='ocr_carea' id='block_1_101' title="bbox 157 2858 688 2896">
    <p class='ocr_par' dir='ltr' id='par_1_101' title="bbox 157 2858 688 2896">
     <span class='ocr_line' id='line_1_101' title="bbox 157 2858 688 2896; baseline 0.006 -9"><span class='ocrx_word' id='word_1_633' title='bbox 157 2859 182 2876; x_wconf 88' lang='grc'>⁶⁹</span> <span class='ocrx_word' id='word_1_634' title='bbox 196 2858 257 2887; x_wconf 82' lang='lat' dir='ltr'><strong>Vid.</strong></span> <span class='ocrx_word' id='word_1_635' title='bbox 270 2863 290 2885; x_wconf 84' lang='grc' dir='ltr'><strong>ι.</strong></span> <span class='ocrx_word' id='word_1_636' title='bbox 303 2859 347 2892; x_wconf 76' lang='lat' dir='ltr'><strong>IV,</strong></span> <span class='ocrx_word' id='word_1_637' title='bbox 364 2861 445 2896; x_wconf 86' lang='lat' dir='ltr'><strong>epist.</strong></span> <span class='ocrx_word' id='word_1_638' title='bbox 467 2861 527 2895; x_wconf 74' lang='lat' dir='ltr'><strong>H7,</strong></span> <span class='ocrx_word' id='word_1_639' title='bbox 543 2863 576 2889; x_wconf 88' lang='lat' dir='ltr'><strong>ab</strong></span> <span class='ocrx_word' id='word_1_640' title='bbox 600 2863 688 2890; x_wconf 86' lang='lat' dir='ltr'><strong>initio.</strong></span> 
     </span>
    </p>
   </div>
   <div class='ocr_carea' id='block_1_102' title="bbox 287 2906 676 2941">
    <p class='ocr_par' dir='ltr' id='par_1_102' title="bbox 287 2906 676 2941">
     <span class='ocr_line' id='line_1_102' title="bbox 287 2906 676 2941; baseline 0.013 -5"><span class='ocrx_word' id='word_1_641' title='bbox 287 2906 422 2940; x_wconf 73' lang='lat' dir='ltr'><strong>Pnnor..</strong></span> <span class='ocrx_word' id='word_1_642' title='bbox 444 2911 501 2941; x_wconf 83' lang='lat' dir='ltr'><strong>Gn.</strong></span> <span class='ocrx_word' id='word_1_643' title='bbox 522 2910 634 2941; x_wconf 77' lang='lat' dir='ltr'><strong>LXXXI</strong></span> <span class='ocrx_word' id='word_1_644' title='bbox 642 2911 676 2941; x_wconf 87' lang='lat'><strong>\’.</strong></span> 
     </span>
    </p>
   </div>
   <div class='ocr_carea' id='block_1_103' title="bbox 970 2248 1757 2285">
    <p class='ocr_par' dir='ltr' id='par_1_103' title="bbox 970 2248 1757 2285">
     <span class='ocr_line' id='line_1_103' title="bbox 970 2248 1757 2285; baseline 0.005 -10"><span class='ocrx_word' id='word_1_645' title='bbox 970 2253 1071 2280; x_wconf 80' lang='lat' dir='ltr'><strong>retum,</strong></span> <span class='ocrx_word' id='word_1_646' title='bbox 1088 2248 1290 2284; x_wconf 73' lang='lat' dir='ltr'><strong>Chrysaphium</strong></span> <span class='ocrx_word' id='word_1_647' title='bbox 1311 2249 1432 2276; x_wconf 86' lang='lat' dir='ltr'><strong>interimi</strong></span> <span class='ocrx_word' id='word_1_648' title='bbox 1450 2250 1603 2285; x_wconf 83' lang='lat' dir='ltr'><strong>jusserunt.</strong></span> <span class='ocrx_word' id='word_1_649' title='bbox 1624 2251 1652 2278; x_wconf 89' lang='lat' dir='ltr'><strong>ld</strong></span> <span class='ocrx_word' id='word_1_650' title='bbox 1667 2253 1757 2279; x_wconf 84' lang='lat' dir='ltr'><strong>conti-</strong></span> 
     </span>
    </p>
   </div>
   <div class='ocr_carea' id='block_1_104' title="bbox 969 2293 1757 2329">
    <p class='ocr_par' dir='ltr' id='par_1_104' title="bbox 969 2293 1757 2329">
     <span class='ocr_line' id='line_1_104' title="bbox 969 2293 1757 2329; baseline 0.006 -10"><span class='ocrx_word' id='word_1_651' title='bbox 969 2293 1008 2328; x_wconf 79' lang='lat' dir='ltr'><strong>git</strong></span> <span class='ocrx_word' id='word_1_652' title='bbox 1030 2293 1081 2320; x_wconf 91' lang='lat' dir='ltr'><strong>sub</strong></span> <span class='ocrx_word' id='word_1_653' title='bbox 1098 2297 1260 2320; x_wconf 89' lang='lat' dir='ltr'><strong>autumnum</strong></span> <span class='ocrx_word' id='word_1_654' title='bbox 1278 2293 1342 2320; x_wconf 86' lang='lat' dir='ltr'><strong>anni</strong></span> <span class='ocrx_word' id='word_1_655' title='bbox 1367 2293 1436 2326; x_wconf 64' lang='lat'><strong>450;</strong></span> <span class='ocrx_word' id='word_1_656' title='bbox 1458 2302 1514 2329; x_wconf 89' lang='lat' dir='ltr'><strong>quo</strong></span> <span class='ocrx_word' id='word_1_657' title='bbox 1537 2303 1609 2322; x_wconf 89' lang='lat' dir='ltr'><strong>anno</strong></span> <span class='ocrx_word' id='word_1_658' title='bbox 1628 2296 1757 2324; x_wconf 85' lang='lat' dir='ltr'><strong>Theodo—</strong></span> 
     </span>
    </p>
   </div>
   <div class='ocr_carea' id='block_1_105' title="bbox 969 2337 1756 2376">
    <p class='ocr_par' dir='ltr' id='par_1_105' title="bbox 969 2337 1756 2376">
     <span class='ocr_line' id='line_1_105' title="bbox 969 2337 1756 2376; baseline 0.005 -11"><span class='ocrx_word' id='word_1_659' title='bbox 969 2339 1027 2366; x_wconf 88' lang='lat' dir='ltr'><strong>sius</strong></span> <span class='ocrx_word' id='word_1_660' title='bbox 1046 2338 1116 2366; x_wconf 87' lang='lat' dir='ltr'><strong>obiit</strong></span> <span class='ocrx_word' id='word_1_661' title='bbox 1135 2337 1180 2366; x_wconf 86' lang='lat' dir='ltr'><strong>die</strong></span> <span class='ocrx_word' id='word_1_662' title='bbox 1200 2338 1235 2365; x_wconf 71' lang='lat'><strong>29</strong></span> <span class='ocrx_word' id='word_1_663' title='bbox 1264 2338 1340 2370; x_wconf 79' lang='lat' dir='ltr'><strong>Julii,</strong></span> <span class='ocrx_word' id='word_1_664' title='bbox 1364 2338 1518 2367; x_wconf 76' lang='lat' dir='ltr'><strong>Marcianus</strong></span> <span class='ocrx_word' id='word_1_665' title='bbox 1538 2340 1687 2376; x_wconf 68' lang='lat' dir='ltr'><strong>imperatur</strong></span> <span class='ocrx_word' id='word_1_666' title='bbox 1712 2350 1756 2368; x_wconf 84' lang='lat' dir='ltr'><strong>re-</strong></span> 
     </span>
    </p>
   </div>
   <div class='ocr_carea' id='block_1_106' title="bbox 970 2383 1414 2419">
    <p class='ocr_par' dir='ltr' id='par_1_106' title="bbox 970 2383 1414 2419">
     <span class='ocr_line' id='line_1_106' title="bbox 970 2383 1414 2419; baseline 0.002 -9"><span class='ocrx_word' id='word_1_667' title='bbox 970 2383 1112 2411; x_wconf 87' lang='lat' dir='ltr'><strong>nuntiatus</strong></span> <span class='ocrx_word' id='word_1_668' title='bbox 1124 2387 1166 2410; x_wconf 89' lang='lat' dir='ltr'><strong>est</strong></span> <span class='ocrx_word' id='word_1_669' title='bbox 1177 2383 1220 2410; x_wconf 87' lang='lat' dir='ltr'><strong>die</strong></span> <span class='ocrx_word' id='word_1_670' title='bbox 1237 2383 1272 2411; x_wconf 74' lang='lat'><strong>25</strong></span> <span class='ocrx_word' id='word_1_671' title='bbox 1288 2383 1414 2419; x_wconf 73' lang='lat' dir='ltr'><strong>Augusti.</strong></span> 
     </span>
    </p>
   </div>
   <div class='ocr_carea' id='block_1_107' title="bbox 1004 2429 1756 2467">
    <p class='ocr_par' dir='ltr' id='par_1_107' title="bbox 1004 2429 1756 2467">
     <span class='ocr_line' id='line_1_107' title="bbox 1004 2429 1756 2467; baseline 0.005 -10"><span class='ocrx_word' id='word_1_672' title='bbox 1004 2430 1035 2457; x_wconf 88' lang='lat' dir='ltr'><strong>ll.</strong></span> <span class='ocrx_word' id='word_1_673' title='bbox 1051 2429 1238 2462; x_wconf 80' lang='lat' dir='ltr'><strong>Theoctistus,</strong></span> <span class='ocrx_word' id='word_1_674' title='bbox 1253 2429 1287 2457; x_wconf 90' lang='lat' dir='ltr'><strong>de</strong></span> <span class='ocrx_word' id='word_1_675' title='bbox 1303 2438 1358 2465; x_wconf 90' lang='lat' dir='ltr'><strong>quo</strong></span> <span class='ocrx_word' id='word_1_676' title='bbox 1380 2430 1483 2458; x_wconf 86' lang='lat' dir='ltr'><strong>dictum</strong></span> <span class='ocrx_word' id='word_1_677' title='bbox 1505 2434 1547 2458; x_wconf 87' lang='lat' dir='ltr'><strong>est</strong></span> <span class='ocrx_word' id='word_1_678' title='bbox 1563 2431 1597 2459; x_wconf 81' lang='lat' dir='ltr'><strong>ad</strong></span> <span class='ocrx_word' id='word_1_679' title='bbox 1612 2433 1756 2467; x_wconf 82' lang='lat' dir='ltr'><strong>epistolam</strong></span> 
     </span>
    </p>
   </div>
   <div class='ocr_carea' id='block_1_108' title="bbox 968 2475 1756 2514">
    <p class='ocr_par' dir='ltr' id='par_1_108' title="bbox 968 2475 1756 2514">
     <span class='ocr_line' id='line_1_108' title="bbox 968 2475 1756 2514; baseline 0.005 -12"><span class='ocrx_word' id='word_1_680' title='bbox 968 2475 1003 2503; x_wconf 70' lang='lat'><strong>52</strong></span> <span class='ocrx_word' id='word_1_681' title='bbox 1013 2480 1041 2503; x_wconf 91' lang='lat' dir='ltr'><strong>et</strong></span> <span class='ocrx_word' id='word_1_682' title='bbox 1058 2476 1102 2506; x_wconf 77' lang='lat'><strong>75,</strong></span> <span class='ocrx_word' id='word_1_683' title='bbox 1126 2483 1180 2503; x_wconf 92' lang='lat' dir='ltr'><strong>non</strong></span> <span class='ocrx_word' id='word_1_684' title='bbox 1203 2476 1375 2504; x_wconf 83' lang='lat' dir='ltr'><strong>sanctissime</strong></span> <span class='ocrx_word' id='word_1_685' title='bbox 1393 2476 1588 2505; x_wconf 78' lang='lat' dir='ltr'><strong>observaverat</strong></span> <span class='ocrx_word' id='word_1_686' title='bbox 1598 2478 1671 2514; x_wconf 71' lang='lat' dir='ltr'><strong>leges</strong></span> <span class='ocrx_word' id='word_1_687' title='bbox 1686 2479 1756 2506; x_wconf 82' lang='lat' dir='ltr'><strong>ami-</strong></span> 
     </span>
    </p>
   </div>
   <div class='ocr_carea' id='block_1_109' title="bbox 969 2521 1754 2559">
    <p class='ocr_par' dir='ltr' id='par_1_109' title="bbox 969 2521 1754 2559">
     <span class='ocr_line' id='line_1_109' title="bbox 969 2521 1754 2559; baseline 0.004 -10"><span class='ocrx_word' id='word_1_688' title='bbox 969 2522 1041 2550; x_wconf 60' lang='lat' dir='ltr'><strong>citiae</strong></span> <span class='ocrx_word' id='word_1_689' title='bbox 1066 2522 1200 2550; x_wconf 85' lang='lat' dir='ltr'><strong>adversus</strong></span> <span class='ocrx_word' id='word_1_690' title='bbox 1216 2521 1421 2550; x_wconf 85' lang='lat' dir='ltr'><strong>Theodoretum</strong></span> <span class='ocrx_word' id='word_1_691' title='bbox 1449 2523 1520 2559; x_wconf 81' lang='lat' dir='ltr'><strong>Cyro</strong></span> <span class='ocrx_word' id='word_1_692' title='bbox 1550 2524 1754 2559; x_wconf 84' lang='lat' dir='ltr'><strong>pulsum:cum</strong></span> 
     </span>
    </p>
   </div>
   <div class='ocr_carea' id='block_1_110' title="bbox 967 2567 1757 2605">
    <p class='ocr_par' dir='ltr' id='par_1_110' title="bbox 967 2567 1757 2605">
     <span class='ocr_line' id='line_1_110' title="bbox 967 2567 1757 2605; baseline 0.003 -9"><span class='ocrx_word' id='word_1_693' title='bbox 967 2568 1041 2596; x_wconf 81' lang='lat' dir='ltr'><strong>enim</strong></span> <span class='ocrx_word' id='word_1_694' title='bbox 1061 2571 1134 2596; x_wconf 86' lang='lat' dir='ltr'><strong>esset</strong></span> <span class='ocrx_word' id='word_1_695' title='bbox 1150 2568 1246 2596; x_wconf 81' lang='lat' dir='ltr'><strong>Bercea</strong></span> <span class='ocrx_word' id='word_1_696' title='bbox 1267 2567 1339 2603; x_wconf 83' lang='lat' dir='ltr'><strong>Cyro</strong></span> <span class='ocrx_word' id='word_1_697' title='bbox 1359 2568 1494 2603; x_wconf 74' lang='lat' dir='ltr'><strong>proxima,</strong></span> <span class='ocrx_word' id='word_1_698' title='bbox 1518 2568 1648 2598; x_wconf 79' lang='lat' dir='ltr'><strong>amictum</strong></span> <span class='ocrx_word' id='word_1_699' title='bbox 1666 2577 1757 2605; x_wconf 77' lang='lat' dir='ltr'><strong>neque</strong></span> 
     </span>
    </p>
   </div>
   <div class='ocr_carea' id='block_1_111' title="bbox 967 2614 1755 2649">
    <p class='ocr_par' dir='ltr' id='par_1_111' title="bbox 967 2614 1755 2649">
     <span class='ocr_line' id='line_1_111' title="bbox 967 2614 1755 2649; baseline 0.004 -8"><span class='ocrx_word' id='word_1_700' title='bbox 967 2615 1076 2649; x_wconf 85' lang='lat' dir='ltr'><strong>opibus,</strong></span> <span class='ocrx_word' id='word_1_701' title='bbox 1096 2615 1152 2642; x_wconf 89' lang='lat' dir='ltr'><strong>imo</strong></span> <span class='ocrx_word' id='word_1_702' title='bbox 1171 2621 1222 2642; x_wconf 90' lang='lat' dir='ltr'><strong>nec</strong></span> <span class='ocrx_word' id='word_1_703' title='bbox 1239 2614 1350 2646; x_wconf 85' lang='lat' dir='ltr'><strong>litteris,</strong></span> <span class='ocrx_word' id='word_1_704' title='bbox 1369 2614 1473 2643; x_wconf 85' lang='lat' dir='ltr'><strong>solatus</strong></span> <span class='ocrx_word' id='word_1_705' title='bbox 1489 2614 1588 2643; x_wconf 81' lang='lat' dir='ltr'><strong>fuerat.</strong></span> <span class='ocrx_word' id='word_1_706' title='bbox 1609 2625 1618 2641; x_wconf 76' lang='grc' dir='ltr'><strong><em>ι</em></strong></span> <span class='ocrx_word' id='word_1_707' title='bbox 1637 2615 1665 2643; x_wconf 90' lang='lat' dir='ltr'><strong>Si</strong></span> <span class='ocrx_word' id='word_1_708' title='bbox 1690 2624 1755 2644; x_wconf 86' lang='lat' dir='ltr'><strong>cru—</strong></span> 
     </span>
    </p>
   </div>
   <div class='ocr_carea' id='block_1_112' title="bbox 967 2659 1756 2697">
    <p class='ocr_par' dir='ltr' id='par_1_112' title="bbox 967 2659 1756 2697">
     <span class='ocr_line' id='line_1_112' title="bbox 967 2659 1756 2697; baseline 0.004 -11"><span class='ocrx_word' id='word_1_709' title='bbox 967 2659 1108 2688; x_wconf 84' lang='lat' dir='ltr'><strong>delitatem</strong></span> <span class='ocrx_word' id='word_1_710' title='bbox 1135 2660 1214 2688; x_wconf 79' lang='lat' dir='ltr'><strong>istam</strong></span> <span class='ocrx_word' id='word_1_711' title='bbox 1244 2659 1331 2687; x_wconf 82' lang='lat' dir='ltr'><strong>secuti</strong></span> <span class='ocrx_word' id='word_1_712' title='bbox 1360 2667 1456 2688; x_wconf 83' lang='lat' dir='ltr'><strong>omnes</strong></span> <span class='ocrx_word' id='word_1_713' title='bbox 1479 2666 1586 2693; x_wconf 80' lang='lat' dir='ltr'><strong>essent,</strong></span> <span class='ocrx_word' id='word_1_714' title='bbox 1620 2661 1756 2697; x_wconf 86' lang='lat' dir='ltr'><strong>reliquum</strong></span> 
     </span>
    </p>
   </div>
   <div class='ocr_carea' id='block_1_113' title="bbox 967 2704 1756 2742">
    <p class='ocr_par' dir='ltr' id='par_1_113' title="bbox 967 2704 1756 2742">
     <span class='ocr_line' id='line_1_113' title="bbox 967 2704 1756 2742; baseline 0 -10"><span class='ocrx_word' id='word_1_715' title='bbox 967 2705 1042 2733; x_wconf 87' lang='lat' dir='ltr'><strong>aliud</strong></span> <span class='ocrx_word' id='word_1_716' title='bbox 1065 2713 1119 2732; x_wconf 91' lang='lat' dir='ltr'><strong>non</strong></span> <span class='ocrx_word' id='word_1_717' title='bbox 1145 2709 1214 2736; x_wconf 77' lang='lat' dir='ltr'><strong>erat,</strong></span> <span class='ocrx_word' id='word_1_718' title='bbox 1244 2712 1325 2740; x_wconf 86' lang='lat' dir='ltr'><strong>quam</strong></span> <span class='ocrx_word' id='word_1_719' title='bbox 1353 2709 1384 2731; x_wconf 89' lang='lat' dir='ltr'><strong>ut</strong></span> <span class='ocrx_word' id='word_1_720' title='bbox 1407 2704 1449 2731; x_wconf 90' lang='lat' dir='ltr'><strong>vel</strong></span> <span class='ocrx_word' id='word_1_721' title='bbox 1473 2706 1638 2740; x_wconf 84' lang='lat' dir='ltr'><strong>superstites</strong></span> <span class='ocrx_word' id='word_1_722' title='bbox 1662 2705 1756 2742; x_wconf 80' lang='lat' dir='ltr'><strong>inopia</strong></span> 
     </span>
    </p>
   </div>
   <div class='ocr_carea' id='block_1_114' title="bbox 967 2750 1759 2786">
    <p class='ocr_par' dir='ltr' id='par_1_114' title="bbox 967 2750 1759 2786">
     <span class='ocr_line' id='line_1_114' title="bbox 967 2750 1759 2786; baseline -0.003 -8"><span class='ocrx_word' id='word_1_723' title='bbox 967 2751 1177 2784; x_wconf 68' lang='lat' dir='ltr'><strong>conﬁcerentur,</strong></span> <span class='ocrx_word' id='word_1_724' title='bbox 1196 2750 1358 2777; x_wconf 77' lang='lat' dir='ltr'><strong>velmortui</strong></span> <span class='ocrx_word' id='word_1_725' title='bbox 1377 2751 1516 2785; x_wconf 84' lang='lat' dir='ltr'><strong>sepultura</strong></span> <span class='ocrx_word' id='word_1_726' title='bbox 1536 2759 1711 2786; x_wconf 83' lang='lat' dir='ltr'><strong>careremus,</strong></span> <span class='ocrx_word' id='word_1_727' title='bbox 1735 2755 1759 2776; x_wconf 85' lang='lat' dir='ltr'><strong>et</strong></span> 
     </span>
    </p>
   </div>
   <div class='ocr_carea' id='block_1_115' title="bbox 764 2829 1064 2858">
    <p class='ocr_par' dir='ltr' id='par_1_115' title="bbox 764 2829 1064 2858">
     <span class='ocr_line' id='line_1_115' title="bbox 764 2829 1064 2858; baseline 0.01 -3"><span class='ocrx_word' id='word_1_728' title='bbox 764 2829 919 2857; x_wconf 76' lang='lat' dir='ltr'><strong>SCHULZII</strong></span> <span class='ocrx_word' id='word_1_729' title='bbox 951 2829 1064 2858; x_wconf 66' lang='grc' dir='ltr'><strong>ΝΟΤΕ.</strong></span> 
     </span>
    </p>
   </div>
   <div class='ocr_carea' id='block_1_116' title="bbox 1532 2912 1573 2950">
    <p class='ocr_par' dir='ltr' id='par_1_116' title="bbox 1532 2912 1573 2950">
     <span class='ocr_line' id='line_1_116' title="bbox 1532 2912 1573 2950; baseline -0.024 -7"><span class='ocrx_word' id='word_1_730' title='bbox 1532 2912 1573 2950; x_wconf 60' lang='grc' dir='ltr'><strong>,ω</strong></span> 
     </span>
    </p>
   </div>
  </div>
