1967 3047
234 169 287 203 299

797 169 983 199 GARNERII
1002 169 1248 199 DISSERTATIO
1268 170 1305 199 ll.

1805 169 1858 200 300

236 226 351 255 canibus
364 225 483 261 ferisque
498 220 599 260 prmdte
617 231 750 252 essemus.
767 234 776 250 ι
790 225 856 258 Qum
870 225 1020 260 exprobra-
1036 227 1056 254 Α
1073 232 1143 257 mur,
1163 225 1191 252 in
1205 233 1258 260 qua
1281 225 1438 253 laborantes
1461 230 1569 261 tempus
1591 233 1673 253 omne
1687 226 1859 261 consumpsi-

237 274 276 302 tio
296 281 345 309 per
368 280 396 300 se
427 271 526 308 gravis,
557 271 680 298 litetiam
707 278 757 306 per
787 272 1020 306 comparationem

237 319 408 355 gravissima.
433 327 442 343 ι
467 317 520 344 Sed
538 317 689 344 adfuerunt
705 317 795 350 nobis,
820 317 867 352 qui
892 317 963 344 hanc
978 317 1020 344 vi-

186 393 188 395 ,
239 369 297 392 tam
307 367 499 398 aspernantur,
516 365 544 389 et
563 366 730 389 aeternorum
750 361 885 389 bonorum
899 362 1020 390 fructum

236 412 406 444 exspectant,
420 407 550 442 omnique
567 415 618 435 nos
629 405 824 435 consolationis
838 415 936 444 genere
953 408 1020 436 sub-

223 471 227 475 ι
235 456 369 482 levarunt.
388 463 398 480 I

269 502 314 528 Ill.
340 500 378 528 De
403 500 546 527 monachis
575 499 723 535 Cyrcsticis
747 505 776 527 et
801 500 1020 535 Apameensibus

224 547 366 582 eloquitur,
392 553 511 581 quorum
532 545 570 572 illi
602 545 780 572 interdictum
805 545 867 580 igne
897 549 926 573 et
948 553 1019 581 aqua

233 596 465 624 sustentaverant,
484 591 529 618 isti
549 591 694 626 expulsum
704 595 879 626 receperant.

334 645 456 681 Epistola
469 645 529 678 155,
547 645 582 672 ad
596 645 737 672 Romulum
756 647 913 682 episcopum.

264 704 288 731 l.
305 703 407 730 Eodem
419 707 555 738 tempore,
566 707 594 730 et
609 703 706 730 eodem
721 703 778 731 fere
793 709 964 740 argumento.

267 749 301 776 11.
321 749 455 776 Romulus
473 747 663 776 Chalcidensis
682 749 837 784 episcopus,
856 750 891 777 ob
913 749 1018 777 timidi-

234 799 316 822 tatem
343 795 477 821 servierat
505 794 633 829 tempori,
661 798 690 822 et
718 802 781 821 cum
804 794 838 822 iis
866 804 875 820 ι
893 799 1019 823 versatus

230 846 300 872 crat,
329 841 378 875 qui
402 840 528 876 ingentes
547 840 647 868 ﬂuetus
673 840 859 868 concitabant.
884 851 893 867 ι
915 840 1018 869 Causas

232 885 338 913 timoris
367 886 488 913 sublatas
518 889 611 913 monet
643 885 845 919 Theodoretus,
878 886 1017 914 Marciano

231 931 377 966 imperium
398 931 550 966 auspicato,
568 927 650 965 atque
665 935 696 957 ut
712 930 854 965 pristinam
867 931 1018 959 amicitiam

229 981 383 1010 conservet,
407 977 502 1005 timori
523 977 655 1012 ignoscit;
677 985 815 1014 quatnque
837 977 881 1005 ille
909 979 1018 1005 veniam

230 1024 343 1059 supplex
359 1024 458 1051 litteris
472 1023 597 1058 petierat,
615 1024 734 1051 libenter
744 1023 877 1059 indulget.

270 1070 315 1097 Ill.
325 1070 503 1097 Observanda
514 1070 574 1098 haec
588 1069 672 1097 verba
687 1079 694 1096 :
717 1079 726 1096 ι
746 1069 910 1097 Audivimus
928 1070 1017 1104 ipsum

228 1114 311 1142 etiam
324 1114 435 1149 pietatis
451 1119 505 1142 tua:
519 1115 759 1147 contubernalem,
774 1122 837 1142 cum
855 1115 1017 1142 anathema-

230 1160 324 1187 tismos
354 1160 382 1187 in
411 1160 517 1196 magnis
543 1161 659 1188 urbibus
684 1160 774 1188 editos
800 1165 956 1196 cognosset,
983 1161 1017 1188 ab

227 1207 340 1242 obliquo
367 1214 531 1234 cancrorum
563 1207 674 1235 incessu
708 1207 858 1239 destitisse,
888 1211 1017 1242 rectaque

228 1254 382 1289 ingressum
406 1261 477 1285 esse,
500 1260 563 1280 cum
588 1252 622 1280 de
640 1253 815 1288 dogmatibus
836 1253 862 1279 in
878 1257 1017 1280 conventu

227 1299 346 1334 quodam
359 1299 518 1325 dissereret.
534 1307 544 1324 ι

262 1344 307 1371 1V.
323 1343 362 1370 Ex
382 1343 426 1370 his
446 1343 532 1374 enim,
560 1350 717 1378 quanquam
743 1347 786 1371 est
808 1343 1017 1371 contubernalis

227 1388 274 1416 ille
291 1388 411 1423 ignotus,
431 1387 568 1422 coniicere
587 1387 663 1421 licet,
682 1388 776 1416 statim
797 1393 880 1424 atque
903 1389 1017 1417 Marcia-

227 1441 280 1461 nus
307 1433 396 1461 edicta
435 1432 559 1464 rescidit,
583 1433 685 1468 quibus
709 1433 891 1469 praedatorios
914 1433 1016 1468 Ephesi

226 1484 378 1508 conventus
409 1479 580 1511 ﬁrmabatur,
604 1479 631 1506 in
645 1479 804 1507 civitatibus
823 1480 910 1507 tribus
928 1479 1016 1507 maxi-

227 1524 295 1556 mis,
319 1524 572 1559 Constantinopoli,
590 1524 736 1552 Antiochia
763 1529 791 1552 et
807 1524 1014 1561 Hierosolymis,

1072 278 1142 303 mus,
1163 280 1172 296 ι
1191 277 1244 299 ctc.

1105 316 1150 344 lll.
1167 316 1235 350 Quis
1253 324 1319 344 vero
1343 316 1389 344 ille
1402 317 1522 344 Joannes
1540 316 1635 350 fuerit,
1658 321 1686 344 et
1699 317 1778 352 cujus
1799 324 1858 344 mo-

1071 361 1182 388 nasterii
1198 370 1308 396 praeses,
1321 369 1355 389 an
1370 361 1520 389 Orientalis
1533 362 1659 398 alicujus,
1675 370 1710 390 an
1724 361 1858 390 Constan-

1072 407 1244 442 tinopolitani
1256 416 1263 440 ;
1276 407 1344 434 mihi
1362 408 1485 435 nondum
1503 411 1675 443 compertum
1689 412 1741 434 est.
1755 407 1856 442 Appel-

1071 453 1144 480 latur
1156 457 1230 480 certe
1250 453 1322 481 inter
1346 453 1577 481 archimandritas
1589 453 1667 480 urbis
1679 453 1770 487 regiae,
1788 456 1858 480 tem-

1070 506 1136 534 pore
1157 499 1267 526 concilii
1291 499 1534 531 Chalcedonensis,
1549 499 1669 527 Joannes
1695 498 1807 532 quidam
1827 497 1857 524 in

1070 545 1164 572 libello
1184 546 1217 573 ad
1231 546 1410 578 Marcianum,
1435 547 1542 573 inserto
1559 546 1635 573 Actis
1651 551 1757 580 quartae
1772 545 1858 572 actio-

1070 591 1127 623 nis;
1143 591 1189 619 vix
1204 597 1295 620 tamen
1311 592 1476 620 crediderint
1494 592 1560 619 alibi
1575 591 1716 627 praefuisse
1731 594 1856 618 nostrum

1070 635 1152 669 hunc,
1166 645 1248 672 quam
1266 638 1294 665 iu
1316 637 1428 666 Oriente
1439 658 1446 670 ,
1459 641 1488 664 et
1504 645 1538 666 ea
1561 637 1672 673 quidem
1689 640 1766 672 parte
1777 656 1784 669 ,
1795 643 1857 671 qum

1069 688 1123 708 non
1136 683 1230 717 procul
1243 682 1362 717 Apamea
1375 683 1494 710 abesset.

1105 727 1149 755 IV.
1171 729 1337 756 Numeratur
1357 729 1439 756 etiam
1465 737 1479 756 a
1502 729 1676 756 Theodoreto
1697 728 1770 755 inter
1794 735 1855 754 san-

1069 779 1128 802 ctos
1141 779 1246 802 ascetas
1261 783 1317 803 sua:
1334 775 1580 810 regionisJoanncs
1597 774 1708 810 quidam
1722 783 1728 800 :
1745 773 1791 800 sed
1809 781 1854 800 ar-

1068 819 1253 846 chimandrita
1272 828 1327 847 non
1344 825 1403 847 erat
1423 827 1497 847 almo
1509 819 1578 852 “5;
1594 826 1628 845 an
1647 821 1742 853 postea
1761 817 1797 844 sit
1814 815 1855 843 fa-

1069 869 1114 892 ctu
1118 872 1141 897 S,
1157 873 1212 892 non
1227 869 1346 893 constat.

1035 900 1056 929 Β
1070 921 1192 957 Epistola
1207 921 1266 955 158,
1284 922 1319 949 ad
1338 922 1493 950 Anatolium
1507 922 1648 957 patricium
1666 919 1854 955 gratulatoria.

1103 976 1124 1004 Ι.
1138 976 1285 1012 Pastquam
1304 984 1382 1003 suam
1407 975 1459 1004 sibi
1481 975 1684 1004 restitutionem
1704 978 1733 1002 et
1755 973 1856 1009 iniquae

1069 1022 1213 1049 sententire
1248 1022 1440 1049 reseissionem
1467 1029 1530 1048 cum
1553 1020 1680 1048 Anatolio
1705 1019 1855 1055 gratulatus

1066 1070 1120 1098 est,
1135 1067 1285 1094 Patricium
1304 1072 1452 1102 patronum
1466 1071 1554 1102 rogat,
1571 1071 1602 1094 ut
1617 1066 1731 1093 suadeat
1753 1073 1855 1093 convo-

1067 1113 1124 1141 cari
1151 1113 1296 1149 synodum,
1318 1113 1363 1141 cui
1390 1113 1544 1141 Marcianus
1567 1121 1630 1140 eum
1655 1113 1774 1146 Augusta
1793 1111 1856 1138 Pul-

1067 1159 1162 1187 cheria
1187 1159 1307 1192 intersit,
1329 1159 1362 1187 ad
1391 1159 1604 1194 compescendos
1629 1157 1853 1186 tumultuantium

1067 1205 1174 1232 turbas.

1102 1251 1134 1279 Il.
1150 1251 1190 1279 Ex
1212 1251 1256 1278 his
1278 1255 1402 1279 constat:
1428 1252 1454 1279 l.
1474 1251 1625 1287 Episwlam
1645 1250 1776 1285 scriptam
1793 1257 1854 1277 esse

1066 1297 1119 1324 sub
1140 1298 1224 1324 linem
1252 1298 1377 1324 autumni
1400 1297 1465 1325 anni
1496 1297 1557 1324 450.
1584 1297 1613 1325 2.
1641 1297 1854 1324 Revocationem

1066 1345 1233 1372 Theodoreti
1253 1345 1360 1373 caeteris
1382 1346 1410 1372 in
1428 1346 1480 1373 hoc
1501 1345 1611 1380 negotio
1632 1344 1711 1371 factis
1732 1343 1854 1378 priorem

1065 1391 1160 1419 fuisse.
1185 1392 1210 1419 5.
1235 1393 1273 1419 De
1284 1392 1423 1419 sententia
1439 1391 1603 1419 Theodoreti
1630 1394 1750 1418 coactam
1770 1389 1854 1416 fuisse

1065 1438 1317 1467 Chalcedonensem
1336 1439 1481 1475 synodum.
1495 1439 1522 1466 4.
1538 1439 1623 1472 Quam
1637 1438 1664 1465 in
1686 1442 1744 1465 tuto
1764 1437 1854 1464 Theo-

1065 1484 1153 1512 doreti
1181 1493 1226 1512 res
1248 1485 1348 1513 futura:
1368 1489 1462 1513 essent
1486 1484 1514 1512 in
1532 1484 1645 1520 synodo,
1662 1492 1708 1511 eas
1728 1483 1853 1511 Anatolio

1066 1531 1244 1565 patriciorum
1263 1531 1362 1566 primo,
1384 1531 1510 1566 aliisque,
1529 1535 1559 1557 ut
1576 1538 1637 1558 mox
1661 1530 1779 1561 dicetur,
1802 1537 1852 1564 po-

225 1570 329 1598 dictum
348 1569 431 1597 fuisse
444 1569 588 1597 anathema
607 1569 736 1605 Eutychi,
756 1577 888 1605 novaque
905 1571 1012 1599 haeresi.

1072 1577 1229 1604 Lentissimis
1241 1577 1325 1605 totius
1339 1577 1447 1612 imperii
1463 1577 1529 1605 viris
1542 1581 1595 1604 tam
1612 1583 1747 1611 propenso
1757 1595 1764 1609 ,
1785 1580 1853 1603 tam-

263 1615 295 1643 V.
319 1615 464 1647 Romulus,
480 1615 514 1642 ad
534 1623 615 1650 quem
633 1620 676 1643 est
687 1615 814 1650 epistola.
834 1616 886 1643 fuit
904 1616 1014 1644 Chalci-

225 1658 318 1686 densis
331 1659 488 1693 episcopus,
505 1663 535 1686 ut
549 1659 654 1687 dictum
669 1664 720 1687 est.
735 1661 743 1669 ⁶
758 1660 886 1688 interfuit
897 1662 1015 1689 concilio

224 1703 443 1731 Chalcedonensi
462 1711 535 1732 anno
548 1703 612 1736 451,
629 1711 681 1731 nec
693 1704 741 1731 diu
760 1704 839 1740 351
858 1706 1011 1740 superfuit:

225 1757 298 1776 anno
312 1749 386 1776 enim
408 1749 471 1781 458,
494 1749 593 1776 litteris
608 1749 747 1785 synodicis
771 1749 855 1785 Syriae
873 1751 966 1786 prima:
978 1750 1013 1778 ad

226 1796 344 1823 Leonem
359 1795 553 1830 imperatorem
571 1795 691 1823 Domnus
701 1795 892 1825 Chalcidensis
908 1797 1014 1832 episco-

225 1849 277 1877 pus
290 1841 464 1876 subscripsit.

225 1897 345 1933 Epittola
365 1896 426 1933 156,
446 1896 480 1923 ad
490 1895 587 1931 Cyrum
613 1895 818 1933 Magistriouum
836 1897 1012 1926 cotuolatort'a

348 1933 375 1959 in
392 1932 483 1966 funere
495 1932 585 1958 uxoris
603 1935 627 1958 et
638 1931 689 1966 ﬁlii
705 1931 888 1959 adolescentis.

260 1988 368 2016 Nullam
382 1988 493 2023 praefert
502 1989 634 2024 temporis
641 1993 744 2017 certam
758 1994 866 2023 nolam;
879 1990 1012 2018 credibile

228 2038 320 2061 tamen
335 2037 376 2061 est
393 2034 466 2061 circa
490 2034 586 2062 isthatc
601 2039 724 2070 tempora
746 2035 875 2070 scriptam
892 2044 962 2068 esse.
988 2037 1011 2064 si

223 2080 306 2108 modo
322 2080 418 2115 Cyrus,
436 2088 518 2114 quem
537 2080 729 2108 Theodoretus
743 2081 771 2109 in
794 2083 923 2117 praesenti
945 2090 1012 2110 con-

223 2125 339 2156 solatur,
367 2124 402 2152 ab
423 2132 457 2152 eo
483 2132 538 2152 non
564 2124 668 2158 dill‘ert,
691 2125 736 2153 cui
759 2126 862 2161 gratias
883 2128 939 2162 agit
953 2127 1013 2162 epi-

225 2171 294 2198 stola
323 2170 366 2203 l5,
394 2171 429 2198 ob
465 2171 578 2198 missum
600 2170 694 2198 vinum
720 2171 876 2199 Lesbium:
902 2173 1012 2201 videtur

221 2216 298 2244 enim
315 2221 346 2244 et
362 2217 463 2252 gratias
483 2216 588 2252 egisse,
604 2224 666 2244 cum
690 2217 765 2252 regio
788 2218 917 2245 mandato
939 2219 1011 2254 Cyro

221 2262 406 2295 detineretur,
439 2267 468 2290 et
496 2263 653 2290 consolatus
684 2262 826 2297 amictum,
863 2265 1010 2300 posteriori

217 2312 358 2342 setupore.

274 2363 398 2398 Epistula
418 2364 478 2397 157,
494 2365 528 2391 ad
543 2365 675 2392 Joannem
694 2365 941 2394 archimandritam.

251 2420 278 2446 il.
294 2420 425 2447 llortatur
441 2420 475 2447 ad
487 2420 589 2456 gratias
604 2421 660 2448 Deo
675 2421 804 2456 agendas,
823 2421 896 2456 quod
911 2432 919 2448 ι
933 2421 1009 2450 adul-

217 2465 312 2492 terina
325 2473 357 2491 ac
378 2465 470 2499 spuria
492 2465 619 2501 dogmata
636 2466 813 2500 dissipasset;
835 2473 897 2501 quae
917 2472 1008 2495 autem

222 2511 249 2537 in
276 2510 362 2537 sacris
384 2510 539 2546 Evangeliis
565 2511 645 2538 nobis
668 2511 793 2544 tradidit,
821 2519 855 2539 ea
869 2516 899 2540 ut
919 2512 1007 2541 libere

221 2555 414 2590 przedicentnr,
430 2555 530 2584 etl‘ecit.
549 2566 557 2582 ι

254 2600 288 2628 ll.
308 2600 429 2636 Epistola
449 2601 533 2636 igitur
555 2602 657 2637 scripta
673 2607 732 2636 est,
755 2603 893 2632 Marciano
919 2604 1007 2640 impe-

219 2646 293 2674 rium
313 2647 464 2682 auspicato,
486 2655 502 2675 e
517 2648 696 2682 monasterio,
711 2648 739 2677 in
753 2649 827 2685 quod
844 2649 1006 2678 Theodore-

222 2697 267 2720 tus
292 2697 452 2726 recesserat,
472 2700 528 2720 non
541 2694 668 2722 restituta
689 2695 764 2727 sede,
790 2695 864 2730 quod
885 2695 1008 2725 indicant

220 2739 288 2767 satis
307 2739 366 2767 hinc
387 2738 493 2766 verba:
521 2749 530 2765 ‹
546 2739 672 2768 Civitatis
695 2740 836 2769 desiderio
857 2749 912 2769 non
928 2747 1007 2770 tene-

1065 1629 1118 1656 que
1136 1620 1283 1656 diligenter
1300 1621 1473 1649 curantibus.

1065 1675 1186 1711 Epistula
1199 1675 1257 1707 159,
1279 1676 1313 1703 ad
1323 1676 1452 1703 Anienem
1473 1675 1607 1703 consident
1619 1679 1643 1702 et
1661 1675 1801 1711 patricium
1817 1675 1850 1701 ⁹⁰.

1100 1730 1120 1757 Ι.
1134 1729 1242 1758 Gratias
1257 1730 1311 1765 agit
1326 1729 1442 1762 Avieno,
1463 1730 1535 1764 quod
1557 1730 1722 1757 Marcianum
1736 1730 1852 1764 impera-

1065 1777 1153 1801 torem
1179 1773 1213 1800 de
1235 1773 1335 1808 injuria
1357 1773 1409 1800 sibi
1437 1774 1510 1800 illata
1533 1773 1681 1805 monuerit,
1702 1777 1851 1808 auctorque

1064 1817 1147 1844 fuerit
1160 1816 1346 1848 rescindendi,
1360 1824 1421 1851 quae
1441 1816 1542 1851 Ephesi
1563 1824 1707 1851 perperam
1727 1816 1805 1851 352
1823 1817 1850 1843 in

1063 1867 1114 1887 suo
1124 1860 1236 1895 negotio
1251 1859 1321 1887 facta
1337 1864 1448 1887 essent:
1470 1860 1591 1894 postulat
1611 1860 1734 1894 insuper,
1757 1865 1787 1887 ut
1801 1867 1850 1887 suo

1063 1903 1175 1931 nomine
1206 1903 1309 1938 gratias
1333 1903 1495 1938 imperatori
1527 1903 1711 1938 Augustusque
1738 1904 1848 1933 referat.

1063 1947 1232 1982 suadentque
1245 1955 1343 1983 cogere
1362 1947 1508 1982 synodum.

1100 1991 1131 2019 ll.
1156 1991 1321 2026 lnscriptum
1341 1991 1394 2018 fuit
1417 1991 1445 2018 in
1471 1990 1614 2018 codicibus
1638 1989 1720 2018 editis
1738 1989 1850 2026 Asparis

1063 2042 1184 2062 nomen:
1207 2035 1254 2062 sed
1268 2043 1330 2063 eum
1351 2034 1473 2062 Avienus
1507 2042 1580 2062 anno
1602 2034 1654 2062 450
1677 2035 1849 2061 consulatum

1063 2081 1189 2115 gesserit,
1205 2084 1234 2108 et
1251 2080 1442 2108 Theodoretus
1462 2081 1604 2108 consulem
1621 2080 1758 2108 neminem
1774 2087 1849 2107 com-

1063 2126 1165 2160 pellare
1196 2126 1295 2154 solitus
1318 2127 1364 2158 sit,
1391 2126 1444 2153 nisi
1467 2134 1522 2161 quo
1553 2130 1676 2160 tempore
1704 2126 1848 2153 consulatu

1062 2173 1233 2207 fungeretur,
1261 2172 1431 2200 emendanda
1463 2171 1515 2199 fuit
1544 2171 1637 2203 lectio,
1668 2171 1731 2198 inde
1755 2170 1848 2198 forsan

1062 2222 1202 2252 corrupta,
1217 2218 1291 2252 quod
1304 2218 1369 2245 olim
1380 2217 1448 2250 sola,
1463 2222 1494 2244 ut
1511 2217 1550 2249 lit,
1563 2218 1595 2244 A.
1609 2216 1700 2244 littera
1717 2216 1846 2252 inscripta
1894 2221 1902 2229 ⁵

1061 2263 1146 2290 fuerit
1159 2263 1292 2298 epistolae.

1097 2310 1141 2337 ill.
1155 2309 1250 2337 Lectio
1263 2310 1373 2344 vulgata
1388 2309 1501 2339 retineri
1517 2317 1572 2336 non
1587 2313 1688 2344 potest,
1704 2308 1757 2335 nisi
1770 2309 1844 2335 dica-

1060 2360 1105 2383 tur
1131 2355 1234 2382 Avieno
1261 2355 1368 2382 consuli
1397 2355 1539 2382 ordinario
1557 2355 1720 2390 subrogatus
1747 2353 1844 2388 Aspar,

1059 2401 1103 2429 vel
1122 2401 1157 2428 ob
1187 2400 1285 2428 Avieni
1311 2404 1440 2433 mortem,
1469 2400 1512 2428 vel
1530 2400 1583 2427 alia
1607 2400 1640 2427 de
1666 2407 1758 2431 causa,
1785 2406 1845 2433 qua:

1059 2448 1152 2476 lateat.

1143 2504 1263 2540 Epistolis
1281 2504 1342 2535 “0,
1360 2504 1395 2531 ad
1415 2503 1595 2531 Vincomalum
1611 2505 1762 2539 patricium.
1811 2523 1813 2526 ι

1095 2561 1115 2588 Ι.
1138 2560 1227 2589 Causa
1247 2559 1404 2591 scribendi,
1429 2563 1594 2594 tempusque
1615 2559 1705 2586 missa:
1724 2558 1844 2593 epistola:

1060 2611 1154 2642 aperte
1172 2605 1339 2633 ostenditur.
1367 2615 1377 2632 ι
1393 2605 1479 2633 Valde
1501 2611 1562 2632 sum
1580 2605 1706 2637 miratus,
1731 2605 1779 2632 ubi
1800 2611 1844 2631 co-

1060 2652 1141 2687 gnovi
1165 2651 1396 2687 magniﬁcentiam
1431 2655 1561 2683 vestram,
1586 2657 1649 2677 eum
1677 2657 1722 2677 res
1737 2649 1844 2684 penitus

1059 2698 1209 2733 ignoraret,
1223 2703 1255 2724 ac
1267 2696 1364 2727 solani,
1378 2704 1440 2732 quae
1453 2697 1481 2723 in
1496 2693 1547 2724 nos
1563 2696 1634 2724 facta
1648 2698 1700 2728 est,
1716 2695 1842 2730 iniuriam

1060 2742 1211 2775 didicisset,
1245 2742 1428 2777 patrocinium
1450 2746 1576 2770 nostrum
1602 2741 1766 2776 suscepisse,
1783 2745 1842 2768 om-

888 2817 1046 2846 SCHULZII
1061 2818 1171 2846 NOTIE.

254 2873 280 2888 ”
291 2872 429 2899 Avienum.
456 2871 516 2899 Vid.
536 2880 628 2906 supra,
647 2881 673 2907 p.
693 2874 753 2907 194,
770 2874 856 2902 schol.
872 2875 897 2901 l.
