1967 3047
116 143 162 176 301

696 143 743 173 DE
761 141 887 172 LIBRIS
905 141 1147 174 THEODORETI

1685 147 1736 178 1’02

116 199 212 233 niaque
243 197 436 230 commovisse,
464 201 493 224 ut
520 202 691 233 comparatas
721 206 816 226 contra
848 199 1057 227 nosAmorum
1082 201 1330 235 compositionem,
1359 203 1487 230 blandam
1518 208 1545 231 et
1570 205 1737 232 all-ieientem

117 245 253 274 machinas
270 249 418 272 everteret.
436 253 444 270 ι

148 291 179 318 ll.
194 290 296 318 Gratiis
312 290 445 325 impense
466 290 536 318 actis
554 290 744 318 Thcodoretus
755 310 763 322 .
789 290 899 319 easdem

117 336 282 367 Vincomalo,
297 343 366 371 quas
378 335 440 363 aliis
451 335 561 363 duobus
574 335 707 371 patriciis,
723 335 778 363 fert
792 343 898 371 preces,

117 386 144 409 ut
154 389 204 409 suo
230 382 342 409 nomine
365 381 468 416 gratias
484 381 615 417 Augustis
638 387 709 418 agat,
737 386 765 409 et
787 382 900 410 suadeat

115 427 209 456 haberi
226 428 371 464 synodum.

115 486 123 495 '
138 484 259 520 Epistula
278 485 337 517 IM,
353 485 388 512 ad
405 484 564 546 Hariellum
578 484 816 512 archimandritam
833 492 900 510 acm-

429 528 469 546 me
482 528 570 546 arum.

429 528 570 547 metarum.

146 577 165 604 l.
180 576 325 604 Marcellus
345 575 392 603 ille
406 580 604 604 acmmetarum
622 579 699 610 pater
712 574 765 602 fuit
780 582 852 602 unus
866 573 899 601 de

113 620 345 653 arcliirnandritis,
368 620 427 655 qui,
457 621 551 648 oblato
571 620 677 652 libello,
705 620 899 654 imperatorem

114 667 279 694 Marcianum
290 670 432 701 rogarunt,
447 666 507 694 dari
527 667 580 695 sibi
599 670 764 701 potestan
781 665 900 700 compri-

114 711 203 738 mendi
228 711 360 746 reliquias
377 712 521 746 Eutychis,
545 712 574 739 in
595 711 771 739 monasteriis
794 715 898 745 etspe-

113 757 201 786 luncis
225 757 376 790 latitantes,
403 761 485 793 atque
511 757 629 785 heresin
655 758 791 789 foventes,
816 756 851 784 ad
873 764 898 783 IV

112 804 208 832 conci].
221 804 352 832 Cbaloed.

147 850 179 877 ll.
193 850 308 877 Biennio
320 855 411 882 antea,
428 849 457 878 in
478 849 582 886 synodo
595 849 899 884 Constantinopolitana

112 897 242 928 Flaviani,
260 904 334 924 anno
347 896 400 924 M8
421 901 560 931 postremo
576 896 637 923 loco
658 895 823 930 subscripsit
840 903 900 923 sen-

111 943 212 975 tentia,
229 950 283 977 qua
302 943 445 977 depositus
469 947 512 970 est
523 942 671 976 Eutychos,
698 946 728 969 ut
746 946 854 969 constat
865 949 899 968 ex

110 988 186 1016 Actis
209 988 308 1023 synodi
333 988 656 1023 Constantinopolitanae,
681 995 743 1023 quae
759 987 837 1015 Actis
853 994 898 1022 sy-

110 1034 174 1062 nodi
188 1034 421 1062 Chalcedonensis
437 1034 607 1062 inseruntur.

145 1081 189 1108 lll.
207 1081 266 1108 Nec
278 1080 444 1115 subscripsit
461 1085 569 1108 tantum
585 1080 612 1107 in
630 1079 746 1115 synodo,
758 1079 807 1107 sed
816 1079 898 1106 etiam
942 1088 945 1092 '

111 1127 202 1154 verbis
215 1130 309 1162 postea
327 1126 449 1154 Flaviani
462 1125 627 1154 sententiam
642 1125 835 1161 propugnavit,
851 1132 900 1152 nc-

109 1173 259 1208 quidquam
273 1176 395 1200 terrente
410 1171 483 1204 aula,
496 1175 569 1199 utex
582 1172 634 1199 hac
644 1171 760 1206 cpistola
772 1171 900 1206 colligere

109 1224 162 1247 est.

145 1265 189 1292 Π.
203 1264 318 1292 Tantam
335 1263 361 1291 ei
380 1263 562 1292 constantiam
577 1263 731 1298 gratulatur
745 1263 900 1292 Theodore-

110 1314 165 1342 tus,
179 1310 316 1345 simulque
326 1310 441 1345 exponit
456 1310 499 1337 sui
511 1317 638 1337 secessus
649 1310 771 1344 quietem
785 1317 818 1337 ac
830 1318 899 1346 gau-

107 1356 186 1383 dium
203 1356 237 1383 de
259 1355 409 1384 obstructis
430 1355 649 1388 oribus-eorum,
664 1356 712 1391 qui
725 1356 781 1384 sibi
796 1357 900 1392 Deique

109 1402 284 1438 dogmatibus
300 1402 528 1430 adversabantur.

144 1449 176 1476 ν.
189 1447 264 1476 Hanc
281 1448 365 1483 igitur
377 1448 523 1482 epistolam
545 1455 580 1476 ex
600 1455 651 1476 suo
678 1455 788 1476 secessu
812 1448 898 1480 dedit,

105 1493 259 1522 inclinante
285 1498 429 1524 autumno,
462 1498 610 1528 postquam
644 1493 679 1521 de
709 1493 844 1521 Marciani
871 1498 900 1521 et

105 1540 262 1568 Pulcherite
293 1539 414 1568 decretis
439 1539 575 1567 adversus
610 1540 753 1576 Eutychen
786 1539 899 1567 resciis-
913 1541 934 1569 Ο

108 1593 160 1615 set.

319 1643 440 1678 Epistula
457 1643 517 1676 142,
531 1643 566 1670 ad
579 1642 707 1670 eumdem.

143 1698 166 1725 l.
177 1697 257 1724 Missa
271 1701 312 1724 est
333 1698 415 1732 paulo
427 1701 489 1733 post
502 1697 712 1733 praecedentem.
730 1707 739 1724 ι
766 1697 832 1724 Aliis
844 1699 898 1733 jam

105 1743 210 1773 litteris
221 1742 351 1778 pietatem
367 1747 441 1770 tuam
454 1743 530 1770 allati
543 1751 648 1771 sumus.
663 1753 672 1769 ι

144 1789 177 1816 ll.
191 1788 297 1816 Laudat
304 1796 369 1816 vero
382 1789 572 1816 Thcodoretus
581 1789 804 1818 archimandritte
821 1799 828 1814 ι
842 1793 898 1816 tum

106 1833 299 1861 admirandam
314 1834 409 1866 vitam,
423 1839 480 1860 tum
497 1833 662 1861 laudabilem
691 1834 790 1866 zelum,
818 1842 899 1869 quem

108 1879 267 1913 apostolica:
280 1878 344 1905 ﬁdei
357 1887 439 1906 causa
450 1879 649 1911 declaraverat,
661 1886 712 1906 nec
732 1879 834 1914 regiam
849 1887 900 1914 po-

108 1923 226 1951 tentiam
252 1924 416 1957 formidans,
447 1932 498 1952 nec
521 1925 715 1959 episcoporum
739 1925 900 1952 consensio-

107 1976 185 2001 nem,
205 1978 214 1994 ι
229 1973 283 1996 etc.

107 2027 192 2064 353
215 2028 333 2064 Epistolu
345 2030 406 2062 H3,
419 2030 594 2057 adAmlream
605 2030 762 2056 monac/tum
771 2029 901 2058 Constan-

340 2064 483 2100 tinopoleOs
502 2065 670 2100 pm-wnctim.

146 2119 167 2146 l.
184 2119 251 2147 Data
261 2125 303 2148 est
318 2128 333 2147 e
347 2128 458 2149 secessu
469 2121 631 2148 monasterii
641 2120 829 2156 Apameensis,
845 2130 900 2156 quo

108 2169 237 2200 tempore
261 2175 270 2191 ι
296 2174 373 2194 nova:
392 2166 505 2193 haeresis
525 2166 702 2194 defensorum
726 2166 899 2202 iniquitatem

951 252 1113 280 congressus
1127 246 1310 280 dulcedinem,
1327 254 1355 276 et.
1375 249 1428 276 alia
1445 257 1615 285 quacunque
1639 251 1736 286 depin-

950 296 1017 325 gunt
1031 292 1181 326 perfectum
1199 293 1340 321 alumnum
1354 295 1542 330 philosophiae.
1557 305 1565 321 I

985 337 1028 364 IV.
1052 337 1229 366 Obscrvanda
1253 339 1310 367 hrec
1328 340 1431 368 verba:
1450 350 1460 366 ‹
1484 342 1613 376 Peraeque
1639 343 1738 378 impios

950 383 1043 411 censui
1068 391 1116 411 eos
1128 404 1136 415 ,
1158 385 1205 419 qui
1229 384 1297 412 duas
1313 385 1452 421 Unigeniti
1469 391 1583 414 naturas
1607 387 1635 414 in
1654 395 1736 416 unam

950 437 1048 464 cogere
1072 430 1190 463 audent,
1219 435 1247 458 ct
1262 431 1309 465 qui
1331 432 1478 459 Dominum
1492 437 1617 460 nostrum
1642 433 1737 461 losum

950 473 1101 508 Christum,
1110 475 1210 503 Filium
1223 477 1272 504 Dei
1290 477 1362 509 vivi,
1381 478 1522 506 hominem
1536 478 1637 507 factum
1649 480 1737 507 Deum

951 519 1082 552 Verbum,
1109 521 1138 549 in
1163 522 1232 550 duos
1253 522 1324 550 filios
1345 523 1471 551 dividere
1487 530 1630 558 conantur,
1652 526 1675 553 si
1689 527 1737 561 qui

935 584 937 588 ι
950 571 1016 594 sunt
1027 567 1146 600 tandem,
1162 576 1212 603 ego
1226 569 1300 597 enim
1318 577 1374 597 non
1389 575 1471 605 puto;
1486 570 1533 598 sed
1549 571 1618 598 hanc
1630 579 1739 606 semper

950 612 1114 640 calumniam
1132 613 1270 647 Ecclesim,
1289 616 1336 650 qui
1357 615 1415 643 Arii
1435 621 1464 643 et
1482 616 1620 649 Eunomii,
1637 618 1738 652 quique

949 658 1112 693 Apollinarii
1135 665 1229 696 partes
1254 666 1418 697 sequuntur,
1440 662 1615 698 impudenter
1626 662 1739 691 efﬁnxe-

950 708 1030 738 runt;
1049 710 1077 732 at
1089 713 1159 734 vero
1171 706 1252 734 facile
1272 711 1315 735 est
1336 707 1516 743 diligentibus
1529 708 1739 743 pervidere,cc—

949 749 1111 779 leberrimos
1117 752 1211 780 Patres
1221 757 1339 785 nostros,
1350 753 1454 780 lumina
1463 754 1657 787 Ecclesiarum,
1667 755 1738 783 hanc

950 794 1036 830 ipsam
1059 804 1075 824 a
1099 797 1223 825 veritatis
1246 797 1373 825 hostibus
1399 799 1620 827 criminationem
1643 807 1737 834 passos

950 849 1022 874 esse,
1033 850 1116 877 quam
1129 850 1179 870 nos
1204 843 1256 871 hoc
1268 847 1393 878 tempore
1412 844 1447 872 ab
1467 845 1578 879 optimis
1589 852 1666 873 novte
1681 846 1722 874 hat
1731 862 1737 866 -

951 887 1020 915 rosis
1034 887 1227 917 inventoribus
1240 889 1420 923 sustinemus,
1434 898 1552 925 quorum
1569 891 1738 926 impietatem

949 933 1170 967 sapientissimus
1189 935 1323 962 Dominus
1338 935 1476 969 patefecit,
1500 943 1556 963 non
1576 937 1739 971 permittens

949 977 1082 1006 diuturna
1100 980 1233 1014 patientia
1246 980 1379 1007 nefariam
1393 980 1510 1009 haeresin
1526 982 1709 1011 corroborari.
1726 993 1735 1008 ι

950 1023 1015 1051 Inde
1025 1024 1105 1058 plura
1117 1026 1320 1060 intelliguntur.

987 1069 1016 1097 ν.
1034 1070 1166 1104 Primum,
1195 1080 1250 1106 quo
1265 1073 1349 1101 etiam
1369 1079 1426 1102 tum
1443 1075 1535 1102 animo
1547 1074 1740 1102 Thcodoretus

950 1114 1021 1142 foret
1037 1123 1101 1151 erga
1116 1117 1267 1144 Diodorum
1281 1119 1445 1148 Tarsensem
1454 1124 1481 1147 et
1494 1119 1667 1148 Theodorum
1683 1121 1740 1148 Mo-

950 1165 1141 1195 psuestcnum,
1158 1163 1277 1191 Nestorii
1302 1166 1458 1201 magistros,
1471 1173 1609 1201 quantque
1622 1165 1656 1193 de
1671 1165 1740 1201 ipsis

948 1207 1109 1242 opinionem
1130 1209 1273 1242 retineret,
1291 1211 1375 1238 etiam
1391 1215 1454 1246 post
1473 1212 1618 1247 utriusque
1636 1212 1740 1240 doctri-

950 1260 1014 1280 nam
1026 1260 1040 1280 a
1052 1253 1149 1296 Pro-clo
1166 1255 1256 1282 tacitis
1279 1256 1439 1287 nominibus
1453 1256 1481 1282 in
1501 1260 1575 1284 temo
1593 1257 1628 1284 ad
1640 1257 1723 1285 Arme
1736 1274 1740 1277 -

951 1306 1011 1330 nos.
1026 1305 1041 1327 a
1053 1298 1156 1333 Cyrillo
1167 1304 1261 1334 aperte
1276 1301 1358 1328 libris
1370 1301 1478 1329 duobus
1494 1302 1650 1330 refutatum.

985 1344 1060 1377 Quos
1068 1349 1159 1372 autem
1168 1345 1350 1374 celeberrimos
1362 1346 1457 1374 Patres
1470 1353 1572 1376 nostros
1582 1354 1671 1382 vocat,
1680 1349 1741 1378 Dio-

951 1390 1049 1418 dorum
1067 1395 1096 1418 et
1120 1391 1296 1419 Theodorum
1322 1400 1384 1421 esse
1408 1401 1490 1421 nemo
1510 1396 1667 1430 negaverit,
1691 1397 1739 1431 qui

951 1437 1094 1471 epistolam
1108 1437 1178 1465 hanc
1194 1439 1344 1466 contulerit
1356 1447 1420 1466 cum
1437 1440 1543 1472 verbis,
1558 1445 1615 1469 tum
1638 1442 1741 1477 episto-

951 1482 984 1509 la:
994 1482 1026 1509 l6
1044 1489 1075 1509 ac
1088 1482 1187 1517 dialogi
1200 1483 1228 1514 1,
1242 1483 1293 1510 sub
1306 1483 1403 1517 ﬁnem;
1420 1488 1477 1511 tum
1493 1485 1638 1520 utriusque
1651 1487 1741 1515 Histe-

952 1529 1008 1559 riar,
1021 1528 1200 1555 ecclesiastica:
1221 1536 1320 1564 nempe
1336 1534 1364 1556 ct
1387 1530 1532 1565 religione;
1546 1535 1602 1558 tum
1620 1532 1740 1568 denique

951 1574 1071 1610 Calalogi
1085 1574 1250 1608 scriptorum
1264 1575 1298 1602 ab
1312 1575 1485 1603 Hebed-Jcsu
1497 1578 1641 1611 compositi
1657 1587 1664 1604 :
1676 1586 1739 1606 nam

953 1621 980 1647 in
997 1620 1088 1655 priore
1102 1620 1163 1647 loco
1177 1619 1330 1648 Diodorum
1352 1624 1380 1647 et
1400 1614 1575 1649 Theodorum
1598 1627 1702 1650 sanctor
1715 1630 1740 1651 et

952 1666 1040 1694 beatos
1064 1666 1172 1698 Patres,
1188 1668 1379 1704 magistrosque
1395 1675 1460 1695 suos
1471 1668 1598 1704 appellat.
1615 1669 1741 1704 Appellat

952 1719 1061 1747 quoque
1074 1713 1102 1740 in
1114 1712 1223 1748 dialogo
1241 1714 1267 1746 l,
1282 1713 1438 1748 [animos
1454 1716 1572 1742 veritatis
1587 1723 1740 1752 propugna-

954 1761 1032 1790 tores,
1050 1759 1169 1794 riuosque
1180 1758 1295 1794 Spiritus
1305 1760 1401 1786 sancti.

988 1803 1137 1831 Diodorum
1163 1812 1229 1832 vero
1242 1804 1472 1832 inEcclm‘atticte
1494 1805 1618 1833 Historia:
1639 1806 1688 1833 lib.
1702 1812 1738 1838 tv,

953 1857 1013 1884 cap.
1027 1849 1073 1882 (ὶὲ,
1087 1850 1198 1884 quantis
1212 1850 1341 1878 laudibus
1352 1850 1452 1878 allicit!
1474 1860 1484 1876 ί
1501 1851 1738 1886 Sapientissimus,

952 1894 1036 1930 35‘
1055 1894 1155 1930 inquit,
1177 1895 1397 1930 fortissimusque
1422 1896 1569 1929 Diodorus,
1593 1897 1671 1932 quasi
1691 1897 1742 1924 lu—

953 1940 1014 1967 vius
1026 1940 1137 1975 quidam
1150 1941 1283 1976 limpidus
1298 1945 1327 1968 et
1345 1941 1442 1977 ingens
1462 1949 1529 1969 suos
1545 1943 1657 1989 quidem
1678 1944 1742 1971 irri—

952 1986 1050 2021 gabat;
1065 1987 1285 2015 adversariorum
1302 1995 1367 2014 vero
1381 1986 1565 2022 blasphemias
1577 1989 1709 2017 diluebat.
1729 2001 1738 2015 ι

953 2032 987 2059 Et
1017 2031 1153 2066 Religiosw
1177 2033 1301 2060 Historia:
1318 2041 1378 2068 cap.
1396 2034 1425 2061 11
1441 2043 1447 2060 :
1471 2043 1481 2060 ε
1507 2035 1597 2062 Divini
1612 2035 1741 2071 beatique

954 2077 1003 2103 viri
1017 2077 1160 2105 Flavianus
1173 2082 1200 2105 et
1216 2078 1352 2106 Diodorus
1363 2079 1464 2114 populo
1481 2080 1673 2114 praesidebant.
1691 2090 1704 2106 ο

988 2125 996 2133 ‘
1014 2123 1051 2150 De
1067 2123 1213 2151 Theodoro
1233 2124 1299 2158 quid
1313 2125 1412 2152 haheat
1426 2125 1475 2152 lib.
1490 2133 1505 2151 v
1531 2125 1632 2153 Eram.
1651 2127 1743 2154 Histr-

955 2170 1011 2201 n‘az,
1026 2169 1129 2203 saepius
1139 2169 1250 2197 allatum
1264 2173 1315 2198 est.

107 2212 333 2246 sapientissimus
349 2211 484 2240 Dominus
499 2212 639 2248 patefecit,
666 2220 720 2239 non
738 2212 901 2247 permittens
917 2220 939 2247 ι)
986 2215 1161 2244 llebed—Jesu
1178 2223 1326 2243 recensens
1341 2216 1506 2243 Theodoreti
1524 2223 1619 2251 opera.
1636 2227 1644 2242 ι
1660 2217 1740 2246 Com-

107 2258 242 2286 diuturna
256 2259 389 2294 patientia
405 2259 537 2287 nefariam
552 2260 670 2287 haeresln
684 2259 869 2287 corroborari.
889 2269 898 2285 ι

107 2305 220 2338 Quibus
247 2305 341 2332 verbis
368 2298 526 2332 indicantur
552 2305 682 2332 Marciani
702 2305 790 2332 initia.
810 2305 901 2338 Quare

108 2360 176 2379 cum
201 2352 287 2379 altera
301 2352 517 2387 praecedentium
534 2351 651 2378 duarum
672 2350 754 2378 missa
770 2354 812 2378 est
827 2350 901 2378 Con-

108 2398 319 2433 stantinopolim
334 2405 384 2433 per
407 2398 557 2426 monachos
571 2405 603 2425 eo
615 2398 774 2425 redeuntes.

146 2443 182 2471 Π.
195 2444 259 2471 Fuit
270 2443 394 2471 Andreas
411 2443 467 2475 ille,
491 2447 521 2470 ut
536 2443 657 2476 videtur,
673 2442 900 2475 archimandrita,

108 2489 160 2525 qui
188 2489 352 2524 depositioni
374 2489 506 2526 Eutychis
529 2490 619 2525 primo
647 2489 719 2516 inter
744 2488 900 2516 archiman-

107 2535 202 2563 dritas
228 2535 288 2563 loco
307 2543 357 2571 per
370 2536 548 2564 Timotheum
569 2535 761 2571 presbyterum
781 2535 901 2562 subscri-

107 2581 169 2617 psit
183 2581 212 2608 in
225 2581 343 2609 concilio
356 2580 476 2609 Flaviani
490 2589 562 2608 anno
575 2581 638 2608 418.

147 2625 197 2654 Ill.
211 2626 347 2654 Andream
359 2627 550 2654 Thcodoretus
564 2626 661 2653 invitat
675 2624 708 2653 ad
727 2624 902 2653 scribendum

108 2672 168 2699 sibi
182 2666 260 2699 velut
278 2672 400 2699 consorti
419 2669 493 2704 ﬁdei,
510 2678 598 2707 eoque
616 2666 649 2699 ἰη
673 2670 805 2706 impellat,
826 2670 904 2697 miris

110 2715 207 2750 ipsum
219 2715 348 2742 laudibus
362 2716 478 2743 extollit.
495 2725 504 2741 ‹
520 2716 653 2743 Mirantur
672 2723 768 2743 omnes
782 2715 845 2742 fidei
861 2722 904 2743 re-

109 2759 298 2792 ctitudinem,
329 2761 391 2788 vitae
408 2761 560 2788 claritatem
574 2781 580 2793 ,
604 2761 784 2788 constantiam
806 2759 902 2791 animi,

952 2262 1054 2296 posuit,
1071 2261 1170 2296 inquit,
1189 2261 1341 2296 apologiam
1358 2269 1408 2296 pro
1418 2262 1547 2289 Patrihus
1558 2263 1661 2291 nostris
1673 2264 1742 2292 dno-

939 2306 1006 2334 ,bus
1023 2306 1153 2338 t0mis‘“;
1173 2313 1250 2343 t‘pro
1264 2306 1299 2333 iis
1321 2313 1421 2341 nempe
1433 2307 1571 2340 Patribus,
1593 2316 1663 2343 quos
1677 2316 1741 2336 san-

953 2356 1016 2379 ctus
1039 2351 1157 2387 Cyrillus
1187 2351 1358 2387 impugnavit
1372 2371 1379 2384 ,
1405 2360 1579 2387 quorumque
1603 2358 1741 2381 tomorutn

936 2420 938 2423 .
952 2397 1103 2431 fragmenta
1120 2397 1222 2425 inserta
1232 2401 1297 2425 sunt
1306 2397 1381 2425 Actis
1395 2398 1498 2432 quinta:
1510 2398 1618 2433 synodi,
1639 2398 1702 2425 coll.
1713 2399 1738 2426 5.

992 2442 1160 2475 Secundum,
1178 2442 1245 2477 quid
1261 2442 1387 2469 similiter
1406 2447 1467 2477 post
1484 2443 1632 2470 concilium
1647 2444 1735 2478 Ephe-

955 2487 1056 2520 sinum,
1072 2492 1134 2523 post
1150 2488 1244 2517 initam
1254 2487 1436 2516 Ecclesiarum
1455 2496 1560 2522 pacem,
1575 2493 1636 2525 post
1647 2490 1740 2524 expla-

955 2537 1046 2560 natam
1063 2541 1078 2560 a
1099 2532 1200 2568 Cyrillo
1220 2533 1299 2560 toties
1323 2533 1356 2560 de
1381 2533 1569 2561 incarnatione
1595 2534 1685 2568 fidem,
1707 2535 1741 2562 de

947 2577 1074 2605 ‘Nestorii
1084 2578 1341 2613 dogmate‘sentiret
1358 2587 1364 2604 ε
1379 2578 1508 2606 credebat
1527 2587 1625 2614 nempe
1645 2580 1741 2609 catlm—

953 2623 1047 2663 licum,
1060 2622 1281 2659 quandoquidem
1295 2623 1448 2651 communis
1459 2627 1520 2650 erat
1535 2623 1737 2660 Catholicorum

935 2665 1057 2704 pariter
1076 2673 1158 2704 atque
1184 2670 1363 2696 sectariorum
1385 2669 1497 2704 opinio;
1523 2669 1595 2704 quod
1620 2670 1741 2698 Nestorii

954 2713 1074 2747 dogmaa
1083 2711 1206 2740 doctrina
1222 2713 1331 2740 Diodori
1344 2718 1372 2741 et
1385 2713 1519 2741 Theodori
1534 2722 1588 2742 non
1600 2715 1722 2742 dill‘erret
1736 2733 1742 2745 ,

955 2758 1117 2787 catholicam
1148 2767 1213 2786 vero
1251 2760 1394 2793 utriusque
1428 2759 1581 2787 doctrinam
1612 2758 1747 2788 censeba-

796 2814 953 2843 scnmzn
969 2814 1080 2844 nom.
1124 2851 1131 2855 _

148 2851 175 2868 ἰ
189 2851 251 2878 Vid.
272 2859 362 2887 supra,
375 2859 401 2886 p.
419 2851 481 2879 280.
