1967 3047
214 161 279 192 ‘303

793 161 980 192 GARNERII
1001 159 1249 191 DISSERTATIO
1268 160 1308 189 II.

1806 155 1859 189 30-1

229 214 437 248 Theodoretns;
459 221 487 243 et
506 219 653 251 utrumque
675 215 710 243 ab
732 215 898 244 adversariis
917 217 1020 244 calum-
1037 222 1056 251 Α
1070 221 1113 244 est
1124 216 1217 244 Romae
1233 216 1327 243 Idibus
1350 213 1436 247 Junii,
1452 213 1560 241 Asterie
1575 215 1604 240 et
1625 212 1779 248 Protogene
1791 219 1861 240 coss.

230 259 304 287 niam
315 260 372 295 pati
392 260 569 295 querebatur,
581 261 659 296 quasi
673 260 813 289 Christum
826 261 853 288 in
865 261 934 288 duos
949 261 1021 289 ﬁlios

228 303 394 332 dividerent.

267 350 403 384 Tertium,
415 359 497 387 quam
510 359 608 379 novam
628 352 746 380 hatresin
765 353 881 386 diceret,
893 353 1021 389 Cyrillia—

220 406 292 427 mam
304 398 420 430 scilicet,
437 398 492 425 imo
507 398 670 426 catholicam
688 399 854 426 sententiam
869 399 903 426 de
918 399 1020 427 unione

228 446 346 473 duarum
364 444 393 471 in
410 443 520 472 Christo
535 448 709 477 naturarum,
724 445 837 481 physica
851 449 880 472 et
890 444 1021 473 substan-

229 491 295 523 tiva,
307 489 396 524 deque
409 497 464 516 una
485 489 566 517 Verbi
593 489 735 517 incarnata
750 494 868 518 natura:
886 490 1021 526 intellige-

224 534 277 562 bat
303 534 376 561 enim
397 533 530 566 Nestorii,
555 533 735 569 Diodorique,
757 538 785 562 et
802 534 942 562 Theodori
958 535 1021 570 opi-

228 581 306 609 nioni
334 579 518 612 contrariam,
543 584 625 615 atque
653 579 722 607 adeo
748 580 859 608 veritati
878 580 1022 608 catholicae

229 627 382 655 adversam.

264 672 408 705 Quartum,
425 678 475 699 cur
487 670 609 699 Himerio
622 671 756 704 scribens,
769 678 824 706 quo
835 675 958 706 tempore
969 679 1022 706 pax

230 718 416 746 Ecclesiarum
430 717 523 750 ﬁebat,
533 721 648 753 negaret
654 725 735 753 posse
749 717 938 746 conditionem
951 718 1022 745 hanc

230 764 327 800 accipi,
342 772 396 799 qua
412 763 458 798 qui
474 764 557 791 vellet
570 771 599 791 se
624 763 792 791 catholicum
808 767 837 791 et
857 763 933 799 pacis
951 772 1023 791 ama-

232 816 320 838 torem
346 810 484 845 probare,
515 809 629 837 deberet
667 809 843 837 anathemate
871 810 1023 845 percellere

231 855 349 884 Nestouii
365 855 483 890 dogma:
502 855 619 890 negabat
640 855 714 882 enim
738 855 767 882 id
790 855 849 882 ﬁeri
865 863 946 891 posse
962 856 1023 884 sine

1074 269 1125 288 nec
1135 262 1222 296 potuit
1234 261 1267 288 ad
1282 259 1487 287 Theudoretum
1497 258 1561 294 Cyri
1571 258 1713 285 detentum
1721 257 1864 292 pervenire

1074 311 1138 334 ante
1149 311 1322 338 autumnum,
1343 309 1371 332 et
1391 305 1503 340 quidem
1514 305 1570 340 jam
1589 307 1760 338 provectum.
1776 303 1865 330 Theo-

1074 354 1186 382 doretus
1198 360 1266 380 vero
1276 352 1310 380 ad
1327 352 1428 379 milites
1440 350 1552 386 scripsit
1568 351 1662 377 statim
1673 354 1786 384 accepta
1796 349 1866 376 Leo-

1073 399 1118 427 nis
1128 399 1254 434 epistola,
1269 402 1300 426 ut
1312 398 1503 426 demonstrant
1519 396 1561 423 hs:
1571 403 1653 423 voces
1671 403 1678 422 :
1698 395 1863 422 Ἀκουσάτω-

1075 454 1135 478 σαν,
1150 446 1197 472 καὶ
1208 445 1255 472 τοῦ
1268 444 1420 479 ἀγιωτάτου
1436 443 1483 470 καὶ
1497 441 1644 470 όσιωτάτου
1657 442 1705 473 τῆς
1723 440 1866 476 Ῥωμαίων

1074 491 1235 522 ἐπισκόπου,
1251 490 1298 517 τοῦ
1310 490 1406 527 κυρίου
1420 489 1535 520 Λέοντος
1551 488 1599 515 νῦν
1614 487 1793 522 γεγραφότος,
1811 491 1866 515 etc.

1074 537 1191 565 Audiam
1202 537 1397 564 sanctissimum
1408 541 1432 562 et
1446 534 1673 570 religiosissimum
1687 533 1867 561 Romanorum

1074 583 1233 618 episcopum,
1251 582 1386 609 dominum
1402 581 1527 612 Leonem,
1538 581 1583 616 qui
1599 579 1676 607 modo
1685 579 1800 615 scripsit,
1813 583 1865 606 etc.

1109 627 1144 654 ll.
1156 627 1265 659 Milites,
1289 627 1323 654 ad
1344 634 1414 662 quos
1427 626 1567 662 dirigitur,
1582 626 1714 653 videntur
1733 625 1819 652 fuisse
1833 624 1867 652 de

1074 679 1191 699 numero
1202 672 1284 700 tertio
1301 672 1551 705 Stabilisianorum,
1566 671 1614 707 qui
1629 671 1658 698 in
1671 670 1794 698 Orientis
1803 678 1867 706 pro-

1076 718 1176 746 vinciis
1190 718 1380 746 morabantur.

1111 764 1156 792 lll.
1175 764 1417 799 lnterrogaverant
1430 763 1469 790 illi
1485 763 1702 795 Theudor-etum,
1724 762 1790 797 quid
1803 769 1867 789 sen-

1077 810 1201 838 tiendum
1214 810 1248 838 de
1260 818 1304 843 eo,
1317 811 1364 846 qui
1377 809 1594 846 reprehenderat
1608 809 1757 841 dicentem,
1776 808 1869 844 aliqua

1077 864 1133 884 esse
1145 856 1199 883 Deo
1206 865 1312 892 prorsus
1323 855 1504 892 impossibilia.
1514 855 1626 888 lrretiti,
1638 855 1748 890 opinor,
1761 854 1870 881 fuerant

231 902 343 938 pictatis
352 901 529 932 detrimento,
539 901 587 928 sed
597 901 782 929 adhibendam
795 909 856 929 esse
869 902 941 929 inter
956 903 1024 929 sub-
1041 901 1061 931 Β
1075 903 1139 930 boni
1164 903 1218 931 viri
1231 903 1265 930 ab
1279 903 1372 938 aliquo
1386 902 1533 930 defensore
1547 900 1597 928 Dei
1618 900 1759 936 passibilis,
1775 907 1870 927 snam«

229 945 500 980 scribendum-pacis
517 945 712 978 instrumento,
732 949 790 973 tum
814 946 1023 974 distinctionem

229 991 301 1027 juris
316 994 345 1018 et
359 990 435 1023 facti,
460 990 518 1018 sive
535 990 671 1026 dogmatis
685 995 714 1018 et
729 999 870 1026 personae;
888 996 946 1019 tum
960 1000 1025 1020 cau-

231 1039 347 1070 tionem,
362 1045 416 1073 qua
430 1037 609 1064 damnaretur
622 1037 722 1073 dogma
735 1037 770 1066 de
782 1037 893 1066 duobus
904 1038 978 1072 ﬁliis,
1000 1038 1024 1066 si

231 1091 287 1119 quo
299 1083 328 1111 in
342 1083 414 1111 libro
427 1081 608 1117 reperiretur,
625 1086 653 1109 et
666 1081 689 1109 si
704 1089 759 1117 quo
774 1082 809 1110 ab
825 1082 937 1110 homine
950 1089 1025 1110 asse-

231 1134 352 1158 teretur.

267 1177 410 1210 Quintum,
430 1183 482 1203 cur
498 1175 526 1203 in
542 1173 648 1210 synodo
671 1173 909 1207 Chalcedonensi,
932 1174 1026 1209 jussus

231 1224 376 1252 anathema
391 1222 483 1249 dicere
494 1221 622 1249 Nestorio
641 1225 668 1248 et
686 1221 746 1256 ejus
769 1221 954 1256 dogmatibus,
967 1225 1027 1248 tan-

232 1269 282 1298 diu
304 1269 502 1303 tergiversatus
527 1267 582 1300 sit;
599 1266 768 1302 petieritque
792 1266 845 1293 sibi
861 1270 1026 1301 potestatem

232 1314 404 1350 exponenda
424 1313 489 1341 ﬁdei
509 1320 565 1340 suae
582 1311 653 1344 fieri,
668 1319 752 1347 quam
775 1312 871 1347 utique
887 1320 902 1339 a
914 1311 1027 1340 Diodori

233 1360 441 1395 Theodorique,
469 1363 497 1386 ct
514 1358 630 1394 proinde
648 1357 767 1386 Nestorii
779 1358 836 1386 ﬁde
849 1366 906 1386 non
924 1358 1028 1386 discer-

234 1407 336 1439 nebat;
355 1413 406 1433 nec
421 1404 500 1440 prius
517 1404 634 1432 solemni
654 1403 773 1431 formula
793 1403 914 1432 Nestorii
929 1404 1028 1440 dogma

234 1459 436 1487 personamque
455 1450 618 1486 ejuraverit,
630 1457 713 1485 quam
726 1450 964 1478 conclamantibus
979 1450 1029 1477 Pa-

235 1498 335 1530 tribus,
353 1504 383 1525 se
396 1497 472 1524 velut
493 1496 654 1524 haereticum
670 1495 705 1523 de
719 1495 822 1531 synodi
839 1495 901 1523 loco
916 1495 1030 1531 ejicien-

235 1544 301 1572 dum
313 1542 489 1578 intelligeret.

1074 955 1130 983 que
1141 948 1307 976 sententiam
1320 955 1354 975 ex
1373 955 1407 974 eo
1419 947 1554 982 probante
1579 945 1653 981 quod
1674 946 1729 972 Deo
1749 945 1818 972 nihil
1833 945 1871 972 sit

1075 992 1246 1028 impossibile
1257 1013 1264 1024 ,
1276 992 1405 1027 quodque
1424 991 1497 1019 Deus
1508 998 1681 1026 quaecunque
1691 990 1760 1022 vult,
1772 989 1869 1024 possit.

1076 1039 1189 1067 Dixerat
1207 1046 1291 1074 porro
1305 1038 1425 1074 Cyrillus
1444 1038 1515 1065 inter
1535 1037 1656 1072 capitula
1678 1036 1869 1071 defendenda,

1076 1086 1147 1113 Deus
1161 1093 1255 1121 passus
1265 1089 1303 1112 est
1314 1084 1403 1111 uolens
1411 1093 1421 1117 ;
1437 1084 1542 1111 dictum
1548 1083 1620 1111 forte
1634 1090 1668 1111 eo
1680 1082 1726 1111 ille
1738 1087 1871 1116 traxerat,

1077 1131 1150 1159 unde
1163 1131 1279 1166 quaestio
1296 1135 1362 1157 tunc
1375 1133 1445 1157 erat.

1113 1178 1156 1206 IV.
1180 1177 1340 1213 Respondet
1357 1177 1478 1212 primum
1490 1176 1693 1209 Theodoretus,
1709 1175 1802 1211 aliqua
1814 1176 1872 1203 Deo

1077 1232 1138 1252 esse
1152 1224 1344 1259 impossibilia,
1358 1223 1443 1250 veluti
1454 1223 1577 1255 mentiri,
1592 1222 1691 1258 injuste
1705 1226 1871 1258 agere,etc.,

1077 1271 1201 1306 nihilque
1220 1271 1304 1298 Deum
1314 1269 1383 1297 velle
1402 1269 1503 1302 facere,
1523 1269 1597 1304 quod
1621 1272 1726 1296 natura;
1739 1276 1795 1296 non
1805 1275 1872 1295 con-

1077 1321 1174 1352 gruat;
1192 1324 1283 1351 neque
1297 1320 1389 1343 tamen
1403 1315 1468 1342 inde
1489 1316 1569 1350 argui
1593 1314 1802 1346 imbecillitatis,
1822 1314 1873 1341 sed

1078 1362 1208 1397 potentiae
1222 1361 1315 1396 potius
1331 1360 1467 1392 maximae,
1481 1367 1536 1395 qua
1547 1360 1636 1395 possit
1650 1359 1834 1387 inconcussus
1843 1359 1874 1387 in

1079 1413 1154 1436 recto
1167 1408 1325 1443 persistere.

1115 1455 1147 1482 γ.
1167 1454 1272 1482 Deinde
1281 1454 1404 1483 ostendit
1421 1462 1454 1482 eo
1470 1454 1528 1481 fere
1545 1453 1638 1484 modo,
1652 1460 1685 1480 ac
1699 1453 1707 1462 ‘
1721 1452 1749 1479 in
1765 1451 1875 1486 dialogo

1079 1500 1162 1527 tertio
1175 1500 1319 1532 Eranistae,
1335 1500 1382 1535 qui
1406 1500 1510 1527 dicitur
1525 1497 1713 1534 lmpassibilis,
1732 1496 1875 1532 quomodo

1079 1546 1152 1573 Deus
1159 1545 1279 1572 Verbum
1289 1545 1398 1572 dicatur
1406 1552 1511 1580 passus,
1524 1544 1672 1579 laudatque
1683 1542 1861 1571 Athanasium
1867 1562 1874 1572 .

271 1589 490 1624 Sextum,quam
509 1588 637 1616 videatur
663 1587 722 1623 ipse
745 1587 837 1616 animo
864 1587 967 1615 fovisse
992 1586 1026 1614 ad
1043 1582 1065 1611 Ο
1081 1591 1228 1618 Damasum
1245 1595 1274 1618 et
1299 1590 1418 1618 Leonem
1433 1611 1440 1623 ,
1469 1598 1550 1626 quem
1572 1595 1742 1625 postremum
1765 1589 1876 1623 dialogo

234 1642 323 1670 usque
351 1634 487 1670 synodum
507 1633 759 1662 Chalcedonensem
774 1653 782 1667 ,
810 1633 969 1669 opinionem
996 1632 1030 1659 de

238 1681 342 1708 unione
357 1684 520 1707 naturarum
534 1679 561 1706 in
569 1678 681 1706 Christo
693 1688 700 1705 :
712 1686 776 1706 cum
787 1679 862 1706 enim
872 1682 947 1705 totus
958 1681 1032 1705 esset

236 1727 265 1754 in
276 1724 456 1754 distractione
468 1728 630 1751 naturarum
642 1724 802 1757 astruenda,
810 1732 862 1752 nec
871 1724 938 1752 satis
949 1724 1032 1752 intel-

236 1773 335 1808 ligeret
352 1771 417 1806 (qua
434 1770 468 1798 de
487 1777 570 1798 causa
596 1770 745 1805 incertum)
763 1770 879 1799 unionis
901 1770 1032 1806 hyposta-

237 1819 312 1858 sicae,
330 1824 392 1852 quae
415 1816 527 1852 physica
547 1823 609 1844 esse
630 1815 714 1844 debet
741 1820 824 1851 atque
843 1816 1030 1848 substantiva,

238 1863 319 1899 355
337 1863 460 1895 modum,
476 1863 565 1890 videri
578 1866 670 1897 potest
682 1862 868 1897 permansisse
893 1870 927 1889 eo
945 1870 1032 1897 usque

238 1909 268 1936 in
283 1908 413 1944 opinione
425 1907 460 1935 de
480 1908 582 1935 unione
595 1910 705 1944 σχετικῇ
722 1911 750 1934 et
767 1915 835 1942 pure
848 1908 956 1940 morali,
971 1915 1032 1942 quae

239 1959 372 1990 perpetua
386 1958 478 1981 tamen
493 1958 575 1989 atque
587 1953 789 1981 indissolubilis
804 1953 898 1980 fuerit.

275 2001 458 2032 Postremum,
487 2007 503 2027 a
525 2007 581 2035 quo
604 1999 761 2034 exemplum
778 1999 962 2034 sumpserint,
986 2003 1034 2026 aut

239 2051 315 2075 certe
325 2054 437 2074 sumere
458 2046 610 2081 potuerint,
634 2045 803 2073 recentiores
820 2045 871 2077 illi,
895 2045 943 2080 qui
957 2044 1034 2072 dam-

239 2094 318 2122 nanti
340 2093 543 2128 propositiones
566 2092 698 2126 quasdam
723 2091 854 2119 Ecclesiae
875 2092 1033 2119 consentire

238 2140 377 2168 obstinata
395 2143 488 2167 mute
507 2142 677 2171 renuerunt,
695 2138 748 2166 nisi
772 2139 844 2165 inter
857 2138 1034 2166 subscriben-

240 2186 306 2214 dum
319 2185 383 2213 ﬂdei
395 2184 530 2216 formulas,
546 2184 642 2211 liceret
654 2184 861 2212 distinctionem
873 2192 976 2219 ponere
988 2185 1034 2219 jus

231 2231 313 2258 .lntcr
326 2235 355 2257 et
367 2230 479 2262 factum,
490 2233 518 2256 et
531 2229 566 2256 de
586 2229 713 2264 dogmate
723 2229 836 2264 quidem
849 2230 979 2258 haeretico
991 2238 1034 2257 rc-

235 2276 360 2311 jiciendo
379 2275 527 2303 convenire
540 2283 603 2303 cum
619 2276 758 2310 Ecclesia;
780 2277 815 2304 de
832 2284 953 2312 persona
965 2285 1032 2304 vero

240 2322 406 2355 dissentire,
423 2322 502 2357 quasi
529 2322 558 2350 in
583 2322 737 2358 attingenda
757 2330 888 2358 persona
906 2322 1033 2358 dogmate

243 2369 287 2397 illa
302 2372 452 2404 peccasset,
468 2372 496 2396 et
511 2368 710 2404 imaginariam,
740 2377 821 2404 quam
839 2376 921 2396 nemo
943 2369 1034 2404 re'ipsa

234 2413 421 2446 defendisset,
435 2412 619 2441 haeresinsibi
635 2413 859 2448 proscribendam
874 2414 1032 2449 proposuis-

237 2464 296 2487 αἱ.

359 2516 484 2552 Epistula
507 2516 571 2550 tu,
589 2516 739 2552 dogmatica
759 2516 795 2544 ad
809 2517 914 2544 milites.

279 2573 301 2602 ι.
317 2574 384 2602 Data
403 2578 446 2603 est
458 2579 520 2610 post
541 2582 644 2602 annum
657 2574 720 2609 449,
732 2579 782 2602 aut
793 2578 870 2603 certe
883 2575 936 2603 sub
947 2574 1036 2611 Ipsius

247 2617 330 2646 tinem
356 2627 363 2645 :
389 2618 518 2646 laudatur
535 2618 609 2647 enim
629 2618 681 2646 sub
701 2618 784 2647 linem
806 2619 922 2654 epistola
949 2619 1037 2647 sancti

241 2663 358 2696 Leonis,
368 2663 464 2699 utique
476 2664 594 2692 celebris
613 2664 660 2692 illa
679 2672 741 2699 quae
752 2664 786 2692 ad
799 2664 960 2692 Flavianum
973 2664 1037 2692 data

1082 1644 1145 1664 mox
1155 1636 1230 1664 dicto
1250 1644 1306 1675 non
1333 1637 1469 1669 laudavit,
1489 1636 1722 1672 opportunissime
1747 1635 1878 1662 laudatu-

1082 1689 1140 1714 rus,
1153 1682 1177 1709 si
1192 1682 1290 1718 dialogi
1302 1690 1357 1710 non
1367 1687 1460 1710 essent
1469 1683 1549 1718 longe
1562 1686 1625 1709 ante
1637 1681 1781 1717 epistolam
1795 1681 1875 1711 editi,

1082 1729 1155 1764 quod
1167 1729 1232 1764 quia
1251 1730 1339 1757 nescit
1356 1729 1534 1762 Albertinus,
1553 1736 1616 1756 cum
1634 1729 1693 1756 suis
1709 1727 1877 1762 sequacibus

1083 1775 1151 1802 abiit
1164 1775 1190 1802 in
1204 1774 1337 1802 absurdas
1352 1775 1509 1810 opiniones.

1118 1819 1162 1847 Vl.
1178 1820 1388 1853 Testimonium,
1415 1819 1490 1855 quod
1512 1827 1545 1847 ex
1567 1818 1669 1846 Leonis
1692 1818 1796 1853 scripto
1811 1824 1879 1852 pro-

1083 1867 1181 1900 fertur,
1200 1875 1254 1895 non
1264 1867 1365 1902 legitur
1376 1867 1403 1894 in
1418 1867 1481 1894 ullis
1495 1865 1576 1894 editis
1591 1865 1748 1897 codicibus;
1762 1865 1817 1891 imo
1825 1871 1879 1890 nec

1083 1913 1165 1949 356
1188 1913 1216 1940 in
1244 1920 1310 1941 mss.
1333 1913 1391 1940 sive
1407 1912 1510 1940 Graecis
1526 1911 1583 1939 sive
1603 1911 1719 1942 Latinis,
1738 1909 1823 1937 verbo
1840 1909 1879 1937 ad

1084 1959 1211 1986 verbum.
1225 1959 1328 1986 Verum
1343 1959 1394 1986 hac
1420 1958 1454 1986 de
1470 1958 1622 1993 quaestione
1647 1957 1756 1984 dicetur
1771 1956 1798 1983 in
1818 1956 1879 1982 Au-

1084 2004 1170 2032 ctario
1179 2004 1375 2039 epistularum;
1390 2004 1417 2030 in
1433 2003 1500 2030 illud
1524 2003 1599 2030 enim
1618 2002 1714 2029 referri
1731 2001 1813 2028 debet
1831 2008 1881 2027 ce-

1083 2050 1170 2078 lebris
1185 2050 1230 2078 illa
1252 2050 1352 2077 Leonis
1378 2049 1493 2084 epistola
1506 2050 1528 2065 "
1544 2057 1552 2076 :
1572 2053 1629 2076 tum
1645 2048 1710 2083 quia
1730 2047 1881 2082 subjuncta

1085 2096 1167 2124 habet
1181 2096 1338 2123 testimonia
1360 2095 1484 2127 Patrum,
1507 2102 1568 2129 quae
1591 2093 1702 2128 collegit
1718 2092 1881 2119 Theodore-

1085 2147 1140 2175 tus,
1162 2145 1219 2169 tum
1232 2141 1305 2176 quod
1323 2140 1445 2168 nondum
1453 2139 1560 2168 mendis
1572 2146 1640 2174 pura
1655 2138 1729 2166 edita
1740 2137 1776 2165 sit
1789 2137 1822 2164 ”.

1103 2197 1226 2233 Epistola
1253 2197 1314 2229 MS,
1336 2196 1371 2223 ad
1385 2196 1526 2223 monachos
1538 2192 1860 2229 Constantinopolitanos.

1049 2252 1072 2280 D
1120 2255 1141 2283 Ι.
1159 2255 1220 2283 Non
1237 2259 1292 2282 tam
1312 2254 1428 2289 epistola
1449 2257 1503 2286 est,
1521 2259 1604 2287 quam
1622 2251 1747 2286 prolixus
1764 2249 1882 2285 quidam

1087 2301 1122 2329 de
1138 2300 1328 2328 incarnatione
1351 2303 1495 2332 tractatus,
1510 2305 1565 2333 quo
1582 2296 1774 2324 Theodoretus
1795 2294 1882 2322 ﬁdem

1085 2354 1164 2375 suam
1178 2346 1301 2382 exponit.

1123 2391 1156 2419 ll.
1177 2391 1292 2419 Praefert
1313 2389 1447 2425 temporis
1474 2388 1646 2416 manifestam
1668 2390 1772 2414 notam.
1796 2395 1805 2411 ι
1827 2383 1885 2418 Qui

1087 2437 1268 2468 calumniam,
1283 2436 1384 2471 inquit,
1396 2440 1494 2463 contra
1503 2442 1553 2462 nos
1562 2436 1716 2465 temerant,
1724 2438 1885 2460 aerumnas-

1090 2491 1143 2519 que
1167 2487 1277 2510 nostras
1287 2482 1382 2510 multis
1396 2481 1521 2516 pecuniis
1534 2479 1718 2510 redemerant,
1735 2482 1765 2505 ut
1779 2476 1887 2505 Valen-

1088 2528 1140 2556 tini
1168 2532 1196 2556 et
1222 2527 1387 2555 Bardesanis
1412 2526 1474 2554 tabe
1506 2525 1601 2553 infecti
1630 2523 1776 2551 manifeste
1795 2522 1886 2559 agniti

1088 2577 1164 2606 sunt,
1181 2583 1190 2600 ι
1208 2577 1262 2601 etc.
1276 2573 1345 2601 Cum
1355 2572 1430 2602 enim
1447 2571 1640 2599 Theodoretus
1658 2570 1694 2598 de
1708 2576 1758 2597 sua
1769 2568 1890 2596 damna-

1090 2619 1165 2648 tione
1177 2619 1207 2647 in
1231 2619 1356 2647 Dioscuri
1380 2617 1496 2655 synodo,
1514 2621 1543 2645 et
1558 2617 1592 2645 de
1603 2616 1739 2653 eiectione
1750 2613 1891 2650 Eutychis

1090 2665 1120 2692 in
1131 2665 1260 2694 exsilium
1276 2664 1446 2692 mentionem
1458 2663 1555 2696 faciat,
1570 2669 1689 2698 cumque
1703 2660 1738 2689 de
1753 2659 1890 2688 Marciani

899 2741 1061 2772 SCHULZII
1074 2741 1188 2770 NOTAE.

286 2814 307 2829 ἰ
320 2812 466 2848 Promissis
477 2820 531 2848 non
553 2813 629 2841 stetit
645 2813 805 2841 Gamerms.
828 2813 888 2841 Non
910 2817 999 2841 exstat
1015 2813 1067 2841 ista
1086 2812 1186 2841 Leonis
1203 2813 1236 2840 ad
1250 2813 1410 2841 Flavianum
1426 2812 1543 2848 epistola
1567 2811 1597 2848 in
1614 2811 1745 2840 Auctario
1757 2810 1896 2848 epistola-

250 2855 323 2883 rum.
361 2847 460 2881 "Quae
474 2848 502 2875 in
516 2847 571 2883 nne
587 2848 679 2876 addita
693 2853 773 2876 erant
785 2849 819 2876 de
832 2848 1004 2876 emendando
1015 2855 1111 2883 errore
1126 2848 1174 2883 qui
1189 2847 1218 2875 in
1233 2848 1382 2876 editionem
1417 2847 1557 2877 Si’rmond.
1579 2847 1739 2883 irrepserat,

1805 2845 1895 2874 lenda

244 2882 373 2918 ﬁlerunt,
388 2879 451 2911 cum
469 2882 615 2912 emendata
629 2883 711 2912 lectio
724 2884 791 2911 servi
807 2884 892 2919 [arma
908 2887 997 2912 exstet
1014 2879 1042 2910 in
1057 2879 1250 2917 edit—nostra,
1267 2887 1287 2911 t.
1310 2884 1353 2918 ιν,
1373 2891 1401 2919 p.
1417 2883 1495 2911 1945.
