1967 3047
109 147 162 180 805

109 259 176 286 pore
192 254 325 289 scribere,
337 258 409 291 quod
427 259 604 289 subsecutum
625 267 664 290 est
677 270 793 293 mortem
808 266 897 296 Theo-

108 297 177 325 dosii
202 299 392 336 imperatoris,
409 313 469 339 qua:
495 308 611 343 contigit
633 317 705 338 anno
724 311 786 344 4530,
799 313 844 340 die
861 315 896 342 29

107 342 182 375 Julii,
200 349 228 372 et
252 345 410 375 inchoatum
427 350 472 377 die
483 350 518 378 25
536 342 652 388 Augusti
669 342 814 390 imperium
826 358 898 385 Mar-

106 389 187 421 ciaui,
205 391 283 426 cujus
297 393 420 427 jussioue
432 396 570 432 Eutyches
586 399 690 434 ejectus
703 389 754 434 est,
771 407 800 430 et
812 404 896 432 resci-

106 438 163 462 tum
189 436 257 464 illud
272 437 401 467 Marciani
415 440 530 475 factum,
545 443 579 471 de
601 452 656 480 quo
673 455 727 474 non
741 449 831 482 potuit
843 457 894 477 uu-

104 479 156 506 diri
168 486 231 509 ante
243 482 324 510 ﬁnem
347 484 526 520 Septembris.
546 489 667 524 Epistola
683 479 766 527 igitur
777 493 841 522 data
851 499 894 523 est

104 524 145 552 vel
163 525 318 561 Septembri
343 537 435 558 mense
459 532 567 566 allecto,
585 535 627 562 vel
647 524 795 571 incipiente
809 537 893 567 Octo-

102 569 156 603 bri,
171 579 226 606 quo
244 576 367 608 tempore
383 576 506 604 nondum
518 583 605 606 erata
623 580 762 610 Marciano
784 583 817 610 ad
846 592 890 612 se-

102 613 164 641 dem
177 623 254 643 suam
269 618 411 647 remissus.

135 659 178 686 lll.
198 660 253 688 llos
269 670 353 697 porro
379 667 539 700 monachos,
553 669 654 703 quibus
673 671 781 705 scribit,
805 677 890 702 tente-

101 705 204 732 rarium
229 707 301 735 haud
325 708 408 737 fuerit
421 712 527 746 opinari
548 719 706 749 accemetas,
735 719 807 752 apud
819 727 890 755 quos

100 748 172 777 forte
189 752 346 786 suspicione
363 754 476 784 hmresis
488 757 640 787 laborabat.

132 795 176 823 IV.
191 797 292 826 Scribit
302 807 369 830 vero
381 809 431 836 per
439 804 587 832 monachos
598 813 614 832 a
627 806 754 835 Marcello
769 816 887 838 acceme—

98 845 187 868 tarum
207 844 420 874 archimandrita
434 848 462 875 in
483 849 652 878 Phoenicium
669 852 730 880 aliis
748 853 782 881 de
802 855 884 884 rebus

97 886 195 915 missos
209 897 215 915 :
231 897 292 917 cum
306 890 373 926 ipsis
382 900 480 929 nempe
495 902 658 931 congressus
672 898 816 932 didicerat,
832 910 886 936 qua

95 933 168 967 apud
181 935 288 963 sodales
305 936 333 964 in
346 938 476 972 opinione
491 946 581 975 esset;
601 943 689 977 ipsam
700 953 766 972 vero
779 953 813 974 ex
826 947 886 974 ani-

95 979 148 1006 mis
159 981 277 1009 evellere
290 983 455 1018 referebant,
471 990 583 1021 propter
592 988 735 1018 hominum
750 993 885 1027 ejusmodi

95 1025 240 1053 maximam
255 1027 281 1054 in
298 1028 366 1056 urbe
380 1030 453 1065 regia
466 1033 670 1063 auctoritatem.

129 1069 161 1098 ν.
177 1071 242 1104 Quae
251 1073 284 1101 de
298 1075 355 1102 suis
366 1075 446 1104 libris
456 1083 560 1111 narrat,
577 1081 699 1116 exposita
716 1088 780 1111 sunt
795 1085 884 1120 capite

92 1116 225 1144 secundo.

200 1186 321 1223 Epistolis
335 1189 393 1224 146,
410 1192 446 1219 ad
461 1192 592 1222 Joannem
605 1203 774 1227 ccanomum.

126 1255 189 1283 Eme
205 1257 288 1286 etiam
312 1260 443 1295 epistola,
466 1263 518 1291 etsi
542 1265 657 1300 mutila,
683 1269 775 1304 magni
789 1274 880 1298 tamen

90 1305 222 1330 tractatus
231 1303 349 1332 formam
369 1306 463 1336 habet.
479 1309 627 1338 Historiam
637 1303 881 1348 ipsiusitexuimus

88 1347 117 1374 in
131 1348 190 1376 Vita
203 1349 368 1380 Theodoreti
382 1353 416 1386 ’³,
437 1347 664 1392 ostendimusque
678 1360 809 1395 scriptam
818 1370 880 1390 esse

87 1397 150 1428 post
172 1396 319 1423 concilium
330 1397 570 1434 Chalcedoneuse,
591 1410 655 1430 cum
676 1405 835 1434 secessisset
850 1407 877 1434 in

86 1441 298 1475 monasterium,
309 1447 337 1470 et
349 1445 444 1479 procul
457 1446 586 1475 omnibus
602 1449 729 1483 negotiis,
751 1451 877 1480 scriben-

85 1484 131 1512 dis
150 1485 228 1514 libris
243 1491 271 1515 et
289 1489 413 1523 pristinae
427 1491 489 1519 vita:
504 1492 639 1529 religiosa:
651 1496 792 1524 exercitiis
804 1501 878 1527 totus

86 1535 206 1558 vacaret.
889 1567 910 1595 ρ

86 1599 208 1635 Epistota
218 1601 280 1635 H7,
298 1604 333 1630 nd
345 1603 476 1633 Joannem
494 1605 667 1636 Germanicic
678 1611 827 1646 episcopum
840 1612 874 1639 ".

120 1668 141 1695 Ι.
158 1668 198 1696 Ad
218 1678 301 1705 quem
312 1671 417 1700 scilicet
431 1673 485 1701 fuit
498 1675 613 1710 epistola
628 1676 689 1710 155,
703 1678 797 1712 paucis
810 1684 875 1708 ante

82 1712 184 1741 diebus
200 1715 311 1751 scripta.
329 1717 396 1745 Data
410 1723 452 1746 est
467 1719 551 1755 igitur
564 1721 617 1749 sub
635 1722 716 1751 tinent
733 1725 797 1752 anni
811 1725 873 1760 “9,

81 1763 131 1785 aut
151 1759 243 1787 statim
259 1761 339 1788 initio
357 1764 508 1798 sequentis.

117 1803 198 1840 357
216 1805 248 1833 ll.
269 1806 310 1833 Ex
324 1807 375 1836 ista
393 1808 524 1838 discimus
545 1813 647 1847 multa,
673 1823 734 1850 qum
762 1817 874 1846 aliunde

80 1849 140 1877 fere
154 1851 245 1886 ignota
259 1856 334 1880 sunt.
355 1854 378 1881 l.
405 1855 540 1884 Domuum
561 1849 714 1889 Antiochia:
728 1864 873 1897 praesulem

79 1894 169 1922 fuisse
194 1896 348 1932 depositum
363 1919 370 1932 ,
402 1900 471 1936 quod
495 1903 613 1938 capitula
644 1914 696 1932 non
724 1894 871 1943 reciperet,

79 1940 286 1971 Theodoretum
300 1952 379 1978 vero,
391 1946 460 1981 quod
476 1947 602 1977 hwreseoa
622 1951 762 1987 princeps;
777 1940 872 1982 Crasse

77 1991 123 2014 est
134 1987 257 2024 ἔξαρχος,
272 1998 332 2025 qua:
355 1999 408 2018 vox
423 1991 622 2028 signiﬁcantior
646 2003 728 2031 quam
752 1997 869 2027 Latina:

78 2032 181 2061 ducem
199 2034 273 2062 enim
287 2040 315 2064 et
328 2037 405 2071 quasi
416 2037 603 2067 dominantem
615 2041 759 2077 signiﬁcat.

113 2079 142 2105 Ξ.
156 2079 318 2108 Dioscorum
341 2083 429 2117 palam
446 2087 574 2113 testatum
594 2094 665 2120 esse,
690 2089 764 2123 quod
779 2090 870 2126 Ephe.

77 2125 140 2151 ain:
152 2133 170 2152 ιι
185 2127 306 2162 synodus
320 2130 492 2159 convenisset
507 2131 649 2166 duntaxat,
670 2143 679 2160 ‹
698 2138 728 2161 ut
735 2125 874 2171 judicium

694 162 748 192 DE'
762 164 889 196 LIBRIS
909 168 1158 205 THEODORETI.

111 205 243 234 beneﬂcio
258 215 322 244 erga
338 217 366 238 se
382 210 471 244 sileat,
490 214 611 242 ostendit
629 216 701 245 clare
714 227 744 246 se
769 228 802 247 eo
824 226 895 249 tem-
910 226 933 254 Λ
947 224 981 252 de
993 224 1046 253 ﬁde
1060 234 1240 261 personarum
1252 235 1440 265 exerceretur,
1463 240 1526 261 non

111 259 175 265 ﬂ“
192 254 310 265 ,μαψ
402 258 408 265 .
460 259 467 265 .

1684 182 1738 214 306

1543 234 1609 262 item
1632 236 1666 264 de
1681 238 1737 265 cri-

948 271 1080 299 minibus.
1097 282 1107 299 ι

980 317 1007 343 5.
1019 317 1059 344 Ad
1072 318 1146 347 hunc
1161 327 1248 355 usque
1260 321 1334 349 diem
1345 322 1521 352 Theodoram
1537 325 1625 354 invisa
1649 327 1734 356 fuisse

944 370 1081 399 exosaque
1094 366 1224 400 capitula.
1246 377 1255 393 ‹
1271 368 1460 403 Explodantur
1471 379 1545 399 nunc
1562 373 1673 402 tandem
1685 383 1733 403 ca—

943 409 1041 443 pitula,
1055 418 1116 445 quae
1137 413 1237 447 saepius
1250 418 1329 441 antea
1339 414 1520 450 damnarunt,
1527 418 1629 453 Ephesi
1640 425 1732 448 autem

943 463 1033 490 nuper
1045 457 1245 492 approbarunt.
1263 469 1273 485 ι

978 501 1009 528 ι..
1019 501 1176 536 Maximum,
1205 506 1251 540 qui
1272 506 1378 534 Domno
1395 508 1561 545 subrogatus
1577 517 1618 540 est
1639 513 1668 540 in
1689 521 1732 541 se-

941 545 1005 573 dem
1021 546 1220 577 Antiochenam
1233 571 1241 583 ,
1267 559 1323 579 non
1342 552 1427 581 fuisse
1449 556 1605 584 ordinatum
1631 558 1658 586 in
1672 559 1730 594 ipsa

941 592 1045 627 synodo
1064 593 1213 628 Ephesius,
1230 596 1278 624 sed
1301 603 1363 632 post
1386 599 1452 627 istas
1470 600 1575 629 litteras
1602 592 1729 638 scriptas.

944 646 953 663 ι
972 637 1036 665 Post
1054 639 1256 669 ordinationem
1277 650 1343 671 sane
1371 645 1496 679 praesidis
1509 645 1640 680 Orientis,
1654 637 1730 683 pate-

940 682 987 710 tiet
1000 691 1115 719 prorsus
1128 694 1209 715 mens
1225 691 1253 715 et
1269 691 1407 718 sententia
1425 682 1676 728 uniuscujusque}
1690 694 1730 722 Ne

938 729 1001 762 quis
1014 731 1133 765 prmidis
1146 733 1259 762 nomine
1275 735 1433 763 saecularem
1451 741 1614 772 potestatem
1629 739 1730 767 intelli-

936 779 997 808 gat;
1011 783 1074 804 nam
1087 776 1116 804 in
1129 777 1223 806 Graeco
1234 784 1286 812 est,
1297 782 1463 815 χειροτονίαν
1475 782 1522 810 τοῦ
1530 781 1576 818 τῆς
1586 784 1735 820 “Avertat-7;:

937 820 1079 855 προέδρου.
1100 821 1299 851 Ordinationcm
1316 825 1399 859 illius,
1417 828 1462 862 qui
1477 829 1593 863 primum
1614 828 1734 857 Orientis:

936 865 1088 894 cathedram
1103 868 1222 896 obtinuit.

904 894 924 923 Β
972 911 998 938 5.
1017 911 1058 939 Ab
1073 894 1318 943 iisTheodoretum
1339 917 1498 945 damnatum
1516 919 1550 947 ob
1563 919 1692 952 heresin,
1711 928 1733 947 aa

936 957 1037 991 quibus
1051 958 1117 985 olim
1133 959 1248 988 miriﬁce
1263 961 1436 990 laudabatur.
1454 973 1465 989 ‹
1479 963 1640 992 Laudabant
1666 972 1732 1000 qua

935 1009 951 1029 ι
970 1010 1014 1031 me
1035 1002 1192 1032 Antiochiae
1212 1013 1264 1040 pro
1282 1007 1416 1036 concione
1438 1008 1612 1042 dicebantur,
1636 1015 1694 1038 tum
1709 1018 1730 1038 ο

935 1055 1051 1076 numero
1063 1048 1179 1076 fratrum
1198 1058 1262 1078 cum
1278 1056 1381 1084 essent,
1400 1056 1460 1080 tum
1475 1053 1593 1082 lectores
1607 1055 1682 1087 facti,
1697 1060 1726 1083 et

934 1092 1042 1121 diaconi
1057 1094 1188 1128 ordinati,
1199 1097 1400 1133 etpresbyteri,
1409 1103 1437 1126 et
1447 1098 1568 1134 episcopi
1580 1109 1588 1133 ;
1606 1104 1635 1127 et
1646 1100 1724 1128 linito

933 1146 1061 1166 sermone
1075 1141 1303 1175 amplexabantur
1326 1143 1616 1180 deosculabautnrque
1638 1150 1666 1173 et
1677 1153 1723 1173 ca-

933 1188 999 1218 put,
1029 1189 1058 1212 et
1081 1190 1187 1221 pectus,
1201 1191 1230 1215 et
1249 1196 1362 1223 manus;
1378 1191 1505 1218 nonuuHi
1530 1191 1727 1227 etiamgenua.

931 1230 1090 1265 tangebam,
1103 1232 1257 1261 doctrinam
1276 1239 1399 1263 nostram
1409 1235 1422 1248 '
1437 1237 1613 1271 apostolicam
1626 1237 1721 1272 appel-

930 1274 1036 1303 lantes:
1050 1281 1078 1304 et
1091 1277 1163 1306 hane
1176 1278 1258 1307 modo
1273 1279 1450 1314 damnarunt,
1463 1282 1534 1309 hanc
1546 1283 1725 1311 anathemate

930 1319 1120 1355 conﬁxerunt;
1135 1327 1217 1358 atque
1229 1332 1280 1360 ego
1292 1325 1348 1358 ille,
1362 1334 1444 1361 quem
1455 1327 1548 1355 lumen
1575 1328 1718 1360 vocabant.

929 1373 985 1393 nou
998 1366 1120 1396 Orientis
1139 1369 1235 1403 solius,
1252 1370 1300 1398 sed
1311 1371 1388 1399 orbis
1401 1373 1535 1406 universi,
1547 1375 1720 1410 proscriptus

929 1417 1026 1438 SHHLI
1053 1426 1057 1430 '
1507 1442 1512 1446 .

964 1455 990 1483 6.
1007 1456 1188 1486 luterdict‘um
1212 1459 1300 1490 fuisse
1327 1468 1445 1497 aqua‘et
1466 1464 1539 1500 igne.
1554 1474 1564 1492 ι
1583 1465 1622 1494 Ne
1641 1466 1723 1501 panis

928 1503 1051 1536 quidem,
1064 1509 1198 1539 quantum
1223 1507 1251 1534 in
1277 1508 1344 1543 ipsis
1365 1513 1418 1542 est,
1438 1511 1612 1540 usurafruor
1627 1521 1642 1539 :.
1656 1520 1723 1540 [tam

927 1552 956 1574 et
971 1547 1005 1575 iis
1021 1549 1068 1584 qui
1085 1557 1135 1578 nos
1147 1551 1334 1587 alloquuntur.
1351 1555 1496 1583 anathema
1512 1555 1652 1585 dixerunt.
1668 1568 1679 1583 ι

962 1593 988 1620 7,
1003 1593 1054 1626 Qui
1067 1594 1210 1630 Eutychen
1227 1596 1424 1626 damnaverant
1437 1599 1674 1636 Constantinopoli
1688 1603 1718 1631 in

925 1638 1046 1666 concilio
1065 1639 1206 1675 Flaviani,
1223 1642 1297 1670 hunc
1321 1643 1396 1678 ipsos
1422 1644 1524 1680 Ephesi
1554 1647 1714 1676 absolvisse.

930 1692 938 1708 ι
954 1682 1041 1717 Quem
1058 1685 1140 1720 paulo
1151 1691 1215 1715 ante
1233 1687 1429 1723 deposuerant,
1443 1693 1471 1717 et
1484 1691 1620 1719 Valentini
1634 1693 1717 1727 Apol-

925 1727 1077 1764 liuarisque
1094 1731 1237 1760 erroribus
1253 1732 1383 1761 infectum
1404 1735 1627 1769 pronuntiarant,
1641 1736 1716 1764 hunc

926 1775 1056 1808 tanquam
1074 1774 1138 1803 ﬁdei
1155 1776 1289 1805 victorem
1307 1778 1444 1811 colebant,
1463 1780 1578 1815 ejusque
1598 1781 1715 1816 pedibus

925 1818 1152 1854 advolvebantur,
1181 1826 1210 1850 et
1232 1824 1341 1852 veniam
1359 1826 1528 1860 poscebant,
1549 1832 1578 1854 et
1604 1827 1716 1857 Patrem

925 1864 1096 1898 spiritualem
1111 1868 1315 1903 nuncupabant,
1331 1879 1340 1896 ›
1358 1876 1412 1898 etc.

963 1911 1027 1939 Haec
1054 1915 1129 1940 tanta
1154 1918 1264 1949 tantque
1296 1915 1450 1945 vehemens
1474 1917 1645 1953 objurgatio,
1670 1918 1713 1946 vel

925 1964 1009 1984 unum
1043 1958 1087 1985 vel
1111 1959 1228 1988 maxime
1243 1959 1376 1990 Basiliunr
1401 1961 1533 1990 Seleuciae
1555 1963 1714 1999 episcopum

924 2002 1004 2037 petit,
1029 2004 1146 2032 amicum
1160 2013 1258 2040 nempe
1275 2011 1396 2034 veterem
1415 2015 1447 2036 ac
1466 2008 1640 2041 familiarem,
1664 2010 1713 2044 qui

924 2047 1034 2083 utrique
1047 2049 1165 2077 concilio
1185 2049 1307 2079 Flaviani
1325 2055 1354 2079 et
1366 2051 1490 2080 Dioscori
1501 2053 1599 2086 adfuit,
1618 2053 1714 2082 tidem-

899 2087 905 2091 ’
924 2101 978 2128 que
998 2093 1026 2121 in
1041 2093 1146 2128 Deum,_
1161 2099 1189 2123 et
1207 2096 1356 2126 amicitiam
1380 2097 1408 2125 iu
1426 2098 1630 2126 Theodoretum
1646 2107 1711 2134 pro-

925 2137 1004 2171 didit,
1021 2138 1225 2168 chamaeleontis
1237 2141 1324 2169 instar
1342 2142 1460 2178 speciem
1476 2149 1660 2172 commutatis.

587 2280 670 2317 358
686 2286 898 2320 ADMONITIO

915 2290 970 2320 AD
985 2289 1195 2322 LECTOREM'.

77 2348 115 2376 Ut
127 2349 208 2377 ﬁdem
223 2359 283 2388 pag.
300 2353 352 2382 135
369 2354 461 2383 datam
477 2355 635 2392 liberemus,
653 2361 773 2394 prolixas
790 2363 851 2392 illas
867 2365 1012 2401 adjicimus
1032 2366 1252 2400 observationes,
1265 2375 1335 2403 quas
1351 2369 1500 2398 Gamerius
1514 2370 1598 2406 (edit..
1607 2372 1708 2407 prioris

113 2403 142 2431 p.
161 2396 196 2424 55
214 2398 303 2434 seqq.)
318 2400 436 2436 subjecit
451 2401 575 2437 epistolis
590 2404 618 2431 in
633 2405 762 2434 Auctario
777 2396 999 2444 primum'editis.
1014 2413 1068 2440 Has
1086 2412 1197 2448 quidem
1211 2396 1341 2449 epistolas
1352 2396 1477 2450 proximo
1484 2396 1546 2452 post
1557 2396 1627 2451 illas,
1640 2425 1709 2453 quas

114 2441 279 2472 Sirmoudus
293 2445 349 2481 jam
363 2446 485 2483 dederat,
500 2450 570 2485 loco,
586 2450 648 2479 vide
662 2456 682 2480 t.
699 2452 744 2486 Π,
762 2441 828 2483 edit.
845 2462 946 2486 nostra:
963 2466 990 2493 p.
1007 2459 1076 2487 1279
1090 2441 1167 2495 seqq.

74 2498 85 2509 ‘
100 2498 224 2534 Epistola
245 2500 306 2534 M8,
320 2501 557 2543 .Commgnitorium
573 2507 667 2543 Cyrilli

308 2537 396 2571 donia,
413 2539 526 2568 Romam
543 2537 632 2570 misso.

113 2589 135 2617 Ι.
151 2589 286 2624 Quoniam
307 2594 431 2629 epistola:
442 2596 624 2631 Theodoreti,
640 2608 710 2635 quas
720 2601 847 2630 addimus
858 2624 865 2636 ,

73 2635 219 2669 pertinent
237 2644 333 2666 omnes
343 2639 378 2666 ad
387 2648 431 2668 res
445 2641 576 2676 Nestorii,
585 2644 672 2671 visum
692 2649 734 2674 est
747 2648 867 2681 praemit-

75 2680 195 2708 lcndum
207 2681 303 2718 Cyrilli
317 2684 578 2721 Commonitorium,
594 2690 667 2724 quod
689 2691 717 2717 in
730 2691 803 2720 hunc
821 2700 866 2720 us-

683 2510 778 2539 datum
795 2512 870 2541 Poai—
885 2515 908 2543 Ι)
924 2522 977 2549 que
987 2515 1061 2543 diem
1073 2515 1179 2543 editum
1190 2523 1245 2543 non
1259 2516 1311 2544 fuit
1325 2517 1347 2533 "
1359 2521 1428 2550 rut,
1445 2519 1582 2553 quoniam
1598 2519 1709 2547 initium

918 2559 1107 2596 deditjudicio
1121 2561 1171 2588 toti
1186 2561 1319 2590 adversus
1329 2563 1485 2591 Nestorium
1497 2564 1607 2597 habito,
1617 2565 1709 2593 lucem

919 2604 1016 2633 atterat
1026 2606 1216 2641 sequentibus,
1229 2607 1330 2642 quibus
1342 2608 1445 2644 negotii
1463 2610 1541 2644 quasi
1550 2617 1705 2645 processus,

919 2654 967 2676 aut
982 2654 1057 2678 certe
1069 2651 1156 2678 series
1164 2651 1333 2678 continetur.

956 2694 989 2722 ll.
1016 2695 1136 2731 Cyrillus
1163 2697 1260 2724 amicis
1291 2697 1406 2725 duabus.
1425 2698 1526 2726 litteris
1549 2699 1709 2727 Nestorium

771 2773 928 2801 SCHL'LZH
940 2773 1056 2803 NOTAE.

113 2830 219 2868 ’f_Vid.
241 2840 333 2867 supra,
351 2841 376 2868 p.
404 2834 463 2861 20L

70 2870 89 2893 ι.
120 2865 248 2894 lCotlcct.
266 2865 338 2895 nam
351 2865 532 2898 ronciliorum.

515 2836 536 2852 "
549 2837 609 2865 Vid.
634 2846 725 2873 supra,
746 2844 764 2866 t.
779 2840 826 2872 ιγ,
840 2849 865 2875 p.
887 2841 967 2870 1215.
1003 2843 1024 2858 ³⁵
1041 2842 1080 2869 Ex
1108 2828 1377 2870 Sirurondijschcdis
1391 2843 1496 2872 editqu
1508 2849 1549 2872 est
1563 2852 1577 2870 ει
1597 2843 1709 2871 Balusio
