1967 3047
211 167 262 198 307

775 164 963 195 GARNERU
986 164 1233 194 DISSER’I‘ATIO
1254 165 1281 194 II
1287 189 1293 194 .

1790 165 1841 196 308

211 224 338 251 hortatus
351 222 442 250 fuerat
459 226 488 249 ut
503 228 625 249 errarent
645 220 815 256 corrigeret,
831 225 864 257 et:
880 220 1002 248 concita-
1016 223 1038 250 A
1088 221 1156 248 VIII.
1173 221 1319 249 Caelestius
1331 221 1375 248 ille
1389 218 1507 248 Nestorii
1518 219 1690 263 administer,
1703 218 1758 248 non
1772 222 1842 249 alter

214 275 254 296 tas
273 269 330 296 suis
344 267 524 296 concionibus
550 267 645 294 turbas
665 266 794 294 sedaret:
811 266 936 302 utrisque
955 274 1001 294 rc-

211 315 360 350 spondcrat
374 314 420 341 ille
436 313 560 348 quidem,
575 313 622 340 sed
635 313 734 348 primis
744 313 935 348 contemptim,
956 319 1001 340 Se-

211 361 308 388 cundis
332 359 541 388 contumaciter.
564 359 682 394 Cyrillus
710 359 807 386 videns
838 367 950 394 operam
973 366 1002 386 se

212 405 338 439 perdere,
354 405 521 433 monendum
536 404 655 432 credidit
673 412 813 431 summum
830 403 999 438 pontiﬁcem,

212 455 241 477 ut
254 451 402 486 apostolica
421 451 585 478 auctoritate
598 454 739 477 coerceret
753 457 832 476 norm
847 450 940 476 Romae
953 457 1001 476 an-

212 496 343 529 tistitem;
358 504 444 531 quare
458 496 534 523 misit
542 496 656 523 Romam
673 496 707 523 ad
722 499 850 524 sanctum
872 495 999 523 Caelesti-

211 551 276 570 num
297 543 486 576 Posidonium,
505 543 552 578 qui
569 543 721 570 remedium
743 542 836 570 afferri
853 543 924 570 malo
937 550 1000 577 pro-

210 593 330 616 turaret.
344 589 411 616 Erat
421 589 467 616 ille
480 589 671 616 Alexandrinae
684 588 815 616 Ecclesiae
830 589 1002 616 archidiaco-

210 642 272 665 nus,
287 635 330 661 vir
346 635 469 670 apprime
493 635 660 667 catholicus,
678 639 706 662 et
730 635 757 661 in
774 635 859 662 rebus
872 635 999 670 gerendis

210 680 363 708 industrius
373 688 404 708 ac
425 685 565 708 strenuus.
581 681 630 708 Hic
643 683 738 715 postea
753 681 897 716 presbyter
911 680 1000 708 factus

209 727 311 754 missus
331 732 373 754 est
395 735 489 755 rursus
504 728 618 754 Romam
633 735 647 754 a
664 727 795 754 Dioscoro
811 735 908 755 recens
926 727 1001 754 ordi—

209 775 285 804 nato,
300 776 330 799 ut
341 772 375 800 de
386 773 560 800 ordinatione
578 777 701 800 sanctum
719 772 839 800 Leonem
851 773 998 801 certiorem

208 817 346 845 faceret"
362 827 368 845 :
386 819 487 846 missus
500 823 552 851 est,
565 819 688 854 inquam,
703 826 776 846 anno
786 819 848 846 M5.

206 885 211 890 ,
244 862 289 890 III.
308 862 427 891 Abeunti
448 864 565 900 Cyrillus
580 863 827 892 Commonitorium
841 864 928 896 dedit,
942 872 997 899 quo

1053 266 1105 293 fuit
1123 266 1225 302 procur
1237 266 1332 298 dubio,
1353 273 1435 301 quam
1458 265 1560 300 Pelagii
1587 266 1690 299 socius,
1713 266 1767 293 dux
1795 271 1842 294 aut

1052 312 1179 339 incentor
1194 311 1389 346 episcoporum
1404 311 1599 346 Pclagianismi
1613 319 1696 338 causa
1713 319 1744 339 ex
1764 312 1841 340 Italia

1052 358 1177 386 exsulum
1191 366 1197 384 ε
1211 357 1333 385 nondum
1351 357 1419 385 urbe
1442 357 1515 392 regia
1533 361 1600 384 tunc
1631 358 1764 392 temporis
1785 359 1842 394 eje-

1052 409 1113 431 ctus
1127 409 1187 431 erat
1201 411 1263 430 cum
1278 403 1398 436 Iuliano,
1414 403 1550 435 Persidio,
1572 403 1663 435 Floro,
1686 403 1799 431 Orentio
1814 409 1842 432 et

1053 450 1223 477 Marcellino.
1246 449 1300 477 Sed
1325 449 1410 485 gratia
1434 449 1555 484 pollebat
1571 449 1644 484 apud
1671 450 1840 482 Nestorium,

1051 496 1153 531 quippe
1166 495 1213 530 qui
1240 496 1355 523 sentiret
1381 495 1454 523 idem
1479 503 1541 522 cum
1557 496 1625 531 ipso,
1644 497 1770 531 quamvis
1784 506 1839 525 non

1051 542 1175 569 eamdem
1205 542 1241 568 ob
1267 549 1388 574 causam,
1403 541 1437 569 de
1462 540 1566 568 Christi
1589 547 1696 569 matre:
1724 547 1841 578 uterque

1050 588 1123 615 enim
1148 587 1293 622 Deiparam
1308 595 1372 615 vere
1384 595 1445 615 esse
1461 587 1646 621 diﬂitebatur;
1670 588 1717 615 sed
1743 589 1842 616 Nesto-

1050 634 1119 665 rius,
1143 633 1207 668 quia
1234 633 1375 661 Christum
1401 641 1457 660 non
1487 632 1618 661 credebat
1647 642 1711 661 vere
1737 634 1840 668 Deum;

1049 680 1205 711 Caelestius,
1224 679 1366 714 quoniam,
1390 679 1440 707 etsi
1460 679 1601 707 Christum
1618 679 1751 708 fateretur
1777 689 1841 708 vere

1049 725 1146 759 Deum,
1167 734 1200 754 ex
1223 726 1328 754 meritis
1344 729 1445 758 tamen,
1467 734 1530 753 cum
1546 726 1721 760 adolevisset,
1737 735 1792 755 non
1807 735 1842 755 ex

1049 777 1123 804 ortu,
1150 779 1212 800 cum
1230 772 1350 807 primum
1378 768 1512 799 formatus
1528 776 1580 804 est,
1600 771 1772 799 divinitatem
1797 780 1842 799 ac-

1049 818 1154 853 cepisse
1168 818 1363 845 contendebat.
1378 817 1618 853 Constantinopoli
1640 826 1723 854 porro
1748 819 1841 854 impu-

1049 873 1097 892 rus
1107 864 1252 892 eunuchus
1269 864 1297 891 id
1310 863 1419 899 agebat,
1435 863 1508 899 quod
1521 864 1624 899 ubique
1644 865 1758 898 solitus;
1771 873 1840 900 quos

208 907 329 936 Nestorii
349 908 426 942 fides,
443 909 565 937 breviter
577 909 699 944 quidem,
717 910 764 937 sed
786 910 859 938 clare
882 911 997 946 exponi-
1013 900 1033 929 Β
1049 917 1148 946 nempe
1179 909 1322 945 originalis
1348 909 1453 944 peccati
1481 909 1644 937 defensores
1667 910 1769 942 sciret,
1793 918 1841 938 eos

209 957 256 981 ωι-
272 963 278 981 :
295 954 372 982 dedit
392 960 421 982 et
436 961 526 983 tomos
542 957 665 991 quinque
683 956 815 984 adversus
838 956 997 984 Nestorium

208 1006 223 1026 ι
236 1007 266 1027 se
285 1001 461 1037 compositos,
482 1001 529 1029 ubi
554 1002 731 1036 blasphemiae
746 1003 910 1030 concionum
924 1002 998 1030 Con-

209 1045 384 1081 stantinopoli
396 1046 562 1078 habitarunt,
575 1051 604 1074 et
620 1047 735 1084 Romam
746 1047 780 1073 ab
792 1047 929 1075 Antiocho
938 1047 999 1074 viro

208 1089 307 1118 illustri
323 1091 486 1123 delatarum,
500 1091 658 1119 referuntur
671 1096 700 1119 et
710 1092 900 1121 confutantur.

240 1135 286 1164 IV.
307 1137 405 1164 Datum
432 1142 475 1165 est
491 1137 742 1165 Commonitorium
764 1145 860 1166 mense
888 1138 995 1173 Aprili,

206 1190 279 1209 anno
297 1182 358 1214 450,
380 1184 459 1219 cujus
479 1184 542 1210 anni
559 1183 576 1210 5
590 1183 654 1211 ldus
669 1184 784 1219 Augusti
800 1185 998 1220 consignantur

207 1228 316 1261 litterae,
341 1229 444 1264 quibus
467 1229 633 1257 Ctelestinus
653 1229 766 1264 Cyrillo,
788 1234 852 1264 post
869 1235 996 1258 coactum

207 1275 300 1302 Roma:
315 1275 463 1302 concilium
480 1279 508 1302 et
531 1283 642 1302 causam
656 1275 776 1303 Nestorii
794 1277 846 1303 rite
859 1277 996 1311 cognitam

206 1323 288 1355 atque
302 1320 463 1356 judicatam,
478 1321 637 1356 respondet.

240 1367 357 1400 V.Quin
376 1368 510 1402 scriptum
537 1367 612 1394 istud
635 1375 731 1395 verum
756 1367 802 1400 sit,
833 1372 861 1396 et
881 1369 996 1396 minime

206 1418 374 1449 suspectum,
387 1414 479 1441 nullus
492 1414 622 1448 equidem
634 1414 730 1442 dubito
745 1423 751 1441 :
766 1414 897 1442 convertit
909 1415 994 1448 enim,

206 1459 295 1494 primo
317 1467 379 1487 cum
396 1459 511 1486 historia
534 1464 688 1494 temporum
713 1459 873 1494 negotiique
895 1460 993 1488 Νεειο-

205 1506 275 1533 riani
297 1507 434 1542 adjunetis
446 1515 451 1533 :
464 1506 564 1533 deinde
581 1513 643 1533 cum
661 1505 756 1541 Cyrilli
771 1507 907 1538 moribus,
920 1507 994 1534 soliti

1050 956 1201 992 impietatis
1216 955 1372 983 Manichma:
1388 955 1544 983 accusabat.

1083 1000 1129 1028 IX.
1140 1000 1293 1028 Consessus
1303 1000 1360 1028 sive
1372 1000 1531 1036 synedrion,
1548 1008 1603 1036 quo
1618 1001 1652 1028 de
1668 1001 1769 1036 agitur,
1794 1000 1839 1027 illa

1051 1047 1107 1082 ipsa
1120 1050 1162 1073 est
1176 1046 1308 1081 synodus,
1329 1052 1413 1080 quam
1433 1045 1576 1073 Nestorius
1599 1051 1721 1073 sanetam
1749 1051 1838 1078 vocat,

1050 1093 1076 1119 in
1089 1092 1219 1120 secundis
1234 1092 1336 1119 litteris
1352 1091 1387 1118 ad
1406 1091 1549 1127 Cyrillum.
1563 1091 1630 1119 Vide
1640 1092 1774 1126 prolixam
1793 1100 1840 1120 su-

1048 1147 1097 1174 per
1110 1146 1141 1166 ea
1153 1146 1183 1165 re
1198 1137 1405 1165 annotationem
1423 1142 1544 1164 nostram
1569 1138 1602 1165 ad
1618 1138 1724 1165 litteras
1742 1138 1840 1166 Nesto-

1049 1183 1125 1216 torii,
1142 1187 1220 1219 parte
1248 1191 1264 1210 ιι
1297 1183 1416 1218 Operum
1436 1183 1514 1211 Marii
1534 1183 1708 1217 Met-caloris,
1725 1191 1787 1220 pag.
1804 1185 1839 1212 6‘2

1047 1233 1076 1256 ct
1095 1236 1172 1264 seqq.

1082 1275 1116 1302 Χ.
1135 1276 1173 1303 De
1201 1275 1338 1303 sententia
1363 1283 1447 1310 porro
1473 1274 1501 1302 in
1526 1275 1694 1311 Philippum,
1716 1276 1838 1312 aliosque

1046 1321 1148 1356 Cyrillo
1173 1320 1298 1348 addictos
1323 1320 1451 1352 clericos,
1469 1320 1648 1356 intelligenda
1674 1326 1739 1348 sunt
1753 1323 1838 1350 verba

1048 1367 1100 1394 ista
1115 1366 1247 1399 Nestorii,
1264 1367 1290 1394 in
1316 1366 1419 1394 litteris
1442 1375 1510 1401 quas
1522 1367 1578 1394 dixi
1590 1376 1596 1394 :
1610 1367 1729 1394 Γίνωσκε
1751 1368 1777 1394 δὲ
1791 1377 1839 1394 πε-

1046 1413 1219 1449 πλανημένον
1241 1413 1339 1439 σαυτὸν
1354 1413 1406 1440 ὑπὸ
1423 1412 1476 1439 τῶν
1502 1413 1552 1449 τῆς
1584 1413 1634 1449 σῆς
1662 1413 1726 1446 ἴσως
1755 1414 1840 1441 διαθέ-

1047 1468 1115 1491 σεως
1128 1459 1278 1495 κληρικῶν,
1290 1459 1342 1486 ὑπὸ
1358 1459 1535 1486 τῶνένταῦοα
1547 1460 1600 1487 ἀπὸ
1618 1461 1666 1496 τῆς
1680 1460 1760 1494 ἁγίας
1773 1469 1837 1487 συν-

1045 1506 1104 1532 όδου
1122 1506 1340 1542 διατηρημένων,
1357 1505 1395 1537 ὼς
1406 1505 1440 1532 τὰ
1454 1506 1612 1542 Μανιχπιίων
1625 1507 1805 1542 φρονούντων.

205 1552 263 1579 suis
280 1551 500 1579 commonitoriis
516 1551 631 1583 docere;
649 1550 690 1578 sic
716 1551 910 1585 apocrisiarius
923 1552 995 1579 Con-
1009 1569 1032 1601 ο
1083 1552 1128 1579 XI.
1152 1552 1182 1579 In
1203 1552 1298 1580 eadem
1318 1551 1422 1588 synodo
1446 1553 1569 1580 sancitus
1596 1558 1639 1580 est
1662 1561 1751 1580 canon
1780 1554 1836 1586 ille,

204 1597 382 1633 stantinopoli
395 1597 570 1630 dissidentes,
587 1597 628 1624 sic
643 1597 788 1633 Eulogium
803 1599 905 1626 ibidem
920 1607 994 1626 com-

205 1648 356 1671 morantem
372 1643 486 1671 docuit:
504 1647 598 1678 postea
616 1651 679 1671 cum
705 1643 832 1671 doctrina
852 1644 933 1679 359
944 1644 996 1680 Cy-

205 1689 269 1721 rilli,
291 1689 397 1720 eadem,
427 1696 488 1723 quae
510 1689 556 1716 ltic
570 1693 711 1722 notantur,
729 1690 818 1724 capita
836 1689 994 1717 Nestoriani

204 1734 308 1761 cmris
328 1734 356 1761 in
378 1734 460 1761 tomis
473 1735 613 1769 arguentis
641 1744 647 1761 :
663 1735 783 1770 denique
797 1743 860 1762 cum
878 1732 994 1770 epistola

205 1780 324 1807 secunda
337 1779 456 1806 Nestorii
467 1779 500 1806 ad
512 1779 656 1815 Cyrillum,
671 1780 721 1807 ubi
738 1788 829 1808 sermo
847 1780 876 1808 ﬁt
887 1781 922 1809 de
936 1782 993 1809 cle-

206 1826 272 1853 ricis
283 1825 480 1852 Manichzeismi
494 1825 522 1852 in
537 1831 675 1853 conventu
689 1825 837 1854 damnatis.

239 1870 283 1898 VI.
298 1870 337 1897 Ex
347 1878 380 1898 eo
401 1870 518 1905 plurima
546 1871 738 1906 lntelliguntur
760 1872 838 1900 utilia
854 1872 888 1899 ad
903 1872 994 1900 histo-

205 1916 274 1944 riam
284 1925 294 1943 ε
306 1916 336 1944 ﬁt
350 1916 424 1944 enim
438 1918 541 1944 mentio
552 1917 671 1952 Philippi
688 1918 852 1953 presbyteri,
869 1919 916 1954 qui
942 1919 995 1946 Ne-

205 1963 320 1990 storium
332 1963 431 1999 arguit,
445 1962 566 1990 leestii
580 1971 594 1990 a
624 1963 755 1991 Nestorio
786 1964 940 1997 subornati,
959 1965 992 1992 ad

205 2008 403 2044 imponendum
425 2008 554 2044 Philippo
575 2009 691 2042 crimen,
718 2009 805 2037 habiti
835 2019 850 2038 a
865 2010 993 2039 Nestorio

205 2064 360 2089 consessus,
378 2060 405 2083 et
421 2056 565 2083 sententiae
579 2056 605 2082 in
625 2055 783 2092 Philippum
804 2057 895 2090 dictae,
908 2065 940 2085 ac
951 2063 992 2085 to-

204 2108 323 2133 morum,
338 2100 372 2128 de
389 2099 491 2135 quibus
501 2100 638 2135 sigillatim
657 2100 760 2135 aliquid
769 2108 859 2136 operte
873 2102 992 2136 pretium

204 2150 247 2175 est
262 2147 421 2174 observare.

239 2193 295 2220 VII.
326 2193 471 2227 Philippus
494 2193 539 2219 ille
565 2192 709 2228 presbyter
730 2193 819 2228 magni
848 2193 901 2221 fuit
925 2195 990 2222 olim

1047 1605 1102 1632 quo
1116 1598 1261 1626 dicebatur
1276 1598 1422 1626 anathema
1433 1598 1470 1630 ei,
1486 1599 1534 1633 qui
1550 1598 1699 1626 afﬁrmaret
1712 1600 1835 1627 animum

1044 1644 1109 1671 Adit:
1126 1644 1269 1679 inpetrato
1287 1651 1341 1670 esse
1361 1649 1506 1676 mortuam,
1529 1652 1588 1671 tum
1600 1644 1721 1672 diabolus
1742 1646 1768 1672 in
1789 1655 1834 1673 cor

1045 1690 1161 1717 hominis
1174 1698 1226 1716 non
1242 1689 1421 1725 ingrediatur.
1450 1689 1532 1725 360
1548 1690 1614 1718 Vide
1630 1691 1731 1718 ibidem
1753 1695 1838 1720 totam

1045 1735 1128 1770 hujus
1158 1734 1271 1762 canonis
1287 1734 1443 1767 historiam,
1471 1736 1529 1763 suis
1544 1743 1560 1762 e
1583 1736 1704 1763 tenebris
1727 1741 1836 1765 erutam

1044 1780 1177 1808 adversus
1187 1780 1348 1815 popularem
1367 1787 1502 1807 errorem.

1078 1826 1136 1853 XII.
1151 1825 1229 1853 Tomi
1244 1825 1364 1860 denique
1379 1825 1486 1861 ἔχοντες
1498 1826 1531 1853 τὰ
1545 1827 1679 1862 κεφάλαια
1690 1826 1744 1854 τῶν
1756 1827 1838 1863 βλασ-

1044 1872 1154 1908 φημιῶν
1182 1872 1342 1907 Νεστορίου,
1374 1877 1439 1900 sunt
1466 1872 1493 1900 id
1523 1873 1624 1908 ipsum,
1658 1875 1733 1910 quod
1760 1875 1830 1902 uti

1044 1917 1099 1944 τῶν
1133 1917 1282 1954 Neam-opim)
1316 1918 1479 1953 δυσφημιῶν
1522 1919 1700 1952 πεντάϐιόλος
1739 1921 1835 1956 ἀντίρ-

1045 1963 1134 1998 ρησις.
1153 1962 1253 1990 Totum
1268 1962 1342 1990 enim
1365 1962 1419 1990 hoc
1432 1971 1502 1998 opus
1518 1972 1533 1991 a
1543 1963 1643 2000 Cyrillo
1666 1965 1784 1993 divisum
1793 1970 1838 1994 est

1044 2008 1072 2035 in
1089 2009 1211 2043 quinque
1231 2008 1330 2041 libros,
1345 2016 1415 2044 quos
1433 2009 1550 2044 ipsemet
1560 2010 1701 2045 inscripsit
1714 2011 1832 2046 Τόμους,

1044 2054 1087 2081 Fit
1113 2054 1236 2089 ejusdem
1264 2055 1356 2089 operis
1377 2055 1480 2083 mentio
1506 2054 1534 2082 in
1560 2057 1773 2084 commonitorio
1799 2057 1835 2086 ad

1045 2099 1209 2136 Eulogium:
1228 2100 1345 2128 alterum
1370 2100 1443 2128 enim
1472 2100 1524 2128 fuit
1545 2109 1671 2136 operum,
1698 2111 1760 2138 quae
1781 2104 1836 2131 sibi

1043 2145 1211 2181 Prtepositus
1224 2146 1267 2173 vir
1283 2147 1574 2182 magniﬁcentissimus
1594 2148 1653 2176 dari
1678 2151 1836 2185 postulave-

1044 2196 1086 2219 rat
1099 2201 1106 2218 :
1129 2191 1158 2218 ἓν
1170 2192 1220 2227 μὲν
1233 2192 1303 2218 κατὰ
1314 2193 1368 2219 τῶν
1376 2193 1524 2229 Νεστοριου
1543 2194 1715 2230 δυσφημιῶν.
1730 2196 1773 2223 Fit
1786 2204 1836 2231 pa-

204 2238 325 2265 nominis
345 2238 372 2269 in
391 2238 512 2265 Ecclesia
533 2237 848 2273 Constantinopolitana.
871 2239 993 2276 Chryso-
1012 2244 1033 2271 D
1046 2239 1114 2265 riter
1127 2238 1154 2265 in
1171 2239 1288 2274 epistola
1305 2239 1340 2267 ad
1351 2239 1483 2268 Acacium
1507 2241 1677 2275 Melitenum,
1693 2244 1740 2271 ubi
1753 2245 1837 2272 refert

203 2283 286 2310 stomi
296 2283 407 2309 hortatu
420 2282 531 2317 scripsit
546 2283 692 2311 Historiam
709 2283 902 2318 Christianam,
927 2293 991 2313 cum

203 2327 294 2354 adhuc
307 2331 381 2355 esset
394 2326 545 2359 diaconus;
564 2327 711 2363 presbyter
723 2328 811 2356 factus
826 2334 868 2356 est
883 2330 917 2357 ab
941 2331 989 2358 At-

202 2373 268 2405 tico,
288 2380 343 2408 quo
364 2380 380 2400 e
407 2373 478 2400 vivis
506 2378 644 2408 exempto,
671 2374 704 2401 de
729 2375 794 2402 sede
812 2376 990 2410 patriarchali

201 2417 354 2450 contendit,
372 2418 420 2445 sed
434 2417 546 2451 frustra,
556 2425 618 2445 cum
631 2418 770 2447 Sisinnio:
784 2429 838 2455 quo
849 2420 996 2456 defuncto,

201 2472 300 2491 rursus
314 2464 390 2491 venit
415 2464 444 2491 in
465 2465 671 2492 contentionem
702 2473 765 2493 cum
792 2467 901 2500 Proclo,
930 2476 991 2504 qua:

202 2518 285 2538 causa
296 2509 359 2541 fuit,
370 2517 417 2543 ne,
435 2510 522 2538 scisso
543 2510 572 2537 in
587 2515 680 2546 partes
699 2511 785 2544 clero,
817 2512 991 2542 Theodosius

202 2559 331 2582 evocaret
347 2555 493 2583 Antiochia
507 2555 683 2583 Nestorium:
699 2557 788 2591 arguit
804 2562 832 2585 et
846 2558 907 2593 ipse
920 2559 992 2588 inter

202 2599 306 2634 primos
316 2601 485 2634 Nestorium,
495 2606 524 2629 et
542 2601 577 2629 ab
593 2601 663 2636 ipso,
682 2607 744 2636 post
758 2602 920 2637 patefactam
936 2604 991 2630 hae-

205 2646 288 2678 resin,
304 2646 502 2674 discessionem
523 2647 603 2680 fecit;
634 2648 707 2674 unde
735 2650 914 2676 exacerbatus
935 2649 991 2676 Ne-

204 2692 306 2720 storius
324 2693 490 2720 calumniam
502 2693 554 2728 ipsi
566 2702 582 2721 a
597 2693 728 2721 leestio
757 2695 837 2725 strui,
857 2695 989 2730 litemque

207 2737 233 2764 in
246 2745 294 2764 sua
310 2737 414 2773 synodo
441 2738 546 2765 intendi
561 2739 730 2773 procuravit,
752 2739 808 2767 itno
825 2744 853 2767 et
877 2740 990 2769 insania:

205 2782 358 2810 lllanicham
369 2787 526 2810 accusatum
539 2784 655 2819 maligne
671 2785 818 2813 damnavit.

1045 2284 1165 2320 Cyrillus
1188 2284 1363 2313 conditiones
1390 2286 1477 2321 pacis,
1502 2287 1537 2314 ab
1563 2287 1749 2316 Orientalibus
1770 2297 1837 2324 pro-

1045 2331 1158 2365 positas.
1175 2330 1289 2357 Ἤθελον
1312 2331 1366 2366 γὰρ
1393 2332 1514 2367 ἀργῆσαι
1546 2333 1596 2368 μὲν
1627 2334 1775 2369 σύμπαντα.
1801 2336 1836 2362 τὰ

1046 2376 1112 2412 παρ’
1127 2376 1194 2411 ἐμοῦ
1212 2376 1353 2411 γραφέντα
1369 2376 1396 2404 ἐν
1415 2386 1445 2404 τε
1468 2378 1632 2411 ἐπιστολαῖς,
1658 2380 1705 2407 καὶ
1730 2381 1835 2415 τέμοις,

1046 2422 1092 2450 καὶ
1109 2422 1231 2458 βιϐλίοις.
1246 2422 1284 2449 De
1297 2423 1420 2457 epistolis
1436 2423 1523 2451 tribus
1536 2429 1584 2451 aut
1594 2429 1712 2459 quatuor
1722 2426 1836 2461 dogma-

1046 2468 1109 2496 ticis
1119 2468 1252 2502 loquitur,
1267 2468 1301 2495 de
1315 2468 1399 2496 tomis
1411 2468 1534 2504 quinque
1556 2469 1689 2498 adversus
1710 2471 1838 2505 blasphe-

1044 2513 1124 2546 mias,
1136 2517 1166 2541 et
1179 2513 1214 2541 de
1233 2513 1357 2541 scholiis.
1372 2514 1437 2542 Haec
1456 2514 1531 2542 enim
1551 2516 1645 2542 omnia
1670 2518 1766 2543 contra
1779 2516 1835 2544 Ne-

1045 2560 1161 2587 storium
1175 2559 1282 2587 directo
1300 2559 1375 2587 edita
1394 2564 1469 2587 sunt.

1079 2605 1151 2632 XIII.
1162 2604 1223 2632 Non
1234 2605 1332 2640 ignoro
1354 2609 1491 2633 tomorum
1506 2613 1606 2634 nomen
1623 2614 1683 2634 esse
1696 2608 1833 2642 generale,

1045 2656 1072 2678 et
1091 2651 1239 2686 aliquando
1247 2651 1312 2686 poni
1327 2659 1378 2687 pro
1388 2651 1531 2679 codicibus
1543 2660 1549 2678 :
1574 2652 1614 2680 sic
1626 2652 1778 2680 adhibitum
1792 2658 1835 2680 est

1044 2697 1078 2725 ab
1096 2697 1205 2725 Andrea
1216 2697 1406 2729 Samosateno,
1424 2697 1452 2725 in
1462 2697 1617 2733 objectione
1631 2699 1664 2725 ad
1681 2699 1793 2726 tertium
1805 2703 1835 2726 et

1044 2748 1173 2777 quartum
1202 2742 1473 2775 anathetnatismum,
1495 2743 1527 2770 ad
1541 2743 1746 2778 significandam
1772 2742 1834 2778 epi-

1044 2788 1141 2815 stolam
1168 2787 1261 2823 Cyrilli
1280 2788 1313 2816 ad
1336 2788 1488 2816 monachos
1508 2787 1627 2824 Egypti,
1645 2793 1673 2816 et
1690 2789 1831 2817 homiliatn

873 2852 1028 2880 Stilllillll
1049 2852 1163 2880 ΝΟΤιΕ.

238 2888 258 2903 ’ν
272 2883 330 2911 'v'id.
349 2884 432 2912 Leon.
449 2884 527 2919 epist.
548 2885 590 2912 48.
