1967 3047
129 122 182 154 κθ

732 130 780 160 DE
800 130 927 161 LIBRIS
946 130 995 159 ΤΠ
1001 130 1196 162 EODOBETI.

1708 134 1762 167 θιυ

131 182 290 211 Paschalem
308 183 351 210 18.
367 182 421 211 Sed
438 183 557 219 Cyrillus
577 184 604 212 in
627 185 807 219 responsione
832 185 916 213 absti-
935 190 953 213 Α
969 185 1015 220 jus
1030 186 1154 217 nomine.
1170 194 1289 221 quorum
1303 187 1428 216 consilio.
1455 188 1574 216 Dubium
1597 189 1671 217 istud
1698 199 1760 219 sex—

131 229 218 257 uuita
237 229 350 256 nomine
371 234 521 262 tomorum,
543 231 730 267 epistolasque
758 232 838 264 dixit,
854 240 923 267 quas

130 275 257 302 Andreas
276 276 284 284 '
308 279 396 302 tomos
409 276 582 310 appellasset.
602 277 705 305 Deinde
726 282 843 313 utroque
861 278 922 305 loco

131 320 354 356 citatoCyrillus,
369 322 510 349 mentione
529 322 602 350 facta
630 326 778 356 tomorum,
808 331 856 351 eos
879 323 921 350 vel

131 367 165 394 ab
180 367 302 402 epistolis
315 367 451 399 distinxit,
464 368 506 396 vel
520 368 618 396 eodem
644 369 756 396 nomine
770 368 920 404 inscripsit,

130 421 185 447 quo
202 413 434 440 contradictiones
446 413 516 441 κατὰ
526 413 579 441 τῶν
592 415 740 450 Νεστορίω
751 415 919 450 δυσφημιῶνι

167 459 237 486 XIV.
258 459 296 487 Ex
306 459 349 486 his
362 459 540 487 innotescunt
553 468 607 488 nou
620 469 718 496 pauca,
732 469 792 496 quae
809 461 922 489 fuerunt

129 505 265 533 hactenus
284 505 326 532 vel
343 505 434 540 ignota
446 506 488 532 vel
505 506 632 533 ob5cura.
647 507 670 534 Ι.
686 506 841 534 Adlmsisse
854 506 920 533 Phi—

129 552 234 587 lippum
249 551 351 586 Cyrillo
366 560 429 579 eum
452 552 562 581 clericis
589 553 661 586 aliis,
688 561 759 587 quos
777 552 921 580 Nestor-ius

128 597 261 633 Cyrillum
276 597 420 632 alloquens
435 598 577 633 vocat-ti};
604 598 653 633 σῆς
682 598 828 630 διαθέσεως
852 599 919 633 κλη-

130 643 236 678 ρικούς.
249 643 276 670 ‘2.
290 643 446 678 Philippum
471 643 595 680 arguisse
619 644 776 672 Nestorium
791 644 920 672 haeretica

129 689 286 723 docentem,
302 690 456 725 ducemque
468 689 553 718 fuisse
561 690 738 718 discessionis
751 691 825 718 illius
839 690 921 718 cleri-

128 743 226 762 corum
236 735 367 763 Ecclesia:
377 736 690 771 Constantinopolitanae
698 745 713 763 a
722 744 772 764 suo
780 736 919 771 episcopo,

129 787 211 814 quam
228 780 355 807 meminit
371 780 491 816 Cyrillus
514 781 548 808 ad
576 780 756 808 Ctelestinum
783 781 919 814 scribens,

128 826 350 860 leestinusque
361 827 388 853 in
407 826 508 854 litteris
517 826 551 854 ad
561 826 677 855 clericos
686 827 919 863 Constantinopo-

976 236 1044 264 tum,
1061 239 1095 259 an
1110 241 1124 260 τι
1139 233 1315 262 'I‘heodoreto
1335 234 1487 268 composita
1505 234 1540 261 sit
1570 235 1683 264 Joannis
1708 245 1760 264 nec

973 277 1057 310 mine,
1086 276 1158 312 quod
1183 279 1282 313 opinor
1296 279 1329 312 ης
1356 287 1391 306 an
1415 287 1430 306 a
1457 279 1562 307 Joanne
1594 281 1760 310 Theodoreti

973 322 1098 352 consilio.
1113 323 1187 357 quod
1204 323 1285 358 vulgo
1295 323 1406 351 dicitur.

1008 367 1041 394 ll.
1058 367 1166 403 Scripta
1180 372 1222 395 est
1235 369 1332 403 procul
1346 369 1442 402 dubio,
1470 374 1615 405 postquam
1645 372 1760 399 Posido-

972 413 1036 440 nius
1061 413 1190 440 Ecclesiae
1221 413 1411 442 Alexandrina:
1436 415 1587 448 diaconus,
1619 416 1705 444 Roma
1732 417 1760 444 in

971 458 1117 494 (Egyptum
1134 460 1231 492 redux,
1245 460 1352 489 litteras
1367 464 1423 488 tres
1443 468 1458 488 a
1475 466 1572 488 sancto
1597 461 1758 494 leeslino,

972 505 988 531 5
1000 504 1064 532 Idus
1081 505 1198 540 Augusti
1213 505 1290 533 datas
1304 506 1442 533 reddidit:
1462 506 1565 542 Cyrillo
1587 508 1761 536 Alexandriae

973 557 1056 582 unas;
1083 550 1198 583 alteras,
1223 550 1362 585 profectus
1379 551 1407 578 in
1426 552 1597 579 Palaestinam
1618 557 1645 580 et
1663 553 1761 582 Orien-

972 600 1037 628 tem,
1058 596 1183 624 Juvenali
1209 597 1469 633 Hierosolymitano,
1494 602 1521 626 et
1544 599 1643 627 Joanni
1662 600 1760 627 Antio-

972 642 1071 669 cheno.
1085 641 1153 670 Cum
1167 650 1234 678 ergo
1247 643 1305 670 haec
1325 643 1440 678 epistola
1463 648 1526 678 post
1550 649 1677 679 acceptas
1693 645 1760 673 alias

972 691 1028 714 tres
1040 687 1102 714 data
1117 687 1162 719 sit,
1175 691 1285 723 oportet
1300 692 1330 715 ut
1355 688 1491 723 pertineat
1512 688 1545 716 ad
1575 688 1657 717 finem
1677 689 1760 717 Octo-

972 731 1030 759 bris
1047 736 1095 759 aut
1118 732 1228 760 initium
1244 732 1408 761 Novembris
1431 734 1495 762 anni
1511 734 1572 762 450.
1589 735 1657 762 Nam
1682 736 1760 763 Posi—

971 778 1070 806 donius
1084 778 1112 806 in
1127 778 1268 807 Orientem
1283 780 1423 814 profectus
1447 785 1501 812 est,
1517 785 1663 816 antequam
1677 781 1761 817 Egyo

971 824 1012 859 pti
1028 824 1149 860 synodus
1164 826 1349 858 convenisset,
1367 829 1397 852 ut
1412 826 1559 854 conficitur
1574 834 1607 854 ex
1635 828 1761 862 epistolis

129 871 238 898 “mnos,
252 871 279 898 3,
292 872 426 899 Eumdem
451 872 608 908 Philippum
623 877 765 900 auctorem
795 880 854 900 esse
869 861 919 900 ob-
937 861 958 888 Β
972 869 1065 905 Cyrilli
1081 869 1115 897 ad
1137 870 1270 898 Joannem
1291 876 1320 898 et
1345 871 1516 899 Juvenalem.
1546 861 1681 901 Convenit
1696 881 1762 902 vero

130 917 287 945 testationis
303 918 387 950 illius,
405 926 466 953 qua:
478 918 579 954 legitur
591 919 619 946 in
644 920 731 953 prima
745 923 823 954 parte
839 919 921 946 Aeto-

131 973 191 992 rum
206 965 317 993 concilii
335 965 479 1000 Ephesini,
492 973 601 1000 quaque
618 965 739 993 Nestorii
758 973 820 992 cum
835 965 920 992 Paulo

130 1011 310 1039 Samosateno
325 1012 471 1039 consensio
484 1012 641 1047 exponitur.
656 1012 683 1039 4.
699 1011 834 1039 Eumdem
854 1011 919 1038 Phi-

133 1057 237 1092 lippum
247 1057 321 1092 apud
336 1065 366 1085 se
377 1066 495 1093 synaxes
506 1058 672 1086 celebrasse.
729 1057 864 1084 Eumdem
879 1056 920 1084 in-

132 1102 239 1129 fensum
263 1102 348 1130 fuisse
371 1103 535 1138 Pelagianis,
567 1107 595 1130 et
622 1107 764 1137 peccatum
787 1102 920 1137 originale

130 1145 297 1174 defendisse.
311 1147 337 1174 6.
356 1147 518 1182 Pelagianos
538 1148 692 1183 episcopos,
703 1155 766 1175 cum
779 1147 919 1180 lecstio,

129 1192 215 1220 fuisse
231 1193 323 1221 adhuc
335 1194 586 1229 Constantinopoli,
601 1202 656 1229 quo
675 1198 799 1229 tempore
821 1194 920 1222 Nesto—

131 1238 189 1266 rius
202 1238 299 1266 habuit
312 1240 458 1275 synodum,
475 1240 509 1267 de
522 1248 576 1276 qua
590 1248 681 1268 sermo
698 1245 741 1268 est
754 1240 781 1267 in
796 1248 920 1268 commo—

131 1284 242 1317 nitorio,
254 1289 283 1313 et
295 1285 411 1320 cpistola
421 1287 438 1314 2
448 1286 566 1314 Nestorii
584 1286 617 1314 ad
633 1286 777 1322 Cyrillum.
790 1287 816 1313 7.
836 1286 921 1322 Syno—

130 1331 196 1359 dum
210 1331 332 1359 habitam
368 1337 492 1368 tempore
513 1333 650 1365 autumni,
664 1341 738 1360 anno
766 1332 835 1366 429;
857 1341 921 1360 nam

130 1375 184 1402 hoc
200 1383 272 1403 anno
285 1376 336 1403 sub
350 1376 432 1404 finem
448 1377 698 1405 Commonitorium
725 1385 804 1405 suum
820 1377 922 1404 obtulit

130 1420 290 1456 imperatori
310 1422 346 1455 Μ.
364 1422 508 1456 Mercator,
524 1431 579 1458 quo
590 1423 721 1458 perlecto,
734 1423 865 1457 expulsus
880 1427 922 1450 cst

130 1476 194 1496 cum
221 1468 359 1503 episcopis
383 1469 538 1504 Pelagianis
559 1468 796 1504 Constantinopoli
824 1468 917 1496 Coale-

130 1514 212 1542 stius.
238 1514 264 1541 8.
294 1514 552 1547 Contradietioncs,
589 1514 646 1542 sive
674 1519 762 1542 tomos
789 1515 922 1542 adversus

130 1561 315 1596 blasphemias
326 1561 456 1594 Nestorii,
469 1561 548 1596 361
567 1560 672 1589 delatos
691 1561 776 1589 fuisse
796 1561 921 1594 Romam,

130 1613 159 1636 et
174 1616 208 1636 ex
222 1607 256 1636 iis
272 1607 426 1635 exercitum
447 1607 583 1645 judicium
597 1607 632 1634 de
650 1607 788 1635 Nestorio.
815 1608 842 1635 9.
864 1607 922 1634 lloe

130 1661 200 1689 opus
221 1654 305 1681 fuisse
318 1661 333 1681 a
348 1653 450 1689 Cyrillo
462 1653 645 1688 compositum
667 1653 745 1680 initio
769 1653 834 1680 anni
853 1652 920 1686 430;

131 1699 270 1735 siquidem
289 1699 423 1727 traditum
450 1703 494 1727 est
519 1699 668 1727 Posidonio
701 1699 816 1727 Romam
844 1699 922 1727 eunti

131 1746 212 1773 initio
235 1745 339 1780 Aprilis
366 1745 490 1781 ejusdem
520 1745 595 1772 anni.
614 1745 655 1773 lO.
686 1745 785 1772 iisdem
813 1745 922 1774 artibus

130 1791 370 1826 Constantinopoli
385 1799 463 1819 usum
493 1790 665 1822 Crelestium,
695 1791 797 1826 quibus
817 1791 921 1824 Romae,

131 1835 205 1863 unde
221 1843 249 1863 se
275 1835 346 1863 clam
370 1835 513 1868 subduxit,
541 1843 605 1863 eum
632 1843 686 1863 non
712 1835 837 1868 haberet,
866 1843 922 1871 quo

131 1889 209 1909 suam
225 1889 336 1909 causam
353 1885 489 1909 tueretur.
504 1882 547 1908 Η.
564 1881 687 1920 Magnam
705 1881 790 1909 fuisse
801 1881 922 1909 Nestorii

131 1935 195 1954 cum
213 1927 361 1955 Theodoro
384 1927 578 1962 Mopsuesteno
606 1927 833 1955 consensionem:
859 1935 921 1962 qum

129 1972 205 1999 enim
224 1972 259 2000 de
273 1972 401 2000 Nestorio
417 1972 500 2000 refert
513 1972 642 2007 Cyrillus,
665 1971 763 2000 eadem
791 1972 922 2007 leguntur

131 2017 160 2045 in
175 2017 336 2053 fragmentis
348 2017 498 2051 Theodori,
515 2025 576 2052 qua:
601 2018 734 2046 Leontius
748 2018 862 2046 adducit
888 2025 922 2046 ex

130 2064 204 2092 libro
216 2072 260 2091 xrv
275 2064 314 2091 De
338 2065 533 2091 incarnatione.
552 2063 595 2091 12.
625 2064 686 2091 Νοιι
710 2071 791 2099 posse
820 2065 924 2092 certius

130 2110 296 2145 planiusque
312 2110 410 2138 resciri
425 2109 482 2137 ullo
496 2117 530 2137 ex
540 2110 612 2141 loco,
638 2117 699 2144 quae
713 2109 797 2137 fuerit
807 2109 922 2138 haeresis

130 2156 300 2187 Nestorii,et
316 2155 343 2183 in
358 2163 414 2192 quo
428 2155 532 2191 κυρίως
546 2155 645 2190 posita.
660 2155 728 2188 Quis
743 2156 818 2183 enim
833 2155 922 2191 Cyril-

973 915 1094 952 synodus
1121 916 1201 943 initio
1227 917 1401 950 Novembris,
1423 922 1454 945 ut
1476 918 1695 948 demonstratum
1719 925 1762 948 est

973 961 1084 990 dissert.
1099 962 1116 989 2
1127 961 1161 989 ad
1176 970 1195 988 n
1210 967 1316 997 partem
1328 961 1448 998 Operum
1463 964 1540 991 Marii
1556 965 1725 994 Mercatoris.

1007 1007 1052 1035 lll.
1069 1008 1107 1035 De
1137 1016 1220 1036 causa
1242 1008 1383 1036 scribendi
1405 1009 1510 1038 dictum
1534 1011 1601 1039 satis
1628 1011 1657 1040 in
1681 1020 1763 1048 argu-

973 1057 1076 1081 mento.
1100 1053 1218 1082 Sanctus
1246 1054 1422 1089 Coelestinus,
1448 1057 1569 1092 acceptis
1582 1065 1632 1092 per
1647 1058 1762 1086 Posido-

973 1101 1050 1128 nium
1062 1100 1158 1136 Cyrilli
1170 1101 1283 1134 litteris,
1298 1109 1436 1137 causaque
1460 1103 1580 1131 Nestorii
1612 1103 1705 1132 Roma:
1734 1104 1762 1132 in

972 1147 1077 1182 synodo
1106 1147 1256 1182 judicata,-
1272 1148 1383 1183 scriptis
1410 1149 1541 1176 Joannem
1557 1155 1585 1177 et
1601 1150 1761 1178 Iuvenalem

973 1192 1117 1226 docuerat,
1133 1194 1199 1228 quid
1215 1194 1242 1222 in
1257 1194 1417 1222 Nestorium
1433 1195 1586 1228 statuisset,
1605 1197 1658 1224 nisi
1684 1205 1764 1225 revo-

973 1243 1049 1266 caret
1064 1246 1206 1274 errorem;
1220 1241 1322 1275 quidve
1334 1241 1489 1269 mandasset
1503 1241 1615 1277 Cyrillo,
1632 1250 1696 1270 suas
1710 1242 1764 1270 hoc

973 1285 1084 1320 negotio
1108 1285 1182 1313 vices
1207 1286 1329 1314 obituro.
1359 1286 1488 1321 Acceptis
1516 1286 1637 1315 Joannes
1661 1288 1763 1315 summi

973 1329 1121 1364 pontificis,
1137 1330 1285 1366 Cyrilliquc
1298 1330 1409 1363 litteris,
1427 1335 1618 1366 tempestatem
1640 1332 1669 1360 in
1682 1338 1764 1368 caput

973 1376 1092 1403 Nestorii
1110 1375 1314 1404 incumbentem
1330 1376 1479 1412 depellere,
1489 1381 1517 1405 et
1531 1378 1620 1406 amico
1635 1378 1763 1411 suadere,

974 1428 1004 1449 ut
1018 1427 1168 1457 occuparet
1183 1423 1283 1450 summi
1310 1423 1448 1458 pontificis
1477 1425 1653 1457 sententiam,
1677 1424 1765 1460 Virgi-

974 1476 1093 1503 nemque
1122 1468 1267 1504 Deiparam
1293 1469 1481 1504 profiteretur,
1511 1470 1585 1505 quod
1607 1478 1692 1498 unum
1721 1471 1764 1498 vel

936 1533 957 1562 ο
974 1514 1160 1549 potissimum,
1187 1514 1268 1550 362
1284 1514 1346 1542 fidei
1376 1515 1538 1542 orthodoxae
1566 1516 1705 1550 specimen
1721 1523 1765 1543 ro-

975 1560 1101 1595 gabatur,
1122 1560 1237 1587 Joannis
1266 1560 1378 1588 nomine
1400 1561 1591 1588 Theodoretus
1618 1561 1764 1596 epistolam

973 1605 1139 1639 composuit.

1009 1650 1104 1678 lV.Ad
1119 1650 1277 1678 Nestorium
1292 1650 1395 1685 scripta
1405 1655 1457 1682 est,
1471 1650 1530 1684 qui,
1550 1657 1614 1678 cum
1625 1651 1684 1678 suis
1698 1658 1765 1679 con-

972 1696 1099 1724 cionibus
1114 1696 1209 1724 turbas
1223 1696 1354 1723 movisset
1366 1695 1394 1722 in
1410 1695 1540 1727 Ecclesia,
1557 1704 1613 1731 prae
1635 1697 1764 1731 superbia

974 1746 1065 1770 tamen
1088 1742 1179 1770 noluit
1190 1742 1276 1773 verbo
1290 1750 1356 1774 uno,
1374 1749 1430 1777 quo
1457 1742 1604 1777 Deiparam
1618 1742 1763 1777 fateretur,

973 1796 1020 1816 ens
1036 1788 1152 1822 sedare;
1167 1788 1222 1816 imo
1237 1788 1394 1823 principum
1406 1788 1500 1823 gratia;
1523 1788 1649 1823 aulaqu
1675 1788 1763 1816 favori

972 1832 1073 1860 etsuis
1102 1832 1209 1860 artibus
1223 1832 1377 1863 conﬁdens,
1401 1832 1640 1867 ConstantinOpoli
1671 1834 1766 1862 srevieo

974 1879 1030 1910 bat,
1047 1881 1216 1913 ceterasque
1230 1878 1369 1906 Ecclesias
1381 1878 1540 1917 spernebat.

1009 1934 1041 1962 V.
1058 1934 1175 1962 Nomine
1199 1933 1314 1962 Joannis
1335 1933 1501 1962 Antioclieni
1526 1934 1697 1966 inscribitur,
1712 1934 1757 1962 cui

973 1987 1037 2007 cum
1054 1979 1181 2007 Nestorio
1206 1987 1303 2007 omnes
1329 1984 1409 2007 erant
1436 1979 1564 2007 amicitia:
1580 1981 1764 2008 necessitudi-

973 2033 1033 2059 nes,
1049 2026 1212 2054 diuturnum
1229 2025 1453 2058 contubernium,
1466 2025 1601 2060 religiosae
1614 2025 1676 2053 vita:
1687 2033 1765 2053 com-

973 2072 1078 2104 munio,
1094 2071 1212 2099 societas
1226 2071 1391 2104 studiorum,
1402 2071 1474 2099 idem
1490 2072 1628 2106 magister,
1641 2072 1764 2107 ejusdem

973 2117 1102 2145 Ecclesiae
1123 2116 1320 2149 ministerium,
1349 2116 1444 2145 eadem
1466 2116 1564 2152 adepta
1579 2117 1690 2144 demum
1704 2122 1765 2152 post

974 2162 1156 2190 ministerium
1176 2161 1303 2197 dignitas.
1332 2162 1430 2190 Joanni
1456 2161 1645 2189 Theodoretus
1666 2162 1764 2189 iisdem

130 2203 158 2230 lo
180 2203 208 2230 in
223 2201 394 2238 pervidenda
410 2201 530 2229 Nestorii
554 2201 692 2229 sententia
714 2202 920 2237 perspicacior?
939 2209 958 2237 ι)
972 2207 1090 2235 vinculis
1116 2207 1261 2234 devinctus
1277 2206 1338 2234 fuit.

129 2248 182 2282 Qui
192 2256 258 2284 ergo
272 2248 379 2283 lapsum
395 2247 480 2275 verbo
507 2247 667 2277 Nestorium
696 2248 814 2280 malunt,
838 2255 919 2283 quam

130 2297 231 2330 reipsa,
249 2295 392 2322 Socratem
406 2294 507 2330 Cyrillo
522 2294 683 2329 praeferunt,
706 2293 870 2328 scriptorem
886 2294 921 2321 de

129 2342 202 2374 aula,
237 2341 343 2368 homini
358 2348 414 2369 suae
443 2340 534 2368 aetatis
562 2339 734 2367 doctissimo.
755 2340 798 2366 l5.
814 2340 854 2367 Ex
869 2340 922 2368 hoc

129 2387 349 2416 Commonitorio
365 2387 458 2414 lucem
469 2386 563 2414 ail'crri
587 2386 709 2422 quinque
724 2385 805 2413 libris
823 2385 922 2422 Cyrilli

130 2434 264 2462 adversus
290 2433 477 2468 blasphemiae
500 2433 632 2465 Nestorii,
648 2437 677 2460 ct
702 2432 826 2460 vicissim
840 2432 923 2460 Com-

129 2480 310 2508 monitorium
333 2487 368 2506 ex
390 2479 435 2506 his
459 2478 591 2506 illustrari
609 2489 615 2505 :
633 2482 677 2506 est
697 2478 771 2506 enim
798 2478 922 2513 ipsorum

130 2525 325 2560 compendiosa
338 2524 463 2561 quaedam
477 2524 615 2552 collectio.

166 2582 288 2618 Epistola
300 2583 360 2614 M9,
373 2591 389 2610 α
403 2582 507 2609 Joanne
518 2582 677 2610 Antiocheno
688 2582 722 2609 ad
735 2582 887 2609 Nestorium

470 2619 569 2654 scripta
574 2639 580 2645 .

164 2673 186 2701 1.
199 2673 259 2701 Non
269 2673 388 2701 obscura
400 2678 475 2706 sunt,
488 2681 540 2702 nec
562 2674 666 2701 incerta
695 2674 753 2701 haec
776 2673 917 2708 quinque:

128 2719 241 2756 quando
253 2720 355 2755 scripta
365 2720 402 2748 sit
416 2720 543 2755 epistola,
566 2727 621 2755 qua
638 2720 672 2747 de
681 2727 774 2751 causa,
802 2719 858 2751 cui,
869 2727 918 2747 cu-

1005 2264 1050 2292 Vl.
1072 2262 1204 2294 Dubium,
1233 2261 1296 2296 quis
1324 2261 1478 2296 scripserit,
1492 2261 1611 2289 Joannes
1628 2262 1698 2297 ipse,
1728 2270 1763 2289 an

971 2309 1084 2338 Joannis
1118 2308 1230 2335 nomine
1273 2307 1484 2334 Theodoretus?
1511 2308 1608 2335 Joanni
1639 2307 1766 2335 tribuunt

972 2353 1134 2390 praejudicia
1149 2352 1215 2385 duo,
1229 2352 1374 2387 inscriptio
1389 2360 1499 2387 nempe,
1523 2353 1596 2387 quod
1622 2353 1764 2388 publicum

972 2400 1050 2435 quasi
1072 2400 1279 2430 documentum,
1296 2401 1325 2425 et
1339 2398 1509 2426 consuetudo
1523 2399 1559 2426 ita
1573 2397 1693 2431 dicendi,
1704 2406 1765 2433 qua:

971 2446 1082 2474 videtur
1107 2452 1168 2472 esse
1201 2443 1327 2480 quadam
1352 2444 1510 2479 pra-scripta
1536 2443 1684 2479 possessio.
1711 2443 1764 2471 Pro

974 2489 1149 2518 Theodoreto
1165 2488 1230 2516 facit
1250 2488 1350 2523 primo,
1365 2487 1439 2522 quod
1465 2492 1614 2522 utrumque
1636 2486 1765 2522 praeiudi-

974 2536 1044 2564 cium
1054 2536 1136 2564 fallax
1154 2536 1200 2569 sit,
1217 2535 1261 2563 vel
1281 2543 1315 2562 ex
1329 2542 1363 2562 eo
1388 2534 1517 2566 maxime,
1548 2533 1622 2568 quod
1648 2531 1763 2560 infinitae

971 2581 1095 2617 cpistola:
1105 2589 1161 2608 non
1174 2579 1323 2608 scribentis
1347 2579 1451 2614 ipsius,
1471 2578 1521 2606 sed
1543 2577 1700 2605 mandantis
1714 2585 1764 2605 no-

974 2635 1036 2654 men
1053 2627 1212 2662 praeferunt,
1225 2630 1253 2654 et
1264 2625 1377 2661 singula;
1389 2633 1422 2653 eo
1440 2624 1551 2652 nomine
1565 2624 1697 2656 citantur,
1708 2632 1764 2659 quo

973 2677 1172 2708 pra’notantur.
1191 2672 1332 2707 Ejusmodi
1345 2675 1388 2699 est
1403 2671 1505 2706 Pelagii
1518 2670 1640 2698 secunda
1647 2670 1763 2705 epistola

973 2719 1006 2747 ad
1022 2719 1143 2755 illyricos
1154 2726 1170 2745 a
1181 2722 1277 2746 sancto
1285 2718 1419 2754 Gregorio
1428 2718 1541 2753 scripta.
1553 2717 1667 2750 Deinde,
1676 2716 1762 2752 quod,

788 2795 945 2825 SCHULZII
964 2795 1078 2823 ΝΟΤᾸΞ.

139 2882 143 2884 .
163 2855 188 2873 ⁹⁶
200 2856 276 2890 Quod
296 2857 398 2892 opinor.
417 2857 470 2886 Sed
484 2857 546 2885 vide
566 2864 657 2891 supra,
673 2866 699 2891 p.
716 2858 775 2891 152,
795 2856 880 2885 schol.
896 2855 924 2882 4.
