1967 3047
181 155 229 185 Sil

755 153 943 184 GARNERII
959 153 1206 184 DISSERTATIO
1225 153 1266 183 ΙΙ.

1761 148 1814 181 312

182 218 205 237 ei
217 209 376 237 conferatur
390 209 506 245 epistola
521 210 578 237 haec
588 217 651 237 cum
668 210 711 243 iis,
728 211 785 238 sive
806 218 873 245 quas
886 211 970 239 Joan-
990 218 1006 242 Α
1024 218 1114 245 pinna,
1129 210 1181 237 nisi
1199 213 1260 244 post
1273 209 1410 236 decimum
1424 215 1439 234 a
1451 206 1659 235 denuntiatione
1675 205 1746 232 diem
1767 213 1816 240 ρει-

164 267 168 270 ν
183 264 242 288 nes,
258 256 316 284 sive
329 264 398 291 quas
413 255 606 283 Theodoretus
626 256 748 292 scripsit,
774 256 887 284 diﬂ‘erre
903 257 972 293 style

182 305 313 337 appareat
325 302 358 329 ab
374 302 428 329 illis
437 302 586 329 convenire
604 309 667 329 cum
683 302 754 330 istis.
776 303 886 334 Postea,
899 303 972 337 quod

183 347 291 382 quoties
305 351 384 374 erant
409 355 571 375 communes
584 348 684 375 litterae
698 348 840 376 mittendae
855 348 889 375 ab
913 348 970 383 epi-

183 394 284 428 scopis,
300 401 417 428 quorum
432 402 504 421 unus
518 399 591 422 esset
607 394 812 426 Theodoretus,
834 385 972 422 scribendi

183 445 285 465 munus
310 438 501 474 imponeretur
529 438 592 473 ipsi,
621 443 749 474 tanquam
774 439 974 466 admirabiliter

183 484 297 519 hujusce
309 485 349 511 rei
365 485 465 520 perito.
484 485 550 512 Erat
564 493 631 512 vero
644 493 718 512 unus
732 485 765 511 de
788 490 894 520 septem
910 486 972 520 epi-

183 530 283 564 scopis,
294 531 342 565 qui
367 531 440 565 apud
455 531 589 558 Joannem
613 531 806 563 versabantur,
823 539 885 558 cum
904 531 973 558 scri-

183 575 296 601 beretur
325 575 357 602 ad
382 575 550 602 Nestorium.
576 575 653 602 Adde
679 576 751 610 quod
775 576 802 602 in
829 576 892 603 aliis
906 576 974 602 locis

184 620 377 648 'l'heodoretus
388 621 485 648 iisdem
503 622 591 648 utitur
615 621 779 653 rationibus,
803 621 858 648 imo
874 625 901 648 et
925 622 973 648 iis-

184 666 246 693 dem
261 666 318 693 fere
335 666 438 699 verbis,
448 666 482 694 ad
499 666 570 694 idem
585 666 757 694 tractandum
769 670 972 701 argumentum,

184 713 219 740 de
235 713 346 748 Virgine
364 713 481 748 Deipara
498 721 504 739 :
518 712 637 740 videnda
653 712 769 747 epistola
787 713 828 740 l6.
851 712 974 747 Denique

185 758 258 793 quod
271 758 397 785 videatur
411 758 603 786 Theodoretus
617 758 675 793 ipse
692 758 763 785 hanc
780 758 832 785 sibi
850 765 976 793 arrogss-

186 811 225 835 se,
242 811 305 831 cum
321 804 498 831 scriberetad
514 804 651 831 Domnum
664 803 879 836 Antiochenum,
893 804 975 838 paulo

186 854 249 876 ante
263 850 457 884 praedatoriam
472 850 619 885 synodum,
633 853 867 885 enumeraretque
892 857 975 886 syno-

186 896 247 923 dica
259 895 392 923 adversus
409 895 541 931 Cyrillum
555 896 667 931 scripta.

222 942 276 968 VII.
293 941 501 969 Observandum
520 942 547 969 in
564 950 595 969 ea
616 943 747 977 primum,
776 942 849 978 quod
872 941 975 969 dicitur

186 987 219 1013 de
230 987 334 1024 irenaao
346 987 462 1014 comite:
481 987 544 1014 inde
559 987 633 1014 enim
659 987 747 1022 ipsius
762 995 824 1014 cum
847 987 975 1014 Nestorio

183 1038 213 1059 et
227 1033 416 1060 Orientalibus
435 1033 604 1068 conspiratio
624 1033 799 1068 intelligitur.

222 1079 336 1111 Deinde,
358 1079 431 1114 quod
460 1080 580 1106 refertur
601 1079 747 1106 Theodoro
771 1079 973 1114 Mopsucsteno,

185 1123 300 1155 dictum,
318 1123 391 1151 unde
411 1124 520 1151 fuerant
531 1124 676 1151 audientes
688 1123 799 1156 offensi,
819 1128 974 1152 retractan-

185 1174 229 1195 te:
244 1176 297 1203 qua
315 1168 350 1196 de
368 1177 398 1197 re
412 1170 485 1201 vide,
500 1174 600 1204 prater
626 1170 799 1204 Liberatum,
815 1174 974 1205 excerptum

183 1222 217 1242 ex
232 1215 336 1243 libellis
349 1223 364 1242 a
378 1216 548 1252 presbyteris
563 1222 591 1243 et
603 1217 728 1244 diaconis
742 1217 854 1252 majoris
877 1217 976 1243 Arme-

184 1261 237 1288 nia:
249 1265 278 1288 et
289 1261 413 1289 Persidis
423 1262 522 1289 Proclo
536 1263 683 1297 porrectis,
708 1263 805 1298 synod.
825 1270 851 1295 ν,
871 1262 934 1289 coll.
949 1262 974 1289 5.

183 1303 224 1332 Eo
235 1305 310 1332 enim
320 1305 374 1332 loci
385 1305 502 1333 affertur
517 1306 660 1333 concionis
675 1306 721 1333 illa
742 1314 815 1342 pars,
842 1314 903 1342 quae
924 1306 976 1334 fuit

184 1349 346 1379 offensionis
365 1359 457 1379 causa.

220 1397 328 1429 Postea,
345 1403 447 1433 quanta
474 1399 629 1426 reverentia
659 1404 799 1435 receptum
818 1400 863 1432 sit,
882 1400 925 1428 vel
941 1399 976 1428 ab

185 1444 252 1479 ipsis
268 1444 390 1473 Orientis
405 1446 583 1480 patriarchis,
600 1447 699 1474 summi
729 1446 867 1482 pontificis
880 1447 977 1474 decre-

185 1495 253 1518 tum.
268 1491 328 1519 Non
339 1491 521 1527 objiciebatur
534 1492 589 1520 illis
611 1493 782 1528 temporibus
804 1493 977 1521 auctoritatis

186 1537 375 1572 praesumptio,
403 1537 451 1565 sed
479 1538 630 1572 parebatur
644 1539 720 1566 velut
742 1539 871 1574 legitimae
896 1543 977 1574 pote-

185 1582 260 1614 stati,
270 1582 351 1618 363
365 1590 428 1610 cum
444 1591 570 1611 summus
582 1584 715 1619 pontifex,
731 1592 747 1612 e
770 1593 820 1612 suo
838 1584 976 1612 Occiden-

187 1627 221 1655 tis
235 1628 364 1660 concilio,
380 1629 463 1664 regiae.
487 1629 565 1656 urbis
583 1629 768 1664 patriarcliam
790 1630 933 1666 dejiceret,
948 1634 977 1658 et

185 1673 265 1702 alteri
278 1674 441 1709 patriarcha:
455 1675 625 1710 exsequendi
637 1676 802 1703 sententiam
818 1676 976 1703 mandatum

174 1718 273 1747 'darct.

219 1765 334 1798 Quarto,
351 1765 425 1800 quod
439 1766 542 1793 dicitur
563 1766 590 1794 id
609 1774 694 1794 unum
711 1767 783 1803 exigi
804 1775 818 1795 a
838 1767 976 1801 Nestorio,

185 1816 216 1837 ut
230 1811 336 1839 beatam
353 1811 492 1847 Virginem
509 1812 628 1840 fateatur
643 1813 787 1848 Deiparam
803 1823 809 1840 :
825 1814 889 1842 inde
903 1814 976 1841 enim

184 1857 372 1892 cognoscitur,
387 1861 454 1885 tunc
471 1860 603 1894 temporis
616 1867 676 1887 eam
690 1860 806 1887 formam
819 1860 902 1888 fuisse
914 1868 978 1896 pro-

185 1902 280 1929 mendi
297 1903 459 1930 catholicam
479 1904 513 1931 de
535 1904 723 1933 incarnatione
743 1905 834 1933 ﬁdem.
855 1906 930 1933 ldem
949 1910 977 1933 et

183 1948 302 1983 Cyrillus
318 1949 346 1976 in
361 1949 490 1985 Apologia
512 1955 539 1978 et
567 1950 759 1979 Theodoretus
777 1951 858 1987 epist.
878 1951 912 1980 16
934 1957 975 1980 te—

184 1998 304 2022 stantur.

218 2040 332 2073 Quinto,
347 2041 420 2076 quod
436 2041 538 2069 dicitur
552 2042 636 2070 etiam
650 2044 797 2071 Nestorius
812 2051 844 2072 ea
861 2044 974 2077 sentire,

184 2094 245 2121 quas
258 2087 354 2114 Patres
365 2087 400 2114 de
410 2088 542 2122 mysterio
554 2089 753 2117 incarnationis
766 2099 772 2116 :
787 2098 848 2125 quae
862 2090 914 2118 fuit
929 2095 976 2119 aut

183 2132 385 2167 dispensatoria
407 2133 531 2168 quaedam
552 2134 704 2162 amicorum
727 2137 736 2146 '
758 2136 896 2168 adulatio,
922 2145 976 2171 qua

183 2177 311 2205 blandius
332 2177 454 2204 animum
477 2177 598 2206 hominis
618 2178 804 2212 innectereut;
822 2184 870 2206 aut
889 2179 977 2206 admi-

1024 261 1107 283 reret.
1122 256 1247 283 Formam
1261 255 1324 282 fidei
1337 254 1482 282 duodecim
1495 252 1730 280 anathematismis
1740 258 1815 278 com-

1025 300 1173 335 prehendit
1183 299 1313 335 Cyrillus,
1328 299 1508 332 Nestorioque
1520 305 1569 332 per
1580 301 1698 332 quatuor
1709 296 1816 331 episco-

1024 353 1073 380 pos
1093 353 1127 372 ex
1146 345 1302 381 (Egyptian
1319 344 1424 380 synodo
1443 343 1527 370 misit.
1545 342 1701 369 Mandatum
1715 341 1814 368 Nesto-

1024 392 1081 418 rius
1095 397 1241 426 procurata
1258 390 1409 418 indictione
1430 388 1539 417 concilii
1558 387 1694 423 generalis
1711 387 1813 414 clusit:

1025 436 1080 463 imo
1096 436 1188 472 Cyrilli
1205 435 1442 464 anathematismis
1456 433 1570 461 totidem
1587 433 1710 460 diversos
1730 439 1816 467 oppo-

1024 482 1093 515 suit,
1114 482 1274 518 rogavitque
1294 482 1407 517 insuper
1428 480 1546 508 amicum
1567 479 1698 507 Joannem
1721 478 1815 505 Antic-

1025 528 1154 560 clienum,
1171 532 1202 555 ut
1221 528 1256 555 ab
1274 527 1384 555 Andrea
1402 527 1581 554 Samosateno
1596 530 1624 552 et
1643 524 1816 552 Theodoreto

1023 573 1148 608 Cyrensi,
1161 573 1357 601 eruditissimis
1376 572 1459 599 totius
1473 571 1593 599 Orientis
1610 569 1757 605 episcopis,
1771 576 1816 595 ar-

1024 619 1148 655 guendos
1169 623 1301 647 curaret:
1321 624 1436 654 uterque
1458 619 1564 653 paruit,
1586 625 1643 645 sum
1668 616 1818 650 reprehen-

1025 665 1096 692 sioni
1113 665 1305 693 Theodoretus
1322 665 1392 692 hanc
1408 665 1552 700 epistolam
1569 662 1729 699 praeposuit.

1060 711 1081 738 l.
1095 711 1231 746 Scriptam
1241 719 1303 739 esse
1315 714 1424 746 oportet
1436 710 1579 746 epistolam
1591 709 1664 736 hanc
1675 715 1747 735 anno
1756 707 1817 738 431,

1025 757 1135 786 circiter
1144 766 1265 786 mensem
1274 757 1466 789 Februarium,
1473 761 1501 783 et
1509 762 1571 783 ante
1581 755 1689 782 initium
1695 753 1818 786 Quadra-

1025 804 1144 840 gesimze,
1157 804 1230 840 quod
1243 804 1341 832 incidit
1352 804 1379 831 in
1390 804 1463 831 diem
1476 807 1602 838 quartum
1612 800 1699 828 Martii
1712 809 1718 826 :
1730 806 1819 833 neque

1025 851 1099 878 enim
1112 851 1203 886 potuit
1218 855 1264 879 aut
1276 851 1367 883 citius,
1379 855 1426 877 aut
1436 850 1525 877 serius
1537 848 1630 876 scribi.
1643 847 1702 874 Non
1716 846 1798 873 citius
1812 854 1818 871 :

991 894 1012 921 Β
1027 905 1089 925 nam
1107 899 1203 926 litterae
1216 897 1311 934 Cyrilli
1328 897 1362 924 ad
1373 896 1529 924 Nestorium
1550 901 1583 922 ex
1602 893 1718 929 Egypto
1739 891 1819 922 datze,

1026 945 1128 978 quibus
1147 944 1383 980 subjungcbantur
1403 939 1635 971 analliematismi,
1654 938 1819 973 consignata:

1026 995 1090 1017 sunt
1104 990 1148 1018 die
1164 991 1243 1019 tertia
1259 989 1435 1021 Novembris;
1458 987 1564 1015 tradita:
1579 994 1646 1014 vero
1661 984 1821 1013 Constanti-

1026 1036 1120 1071 nopoli
1141 1036 1175 1063 ab
1197 1036 1334 1071 episcopis
1356 1035 1503 1066 Nestorio,
1524 1033 1540 1060 7
1561 1032 1626 1059 ldus
1645 1029 1820 1061 Decembris;

1026 1090 1111 1118 quare
1141 1083 1233 1111 missae
1258 1080 1496 1116 Constantinopoli
1529 1077 1702 1106 Antiochiam
1729 1076 1822 1110 aliquo

1026 1135 1088 1164 post
1111 1134 1252 1164 tempore.
1277 1128 1305 1155 id
1330 1132 1372 1155 est
1397 1126 1509 1154 circiter
1532 1125 1614 1150 linem
1638 1121 1820 1150 Decembris:

1027 1176 1117 1203 missa:
1138 1182 1249 1211 quoque
1270 1173 1416 1201 Antiochia
1439 1172 1539 1208 Cyrum
1563 1170 1595 1197 ad
1617 1167 1821 1196 Theodoretum

1027 1226 1088 1256 post
1101 1221 1249 1248 nonnullos
1263 1219 1541 1256 diesaTheodoretus
1552 1214 1678 1243 nonnihil
1691 1213 1822 1248 temporis

1027 1255 1119 1302 posuit
1131 1267 1158 1294 in
1170 1255 1433 1301 reprehensionibus
1444 1261 1651 1297 componendis,
1663 1258 1822 1294 compositis

1027 1312 1137 1340 tandem
1157 1311 1297 1346 rescripsit
1315 1310 1424 1338 Joanni.
1441 1309 1500 1337 Non
1518 1308 1617 1339 serius,
1630 1306 1760 1341 quoniam
1776 1313 1822 1332 re-

1027 1358 1260 1394 prehensionibus
1280 1357 1351 1393 Cyro
1374 1355 1564 1387 Antiochiam,
1587 1353 1732 1381 Antiochia
1751 1352 1822 1379 Con-

1027 1404 1246 1439 stantinopolim,
1259 1402 1423 1431 Alexandria
1436 1399 1713 1434 Constantinopolim,
1731 1402 1761 1425 ut
1774 1405 1822 1432 par

1027 1456 1070 1479 est
1085 1451 1210 1482 credere,
1226 1449 1325 1477 delatis
1344 1447 1426 1484 364
1444 1447 1563 1484 Cyrillus
1579 1445 1729 1481 respondit,
1746 1448 1821 1471 aule-

1027 1505 1109 1532 qnam
1130 1496 1249 1532 peractis
1267 1495 1445 1523 Paschalibus
1465 1493 1543 1521 festis
1560 1492 1700 1527 Ephesum
1721 1489 1823 1525 cogita-

1029 1547 1087 1574 ret,
1114 1546 1196 1576 atqae
1219 1541 1289 1568 adeo
1312 1539 1534 1575 Quadragcsimae
1556 1543 1680 1572 tempore
1702 1545 1708 1563 :
1730 1536 1821 1563 statim

1027 1588 1101 1615 enim
1115 1587 1193 1615 festis
1207 1586 1328 1622 peractis
1343 1593 1372 1613 se
1385 1585 1463 1612 dedit
1477 1585 1505 1611 in
1520 1584 1603 1611 viam.

1064 1633 1096 1660 ll.
1117 1633 1176 1666 Quo
1204 1632 1304 1659 aﬂ‘eetu
1328 1630 1496 1659 Theodoreti
1521 1629 1654 1657 adversus
1678 1628 1822 1665 Cyrillum,

1028 1679 1184 1714 quibusque
1201 1677 1295 1705 verbis
1311 1676 1427 1712 epistola
1447 1675 1598 1710 composita
1616 1674 1662 1706 sit,
1682 1681 1716 1701 ex
1731 1682 1765 1701 eo
1781 1673 1820 1701 di-

1027 1724 1117 1753 lucide
1131 1723 1304 1759 intelligitur,
1319 1722 1392 1758 quod
1407 1722 1544 1756 impotens
1557 1721 1666 1748 animus
1681 1720 1710 1747 in
1725 1728 1821 1748 secun-

1027 1772 1092 1797 dum
1114 1769 1198 1797 totius
1219 1768 1349 1796 Ecclesia:
1371 1768 1521 1795 antistitem
1542 1767 1666 1795 convicia
1682 1771 1821 1803 congerat,

1027 1815 1138 1851 indigna
1158 1822 1272 1850 prorsus
1289 1822 1360 1849 quas.
1381 1822 1437 1841 non
1454 1814 1544 1841 dicam
1561 1813 1596 1841 ab
1612 1814 1753 1849 episcopo,
1774 1814 1822 1841 sed

1027 1860 1110 1888 etiam
1137 1860 1172 1887 ab
1200 1859 1312 1887 homine
1335 1859 1494 1887 Christiano
1518 1859 1731 1894 profundantur.
1756 1858 1822 1892 Quis

1026 1906 1101 1933 enim
1132 1906 1202 1933 ferat
1226 1905 1428 1933 sanctissimum
1456 1904 1559 1932 Christi
1583 1905 1755 1932 defensorem
1779 1912 1822 1931 re-

1027 1950 1189 1984 praesentari
1209 1950 1286 1977 velut
1307 1958 1316 1975 ι
1336 1953 1484 1984 pastorem,
1504 1949 1550 1983 qui
1572 1956 1637 1976 oves
1658 1949 1710 1976 sibi
1730 1948 1821 1976 credi—

1027 2001 1068 2024 tas
1084 1996 1150 2023 feris
1169 1996 1269 2023 saavius
1283 1995 1420 2030 discerpat
1434 2003 1440 2021 :
1459 2003 1468 2020 ›
1487 1994 1563 2021 velut
1578 1994 1729 2025 doctorem,
1749 2003 1758 2019 ‹
1774 1994 1821 2029 qui

1026 2042 1158 2070 latentem
1173 2049 1297 2069 errorem
1314 2041 1342 2068 in
1356 2048 1414 2072 eos,
1429 2040 1477 2075 qui
1492 2040 1517 2068 ei
1533 2044 1639 2075 parent,
1654 2040 1820 2073 introducat,

1026 2092 1054 2115 et
1064 2088 1116 2115 sub
1128 2087 1256 2114 amicitiae
1272 2087 1363 2121 specie
1377 2087 1384 2096 '
1399 2085 1514 2113 insidias
1527 2089 1631 2118 struat;
1650 2094 1659 2110 ›
1674 2085 1750 2112 velut
1761 2085 1820 2120 epi-

1027 2141 1150 2169 scopum,
1168 2143 1177 2159 ἰ
1192 2133 1239 2168 qui
1259 2132 1310 2160 Sub
1326 2131 1436 2167 pietatis
1456 2130 1567 2158 nomine
1584 2135 1667 2165 atque
1683 2130 1779 2166 ﬁgura,
1793 2135 1822 2158 ct

1027 2181 1054 2208 in
1070 2179 1188 2214 pastoris
1201 2179 1333 2214 dignitate
1346 2177 1511 2209 consistens,
1524 2176 1551 2203 in
1566 2175 1709 2203 hazretieas
1721 2181 1746 2203 et
1761 2176 1820 2203 bla-

183 2223 278 2251 rabilis
304 2223 423 2256 cmeitas,
446 2228 509 2259 post
529 2225 615 2252 lectas
638 2225 757 2252 Nestorii
782 2226 904 2258 litteras;
929 2230 976 2253 aut
991 2225 1155 2263 Dsphemas
1177 2232 1259 2252 voces
1280 2227 1424 2258 erumpat;
1449 2232 1458 2248 ›
1476 2222 1531 2249 imo
1553 2222 1600 2257 qui
1622 2231 1631 2247 ‹
1650 2221 1753 2248 dudum
1774 2229 1820 2249 ex-

182 2270 373 2298 consensionis
385 2278 448 2297 cum
462 2271 589 2298 Nestorio
601 2271 761 2306 imprudens
774 2271 921 2299 confessio.

217 2315 352 2350 Denique,
365 2316 412 2350 qui
434 2315 545 2351 irrepsit
558 2325 637 2344 error
654 2317 681 2344 in
697 2317 866 2352 posteriores
882 2316 974 2345 conci-

182 2360 283 2388 liorum
306 2360 454 2392 editiones,
471 2361 520 2388 ubi
541 2369 592 2396 pro
611 2361 758 2390 Theodoro
775 2362 877 2396 legitur
898 2359 975 2389 Pauli

182 2413 309 2433 nomen:
330 2406 383 2434 etsi
411 2414 466 2434 non
502 2407 653 2439 invenitur,
681 2415 770 2442 neque
796 2407 825 2434 in
854 2407 975 2436 editione

181 2452 275 2481 Graeca
289 2453 464 2486 Commelini,
479 2462 570 2489 neque
585 2454 613 2481 in
632 2454 729 2482 Latina
743 2454 834 2482 Contii
854 2463 860 2481 :
873 2454 974 2482 mirum

181 2507 258 2533 vero,
273 2500 300 2528 id
317 2500 352 2528 ab
367 2500 486 2528 eruditis
505 2501 661 2529 editoribus
679 2509 734 2528 non
750 2501 835 2528 fuisse
849 2501 974 2529 animad-

181 2554 304 2576 versum.

183 2622 304 2659 Epistola
326 2623 387 2656 150,
409 2623 562 2659 Theodoreti
569 2644 576 2652 .
597 2631 677 2658 quam
702 2624 772 2650 dedit
791 2623 826 2650 ad
844 2623 974 2650 Joannem

476 2658 666 2686 Antiochenam
671 2678 677 2684 .

215 2731 383 2759 Crelestinus
404 2738 528 2759 summus
552 2731 675 2766 pontifex
698 2731 847 2767 scripserat
873 2731 975 2768 Cyrillo

180 2781 208 2805 et
219 2777 348 2804 Nestor-io
365 2777 483 2808 litteras,
500 2777 602 2812 quibus
624 2778 777 2811 mandaret,
794 2777 896 2814 Cyrillo
913 2779 974 2814 qui-

180 2823 254 2855 dem,
274 2826 304 2849 ut
319 2822 382 2850 fidei
400 2822 514 2850 formam
537 2822 685 2856 scriberet;
703 2823 830 2851 Nestorio
848 2830 925 2855 vero,
943 2826 974 2850 ut

181 2867 367 2904 prmscriptam
386 2868 584 2901 subscriberet,
598 2868 776 2897 interminata
793 2868 973 2904 depositionis

1027 2271 1155 2298 stinctam
1176 2269 1337 2305 Apollinarii
1357 2269 1465 2296 inanem
1484 2268 1566 2295 simul
1585 2268 1750 2303 impiamque
1772 2267 1820 2294 do-

1027 2317 1143 2344 ctrinam
1161 2320 1285 2347 renovet,
1301 2325 1310 2341 ι
1329 2320 1383 2343 etc.

1061 2363 1107 2390 lll.
1122 2363 1253 2397 Excipere
1266 2361 1336 2389 forte
1347 2361 1483 2396 quispiam
1497 2360 1552 2389 duo
1563 2365 1655 2396 posset
1667 2369 1673 2388 :
1688 2361 1818 2396 primum,

1026 2417 1088 2436 cum
1111 2409 1302 2436 Theodoretus
1324 2408 1358 2435 ad
1381 2408 1514 2436 Joannem
1536 2408 1681 2439 scriberet,
1699 2407 1817 2434 amicum

1026 2455 1197 2483 familiariter
1214 2455 1248 2482 ad
1265 2455 1383 2482 amicum
1400 2454 1508 2482 litteras
1525 2454 1645 2486 dedisse,
1661 2461 1716 2488 quo
1731 2453 1758 2480 in
1773 2461 1819 2487 ge-

1026 2509 1091 2529 nere
1111 2500 1269 2536 scriptionis
1292 2501 1379 2535 major
1399 2504 1442 2528 est
1460 2500 1606 2535 minusque
1625 2507 1669 2527 rea
1690 2499 1816 2531 licentia;

1025 2547 1152 2579 alterum,
1170 2547 1198 2574 id
1212 2546 1285 2582 quod
1298 2546 1386 2574 amico
1400 2546 1472 2574 fideli
1485 2546 1660 2577 credebatur,
1676 2545 1818 2580 publican-

1025 2592 1090 2620 dum
1107 2599 1158 2620 non
1174 2592 1268 2624 fuisse,
1282 2599 1371 2627 neque
1386 2592 1414 2620 id
1430 2591 1531 2619 factum
1548 2591 1582 2619 de
1597 2591 1712 2619 consilio
1726 2590 1816 2617 Theo-

1024 2638 1123 2671 doreti,
1142 2638 1189 2666 sed
1213 2638 1398 2674 imprudentia
1421 2638 1544 2666 Joannis.
1567 2638 1670 2666 Verum
1690 2636 1816 2670 exceptio

1024 2684 1112 2713 futilis
1136 2690 1197 2713 est:
1218 2693 1281 2713 nam
1305 2685 1549 2720 reprehensionem
1571 2683 1816 2713 anathematismo-

1024 2739 1085 2759 rum
1100 2731 1236 2766 publicari
1250 2731 1442 2759 Theodoretus
1457 2731 1556 2763 voluit,
1577 2734 1608 2758 ut
1626 2733 1720 2765 aperte
1733 2728 1817 2764 signi-

1024 2776 1097 2809 flcat,
1114 2784 1176 2804 cum
1190 2776 1301 2804 lectoris
1315 2776 1451 2810 meminit,
1465 2777 1642 2812 epistulasque
1655 2775 1736 2802 finem
1753 2782 1815 2802 cum

1024 2823 1239 2858 reprehensione
1258 2823 1298 2851 sic
1314 2823 1422 2855 nexuit,
1436 2828 1467 2850 ut
1481 2823 1597 2858 epistola
1613 2821 1649 2850 sit
1664 2821 1815 2856 reprehen-

1024 2868 1109 2897 sionis
1129 2869 1282 2897 necessaria
1301 2869 1435 2905 praefatio,
1453 2868 1526 2905 quod
1547 2868 1666 2897 intuenti
1689 2871 1814 2904 apertum
