1967 3047
133 126 184 158 313

730 134 778 164 DE
797 135 925 166 LIBRIS
942 135 1196 168 THEODORETI-

1707 136 1759 168 3H

133 185 191 229 est,
210 183 281 211 unde
305 183 440 219 Evoptius
463 190 607 223 utramque
631 196 686 216 una
703 189 806 226 Cyrillo
830 197 920 219 trans-
937 194 955 221 A
972 192 999 219 id
1021 198 1073 224 est,
1091 202 1163 221 anno
1183 194 1244 226 451,
1263 194 1376 222 circiter
1391 193 1643 229 Quadragesimam.
1660 193 1762 221 lllatlo—

133 227 217 255 misit.

164 273 208 301 IV.
226 274 266 302 Ad
280 278 404 306 convicia
421 279 587 307 Theodoreti
605 280 723 317 Cyrillus
738 283 806 310 nihil
824 289 921 318 praeter

132 319 270 348 modestia:
277 323 432 352 severiores
444 325 518 359 leges
529 327 681 361 respondit,
692 328 751 361 sed,
760 329 829 356 actis
837 337 921 357 evan—

131 365 217 399 gelico
234 367 326 395 animo
342 369 439 404 gratiis
459 370 525 403 Deo,
541 372 727 408 auxiliumque
746 374 919 408 deprecatus,

130 414 157 437 et
181 411 292 441 laudato
315 413 490 443 Theodoreto
508 416 543 444 ab
563 417 719 452 eloquentia
736 424 764 446 et
780 427 919 447 sacrarum

130 455 293 486 Litterarum
313 468 369 488 non
388 461 520 489 mediocri
541 463 706 498 cognitione,
724 464 751 492 id
773 473 858 492 unum
874 473 921 492 ex—

130 503 212 537 cepit,
229 505 302 539 quod
320 505 503 541 reprehensor
522 508 673 542 videretur,
689 514 737 538 aut
755 512 919 539 sententiam

130 548 420 578 anathematismorum
444 560 500 580 non
522 561 582 581 esse
603 559 757 588 assecutus,
776 559 824 583 aut
847 556 921 584 illius

129 592 220 625 potius
241 601 271 621 se
292 594 462 629 ignorantem
485 596 606 630 ﬁnxisse,
627 604 657 626 ut
680 600 798 627 aliorum
822 601 921 629 studiis

129 636 294 682 indulgeret.
305 639 467 675 Quanquam
479 643 583 671 urbane
594 645 663 673 ridet
677 645 728 672 sub
740 645 833 679 linem,
845 648 920 682 quod

128 681 161 710 de
177 691 258 718 pomo
271 685 417 715 discordia:
431 688 622 717 Theodoretus
634 698 649 717 e
663 690 764 719 fabulis
779 681 919 726 attulerat,

128 729 263 764 siquidem
280 739 335 759 non
357 733 452 761 deceat
476 735 630 771 theologica
650 741 812 765 tractantem
834 739 861 766 in
880 739 920 766 fa-

127 774 200 803 bulis
215 779 331 805 versari.

162 821 193 849 V.
213 822 276 850 Hzec
292 832 377 858 porro
392 825 508 860 epistola
524 835 579 854 non
599 827 737 856 incuriose
756 830 808 866 legi
825 830 917 863 debet,

971 244 1035 265 nem
1054 238 1125 265 hanc
1143 239 1241 274 probat
1260 247 1342 266 causa
1360 239 1499 267 scribendi
1514 246 1577 266 mox
1591 238 1718 270 adducta,
1733 242 1761 265 et

970 283 1057 310 series
1070 288 1261 318 excerptorum
1277 285 1305 312 in
1316 284 1411 320 quinta
1425 284 1529 320 synodo
1543 285 1758 320 productorum:

971 336 1022 356 suo
1032 329 1104 356 enim
1116 329 1212 357 ordine
1229 331 1359 365 temporis
1372 330 1557 357 adducuntur.

1007 375 1038 402 V.
1059 375 1133 402 Nihil
1153 376 1378 403 contumeliosius
1402 376 1430 402 in
1455 375 1548 411 Cyrilli
1569 381 1713 409 personam
1732 377 1760 400 et

971 421 1126 448 doctrinam
1143 421 1197 448 dici
1214 425 1306 456 potest
1321 422 1327 437 ¹
1341 431 1348 454 ;
1365 430 1426 448 nam
1441 421 1559 457 Cyrillus
1577 420 1676 455 impius
1693 420 1762 447 dici—

971 471 1016 494 tur
1030 475 1062 494 ac
1077 467 1213 502 malignus
1230 467 1372 502 [Egyptius
1393 476 1399 494 :
1423 467 1548 494 doctrina
1567 475 1632 494 vero
1649 471 1760 493 notatur

970 512 1050 547 quasi
1069 521 1078 538 ε
1097 520 1129 540 ex
1145 520 1237 539 amara
1258 512 1416 546 Apollinarii
1438 512 1529 539 radice
1549 516 1618 543 orta,
1637 511 1760 546 ejusdem

970 564 1033 583 cum
1047 557 1112 584 Ario
1127 561 1155 584 et
1171 556 1306 584 Eunomio
1319 557 1504 591 blasphemiae,
1521 565 1576 583 non
1598 557 1728 584 differens
1744 564 1760 583 a

970 602 1119 634 Valentini,
1134 603 1250 630 Manetis
1272 607 1354 637 atque
1368 602 1512 629 Marcionis
1533 602 1648 634 insania,
1671 602 1760 629 Mace-

970 647 1045 674 donii
1059 647 1177 679 soboles,
1194 657 1203 673 ›
1221 652 1274 674 etc.
1288 646 1514 674 Anathematismi
1526 646 1631 674 scilicet
1643 651 1761 681 quatuor

970 693 1088 720 maxime
1122 693 1329 728 impugnantur,
1352 693 1381 720 in
1411 692 1513 727 quibus
1537 692 1614 719 visus
1640 695 1682 719 est
1708 691 1761 719 sibi

971 738 1162 766 Theodoretus
1181 739 1276 766 videre
1300 738 1391 765 varios
1415 738 1605 765 haereticorum
1625 745 1736 764 errores
1753 746 1760 764 :

970 785 997 812 in
1021 785 1111 819 primo
1129 792 1238 820 nempe,
1255 784 1436 820 Apollinarii;
1461 784 1487 810 in
1508 783 1638 815 secundo,
1656 783 1714 810 Arii
1734 788 1763 810 et

970 829 1113 862 Eunomii;
1127 829 1154 856 in
1166 834 1273 864 quarto,
1283 829 1429 860 Valentini,
1438 828 1554 856 Manetis
1565 832 1592 855 et
1602 828 1761 861 Marcionis;

126 868 349 904 quandoquidem
368 871 501 904 continet,
522 873 596 900 unde
617 875 703 908 possit
724 876 918 903 nonnullorum
935 877 957 907 Β
971 874 998 901 in
1010 881 1094 906 nono,
1108 874 1259 902 Macedonii
1275 874 1309 901 de
1326 873 1429 908 Spiritu
1452 876 1546 899 sancto
1562 872 1690 899 haeresin.

125 913 214 941 audax
233 922 283 949 pro
299 915 474 944 Theodoreto
496 917 622 946 defensio
645 919 744 947 refelli.
766 920 834 948 Nam
855 929 916 948 cum

124 959 300 988 adducuntur
320 969 354 989 ex
378 963 521 990 veteribus
546 966 735 993 monumentis
757 972 919 1002 argumenta

126 1013 173 1041 per
196 1014 225 1034 se
251 1007 437 1036 ineluctabilia
463 1009 594 1038 adversus
618 1011 837 1047 Theodoretum,
863 1022 919 1040 non

124 1052 291 1080 erubescunt
317 1054 356 1081 illi
380 1055 578 1090 suppositionis
605 1058 766 1093 exceptione
791 1060 841 1092 uti,
862 1060 920 1088 hac

125 1103 230 1131 contra,
246 1101 399 1134 quantaevis
422 1101 594 1136 antiquitatis
616 1103 672 1131 sint
691 1112 752 1139 qua:
772 1106 919 1140 proferun-

125 1148 170 1171 tur
184 1149 378 1178 monumenta;
392 1154 445 1174 nec
460 1148 689 1182 suppositionem,
701 1158 762 1185 quae
780 1151 921 1180 conﬁden-

125 1190 160 1217 tia
172 1194 225 1223 cst,
238 1191 349 1218 aliunde
363 1191 493 1226 probant,
509 1200 591 1227 quam
606 1194 682 1229 quia,
694 1195 715 1222 si
729 1196 921 1231 reciperentur

125 1236 199 1264 velut
221 1238 356 1272 genuina,
377 1237 517 1265 fatendum
539 1244 628 1271 esset,
651 1240 857 1269 Theodorctum
879 1243 920 1270 in-

124 1279 206 1316 digna
221 1282 351 1317 episcopo
364 1282 406 1309 sui
420 1281 540 1310 nominis
553 1284 678 1312 convicia
691 1287 849 1321 projecisse.
866 1287 920 1315 Sed

124 1333 184 1360 quae
203 1327 312 1354 tandem
333 1327 470 1355 atrociora
491 1327 552 1356 istis
572 1331 709 1366 projicere
730 1340 851 1368 unquam
872 1341 921 1369 po-

125 1372 197 1399 tuit?

124 1449 204 1486 365
222 1452 230 1461 '
242 1451 363 1490 Epistgla
375 1454 443 1490 liii,
460 1463 541 1490 quam
563 1454 737 1482 Theodoretus
751 1459 843 1483 contra
858 1464 920 1484 san-

230 1491 301 1514 ctum
318 1487 449 1524 Cyrillum
465 1487 501 1518 iui
516 1491 680 1518 monasteria
696 1491 810 1526 scripsit.

159 1553 181 1580 l.
194 1553 259 1587 Quae
278 1554 323 1581 hic
336 1555 481 1591 inscriptio
496 1561 549 1589 est,
567 1555 665 1584 eadem
682 1555 784 1591 legitur
800 1557 828 1583 in
843 1556 918 1585 Actis
932 1546 956 1578 θ

124 1604 142 1625 \'
153 1599 261 1634 synodi,
275 1600 420 1628 collatione
435 1602 467 1634 5;
489 1610 544 1637 quo
560 1603 588 1629 in
607 1602 668 1629 loco
690 1604 817 1636 excerpta
830 1602 921 1637 profe-

127 1649 224 1672 runtur
236 1653 269 1673 ex
282 1646 361 1674 libris
378 1647 432 1675 illis
445 1647 623 1680 Theodoreti,
642 1655 712 1683 quos
731 1644 807 1675 velul
823 1649 921 1676 adver-

123 1697 170 1718 sos
185 1691 259 1725 ﬁdei,
274 1696 303 1720 et
322 1693 351 1720 in
365 1692 498 1730 Cyrillum
520 1694 677 1730 injuriosos,
693 1699 786 1723 sancta
801 1695 920 1731 synodus

122 1736 274 1764 damnavit.

160 1783 193 1810 ΙΙ.
214 1783 280 1817 Quae
302 1784 336 1812 ad
357 1785 524 1813 monasteria
547 1786 694 1819 scribatur,
709 1786 761 1814 etsi
784 1786 921 1822 expressis

123 1828 217 1856 verbis
229 1837 285 1856 non
299 1831 433 1865 aperitur,
446 1839 536 1866 neque
552 1831 578 1858 in
588 1832 665 1860 Actis
680 1840 697 1859 v
712 1832 819 1868 synodi,
831 1840 921 1867 neque

123 1874 198 1910 apud
213 1875 356 1911 llugonem
372 1875 565 1909 Etherianum,
578 1878 624 1912 qui
639 1877 821 1913 fragmentum
834 1878 922 1905 addu-

123 1920 177 1953 cit;
195 1920 276 1948 docet
297 1925 388 1949 tamen
408 1926 502 1957 aperte
524 1923 612 1950 codex
633 1923 745 1951 Graecus
765 1924 920 1952 manuscri-

123 1969 188 2000 ptns
205 1974 256 1993 LVI]
276 1966 454 1996 Bibliotheca:
477 1968 630 2004 impcrialis
646 1969 876 2002 Vindobonensis,
892 1969 920 1996 in

123 2017 181 2045 quo
196 2011 355 2039 continetur
372 2013 487 2047 epistola
504 2013 538 2040 ad
556 2014 706 2041 monachos
720 2014 919 2049 Euphratesiae,

123 2054 284 2088 Osrhoeme,
301 2056 396 2092 Syriae,
414 2057 564 2090 Phtenicis,
580 2062 609 2085 et
624 2057 738 2091 Ciliciae,
752 2058 805 2086 hoc
820 2059 918 2086 titulo:

123 2100 311 2138 Θεοδωρίτου,
339 2104 409 2138 πρὸς
435 2104 497 2134 τοὺς
523 2104 553 2130 ὲν
587 2105 619 2139 τῇ
648 2104 846 2140 Εὑφρατησιᾳ,
875 2104 922 2130 καὶ

131 2147 277 2184 ὀσρσηνῇ,
295 2150 343 2176 καὶ
362 2150 460 2185 Συρίᾳ.
476 2150 523 2177 καὶ
541 2150 662 2186 Φοινίκῃ,
680 2151 727 2177 καὶ
744 2150 857 2186 Κιλικίᾳ
872 2159 920 2186 μο-

123 2193 266 2243 νάζογτας.
285 2195 457 2243 Principium
474 2203 543 2223 vero
563 2200 624 2223 est:
646 2196 735 2232 Ὁρῶν
755 2196 806 2232 τὴν
829 2197 858 2223 ὲν
881 2196 921 2232 τῷ
938 2216 959 2243 D

123 2239 240 2274 παρόντι
259 2240 348 2276 καιρῷ
364 2242 413 2277 τῆς
439 2241 601 2276 Ἐκκλησιας
622 2241 789 2269 κατάστασιν
812 2241 844 2274 ⁸⁸,
865 2245 920 2269 etc.

163 2285 208 2313 111.
228 2286 374 2314 Scribebat
397 2295 463 2314 vero
479 2287 669 2315 Theodoretus
685 2286 829 2322 epistolam
846 2287 921 2322 ejus-

124 2333 201 2361 modi
214 2333 381 2369 encyclicam
398 2332 432 2360 ad
445 2333 594 2360 orientales
614 2333 774 2365 monachos,
792 2337 822 2360 ut
840 2340 888 2361 eos
906 2342 920 2361 a

125 2378 254 2414 partibus
268 2377 363 2413 Cyrilli
385 2381 534 2409 averteret,
555 2377 786 2412 quemadmodum
803 2377 922 2414 Cyrillus

125 2423 279 2459 Egyptias,
294 2423 423 2458 ipsosque
435 2424 518 2451 etiam
531 2423 849 2459 Constantinopolitanos
864 2432 923 2452 mo-

125 2469 232 2497 nachos
245 2478 260 2496 a
271 2469 397 2497 Nestorio
410 2469 572 2496 abduxerat.

161 2515 206 2543 IV.
224 2515 313 2550 Atque
333 2515 398 2543 hinc
417 2520 536 2551 tempus,
553 2524 609 2551 quo
627 2516 710 2544 missa
726 2520 778 2549 est,
796 2524 851 2544 non
868 2517 920 2544 im—

125 2562 310 2598 probabiliter
332 2562 459 2594 infertur,
474 2570 530 2597 quo
550 2570 648 2597 nempe
667 2566 803 2590 venerunt
824 2563 852 2590 in
875 2571 922 2589 ur-

125 2607 192 2637 bem
204 2608 307 2644 regiam
320 2608 355 2636 ad
365 2608 524 2636 Nestorium
538 2608 769 2644 reprehensiones
782 2608 919 2643 capitum:

1006 921 1050 948 Vl.
1066 920 1127 948 Erit
1140 920 1220 952 forte,
1234 921 1288 947 imo
1301 927 1395 947 revera
1408 919 1470 951 fuit,
1482 922 1512 945 ut
1522 918 1615 949 audio,
1630 918 1675 952 qui
1688 921 1762 944 tanta

971 963 998 990 in
1014 963 1146 999 Cyrillum
1160 964 1293 996 convicia,
1308 964 1502 998 indoctamque
1519 962 1762 990 anathematismo—

971 1017 1032 1036 rum
1056 1010 1300 1045 reprehensionem
1326 1009 1457 1042 miratus,
1487 1009 1654 1044 suppositam
1679 1008 1764 1035 fuisse

971 1055 1146 1083 Theodoreto
1168 1055 1312 1090 epistolam
1336 1055 1430 1082 credat
1447 1063 1455 1082 :
1471 1055 1519 1082 sed
1544 1055 1571 1082 in
1595 1053 1763 1082 contrarium

969 1099 1074 1127 faciunt
1088 1100 1211 1134 quinque
1223 1103 1383 1134 argumenta
1400 1101 1420 1126 '.
1439 1099 1465 1126 l.
1481 1099 1639 1126 Auctoritas
1654 1097 1764 1125 concilii

970 1145 1134 1173 (ecumenici
1151 1153 1184 1172 ex
1202 1145 1284 1181 366
1296 1145 1340 1172 his
1353 1145 1544 1172 instrumentis
1559 1144 1763 1172 Thcodoretum

970 1191 1137 1218 damnantis.
1157 1190 1184 1217 2.
1206 1190 1365 1218 Constantia
1391 1191 1535 1218 sentcntiae
1554 1190 1587 1217 de
1606 1189 1765 1216 anathema-

971 1237 1117 1264 tismorum
1129 1245 1221 1269 sensu,
1234 1237 1392 1271 ubicunque
1403 1236 1436 1264 de
1450 1237 1515 1271 ipsis
1525 1237 1624 1271 agitur.
1636 1235 1662 1262 5.
1676 1235 1765 1261 Theo-

969 1280 1060 1308 doreti
1076 1288 1165 1309 aecus
1188 1285 1216 1308 et
1235 1281 1263 1308 in
1276 1281 1434 1308 Nestorium
1451 1288 1538 1313 amor,
1552 1285 1580 1308 et
1592 1280 1618 1307 in
1632 1279 1765 1316 Cyrillum

970 1335 1040 1362 pene
1052 1327 1141 1354 furor.
1155 1327 1181 1354 4.
1195 1327 1394 1354 Testimonium
1415 1327 1538 1362 llugonis
1550 1326 1703 1357 Etheriani,
1717 1325 1765 1360 qui

970 1381 1003 1401 ex
1013 1381 1046 1401 ea
1056 1373 1241 1409 fragmentum
1257 1373 1341 1401 refert
1355 1374 1389 1401 de
1402 1374 1506 1408 Spiritu
1519 1378 1623 1401 sancto.
1638 1373 1664 1400 5.
1678 1373 1766 1400 Tanta

970 1420 1117 1447 consensio
1136 1419 1260 1455 epistolae
1282 1427 1344 1447 cum
1369 1419 1582 1454 reprehensione
1605 1418 1766 1446 anathema-

972 1465 1127 1498 tismorum,
1146 1469 1177 1492 ut
1190 1464 1265 1492 aliud
1281 1472 1337 1491 non
1351 1464 1479 1492 videatur
1494 1472 1566 1497 esse,
1582 1471 1663 1498 quam
1680 1462 1766 1498 ipsius

971 1511 1100 1546 quaedam
1119 1511 1283 1539 contractio.

971 1578 1093 1614 Epistola
1112 1578 1173 1611 152,
1194 1578 1297 1605 Relatis
1317 1577 1493 1606 Orientalium
1512 1578 1548 1605 ad
1564 1579 1763 1613 imperatorem.

1005 1646 1045 1674 Ne
1058 1651 1157 1673 sanctw
1176 1646 1282 1682 quidem
1296 1646 1470 1678 Pentecostes,
1490 1649 1545 1672 etc.
1561 1645 1599 1672 De
1618 1644 1767 1672 Orientali-

970 1692 1023 1720 bus
1045 1700 1100 1719 non
1116 1698 1159 1720 est
1175 1700 1278 1725 sermo,
1298 1692 1345 1720 sed
1367 1692 1401 1719 de
1417 1691 1536 1719 Nestorii
1554 1691 1710 1718 comitibus.
1724 1691 1766 1718 llli
1783 1683 1785 1685 ’

970 1738 1045 1765 enim
1061 1737 1107 1765 diu
1125 1742 1187 1773 post
1200 1738 1382 1765 Pentecosten
1399 1740 1547 1768 venerunt,
1566 1736 1604 1763 illi
1621 1740 1694 1763 ante.
1711 1735 1766 1763 Cur

970 1791 1038 1811 vero
1058 1784 1229 1812 Nestorianis
1249 1784 1356 1811 nullum
1379 1783 1500 1819 patuerit
1524 1785 1666 1818 templum,
1686 1783 1767 1819 [Egy-

973 1830 1017 1857 tiis
1030 1837 1096 1857 vero
1109 1830 1271 1865 ueterisque
1287 1829 1418 1865 patuerit,
1434 1837 1515 1857 causa
1528 1829 1646 1856 obscura
1659 1833 1710 1856 est.
1726 1829 1767 1856 An

971 1875 1045 1910 quod
1067 1875 1223 1902 Nestoriani
1242 1876 1435 1903 communione
1458 1875 1534 1902 velut
1553 1874 1675 1902 haeretici
1691 1881 1767 1901 arce-

972 1921 1085 1948 rentur?
1101 1921 1136 1948 At
1152 1921 1269 1948 necdum
1287 1921 1409 1948 damnati
1428 1925 1517 1949 erant.
1537 1920 1577 1948 An
1597 1920 1661 1955 quia
1679 1927 1768 1955 popu-

970 1967 1015 1994 lus
1029 1967 1129 1994 mirum
1146 1967 1173 1994 in
1190 1967 1302 1994 modum
1322 1967 1450 1995 addictus
1466 1967 1551 1994 cultui
1569 1967 1654 1993 beatae
1675 1966 1767 2001 Virgi-

971 2011 1033 2044 nis,
1059 2012 1155 2038 oderat
1179 2011 1306 2040 homines
1332 2012 1449 2045 θεοτόκῳ
1472 2011 1613 2039 infensos?
1636 2012 1671 2039 At
1697 2012 1766 2039 nihil

971 2057 1108 2092 ejusmodi
1132 2057 1222 2092 questi
1244 2062 1309 2085 sunt
1328 2058 1495 2085 Nestoriani.
1516 2057 1621 2093 Opinor
1643 2058 1767 2086 Memno-

972 2111 1053 2135 nem,
1076 2107 1189 2138 propter
1212 2103 1341 2131 tuendam
1368 2111 1423 2131 sum
1446 2103 1519 2131 sedis
1544 2103 1766 2139 prasrogativam,

973 2150 982 2160 ¹
999 2156 1062 2176 cum
1077 2149 1206 2176 Nestorio
1223 2149 1372 2177 convenire
1386 2149 1509 2176 noluisse
1525 2158 1531 2175 :
1548 2153 1680 2176 tentasset
1694 2149 1767 2176 enim

972 2195 1130 2226 Nestorius,
1154 2194 1242 2222 fretus
1260 2195 1323 2230 jure
1346 2195 1394 2222 illo
1416 2195 1536 2230 litigioso
1552 2202 1608 2222 sum
1625 2194 1713 2227 sedis,
1739 2194 1767 2221 in

974 2241 1037 2269 Asia
1062 2241 1228 2276 praesidere,
1249 2241 1325 2268 velut
1347 2241 1375 2268 in
1395 2241 1517 2269 Ecclesia
1540 2249 1596 2269 suae
1617 2241 1765 2269 diiecesis:

974 2288 1048 2322 quod
1067 2287 1089 2314 si
1115 2286 1224 2314 tulisset
1246 2286 1394 2319 Memnon,
1418 2287 1588 2315 deseruisset
1621 2287 1766 2322 antiquum

973 2341 1030 2361 sua:
1052 2332 1250 2367 autocephalize
1263 2332 1318 2368 jus,
1340 2332 1405 2359 olim
1429 2340 1443 2359 a
1462 2332 1658 2368 Chrysostomo
1679 2336 1768 2360 tenta-

974 2383 1049 2411 tum;
1064 2379 1138 2414 quod
1152 2378 1283 2410 retinere,
1295 2386 1356 2405 cum
1374 2378 1442 2406 alias
1458 2379 1522 2406 totis
1536 2379 1644 2406 viribus
1659 2378 1704 2405 vix
1719 2385 1767 2413 po-

975 2425 1083 2457 tuisset,
1099 2432 1173 2452 nunc
1183 2432 1215 2452 ea
1228 2433 1320 2452 rerum
1333 2424 1491 2452 conditione
1504 2425 1583 2452 facile
1596 2425 1713 2452 valebat.

1009 2471 1206 2503 Candidianus,
1222 2475 1276 2498 etc.
1291 2471 1510 2499 Domesticorum
1526 2471 1571 2498 ille
1592 2479 1684 2498 comes
1703 2478 1766 2498 cum

973 2516 1100 2544 Nestorio
1123 2516 1176 2544 fuit
1197 2517 1318 2544 amicitia
1343 2517 1516 2552 coniunctus,
1538 2517 1654 2552 ideoque
1677 2524 1767 2543 causai

974 2563 1116 2591 catholica:
1130 2571 1185 2591 non
1200 2563 1265 2591 satis
1283 2571 1388 2599 aequus.
1408 2564 1477 2591 Nam
1489 2567 1517 2590 et
1533 2571 1595 2591 cum
1611 2563 1645 2590 de
1657 2562 1766 2598 negotio

975 2609 1155 2646 defositionis
1176 2609 1297 2638 Nestorii
1323 2609 1429 2638 diceret
1457 2617 1550 2638 coram
1570 2609 1765 2642 Orientalibus,

785 2684 945 2714 SCHULle
964 2683 1079 2712 NOTAE.

163 2745 187 2762 θ’
202 2745 271 2772 Vide
288 2744 422 2807 integram
447 2744 591 2786 epistolam
612 2743 706 2772 Graece
724 2743 758 2771 ad
775 2743 963 2778 apographum
993 2743 1110 2783 Vindob.
1127 2751 1267 2785 excusam,
1298 2748 1319 2771 t.
1347 2745 1392 2777 IV,
1423 2752 1451 2779 p.
1467 2744 1532 2772 1291
1552 2752 1610 2779 seq.
1645 2741 1765 2783 Delenda

163 2784 241 2807 erunt
258 2787 319 2807 quae
364 2787 491 2807 arnerlus
511 2779 545 2806 de
576 2787 673 2806 manca
689 2783 750 2807 Ista.
767 2787 849 2807 uuam
865 2778 989 2807 dederat.
1005 2778 1101 2806 Latina
1117 2787 1254 2807 versnone.
1266 2783 1294 2806 et
1309 2779 1343 2807 dc
1366 2784 1455 2807 textus
1468 2779 1554 2807 Graeci
1572 2779 1696 2807 exemplo
1712 2777 1764 2805 Slbl

125 2780 241 2808 fuerunt
258 2787 319 2815 quae

364 2777 491 2808 arnerius
511 2779 545 2806 de
576 2787 673 2806 manca
689 2783 750 2812 Ista,
767 2777 849 2814 quam
865 2778 989 2814 dederat,
1005 2778 1101 2806 Latina
1111 2779 1254 2814 iversione,
1266 2783 1294 2806 et
1309 2779 1343 2807 dc
1366 2777 1455 2808 textus
1468 2779 1554 2807 Graeci
1572 2777 1696 2814 exemplo
1712 2777 1764 2805 sibi

125 2813 441 2851 denegato‘scripserat.
481 2815 552 2851 {liis
568 2814 675 2851 gemina
694 2814 750 2842 vid.
764 2813 857 2849 supra,
871 2821 898 2848 p.
914 2813 1039 2851 lq55_se‘q.
1075 2814 1085 2829 ’
1102 2813 1232 2851 Quinque.
1252 2815 1325 2842 Edit.
1342 2814 1419 2851 prior
1438 2814 1556 2843 habebat
1568 2822 1624 2848 σω,
1639 2813 1686 2842 sed
1700 2820 1768 2840 non-

126 2849 182 2879 nisi
197 2847 321 2887 quinque
336 2847 452 2886 proferri
473 2847 597 2878 videmus
614 2849 745 2883 rationes,
762 2847 862 2884 eas—que
873 2847 952 2883 satis
971 2847 1103 2876 infirmas.
1124 2847 1184 2876 Vid.
1201 2857 1296 2885 supra,
1311 2847 1417 2886 p.108.
