1967 3047
201 168 254 203 315

755 166 943 198 GARNERII
961 163 1210 195 DISSERTATIO
1231 164 1271 193 ll-

1784 154 1836 186 3l6

204 227 291 254 multa
308 225 440 253 mentitus
450 228 503 256 est,
519 222 667 250 etobstitit
680 222 783 249 clausis
800 221 862 252 viis,
875 228 909 248 ne
932 227 995 255 syu-
1010 220 1032 248 A
1047 218 1085 245 ris
1096 225 1159 245 eum
1173 217 1356 252 praecedente,
1372 220 1454 250 atque
1469 213 1538 241 adeo
1553 210 1731 243 Theodoreti,
1743 210 1836 237 nullus

208 273 255 300 odi
271 272 411 300 catholica:
426 271 524 297 litterae
538 269 573 296 ad
587 269 785 304 imperatorem
810 267 952 299 venirem;
968 270 996 293 et

206 316 240 343 ad
265 316 353 350 ipsum
375 315 569 349 imperatorem
596 303 691 341 retulit
715 303 885 340 mendaciter
906 320 913 338 :
936 318 997 346 quae

207 368 288 387 causa
304 360 365 391 fuit,
384 367 433 386 cur
451 363 513 394 post
529 358 674 386 veritatem
693 358 813 393 aguitam
826 358 860 385 ab
875 358 936 386 aula
948 365 997 385 cx-

207 407 367 441 pelleretur.

247 450 341 477 Vestris
355 450 463 477 decretis
480 449 650 481 conculcatis,
666 454 720 476 etc.
735 449 802 476 Mira
816 447 998 475 Orientalium

207 495 337 522 audacia!
356 495 385 521 ln
410 502 464 529 quo
488 495 562 521 enim
583 495 678 521 Patres
701 493 878 521 oecumcnica:
902 492 998 528 synodi

207 541 344 567 violarunt
365 541 476 567 decreta
499 540 674 574 principum?
692 539 856 566 Condictum
880 542 940 566 erat
964 538 999 565 ad

208 587 280 613 diem
309 587 495 613 Pentecostes.
521 585 717 612 Convenerunt
743 585 909 619 patriarcha:
932 588 997 617 tres,

207 632 341 667 Cyrillus,
365 631 508 658 Nestorius
528 636 556 658 et
579 631 733 663 Juvenalis,
759 632 852 665 plures
873 631 999 659 ducentis

207 678 329 712 episcopi
343 678 478 710 aderant;
493 681 679 711 exspectatum
688 682 731 704 est
745 677 815 704 ultra
830 677 998 710 condictum,

209 724 307 751 diebus
331 725 396 750 totis
422 724 598 758 quindecim,
619 731 723 750 moram
752 724 779 750 in
805 724 847 750 via
874 724 1001 752 trahebat

209 769 328 803 maligno
337 769 452 796 consilio
464 769 668 799 Antiochenus;
682 769 805 796 incertus
815 773 874 796 erat
887 773 1000 804 propter

210 815 294 842 maris
310 814 521 842 inconstantiam
536 814 755 846 Occidentalium
768 814 916 841 adventus.
936 815 1000 842 Post

209 860 322 887 Joannis
348 868 520 895 responsum,
545 860 683 887 monentis
709 860 813 891 Patres,
835 863 867 886 ut
887 864 1000 894 agerent

209 907 281 941 quod
294 907 429 941 agendum
445 911 583 941 putarent,
600 906 701 933 factum
713 911 755 933 est
766 906 863 941 synodi
880 906 1000 938 initium,

211 953 405 987 tergiversante
424 951 535 986 quidem
554 952 695 984 Nestor-io;
716 951 774 983 sed,
787 957 896 977 reorum
916 958 1001 984 more,

208 998 341 1033 judicium
359 997 539 1024 detrectabat.

246 1042 467 1075 Pra-stolabatur,
497 1047 550 1070 etc.
580 1043 755 1071 Praastolatus
783 1049 825 1071 est
845 1046 933 1080 reipsa
950 1044 1003 1080 Cy-

211 1089 290 1115 rillus
305 1096 367 1115 eum
389 1087 534 1114 catholicis
556 1095 604 1122 per
622 1088 681 1115 dies
697 1089 855 1122 quindecim
873 1099 881 1116 :
897 1090 943 1118 sed
961 1090 1004 1116 in-

212 1134 351 1168 telltgebat
366 1134 458 1164 simul,
472 1140 527 1167 quo
539 1137 676 1167 spectaret
690 1133 816 1161 all'ectata
833 1135 866 1162 ab
878 1135 1004 1162 Orienta-

211 1179 284 1206 libus
306 1180 356 1206 viaa
376 1187 463 1211 mora,
481 1187 579 1213 nempe
601 1179 634 1205 ad
656 1180 748 1207 omnia
764 1181 962 1214 perturbanda,
978 1186 1006 1207 et

211 1234 261 1260 per
287 1225 327 1252 fas
353 1233 385 1252 ac
412 1224 488 1252 nefas
515 1225 696 1253 invadendam
725 1226 822 1261 synodi
853 1227 1004 1261 praesiden-

212 1273 289 1299 tiam.

247 1318 329 1352 367
344 1317 467 1352 Reliquos
483 1318 757 1349 excommunicationi,
769 1322 822 1345 etc.
839 1318 875 1345 Ut
887 1319 1006 1346 Joannes

214 1364 318 1399 synodo
345 1363 520 1398 praesideret,
546 1371 694 1398 rerumque
716 1363 821 1398 potitus
848 1369 947 1391 cuneta
973 1372 1008 1392 ex

214 1410 330 1437 arbitrio
351 1409 532 1436 Orientalium
555 1413 717 1444 perageret,
742 1410 826 1436 traxit
850 1417 953 1437 moram
978 1410 1008 1437 in

214 1456 268 1486 via,
289 1455 377 1482 donec
391 1455 535 1482 Nestorius
549 1455 753 1490 deponeretur;
771 1455 897 1490 deposito
916 1456 1007 1483 statim

215 1502 362 1533 advolavit,
384 1505 414 1528 ut
429 1500 578 1527 adventum
598 1501 749 1535 legatorum
765 1501 839 1527 sedis
854 1501 1009 1535 apostolica;

216 1551 401 1582 prmverteret.
426 1546 564 1580 Ephesum
588 1547 730 1581 appulsus,
753 1546 874 1573 nondum
898 1547 1008 1581 pulvere

215 1593 335 1624 deterso,
357 1596 523 1619 nocturnum
547 1599 579 1618 ac
600 1600 723 1626 praeceps
739 1591 873 1626 judicium
898 1592 925 1618 in
949 1592 1008 1627 ipso

216 1637 336 1672 hospitio
352 1637 486 1668 exercuit,
504 1645 538 1663 ne
558 1644 620 1671 quis
642 1637 753 1663 nomine
774 1636 816 1663 vel
838 1636 1009 1671 patriarcha-

217 1687 271 1714 tus,
284 1682 326 1710 vel
342 1682 550 1716 autocephalite,
563 1682 608 1717 jus
627 1681 793 1715 praesidendi
813 1681 927 1708 haberet
942 1690 949 1707 :
963 1689 1011 1707 ex-

216 1728 458 1756 communicationi
479 1728 573 1754 Patres
593 1727 714 1761 reliquos
736 1726 862 1761 subjecit,
878 1733 912 1752 ne
931 1725 1010 1752 resti-

219 1779 295 1801 tuere
312 1773 451 1807 depositos
468 1777 590 1807 possent.

257 1817 416 1853 Apollinarii
431 1822 454 1844 et
466 1818 600 1848 Eunomii,
613 1821 666 1845 etc.
681 1816 800 1844 Consule
818 1815 1010 1850 reprehensio-

218 1872 281 1892 nem
303 1863 612 1895 anathematismorum,
636 1867 665 1890 et
689 1862 833 1897 epistolas,
856 1861 884 1888 in
909 1861 1014 1895 quibus,

220 1909 410 1937 Theodoretus
430 1909 463 1937 de
485 1909 582 1936 iisdem
605 1908 841 1935 anathematismis
863 1907 1009 1942 loquitur:

219 1960 247 1983 et
268 1956 348 1983 facile
368 1955 571 1983 animadvertes
598 1955 669 1982 hanc
686 1955 877 1982 haereticorum
897 1954 1012 1989 conjun-

219 2001 340 2029 ctionem
364 2001 505 2036 propriam
526 2008 587 2028 esse
606 2000 783 2032 Theodoreti,
799 2000 914 2034 ejusque
935 1999 1012 2026 velut

218 2047 472 2084 χαρακτηςτιστικὴν
490 2047 604 2082 φράσιν,

256 2093 332 2126 Quod
348 2102 409 2121 vero
423 2094 537 2125 tardius,
552 2097 605 2120 etc.
620 2092 784 2123 Orientales.
797 2099 833 2119 ne
851 2091 1012 2119 viderentur

220 2142 312 2168 omnia
335 2140 399 2167 dolo
421 2140 493 2167 malo
516 2143 544 2166 et
563 2139 631 2168 vitio
654 2138 762 2169 fecisse,
781 2137 937 2165 tarditatem
961 2137 1012 2164 vise

220 2193 352 2214 excusare
373 2186 463 2212 conati
489 2189 568 2217 sunt;
595 2185 642 2212 sed
666 2184 769 2219 apertis
793 2183 944 2211 mendaciis
966 2187 1014 2210 aut

1048 269 1090 292 est
1107 263 1250 291 dubitandi
1267 263 1355 294 locus,
1374 262 1397 289 si
1415 261 1599 288 adhibeantur
1621 258 1758 293 κριτήρια,
1776 263 1837 290 quae

1048 310 1147 343 solent,
1162 314 1191 337 et
1209 309 1256 337 ﬁat
1269 309 1380 336 collatio
1395 315 1457 335 cum
1474 306 1607 334 concione
1621 304 1713 331 habita
1726 302 1838 330 Chalce-

1048 357 1120 385 done
1137 364 1152 383 a
1167 355 1351 387 Theodoreto,
1369 355 1378 365 ’
1391 354 1420 381 in
1435 361 1489 388 qua
1510 352 1582 379 idem
1599 351 1677 378 locus
1695 349 1770 376 Isaia:
1785 353 1838 376 tra—

1049 407 1182 431 ctaretur.

1084 447 1211 475 Nostrum
1224 447 1363 474 aduentum
1378 443 1539 482 praestolari,
1553 447 1606 469 etc.
1619 441 1648 468 ld
1661 441 1793 475 scriptum
1805 440 1837 467 ad

1049 494 1204 522 Orientales
1223 502 1237 521 a
1256 493 1359 529 Cyrillo
1386 491 1497 519 nomine
1521 489 1690 523 reliquorum
1714 487 1838 517 Patrum,

1050 544 1081 567 ut
1095 540 1129 567 ad
1143 539 1333 566 maturandam
1349 538 1420 564 viam
1437 529 1619 563 incitarentur
1634 543 1640 560 :
1655 539 1716 559 nam
1731 532 1839 566 elapsus

1048 585 1104 620 jam
1125 585 1228 612 dudum
1248 588 1309 611 erat
1328 583 1472 610 condictus
1487 581 1556 608 dies.
1580 580 1648 606 Silet
1663 585 1729 605 vero
1749 577 1840 604 Theo-

1050 630 1164 658 doretus
1181 629 1295 662 callide,
1322 630 1351 656 in
1374 629 1425 655 hac
1449 631 1478 654 et
1501 625 1673 662 praecedente
1697 623 1839 653 relatione,

1051 677 1125 712 quod
1147 676 1268 704 Joannes
1293 683 1342 711 per
1363 673 1552 708 metropolitas
1576 670 1660 701 duos,
1682 676 1751 704 quos
1769 675 1840 702 pra:-

1051 723 1175 755 miserat,
1195 722 1296 758 Cyrillo
1312 722 1470 756 scripserat,
1483 723 1514 746 ut
1529 718 1649 749 interim,
1664 717 1728 744 dum
1742 715 1841 743 Orien-

1052 769 1120 797 tales
1146 768 1288 800 venirent,
1313 767 1340 794 id
1369 767 1447 794 ﬁeret
1471 765 1544 800 quod
1572 763 1727 791 faciendum
1764 761 1841 788 vide-

1052 819 1139 842 retur.

1088 861 1178 888 Tridui
1200 861 1305 891 itinere,
1325 862 1379 885 etc.
1397 857 1476 884 Bidui
1499 856 1630 884 duntaxat
1646 853 1749 881 mentio
1770 852 1800 879 ﬂt
1816 853 1843 879 in

1054 907 1197 942 superiore
1217 906 1360 936 relatione,
1377 904 1425 931 sed
1445 911 1494 938 per
1514 902 1626 938 μείωσιν
1642 900 1791 935 vulgarem.

1090 953 1218 989 Aspidum
1233 960 1281 979 ova
1297 952 1442 986 fregerunt,
1463 954 1516 977 etc.
1538 949 1628 975 Locus
1645 947 1689 973 hic
1705 953 1765 973 cum
1787 952 1848 972 ser-

1054 1006 1135 1026 mone
1169 997 1300 1033 przedicto
1317 996 1434 1024 collatus
1466 994 1673 1022 Thcodoretum
1701 990 1845 1018 manifeste

1054 1044 1156 1079 prodit.

1057 1098 1177 1135 Epistula
1198 1099 1258 1132 154,
1279 1098 1383 1125 Πρῖαιίο
1401 1096 1578 1135 Orientalium
1596 1096 1629 1122 ad
1643 1099 1762 1122 senatum
1780 1092 1848 1121 Con-

1303 1132 1581 1168 stantinopolitanum.

1097 1191 1198 1225 Ἀγίων
1222 1190 1270 1217 καὶ
1294 1189 1456 1217 καλλινίκων
1483 1188 1639 1224 μαρτύρων,
1662 1191 1714 1213 etc.
1738 1184 1849 1212 Phrasis

1057 1236 1232 1263 Theodorcto
1244 1236 1396 1267 familiaris,
1413 1242 1444 1262 ac
1461 1234 1553 1261 forsan
1566 1233 1652 1260 solius
1666 1231 1786 1266 propria.

1093 1282 1176 1316 368
1212 1281 1424 1308 Εὑσεϐεστάτων
1460 1280 1507 1306 καὶ
1543 1278 1724 1313 φιλοχρίστων
1763 1276 1849 1310 βασι-

1057 1327 1135 1360 λέων,
1156 1332 1209 1355 etc.
1235 1327 1268 1355 Et
1292 1327 1350 1355 hanc
1376 1335 1485 1362 quoque
1511 1325 1619 1361 phrasis
1645 1323 1850 1351 Theodoretum

1057 1371 1160 1407 prodit.

1059 1428 1179 1464 Epistola
1195 1429 1256 1462 155,
1266 1429 1379 1456 Joannis
1391 1428 1545 1464 Antiocheni
1559 1427 1594 1454 ad
1606 1426 1705 1453 clerum
1720 1425 1852 1453 Constan-

1343 1463 1560 1499 tinopolitanum.

1099 1522 1212 1549 Arauete
1228 1521 1309 1548 telam
1323 1528 1388 1553 esse,
1403 1523 1456 1547 etc.
1471 1519 1534 1546 Haec
1549 1518 1633 1546 dictio
1649 1516 1852 1544 Theodoretum

1019 1565 1044 1606 Ω
1061 1575 1201 1598 auctorem
1216 1567 1330 1595 indicat.

1097 1614 1243 1645 Iudicibus,
1256 1617 1310 1640 etc.
1325 1611 1387 1639 llzec
1407 1611 1490 1646 igitur
1503 1609 1618 1645 epistola
1631 1609 1729 1636 ordine
1745 1612 1853 1643 pertur-

1061 1661 1125 1687 bato
1139 1659 1167 1686 in
1179 1657 1305 1686 conciliis
1316 1655 1493 1692 generalibus
1508 1654 1658 1682 collocatur
1673 1657 1735 1681 ante
1750 1653 1853 1689 cpisto-

1060 1708 1114 1735 lam
1133 1706 1165 1733 ad
1185 1709 1320 1733 senatum.

1065 1760 1183 1797 Epistula
1204 1759 1391 1797 156,_Joannis
1405 1757 1561 1797 mitior/teni
1571 1756 1745 1797 aliorumque
1759 1756 1856 1791 episco-

1133 1804 1226 1832 porum
1244 1795 1278 1822 ad
1294 1793 1421 1830 populum
1437 1791 1763 1827 Constantinopolitanum

1103 1851 1304 1886 Quinquaginta
1328 1849 1462 1884 episcopos
1481 1847 1631 1883 Egyptios,
1650 1852 1703 1874 etc.
1724 1847 1775 1880 Qui
1796 1847 1856 1875 fue—

1061 1898 1128 1929 rint,
1138 1901 1166 1925 et
1178 1897 1256 1932 cujus
1272 1896 1402 1928 civitatis,
1417 1895 1474 1922 sive
1486 1902 1556 1929 quos
1568 1893 1687 1929 Cyrillus
1697 1901 1731 1921 ex
1739 1893 1856 1929 [Egypto

1061 1944 1205 1975 eduxerat,
1229 1943 1287 1971 sive
1311 1950 1381 1977 quos
1400 1949 1434 1969 ex
1451 1941 1515 1968 Asia
1537 1940 1663 1967 Memnon
1682 1944 1855 1972 evocaverat,

1061 1989 1142 2018 facile
1162 1989 1333 2025 dignoscitur
1352 1996 1387 2015 ex
1407 1987 1569 2015 recensione
1587 1986 1791 2021 episcoporum,
1809 1986 1856 2020 qui

1063 2036 1158 2071 prim-.e
1176 2035 1277 2063 actioni
1292 2034 1336 2062 vel
1354 2033 1551 2065 interfuerunt,
1564 2032 1607 2059 vel
1622 2031 1856 2066 subscripserunt.

1063 2082 1115 2110 Ubi
1128 2081 1328 2112 animadverte,
1339 2080 1412 2107 inter
1424 2078 1613 2113 metropolitas
1625 2078 1764 2104 neminem
1777 2077 1859 2112 Egy-

1064 2128 1154 2163 ptium
1174 2127 1292 2155 censeri.
1310 2125 1388 2159 Quod
1411 2128 1575 2160 argumento
1597 2128 1649 2155 est,
1667 2124 1771 2151 nullum
1793 2129 1859 2151 tunc

1065 2174 1198 2209 temporis
1217 2173 1245 2200 in
1261 2172 1378 2208 Egypto
1398 2170 1641 2206 metropolitanum
1660 2169 1744 2197 fuisse
1759 2173 1859 2203 praeter

220 2235 297 2258 certe
312 2231 438 2257 futilibus
453 2230 607 2258 rationibus
619 2230 662 2258 usi
677 2235 752 2258 sunt.
766 2229 833 2258 Vide
847 2230 909 2257 vita;
924 2229 1014 2256 Theo—
1029 2232 1051 2259 D
1065 2219 1280 2247 Alexandrinum
1296 2219 1318 2245 ³·

222 2276 311 2303 doreti
332 2280 414 2310 caput
434 2276 460 2303 5.
476 2275 600 2303 Fuerunt
621 2280 723 2307 tamen,
743 2275 789 2310 qui
809 2282 879 2309 quos
896 2274 1015 2310 Cyrillus

222 2321 354 2353 convicit,
367 2320 494 2348 defensos
505 2321 616 2349 vellent.
630 2321 732 2349 Verum
747 2321 773 2348 in
788 2321 841 2348 hoc
852 2324 1015 2355 argumento

223 2367 370 2394 infeliciter
388 2367 425 2393 ita
438 2367 539 2394 versati
552 2372 626 2399 sunt,
642 2371 673 2394 ut
690 2371 790 2401 prater
804 2367 874 2393 facta
889 2366 1014 2400 quaedam

223 2413 375 2449 supposita,
389 2416 416 2440 et
431 2413 525 2441 vitiata
539 2413 707 2446 testimonia,
720 2413 789 2439 nihil
805 2412 960 2439 attulerint.

276 2479 395 2515 Epistola
410 2480 471 2512 153,
483 2479 586 2506 Relatio
601 2477 776 2506 Orientalium
793 2477 827 2504 ad
845 2478 958 2513 reginas.

261 2549 302 2577 Ad
318 2551 434 2585 reginas,
451 2548 625 2576 Pulchcriam
647 2551 674 2574 et.
695 2546 861 2578 Eudoxiatn;
883 2544 931 2573 sed
952 2544 1015 2572 Pul-

224 2595 346 2622 cltcriam
362 2595 490 2626 maxime,
507 2601 599 2620 rerum
616 2596 767 2627 potentem.

261 2641 372 2668 (letalia.
390 2641 458 2668 Cum
475 2640 510 2667 ab
530 2638 708 2666 inferioribus
720 2637 754 2665 ad
769 2636 907 2672 principes
918 2635 1016 2663 scribi-

227 2691 271 2714 tur
287 2687 320 2714 de
333 2687 417 2722 gestis
430 2685 606 2720 quihusdam,
622 2684 717 2712 relatio
732 2687 792 2710 est:
807 2690 868 2709 cum
886 2683 920 2709 ad
935 2681 1014 2712 alios,

226 2733 352 2769 epistola.
367 2733 419 2759 lsta
438 2739 521 2766 porro
539 2730 635 2757 relatio
652 2729 718 2764 quin
733 2728 855 2763 ejusdem
868 2727 904 2755 sit
918 2730 1015 2753 aucto-

1083 2277 1206 2313 Epistola
1225 2277 1287 2308 169,
1307 2283 1387 2311 quam
1409 2274 1583 2313 Iheodoretus
1599 2272 1710 2313 _scripsit
1728 2271 1842 2300 Andr-ea:

1411 2309 1585 2337 Samosatam
1597 2309 1617 2336 ⁸.

1102 2357 1142 2385 Ad
1152 2357 1299 2389 Andream,
1313 2360 1368 2383 etc.
1383 2355 1408 2383 Is
1420 2358 1471 2387 est,
1485 2354 1533 2389 qui
1546 2353 1729 2381 Orientalium
1748 2352 1860 2380 nomine

1065 2403 1236 2438 obiectiones
1250 2402 1383 2429 adversus
1393 2400 1539 2428 duodecim
1555 2399 1674 2434 capitula
1687 2398 1781 2433 Cyrilli
1794 2405 1861 2424 con-

1067 2449 1198 2483 scripsit:
1215 2448 1289 2482 quod
1312 2446 1376 2474 fecit
1396 2453 1451 2474 non
1474 2445 1636 2472 immodeste
1657 2445 1794 2479 primum;
1812 2443 1860 2471 sed

1067 2500 1173 2530 postea,
1195 2498 1226 2521 ut
1246 2493 1451 2520 Theodorctum
1475 2490 1636 2518 defenderet
1654 2493 1747 2516 contra
1766 2487 1860 2523 Cyrilli

1067 2549 1115 2569 sua
1131 2541 1220 2575 capita
1237 2538 1411 2566 defendentis
1429 2535 1643 2567 accusationem,
1656 2533 1787 2561 iracunde
1802 2533 1861 2560 edi-

1067 2585 1234 2618 ditlibrum,
1252 2585 1330 2618 cujus
1348 2583 1529 2618 fragmentum
1544 2580 1629 2608 refert
1640 2579 1802 2607 Anastasius
1815 2578 1860 2605 Si-

1067 2632 1143 2660 naita
1163 2631 1191 2658 iu
1216 2630 1331 2665 Hodego,
1350 2636 1410 2663 cap.
1425 2627 1470 2655 22.
1487 2627 1556 2654 Vide
1580 2633 1641 2660 quae
1671 2625 1704 2652 ad
1726 2625 1779 2652 hoc
1804 2623 1861 2651 fra-

1068 2682 1208 2713 gmentum
1224 2676 1416 2703 annotavimus
1428 2674 1454 2700 in
1471 2679 1503 2700 n-
1517 2677 1594 2708 partc
1607 2671 1725 2706 Operum
1743 2671 1777 2698 Μ.
1791 2670 1862 2697 Mer-

1069 2724 1171 2752 catoris
1185 2726 1246 2758 post
1263 2720 1432 2756 objectioncs
1446 2718 1628 2746 Orientalium
1644 2717 1664 2744 ‘.

883 2794 1042 2824 SCllULle
1073 2791 1188 2822 NOTAE.

265 2863 276 2878 '
291 2862 329 2890 Ad
344 2861 487 2903 epistolam
504 2860 604 2903 latet
621 2863 739 2903 qqa‘t'uor
755 2857 893 2892 proximas
906 2856 975 2903 nihil
990 2854 1098 2883 monuit
1114 2852 1273 2881 Gai-uerius.
1313 2850 1323 2866 ⁵
1337 2849 1491 2879 Pleniorem
1505 2848 1566 2876 vide
1579 2847 1650 2874 hanc
1661 2844 1805 2881 epistolam
1820 2842 1863 2871 ln-

230 2897 281 2931 fra,
297 2898 325 2923 in
340 2892 405 2924 diss.
422 2897 447 2929 5,
467 2896 547 2931 epist.
569 2895 608 2921 l5.
630 2892 637 2894 ’
649 2895 658 2909 ⁸
673 2894 734 2921 \‘id.
751 2900 845 2927 supra.
863 2900 888 2926 p.
906 2892 965 2919 153.
