  <div class='ocr_page' id='page_1' title='image "/cluster/home/n/w/nwhite01/storage/ocr_20150623/84/njp.32101010943783/164.png"; bbox 0 0 1967 3047; ppageno 0'>
   <div class='ocr_carea' id='block_1_1' title="bbox 155 179 205 212">
    <p class='ocr_par' dir='ltr' id='par_1_1' title="bbox 155 179 205 212">
     <span class='ocr_line' id='line_1_1' title="bbox 155 179 205 212; baseline 0 0"><span class='ocrx_word' id='word_1_1' title='bbox 155 179 205 212; x_wconf 68' lang='grc' dir='ltr'><strong>3η</strong></span> 
     </span>
    </p>
   </div>
   <div class='ocr_carea' id='block_1_2' title="bbox 742 181 1214 215">
    <p class='ocr_par' dir='ltr' id='par_1_2' title="bbox 742 181 1214 215">
     <span class='ocr_line' id='line_1_2' title="bbox 742 181 1214 215; baseline 0.008 -4"><span class='ocrx_word' id='word_1_2' title='bbox 742 183 791 211; x_wconf 87' lang='lat' dir='ltr'><strong>DE</strong></span> <span class='ocrx_word' id='word_1_3' title='bbox 812 181 939 213; x_wconf 81' lang='lat' dir='ltr'><strong>LIBRIS</strong></span> <span class='ocrx_word' id='word_1_4' title='bbox 959 183 1214 215; x_wconf 81' lang='lat' dir='ltr'><strong>THEODORETI.</strong></span> 
     </span>
    </p>
   </div>
   <div class='ocr_carea' id='block_1_3' title="bbox 1735 184 1787 217">
    <p class='ocr_par' dir='ltr' id='par_1_3' title="bbox 1735 184 1787 217">
     <span class='ocr_line' id='line_1_3' title="bbox 1735 184 1787 217; baseline 0 -1"><span class='ocrx_word' id='word_1_5' title='bbox 1735 184 1787 217; x_wconf 84' lang='lat' dir='ltr'><strong>3l8</strong></span> 
     </span>
    </p>
   </div>
   <div class='ocr_carea' id='block_1_4' title="bbox 211 235 1789 276">
    <p class='ocr_par' dir='ltr' id='par_1_4' title="bbox 211 235 1789 276">
     <span class='ocr_line' id='line_1_4' title="bbox 211 235 1789 276; baseline 0.005 -15"><span class='ocrx_word' id='word_1_6' title='bbox 211 236 249 263; x_wconf 74' lang='lat' dir='ltr'><strong>Ab</strong></span> <span class='ocrx_word' id='word_1_7' title='bbox 275 235 379 270; x_wconf 72' lang='lat' dir='ltr'><strong>Epheso</strong></span> <span class='ocrx_word' id='word_1_8' title='bbox 406 236 532 263; x_wconf 70' lang='lat' dir='ltr'><strong>scribens.</strong></span> <span class='ocrx_word' id='word_1_9' title='bbox 560 236 716 271; x_wconf 86' lang='lat' dir='ltr'><strong>Antequam</strong></span> <span class='ocrx_word' id='word_1_10' title='bbox 742 237 943 265; x_wconf 84' lang='lat' dir='ltr'><strong>Chalcedonem</strong></span> <span class='ocrx_word' id='word_1_11' title='bbox 960 241 980 270; x_wconf 79' lang='grc' dir='ltr'><strong>Α</strong></span> <span class='ocrx_word' id='word_1_12' title='bbox 996 243 1105 274; x_wconf 87' lang='lat' dir='ltr'><strong>tequam</strong></span> <span class='ocrx_word' id='word_1_13' title='bbox 1118 240 1340 274; x_wconf 79' lang='lat' dir='ltr'><strong>proﬁcisceretur</strong></span> <span class='ocrx_word' id='word_1_14' title='bbox 1359 239 1545 268; x_wconf 82' lang='lat' dir='ltr'><strong>l‘heodoretus</strong></span> <span class='ocrx_word' id='word_1_15' title='bbox 1556 240 1665 276; x_wconf 84' lang='lat' dir='ltr'><strong>Epheso</strong></span> <span class='ocrx_word' id='word_1_16' title='bbox 1676 240 1789 270; x_wconf 74' lang='lat' dir='ltr'><strong>circiter</strong></span> 
     </span>
    </p>
   </div>
   <div class='ocr_carea' id='block_1_5' title="bbox 156 281 945 318">
    <p class='ocr_par' dir='ltr' id='par_1_5' title="bbox 156 281 945 318">
     <span class='ocr_line' id='line_1_5' title="bbox 156 281 945 318; baseline 0.004 -10"><span class='ocrx_word' id='word_1_17' title='bbox 156 281 389 316; x_wconf 75' lang='lat' dir='ltr'><strong>proﬁcisceretur,</strong></span> <span class='ocrx_word' id='word_1_18' title='bbox 407 289 464 316; x_wconf 86' lang='lat' dir='ltr'><strong>quo</strong></span> <span class='ocrx_word' id='word_1_19' title='bbox 489 281 524 309; x_wconf 86' lang='lat' dir='ltr'><strong>ab</strong></span> <span class='ocrx_word' id='word_1_20' title='bbox 547 281 714 317; x_wconf 77' lang='lat' dir='ltr'><strong>imperatore</strong></span> <span class='ocrx_word' id='word_1_21' title='bbox 739 283 819 318; x_wconf 79' lang='lat' dir='ltr'><strong>legati</strong></span> <span class='ocrx_word' id='word_1_22' title='bbox 841 287 945 318; x_wconf 83' lang='lat' dir='ltr'><strong>septem</strong></span> 
     </span>
    </p>
   </div>
   <div class='ocr_carea' id='block_1_6' title="bbox 156 328 946 364">
    <p class='ocr_par' dir='ltr' id='par_1_6' title="bbox 156 328 946 364">
     <span class='ocr_line' id='line_1_6' title="bbox 156 328 946 364; baseline 0 -8"><span class='ocrx_word' id='word_1_23' title='bbox 156 329 299 363; x_wconf 81' lang='lat' dir='ltr'><strong>utriusque</strong></span> <span class='ocrx_word' id='word_1_24' title='bbox 320 328 415 364; x_wconf 88' lang='lat' dir='ltr'><strong>partis,</strong></span> <span class='ocrx_word' id='word_1_25' title='bbox 434 328 576 356; x_wconf 76' lang='lat' dir='ltr'><strong>catholica:</strong></span> <span class='ocrx_word' id='word_1_26' title='bbox 594 332 622 356; x_wconf 87' lang='lat' dir='ltr'><strong>et</strong></span> <span class='ocrx_word' id='word_1_27' title='bbox 642 329 834 361; x_wconf 68' lang='lat' dir='ltr'><strong>scbismaticze,</strong></span> <span class='ocrx_word' id='word_1_28' title='bbox 849 337 946 357; x_wconf 78' lang='lat' dir='ltr'><strong>evoca-</strong></span> 
     </span>
    </p>
   </div>
   <div class='ocr_carea' id='block_1_7' title="bbox 155 374 266 402">
    <p class='ocr_par' dir='ltr' id='par_1_7' title="bbox 155 374 266 402">
     <span class='ocr_line' id='line_1_7' title="bbox 155 374 266 402; baseline 0 -2"><span class='ocrx_word' id='word_1_29' title='bbox 155 374 266 402; x_wconf 88' lang='lat' dir='ltr'><strong>bantur.</strong></span> 
     </span>
    </p>
   </div>
   <div class='ocr_carea' id='block_1_8' title="bbox 189 429 944 464">
    <p class='ocr_par' dir='ltr' id='par_1_8' title="bbox 189 429 944 464">
     <span class='ocr_line' id='line_1_8' title="bbox 189 429 944 464; baseline 0.003 -8"><span class='ocrx_word' id='word_1_30' title='bbox 189 429 316 464; x_wconf 76' lang='lat' dir='ltr'><strong>Beati/iw</strong></span> <span class='ocrx_word' id='word_1_31' title='bbox 328 429 504 464; x_wconf 68' lang='lat' dir='ltr'><strong>inﬁrmitatis,</strong></span> <span class='ocrx_word' id='word_1_32' title='bbox 522 434 574 457; x_wconf 88' lang='lat' dir='ltr'><strong>etc.</strong></span> <span class='ocrx_word' id='word_1_33' title='bbox 588 429 645 463; x_wconf 82' lang='lat' dir='ltr'><strong>Qua</strong></span> <span class='ocrx_word' id='word_1_34' title='bbox 659 429 799 463; x_wconf 82' lang='lat' dir='ltr'><strong>Andreas,</strong></span> <span class='ocrx_word' id='word_1_35' title='bbox 825 431 868 458; x_wconf 91' lang='lat' dir='ltr'><strong>vel</strong></span> <span class='ocrx_word' id='word_1_36' title='bbox 893 431 944 458; x_wconf 92' lang='lat' dir='ltr'><strong>im-</strong></span> 
     </span>
    </p>
   </div>
   <div class='ocr_carea' id='block_1_9' title="bbox 154 475 944 511">
    <p class='ocr_par' dir='ltr' id='par_1_9' title="bbox 154 475 944 511">
     <span class='ocr_line' id='line_1_9' title="bbox 154 475 944 511; baseline 0.003 -9"><span class='ocrx_word' id='word_1_37' title='bbox 154 476 263 511; x_wconf 85' lang='lat' dir='ltr'><strong>peditus</strong></span> <span class='ocrx_word' id='word_1_38' title='bbox 283 483 339 503; x_wconf 81' lang='lat' dir='ltr'><strong>non</strong></span> <span class='ocrx_word' id='word_1_39' title='bbox 362 475 461 510; x_wconf 82' lang='lat' dir='ltr'><strong>potuit,</strong></span> <span class='ocrx_word' id='word_1_40' title='bbox 484 476 526 503; x_wconf 85' lang='lat' dir='ltr'><strong>vel</strong></span> <span class='ocrx_word' id='word_1_41' title='bbox 545 484 611 504; x_wconf 85' lang='lat' dir='ltr'><strong>usus</strong></span> <span class='ocrx_word' id='word_1_42' title='bbox 628 475 727 509; x_wconf 90' lang='lat' dir='ltr'><strong>noluit,</strong></span> <span class='ocrx_word' id='word_1_43' title='bbox 745 477 780 504; x_wconf 89' lang='lat' dir='ltr'><strong>ad</strong></span> <span class='ocrx_word' id='word_1_44' title='bbox 797 478 944 505; x_wconf 86' lang='lat' dir='ltr'><strong>concilium</strong></span> 
     </span>
    </p>
   </div>
   <div class='ocr_carea' id='block_1_10' title="bbox 153 522 260 549">
    <p class='ocr_par' dir='ltr' id='par_1_10' title="bbox 153 522 260 549">
     <span class='ocr_line' id='line_1_10' title="bbox 153 522 260 549; baseline 0 0"><span class='ocrx_word' id='word_1_45' title='bbox 153 522 260 549; x_wconf 77' lang='lat' dir='ltr'><strong>venire.</strong></span> 
     </span>
    </p>
   </div>
   <div class='ocr_carea' id='block_1_11' title="bbox 187 566 942 602">
    <p class='ocr_par' dir='ltr' id='par_1_11' title="bbox 187 566 942 602">
     <span class='ocr_line' id='line_1_11' title="bbox 187 566 942 602; baseline 0.003 -8"><span class='ocrx_word' id='word_1_46' title='bbox 187 567 293 594; x_wconf 66' lang='lat' dir='ltr'><strong>Inseruit</strong></span> <span class='ocrx_word' id='word_1_47' title='bbox 319 568 416 595; x_wconf 78' lang='lat' dir='ltr'><strong>iterum</strong></span> <span class='ocrx_word' id='word_1_48' title='bbox 443 566 591 602; x_wconf 65' lang='lat' dir='ltr'><strong>Egyptns,</strong></span> <span class='ocrx_word' id='word_1_49' title='bbox 619 572 645 594; x_wconf 80' lang='lat' dir='ltr'><strong>et</strong></span> <span class='ocrx_word' id='word_1_50' title='bbox 670 567 750 595; x_wconf 82' lang='lat' dir='ltr'><strong>bellat</strong></span> <span class='ocrx_word' id='word_1_51' title='bbox 779 577 838 595; x_wconf 86' lang='lat' dir='ltr'><strong>cum</strong></span> <span class='ocrx_word' id='word_1_52' title='bbox 862 568 942 596; x_wconf 65' lang='lat' dir='ltr'><strong>Haec.</strong></span> 
     </span>
    </p>
   </div>
   <div class='ocr_carea' id='block_1_12' title="bbox 152 614 942 650">
    <p class='ocr_par' dir='ltr' id='par_1_12' title="bbox 152 614 942 650">
     <span class='ocr_line' id='line_1_12' title="bbox 152 614 942 650; baseline 0.003 -9"><span class='ocrx_word' id='word_1_53' title='bbox 152 614 296 642; x_wconf 82' lang='lat' dir='ltr'><strong>Nestorius</strong></span> <span class='ocrx_word' id='word_1_54' title='bbox 306 621 435 642; x_wconf 86' lang='lat' dir='ltr'><strong>sermone</strong></span> <span class='ocrx_word' id='word_1_55' title='bbox 450 614 494 646; x_wconf 74' lang='lat' dir='ltr'><strong>l2,</strong></span> <span class='ocrx_word' id='word_1_56' title='bbox 511 622 588 641; x_wconf 90' lang='lat' dir='ltr'><strong>num.</strong></span> <span class='ocrx_word' id='word_1_57' title='bbox 603 615 630 646; x_wconf 86' lang='lat'><strong>5,</strong></span> <span class='ocrx_word' id='word_1_58' title='bbox 647 614 779 642; x_wconf 84' lang='lat' dir='ltr'><strong>adversus</strong></span> <span class='ocrx_word' id='word_1_59' title='bbox 789 614 920 650; x_wconf 85' lang='lat' dir='ltr'><strong>Cyrillum</strong></span> <span class='ocrx_word' id='word_1_60' title='bbox 935 625 942 643; x_wconf 92' lang='lat'>:</span> 
     </span>
    </p>
   </div>
   <div class='ocr_carea' id='block_1_13' title="bbox 155 659 942 696">
    <p class='ocr_par' dir='ltr' id='par_1_13' title="bbox 155 659 942 696">
     <span class='ocr_line' id='line_1_13' title="bbox 155 659 942 696; baseline 0.004 -10"><span class='ocrx_word' id='word_1_61' title='bbox 155 670 164 685; x_wconf 89' lang='lat' dir='ltr'>l</span> <span class='ocrx_word' id='word_1_62' title='bbox 184 660 282 687; x_wconf 78' lang='lat' dir='ltr'><strong>Docuit</strong></span> <span class='ocrx_word' id='word_1_63' title='bbox 301 668 345 688; x_wconf 89' lang='lat' dir='ltr'><strong>me</strong></span> <span class='ocrx_word' id='word_1_64' title='bbox 367 664 395 687; x_wconf 90' lang='lat' dir='ltr'><strong>et</strong></span> <span class='ocrx_word' id='word_1_65' title='bbox 418 659 508 687; x_wconf 83' lang='lat' dir='ltr'><strong>Moses</strong></span> <span class='ocrx_word' id='word_1_66' title='bbox 531 667 586 687; x_wconf 91' lang='lat' dir='ltr'><strong>non</strong></span> <span class='ocrx_word' id='word_1_67' title='bbox 611 661 785 693; x_wconf 70' lang='lat' dir='ltr'><strong>conturbari,</strong></span> <span class='ocrx_word' id='word_1_68' title='bbox 807 660 942 696; x_wconf 90' lang='lat' dir='ltr'><strong>siquidem</strong></span> 
     </span>
    </p>
   </div>
   <div class='ocr_carea' id='block_1_14' title="bbox 151 706 942 744">
    <p class='ocr_par' dir='ltr' id='par_1_14' title="bbox 151 706 942 744">
     <span class='ocr_line' id='line_1_14' title="bbox 151 706 942 744; baseline 0.004 -12"><span class='ocrx_word' id='word_1_69' title='bbox 151 706 370 741; x_wconf 80' lang='lat' dir='ltr'><strong>experimentum</strong></span> <span class='ocrx_word' id='word_1_70' title='bbox 396 707 535 741; x_wconf 85' lang='lat' dir='ltr'><strong>acceperis</strong></span> <span class='ocrx_word' id='word_1_71' title='bbox 555 706 697 742; x_wconf 69' lang='lat' dir='ltr'><strong>propheta:</strong></span> <span class='ocrx_word' id='word_1_72' title='bbox 717 707 840 742; x_wconf 69' lang='lat' dir='ltr'><strong>praedicti</strong></span> <span class='ocrx_word' id='word_1_73' title='bbox 860 707 942 744; x_wconf 66' lang='lat' dir='ltr'><strong>Egy-</strong></span> 
     </span>
    </p>
   </div>
   <div class='ocr_carea' id='block_1_15' title="bbox 151 752 444 787">
    <p class='ocr_par' dir='ltr' id='par_1_15' title="bbox 151 752 444 787">
     <span class='ocr_line' id='line_1_15' title="bbox 151 752 444 787; baseline -0.003 -8"><span class='ocrx_word' id='word_1_74' title='bbox 151 753 239 787; x_wconf 83' lang='lat' dir='ltr'><strong>ptiaea</strong></span> <span class='ocrx_word' id='word_1_75' title='bbox 254 752 419 787; x_wconf 77' lang='lat' dir='ltr'><strong>desperatio.</strong></span> <span class='ocrx_word' id='word_1_76' title='bbox 435 761 444 778; x_wconf 84' lang='grc'><strong>›</strong></span> 
     </span>
    </p>
   </div>
   <div class='ocr_carea' id='block_1_16' title="bbox 184 798 943 835">
    <p class='ocr_par' dir='ltr' id='par_1_16' title="bbox 184 798 943 835">
     <span class='ocr_line' id='line_1_16' title="bbox 184 798 943 835; baseline 0.004 -10"><span class='ocrx_word' id='word_1_77' title='bbox 184 798 230 826; x_wconf 84' lang='lat' dir='ltr'><strong>Illi</strong></span> <span class='ocrx_word' id='word_1_78' title='bbox 253 799 298 834; x_wconf 77' lang='lat' dir='ltr'><strong>qui</strong></span> <span class='ocrx_word' id='word_1_79' title='bbox 319 798 429 834; x_wconf 78' lang='lat' dir='ltr'><strong>depositi</strong></span> <span class='ocrx_word' id='word_1_80' title='bbox 452 803 522 826; x_wconf 71' lang='lat' dir='ltr'><strong>sunt.</strong></span> <span class='ocrx_word' id='word_1_81' title='bbox 545 799 663 835; x_wconf 86' lang='lat' dir='ltr'><strong>Cyrillus</strong></span> <span class='ocrx_word' id='word_1_82' title='bbox 683 799 894 832; x_wconf 84' lang='lat' dir='ltr'><strong>Alexandrinus,</strong></span> <span class='ocrx_word' id='word_1_83' title='bbox 915 805 943 828; x_wconf 91' lang='lat' dir='ltr'><strong>et</strong></span> 
     </span>
    </p>
   </div>
   <div class='ocr_carea' id='block_1_17' title="bbox 149 844 610 880">
    <p class='ocr_par' dir='ltr' id='par_1_17' title="bbox 149 844 610 880">
     <span class='ocr_line' id='line_1_17' title="bbox 149 844 610 880; baseline 0.004 -9"><span class='ocrx_word' id='word_1_84' title='bbox 149 844 275 872; x_wconf 78' lang='lat' dir='ltr'><strong>Memnon</strong></span> <span class='ocrx_word' id='word_1_85' title='bbox 292 845 459 879; x_wconf 83' lang='lat' dir='ltr'><strong>Ephesinus,</strong></span> <span class='ocrx_word' id='word_1_86' title='bbox 476 845 610 880; x_wconf 83' lang='lat' dir='ltr'><strong>episcopi.</strong></span> 
     </span>
    </p>
   </div>
   <div class='ocr_carea' id='block_1_18' title="bbox 183 889 939 928">
    <p class='ocr_par' dir='ltr' id='par_1_18' title="bbox 183 889 939 928">
     <span class='ocr_line' id='line_1_18' title="bbox 183 889 939 928; baseline 0.004 -11"><span class='ocrx_word' id='word_1_87' title='bbox 183 889 365 918; x_wconf 78' lang='lat' dir='ltr'><strong>Sacerdotalia</strong></span> <span class='ocrx_word' id='word_1_88' title='bbox 404 891 551 918; x_wconf 70' lang='lat' dir='ltr'><strong>ministeria</strong></span> <span class='ocrx_word' id='word_1_89' title='bbox 588 896 728 928; x_wconf 84' lang='lat' dir='ltr'><strong>peragunt.</strong></span> <span class='ocrx_word' id='word_1_90' title='bbox 766 892 939 920; x_wconf 85' lang='lat' dir='ltr'><strong>Schismatici</strong></span> 
     </span>
    </p>
   </div>
   <div class='ocr_carea' id='block_1_19' title="bbox 148 936 937 972">
    <p class='ocr_par' dir='ltr' id='par_1_19' title="bbox 148 936 937 972">
     <span class='ocr_line' id='line_1_19' title="bbox 148 936 937 972; baseline 0.001 -9"><span class='ocrx_word' id='word_1_91' title='bbox 148 937 266 971; x_wconf 89' lang='lat' dir='ltr'><strong>idipsum</strong></span> <span class='ocrx_word' id='word_1_92' title='bbox 287 936 430 964; x_wconf 84' lang='lat' dir='ltr'><strong>lastidiose</strong></span> <span class='ocrx_word' id='word_1_93' title='bbox 450 941 606 971; x_wconf 81' lang='lat' dir='ltr'><strong>queruntur</strong></span> <span class='ocrx_word' id='word_1_94' title='bbox 625 937 697 972; x_wconf 88' lang='lat' dir='ltr'><strong>apud</strong></span> <span class='ocrx_word' id='word_1_95' title='bbox 719 938 913 972; x_wconf 85' lang='lat' dir='ltr'><strong>imperatorem</strong></span> <span class='ocrx_word' id='word_1_96' title='bbox 931 945 937 963; x_wconf 89' lang='lat'>:</span> 
     </span>
    </p>
   </div>
   <div class='ocr_carea' id='block_1_20' title="bbox 147 981 940 1017">
    <p class='ocr_par' dir='ltr' id='par_1_20' title="bbox 147 981 940 1017">
     <span class='ocr_line' id='line_1_20' title="bbox 147 981 940 1017; baseline 0.001 -9"><span class='ocrx_word' id='word_1_97' title='bbox 147 981 244 1008; x_wconf 82' lang='lat' dir='ltr'><strong>iisdem</strong></span> <span class='ocrx_word' id='word_1_98' title='bbox 270 985 386 1008; x_wconf 90' lang='lat' dir='ltr'><strong>utuntur</strong></span> <span class='ocrx_word' id='word_1_99' title='bbox 405 989 474 1016; x_wconf 89' lang='lat' dir='ltr'><strong>pene</strong></span> <span class='ocrx_word' id='word_1_100' title='bbox 490 981 593 1014; x_wconf 82' lang='lat' dir='ltr'><strong>verbis,</strong></span> <span class='ocrx_word' id='word_1_101' title='bbox 611 985 694 1017; x_wconf 85' lang='lat' dir='ltr'><strong>atque</strong></span> <span class='ocrx_word' id='word_1_102' title='bbox 717 982 762 1009; x_wconf 89' lang='lat' dir='ltr'><strong>hic</strong></span> <span class='ocrx_word' id='word_1_103' title='bbox 783 981 940 1010; x_wconf 84' lang='lat' dir='ltr'><strong>Theodore-</strong></span> 
     </span>
    </p>
   </div>
   <div class='ocr_carea' id='block_1_21' title="bbox 147 1027 939 1063">
    <p class='ocr_par' dir='ltr' id='par_1_21' title="bbox 147 1027 939 1063">
     <span class='ocr_line' id='line_1_21' title="bbox 147 1027 939 1063; baseline 0 -8"><span class='ocrx_word' id='word_1_104' title='bbox 147 1032 201 1059; x_wconf 83' lang='lat' dir='ltr'><strong>tus,</strong></span> <span class='ocrx_word' id='word_1_105' title='bbox 219 1028 291 1063; x_wconf 88' lang='lat' dir='ltr'><strong>apud</strong></span> <span class='ocrx_word' id='word_1_106' title='bbox 312 1027 471 1062; x_wconf 56' lang='lat' dir='ltr'><strong>[traiectum</strong></span> <span class='ocrx_word' id='word_1_107' title='bbox 494 1032 522 1055; x_wconf 90' lang='lat' dir='ltr'><strong>et</strong></span> <span class='ocrx_word' id='word_1_108' title='bbox 544 1028 705 1063; x_wconf 84' lang='lat' dir='ltr'><strong>magistrum</strong></span> <span class='ocrx_word' id='word_1_109' title='bbox 723 1036 730 1054; x_wconf 87' lang='lat'><strong>:</strong></span> <span class='ocrx_word' id='word_1_110' title='bbox 750 1037 759 1053; x_wconf 75' lang='grc' dir='ltr'><strong>ε</strong></span> <span class='ocrx_word' id='word_1_111' title='bbox 775 1027 939 1055; x_wconf 89' lang='lat' dir='ltr'><strong>Sanctorum</strong></span> 
     </span>
    </p>
   </div>
   <div class='ocr_carea' id='block_1_22' title="bbox 148 1073 939 1108">
    <p class='ocr_par' dir='ltr' id='par_1_22' title="bbox 148 1073 939 1108">
     <span class='ocr_line' id='line_1_22' title="bbox 148 1073 939 1108; baseline -0.001 -7"><span class='ocrx_word' id='word_1_112' title='bbox 148 1074 258 1101; x_wconf 79' lang='lat' dir='ltr'><strong>Patrum</strong></span> <span class='ocrx_word' id='word_1_113' title='bbox 277 1081 398 1101; x_wconf 82' lang='lat' dir='ltr'><strong>canones</strong></span> <span class='ocrx_word' id='word_1_114' title='bbox 417 1073 570 1101; x_wconf 86' lang='lat' dir='ltr'><strong>conculcati</strong></span> <span class='ocrx_word' id='word_1_115' title='bbox 589 1073 673 1108; x_wconf 78' lang='lat'><strong>369</strong></span> <span class='ocrx_word' id='word_1_116' title='bbox 691 1077 765 1105; x_wconf 86' lang='lat' dir='ltr'><strong>sunt,</strong></span> <span class='ocrx_word' id='word_1_117' title='bbox 783 1080 939 1100; x_wconf 84' lang='lat' dir='ltr'><strong>excommu-</strong></span> 
     </span>
    </p>
   </div>
   <div class='ocr_carea' id='block_1_23' title="bbox 146 1118 937 1153">
    <p class='ocr_par' dir='ltr' id='par_1_23' title="bbox 146 1118 937 1153">
     <span class='ocr_line' id='line_1_23' title="bbox 146 1118 937 1153; baseline -0.001 -7"><span class='ocrx_word' id='word_1_118' title='bbox 146 1119 228 1146; x_wconf 84' lang='lat' dir='ltr'><strong>nicati</strong></span> <span class='ocrx_word' id='word_1_119' title='bbox 248 1123 275 1146; x_wconf 89' lang='lat' dir='ltr'><strong>et</strong></span> <span class='ocrx_word' id='word_1_120' title='bbox 298 1119 468 1146; x_wconf 75' lang='lat' dir='ltr'><strong>exauctorati</strong></span> <span class='ocrx_word' id='word_1_121' title='bbox 491 1118 577 1146; x_wconf 85' lang='lat' dir='ltr'><strong>sacris</strong></span> <span class='ocrx_word' id='word_1_122' title='bbox 597 1119 706 1153; x_wconf 88' lang='lat' dir='ltr'><strong>operari</strong></span> <span class='ocrx_word' id='word_1_123' title='bbox 724 1127 779 1146; x_wconf 91' lang='lat' dir='ltr'><strong>non</strong></span> <span class='ocrx_word' id='word_1_124' title='bbox 797 1123 937 1152; x_wconf 88' lang='lat' dir='ltr'><strong>verentur,</strong></span> 
     </span>
    </p>
   </div>
   <div class='ocr_carea' id='block_1_24' title="bbox 147 1164 939 1199">
    <p class='ocr_par' dir='ltr' id='par_1_24' title="bbox 147 1164 939 1199">
     <span class='ocr_line' id='line_1_24' title="bbox 147 1164 939 1199; baseline 0 -8"><span class='ocrx_word' id='word_1_125' title='bbox 147 1164 228 1199; x_wconf 83' lang='lat' dir='ltr'><strong>impia</strong></span> <span class='ocrx_word' id='word_1_126' title='bbox 244 1172 293 1191; x_wconf 87' lang='lat' dir='ltr'><strong>sua</strong></span> <span class='ocrx_word' id='word_1_127' title='bbox 309 1164 435 1199; x_wconf 75' lang='lat' dir='ltr'><strong>dogmata</strong></span> <span class='ocrx_word' id='word_1_128' title='bbox 452 1164 562 1199; x_wconf 85' lang='lat' dir='ltr'><strong>copiose</strong></span> <span class='ocrx_word' id='word_1_129' title='bbox 584 1164 632 1191; x_wconf 87' lang='lat' dir='ltr'><strong>Dei</strong></span> <span class='ocrx_word' id='word_1_130' title='bbox 654 1164 754 1198; x_wconf 88' lang='lat' dir='ltr'><strong>populo</strong></span> <span class='ocrx_word' id='word_1_131' title='bbox 771 1164 939 1198; x_wconf 82' lang='lat' dir='ltr'><strong>profunden-</strong></span> 
     </span>
    </p>
   </div>
   <div class='ocr_carea' id='block_1_25' title="bbox 146 1209 934 1241">
    <p class='ocr_par' dir='ltr' id='par_1_25' title="bbox 146 1209 934 1241">
     <span class='ocr_line' id='line_1_25' title="bbox 146 1209 934 1241; baseline -0.003 -4"><span class='ocrx_word' id='word_1_132' title='bbox 146 1214 197 1241; x_wconf 68' lang='grc' dir='ltr'><strong>ωε,</strong></span> <span class='ocrx_word' id='word_1_133' title='bbox 218 1214 246 1237; x_wconf 89' lang='lat' dir='ltr'><strong>et</strong></span> <span class='ocrx_word' id='word_1_134' title='bbox 267 1217 318 1238; x_wconf 86' lang='lat' dir='ltr'><strong>nos</strong></span> <span class='ocrx_word' id='word_1_135' title='bbox 341 1209 452 1236; x_wconf 90' lang='lat' dir='ltr'><strong>interim</strong></span> <span class='ocrx_word' id='word_1_136' title='bbox 481 1209 582 1237; x_wconf 88' lang='lat' dir='ltr'><strong>inclusi</strong></span> <span class='ocrx_word' id='word_1_137' title='bbox 606 1209 707 1236; x_wconf 85' lang='lat' dir='ltr'><strong>misere</strong></span> <span class='ocrx_word' id='word_1_138' title='bbox 731 1209 777 1236; x_wconf 89' lang='lat' dir='ltr'><strong>hic</strong></span> <span class='ocrx_word' id='word_1_139' title='bbox 799 1216 903 1236; x_wconf 82' lang='lat' dir='ltr'><strong>sumus.</strong></span> <span class='ocrx_word' id='word_1_140' title='bbox 925 1218 934 1234; x_wconf 73' lang='grc' dir='ltr'>ι</span> 
     </span>
    </p>
   </div>
   <div class='ocr_carea' id='block_1_26' title="bbox 145 1255 936 1283">
    <p class='ocr_par' dir='ltr' id='par_1_26' title="bbox 145 1255 936 1283">
     <span class='ocr_line' id='line_1_26' title="bbox 145 1255 936 1283; baseline 0 -1"><span class='ocrx_word' id='word_1_141' title='bbox 145 1255 210 1282; x_wconf 70' lang='lat' dir='ltr'><strong>“ira</strong></span> <span class='ocrx_word' id='word_1_142' title='bbox 234 1263 290 1282; x_wconf 90' lang='lat' dir='ltr'><strong>non</strong></span> <span class='ocrx_word' id='word_1_143' title='bbox 310 1259 353 1282; x_wconf 91' lang='lat' dir='ltr'><strong>est</strong></span> <span class='ocrx_word' id='word_1_144' title='bbox 371 1259 446 1282; x_wconf 87' lang='lat' dir='ltr'><strong>tanta</strong></span> <span class='ocrx_word' id='word_1_145' title='bbox 467 1255 648 1283; x_wconf 79' lang='lat' dir='ltr'><strong>consonantia</strong></span> <span class='ocrx_word' id='word_1_146' title='bbox 664 1264 671 1282; x_wconf 89' lang='lat'>:</span> <span class='ocrx_word' id='word_1_147' title='bbox 689 1255 724 1282; x_wconf 82' lang='lat' dir='ltr'><strong>ab</strong></span> <span class='ocrx_word' id='word_1_148' title='bbox 741 1255 838 1282; x_wconf 85' lang='lat' dir='ltr'><strong>eodem</strong></span> <span class='ocrx_word' id='word_1_149' title='bbox 863 1255 936 1282; x_wconf 87' lang='lat' dir='ltr'><strong>enim</strong></span> 
     </span>
    </p>
   </div>
   <div class='ocr_carea' id='block_1_27' title="bbox 143 1301 937 1336">
    <p class='ocr_par' dir='ltr' id='par_1_27' title="bbox 143 1301 937 1336">
     <span class='ocr_line' id='line_1_27' title="bbox 143 1301 937 1336; baseline 0 -8"><span class='ocrx_word' id='word_1_150' title='bbox 143 1301 320 1328; x_wconf 80' lang='lat' dir='ltr'><strong>Theodoreto</strong></span> <span class='ocrx_word' id='word_1_151' title='bbox 336 1306 363 1329; x_wconf 90' lang='lat' dir='ltr'><strong>et</strong></span> <span class='ocrx_word' id='word_1_152' title='bbox 381 1301 423 1329; x_wconf 63' lang='lat' dir='ltr'><strong>b2</strong></span> <span class='ocrx_word' id='word_1_153' title='bbox 438 1305 466 1329; x_wconf 90' lang='lat' dir='ltr'><strong>et</strong></span> <span class='ocrx_word' id='word_1_154' title='bbox 480 1301 539 1328; x_wconf 70' lang='lat' dir='ltr'><strong>ista:</strong></span> <span class='ocrx_word' id='word_1_155' title='bbox 552 1301 650 1330; x_wconf 63' lang='lat' dir='ltr'><strong>littera;</strong></span> <span class='ocrx_word' id='word_1_156' title='bbox 667 1301 777 1336; x_wconf 70' lang='lat' dir='ltr'><strong>scriptae</strong></span> <span class='ocrx_word' id='word_1_157' title='bbox 792 1305 870 1334; x_wconf 86' lang='lat' dir='ltr'><strong>sunt;</strong></span> <span class='ocrx_word' id='word_1_158' title='bbox 889 1301 937 1328; x_wconf 89' lang='lat' dir='ltr'><strong>sed</strong></span> 
     </span>
    </p>
   </div>
   <div class='ocr_carea' id='block_1_28' title="bbox 144 1346 741 1383">
    <p class='ocr_par' dir='ltr' id='par_1_28' title="bbox 144 1346 741 1383">
     <span class='ocr_line' id='line_1_28' title="bbox 144 1346 741 1383; baseline 0.002 -10"><span class='ocrx_word' id='word_1_159' title='bbox 144 1346 186 1373; x_wconf 73' lang='lat' dir='ltr'><strong>ba:</strong></span> <span class='ocrx_word' id='word_1_160' title='bbox 203 1354 253 1374; x_wconf 91' lang='lat' dir='ltr'><strong>suo</strong></span> <span class='ocrx_word' id='word_1_161' title='bbox 268 1347 390 1379; x_wconf 88' lang='lat' dir='ltr'><strong>nomine,</strong></span> <span class='ocrx_word' id='word_1_162' title='bbox 406 1347 463 1375; x_wconf 69' lang='lat' dir='ltr'><strong>ista:</strong></span> <span class='ocrx_word' id='word_1_163' title='bbox 479 1347 622 1374; x_wconf 83' lang='lat' dir='ltr'><strong>orientalis</strong></span> <span class='ocrx_word' id='word_1_164' title='bbox 635 1347 741 1383; x_wconf 85' lang='lat' dir='ltr'><strong>synodi.</strong></span> 
     </span>
    </p>
   </div>
   <div class='ocr_carea' id='block_1_29' title="bbox 179 1391 937 1428">
    <p class='ocr_par' dir='ltr' id='par_1_29' title="bbox 179 1391 937 1428">
     <span class='ocr_line' id='line_1_29' title="bbox 179 1391 937 1428; baseline 0.003 -10"><span class='ocrx_word' id='word_1_165' title='bbox 179 1391 307 1427; x_wconf 62' lang='lat' dir='ltr'><strong>Egyptii,</strong></span> <span class='ocrx_word' id='word_1_166' title='bbox 327 1397 381 1420; x_wconf 89' lang='lat' dir='ltr'><strong>etc.</strong></span> <span class='ocrx_word' id='word_1_167' title='bbox 400 1393 429 1420; x_wconf 81' lang='lat' dir='ltr'><strong>In</strong></span> <span class='ocrx_word' id='word_1_168' title='bbox 455 1393 588 1420; x_wconf 84' lang='lat' dir='ltr'><strong>relatione</strong></span> <span class='ocrx_word' id='word_1_169' title='bbox 603 1392 637 1420; x_wconf 85' lang='lat' dir='ltr'><strong>ad</strong></span> <span class='ocrx_word' id='word_1_170' title='bbox 665 1393 860 1428; x_wconf 88' lang='lat' dir='ltr'><strong>imperatorem</strong></span> <span class='ocrx_word' id='word_1_171' title='bbox 888 1401 937 1427; x_wconf 87' lang='lat' dir='ltr'><strong>per</strong></span> 
     </span>
    </p>
   </div>
   <div class='ocr_carea' id='block_1_30' title="bbox 143 1436 936 1474">
    <p class='ocr_par' dir='ltr' id='par_1_30' title="bbox 143 1436 936 1474">
     <span class='ocr_line' id='line_1_30' title="bbox 143 1436 936 1474; baseline 0.001 -10"><span class='ocrx_word' id='word_1_172' title='bbox 143 1436 304 1470; x_wconf 80' lang='lat' dir='ltr'><strong>Palladium,</strong></span> <span class='ocrx_word' id='word_1_173' title='bbox 323 1439 457 1473; x_wconf 75' lang='lat' dir='ltr'><strong>imperita,</strong></span> <span class='ocrx_word' id='word_1_174' title='bbox 479 1438 594 1470; x_wconf 86' lang='lat' dir='ltr'><strong>dicitur,</strong></span> <span class='ocrx_word' id='word_1_175' title='bbox 614 1438 792 1466; x_wconf 76' lang='lat' dir='ltr'><strong>Asiaticorum</strong></span> <span class='ocrx_word' id='word_1_176' title='bbox 809 1443 834 1465; x_wconf 80' lang='lat' dir='ltr'><strong>et</strong></span> <span class='ocrx_word' id='word_1_177' title='bbox 854 1438 936 1474; x_wconf 60' lang='lat' dir='ltr'><strong>{Egy-</strong></span> 
     </span>
    </p>
   </div>
   <div class='ocr_carea' id='block_1_31' title="bbox 144 1483 935 1519">
    <p class='ocr_par' dir='ltr' id='par_1_31' title="bbox 144 1483 935 1519">
     <span class='ocr_line' id='line_1_31' title="bbox 144 1483 935 1519; baseline 0.003 -10"><span class='ocrx_word' id='word_1_178' title='bbox 144 1484 258 1516; x_wconf 81' lang='lat' dir='ltr'><strong>ptiorum</strong></span> <span class='ocrx_word' id='word_1_179' title='bbox 283 1483 370 1510; x_wconf 83' lang='lat' dir='ltr'><strong>turba.</strong></span> <span class='ocrx_word' id='word_1_180' title='bbox 405 1484 466 1511; x_wconf 78' lang='lat' dir='ltr'><strong>Mox</strong></span> <span class='ocrx_word' id='word_1_181' title='bbox 489 1483 523 1511; x_wconf 87' lang='lat' dir='ltr'><strong>ad</strong></span> <span class='ocrx_word' id='word_1_182' title='bbox 549 1484 716 1511; x_wconf 89' lang='lat' dir='ltr'><strong>invidiosum</strong></span> <span class='ocrx_word' id='word_1_183' title='bbox 747 1488 935 1519; x_wconf 88' lang='lat' dir='ltr'><strong>contemptum</strong></span> 
     </span>
    </p>
   </div>
   <div class='ocr_carea' id='block_1_32' title="bbox 142 1529 936 1566">
    <p class='ocr_par' dir='ltr' id='par_1_32' title="bbox 142 1529 936 1566">
     <span class='ocr_line' id='line_1_32' title="bbox 142 1529 936 1566; baseline 0.003 -11"><span class='ocrx_word' id='word_1_184' title='bbox 142 1533 341 1556; x_wconf 89' lang='lat' dir='ltr'><strong>enumerantur</strong></span> <span class='ocrx_word' id='word_1_185' title='bbox 359 1538 366 1556; x_wconf 90' lang='lat'><strong>:</strong></span> <span class='ocrx_word' id='word_1_186' title='bbox 389 1539 398 1555; x_wconf 75' lang='grc' dir='ltr'>ι</span> <span class='ocrx_word' id='word_1_187' title='bbox 425 1529 629 1565; x_wconf 78' lang='lat' dir='ltr'><strong>Quinquaginta</strong></span> <span class='ocrx_word' id='word_1_188' title='bbox 652 1534 717 1557; x_wconf 85' lang='lat' dir='ltr'><strong>sunt</strong></span> <span class='ocrx_word' id='word_1_189' title='bbox 739 1529 869 1566; x_wconf 64' lang='lat' dir='ltr'><strong>Egyptii,</strong></span> <span class='ocrx_word' id='word_1_190' title='bbox 883 1529 936 1557; x_wconf 87' lang='lat' dir='ltr'><strong>sub</strong></span> 
     </span>
    </p>
   </div>
   <div class='ocr_carea' id='block_1_33' title="bbox 997 285 1417 321">
    <p class='ocr_par' dir='ltr' id='par_1_33' title="bbox 997 285 1417 321">
     <span class='ocr_line' id='line_1_33' title="bbox 997 285 1417 321; baseline 0.002 -9"><span class='ocrx_word' id='word_1_191' title='bbox 997 285 1158 313; x_wconf 85' lang='lat' dir='ltr'><strong>vicesimum</strong></span> <span class='ocrx_word' id='word_1_192' title='bbox 1173 285 1245 313; x_wconf 89' lang='lat' dir='ltr'><strong>diem</strong></span> <span class='ocrx_word' id='word_1_193' title='bbox 1264 286 1379 321; x_wconf 80' lang='lat' dir='ltr'><strong>Augusti</strong></span> <span class='ocrx_word' id='word_1_194' title='bbox 1395 286 1417 313; x_wconf 73' lang='lat'><strong>“.</strong></span> 
     </span>
    </p>
   </div>
   <div class='ocr_carea' id='block_1_34' title="bbox 997 342 1786 380">
    <p class='ocr_par' dir='ltr' id='par_1_34' title="bbox 997 342 1786 380">
     <span class='ocr_line' id='line_1_34' title="bbox 997 342 1786 380; baseline 0.005 -10"><span class='ocrx_word' id='word_1_195' title='bbox 997 342 1120 379; x_wconf 75' lang='lat' dir='ltr'><strong>Epistula</strong></span> <span class='ocrx_word' id='word_1_196' title='bbox 1138 343 1199 376; x_wconf 76' lang='grc'><strong>169,</strong></span> <span class='ocrx_word' id='word_1_197' title='bbox 1223 352 1238 371; x_wconf 86' lang='lat' dir='ltr'><strong>a</strong></span> <span class='ocrx_word' id='word_1_198' title='bbox 1266 343 1425 380; x_wconf 55' lang='lat' dir='ltr'><strong>I/zeodoreto</strong></span> <span class='ocrx_word' id='word_1_199' title='bbox 1438 345 1535 380; x_wconf 77' lang='lat' dir='ltr'><strong>scripta</strong></span> <span class='ocrx_word' id='word_1_200' title='bbox 1555 345 1589 371; x_wconf 84' lang='lat' dir='ltr'><strong>ad</strong></span> <span class='ocrx_word' id='word_1_201' title='bbox 1605 345 1786 375; x_wconf 65' lang='lat' dir='ltr'><strong>Alexandrum</strong></span> 
     </span>
    </p>
   </div>
   <div class='ocr_carea' id='block_1_35' title="bbox 1267 379 1509 415">
    <p class='ocr_par' dir='ltr' id='par_1_35' title="bbox 1267 379 1509 415">
     <span class='ocr_line' id='line_1_35' title="bbox 1267 379 1509 415; baseline 0.004 -10"><span class='ocrx_word' id='word_1_202' title='bbox 1267 379 1509 415; x_wconf 76' lang='lat' dir='ltr'><strong>Hierapolitanum.</strong></span> 
     </span>
    </p>
   </div>
   <div class='ocr_carea' id='block_1_36' title="bbox 1031 433 1785 470">
    <p class='ocr_par' dir='ltr' id='par_1_36' title="bbox 1031 433 1785 470">
     <span class='ocr_line' id='line_1_36' title="bbox 1031 433 1785 470; baseline 0.005 -10"><span class='ocrx_word' id='word_1_203' title='bbox 1031 433 1053 461; x_wconf 87' lang='lat' dir='ltr'><strong>l.</strong></span> <span class='ocrx_word' id='word_1_204' title='bbox 1068 433 1222 461; x_wconf 82' lang='lat' dir='ltr'><strong>Alexander</strong></span> <span class='ocrx_word' id='word_1_205' title='bbox 1247 434 1291 461; x_wconf 88' lang='lat' dir='ltr'><strong>ille</strong></span> <span class='ocrx_word' id='word_1_206' title='bbox 1313 434 1547 470; x_wconf 87' lang='lat' dir='ltr'><strong>llierapolitanus,</strong></span> <span class='ocrx_word' id='word_1_207' title='bbox 1572 435 1605 462; x_wconf 85' lang='lat' dir='ltr'><strong>ad</strong></span> <span class='ocrx_word' id='word_1_208' title='bbox 1621 444 1702 470; x_wconf 91' lang='lat' dir='ltr'><strong>quem</strong></span> <span class='ocrx_word' id='word_1_209' title='bbox 1718 437 1785 464; x_wconf 88' lang='lat' dir='ltr'><strong>scri-</strong></span> 
     </span>
    </p>
   </div>
   <div class='ocr_carea' id='block_1_37' title="bbox 995 478 1783 518">
    <p class='ocr_par' dir='ltr' id='par_1_37' title="bbox 995 478 1783 518">
     <span class='ocr_line' id='line_1_37' title="bbox 995 478 1783 518; baseline 0.003 -12"><span class='ocrx_word' id='word_1_210' title='bbox 995 478 1082 512; x_wconf 81' lang='lat' dir='ltr'><strong>bitur,</strong></span> <span class='ocrx_word' id='word_1_211' title='bbox 1110 479 1300 514; x_wconf 70' lang='lat' dir='ltr'><strong>Euphratesize</strong></span> <span class='ocrx_word' id='word_1_212' title='bbox 1321 481 1479 515; x_wconf 78' lang='lat' dir='ltr'><strong>prorincize,</strong></span> <span class='ocrx_word' id='word_1_213' title='bbox 1504 481 1530 508; x_wconf 92' lang='lat' dir='ltr'><strong>in</strong></span> <span class='ocrx_word' id='word_1_214' title='bbox 1553 490 1605 516; x_wconf 86' lang='lat' dir='ltr'><strong>qua</strong></span> <span class='ocrx_word' id='word_1_215' title='bbox 1625 486 1667 509; x_wconf 84' lang='lat' dir='ltr'><strong>est</strong></span> <span class='ocrx_word' id='word_1_216' title='bbox 1686 482 1783 518; x_wconf 68' lang='lat' dir='ltr'><strong>Cyrus.</strong></span> 
     </span>
    </p>
   </div>
   <div class='ocr_carea' id='block_1_38' title="bbox 995 526 1786 564">
    <p class='ocr_par' dir='ltr' id='par_1_38' title="bbox 995 526 1786 564">
     <span class='ocr_line' id='line_1_38' title="bbox 995 526 1786 564; baseline 0.004 -12"><span class='ocrx_word' id='word_1_217' title='bbox 995 526 1143 560; x_wconf 80' lang='lat' dir='ltr'><strong>primatum</strong></span> <span class='ocrx_word' id='word_1_218' title='bbox 1160 527 1258 557; x_wconf 87' lang='lat' dir='ltr'><strong>tenuit,</strong></span> <span class='ocrx_word' id='word_1_219' title='bbox 1272 526 1377 561; x_wconf 79' lang='lat' dir='ltr'><strong>fuitque</strong></span> <span class='ocrx_word' id='word_1_220' title='bbox 1394 535 1464 554; x_wconf 87' lang='lat' dir='ltr'><strong>unus</strong></span> <span class='ocrx_word' id='word_1_221' title='bbox 1482 527 1599 554; x_wconf 89' lang='lat' dir='ltr'><strong>duorum</strong></span> <span class='ocrx_word' id='word_1_222' title='bbox 1625 529 1786 564; x_wconf 85' lang='lat' dir='ltr'><strong>metropoli-</strong></span> 
     </span>
    </p>
   </div>
   <div class='ocr_carea' id='block_1_39' title="bbox 995 570 1783 607">
    <p class='ocr_par' dir='ltr' id='par_1_39' title="bbox 995 570 1783 607">
     <span class='ocr_line' id='line_1_39' title="bbox 995 570 1783 607; baseline 0.005 -10"><span class='ocrx_word' id='word_1_223' title='bbox 995 575 1101 603; x_wconf 79' lang='lat' dir='ltr'><strong>tarum,</strong></span> <span class='ocrx_word' id='word_1_224' title='bbox 1127 579 1197 606; x_wconf 88' lang='lat' dir='ltr'><strong>quos</strong></span> <span class='ocrx_word' id='word_1_225' title='bbox 1214 570 1338 607; x_wconf 68' lang='lat' dir='ltr'><strong>,Cyrillus</strong></span> <span class='ocrx_word' id='word_1_226' title='bbox 1362 575 1456 599; x_wconf 85' lang='lat' dir='ltr'><strong>narrat</strong></span> <span class='ocrx_word' id='word_1_227' title='bbox 1482 573 1638 607; x_wconf 67' lang='lat' dir='ltr'><strong>prmmissos</strong></span> <span class='ocrx_word' id='word_1_228' title='bbox 1660 573 1746 601; x_wconf 80' lang='lat' dir='ltr'><strong>fuisse</strong></span> <span class='ocrx_word' id='word_1_229' title='bbox 1768 582 1783 601; x_wconf 88' lang='lat' dir='ltr'><strong>a</strong></span> 
     </span>
    </p>
   </div>
   <div class='ocr_carea' id='block_1_40' title="bbox 993 617 1782 653">
    <p class='ocr_par' dir='ltr' id='par_1_40' title="bbox 993 617 1782 653">
     <span class='ocr_line' id='line_1_40' title="bbox 993 617 1782 653; baseline 0.003 -9"><span class='ocrx_word' id='word_1_230' title='bbox 993 617 1097 645; x_wconf 83' lang='lat' dir='ltr'><strong>Joanne</strong></span> <span class='ocrx_word' id='word_1_231' title='bbox 1118 617 1309 650; x_wconf 88' lang='lat' dir='ltr'><strong>Antiocheno,</strong></span> <span class='ocrx_word' id='word_1_232' title='bbox 1338 618 1385 653; x_wconf 88' lang='lat' dir='ltr'><strong>qui</strong></span> <span class='ocrx_word' id='word_1_233' title='bbox 1410 618 1443 645; x_wconf 86' lang='lat' dir='ltr'><strong>de</strong></span> <span class='ocrx_word' id='word_1_234' title='bbox 1465 618 1643 646; x_wconf 81' lang='lat' dir='ltr'><strong>Orientalium</strong></span> <span class='ocrx_word' id='word_1_235' title='bbox 1664 619 1782 646; x_wconf 81' lang='lat' dir='ltr'><strong>adventu</strong></span> 
     </span>
    </p>
   </div>
   <div class='ocr_carea' id='block_1_41' title="bbox 993 663 1783 700">
    <p class='ocr_par' dir='ltr' id='par_1_41' title="bbox 993 663 1783 700">
     <span class='ocr_line' id='line_1_41' title="bbox 993 663 1783 700; baseline 0.003 -10"><span class='ocrx_word' id='word_1_236' title='bbox 993 664 1163 696; x_wconf 81' lang='lat' dir='ltr'><strong>nuntiarent,</strong></span> <span class='ocrx_word' id='word_1_237' title='bbox 1178 667 1206 690; x_wconf 90' lang='lat' dir='ltr'><strong>et</strong></span> <span class='ocrx_word' id='word_1_238' title='bbox 1221 663 1304 691; x_wconf 90' lang='lat' dir='ltr'><strong>simul</strong></span> <span class='ocrx_word' id='word_1_239' title='bbox 1323 668 1412 691; x_wconf 87' lang='lat' dir='ltr'><strong>tamen</strong></span> <span class='ocrx_word' id='word_1_240' title='bbox 1431 665 1527 691; x_wconf 82' lang='lat' dir='ltr'><strong>Patres</strong></span> <span class='ocrx_word' id='word_1_241' title='bbox 1543 665 1644 700; x_wconf 80' lang='lat' dir='ltr'><strong>Ephesi</strong></span> <span class='ocrx_word' id='word_1_242' title='bbox 1669 673 1783 699; x_wconf 80' lang='lat' dir='ltr'><strong>congre—</strong></span> 
     </span>
    </p>
   </div>
   <div class='ocr_carea' id='block_1_42' title="bbox 993 707 1782 745">
    <p class='ocr_par' dir='ltr' id='par_1_42' title="bbox 993 707 1782 745">
     <span class='ocr_line' id='line_1_42' title="bbox 993 707 1782 745; baseline 0.003 -10"><span class='ocrx_word' id='word_1_243' title='bbox 993 713 1070 743; x_wconf 79' lang='lat' dir='ltr'><strong>gates</strong></span> <span class='ocrx_word' id='word_1_244' title='bbox 1091 708 1118 735; x_wconf 89' lang='lat' dir='ltr'><strong>id</strong></span> <span class='ocrx_word' id='word_1_245' title='bbox 1139 707 1250 735; x_wconf 89' lang='lat' dir='ltr'><strong>interim</strong></span> <span class='ocrx_word' id='word_1_246' title='bbox 1271 716 1352 744; x_wconf 77' lang='lat' dir='ltr'><strong>agere</strong></span> <span class='ocrx_word' id='word_1_247' title='bbox 1374 714 1530 742; x_wconf 85' lang='lat' dir='ltr'><strong>monerent,</strong></span> <span class='ocrx_word' id='word_1_248' title='bbox 1557 709 1629 744; x_wconf 82' lang='lat' dir='ltr'><strong>quod</strong></span> <span class='ocrx_word' id='word_1_249' title='bbox 1647 711 1782 745; x_wconf 80' lang='lat' dir='ltr'><strong>agendum</strong></span> 
     </span>
    </p>
   </div>
   <div class='ocr_carea' id='block_1_43' title="bbox 992 751 1610 781">
    <p class='ocr_par' dir='ltr' id='par_1_43' title="bbox 992 751 1610 781">
     <span class='ocr_line' id='line_1_43' title="bbox 992 751 1610 781; baseline 0 -1"><span class='ocrx_word' id='word_1_250' title='bbox 992 753 1146 781; x_wconf 87' lang='lat' dir='ltr'><strong>videretur.</strong></span> <span class='ocrx_word' id='word_1_251' title='bbox 1607 751 1610 754; x_wconf 73' lang='grc'><em>’</em></span> 
     </span>
    </p>
   </div>
   <div class='ocr_carea' id='block_1_44' title="bbox 1025 799 1782 834">
    <p class='ocr_par' dir='ltr' id='par_1_44' title="bbox 1025 799 1782 834">
     <span class='ocr_line' id='line_1_44' title="bbox 1025 799 1782 834; baseline 0 -7"><span class='ocrx_word' id='word_1_252' title='bbox 1025 800 1059 827; x_wconf 89' lang='lat' dir='ltr'><strong>Il.</strong></span> <span class='ocrx_word' id='word_1_253' title='bbox 1075 799 1247 834; x_wconf 88' lang='lat' dir='ltr'><strong>Subscripsit</strong></span> <span class='ocrx_word' id='word_1_254' title='bbox 1260 799 1305 827; x_wconf 91' lang='lat' dir='ltr'><strong>ille</strong></span> <span class='ocrx_word' id='word_1_255' title='bbox 1315 800 1419 834; x_wconf 91' lang='lat' dir='ltr'><strong>primus</strong></span> <span class='ocrx_word' id='word_1_256' title='bbox 1440 805 1502 828; x_wconf 88' lang='lat' dir='ltr'><strong>ante</strong></span> <span class='ocrx_word' id='word_1_257' title='bbox 1521 801 1689 828; x_wconf 77' lang='lat' dir='ltr'><strong>Dorotlicum</strong></span> <span class='ocrx_word' id='word_1_258' title='bbox 1711 801 1782 827; x_wconf 77' lang='lat' dir='ltr'><strong>Mar-</strong></span> 
     </span>
    </p>
   </div>
   <div class='ocr_carea' id='block_1_45' title="bbox 992 845 1779 881">
    <p class='ocr_par' dir='ltr' id='par_1_45' title="bbox 992 845 1779 881">
     <span class='ocr_line' id='line_1_45' title="bbox 992 845 1779 881; baseline 0.001 -8"><span class='ocrx_word' id='word_1_259' title='bbox 992 845 1226 881; x_wconf 84' lang='lat' dir='ltr'><strong>cianopolitanum</strong></span> <span class='ocrx_word' id='word_1_260' title='bbox 1249 846 1378 873; x_wconf 87' lang='lat' dir='ltr'><strong>mandato</strong></span> <span class='ocrx_word' id='word_1_261' title='bbox 1400 846 1496 881; x_wconf 71' lang='lat' dir='ltr'><strong>legatis</strong></span> <span class='ocrx_word' id='word_1_262' title='bbox 1511 847 1694 874; x_wconf 78' lang='lat' dir='ltr'><strong>schismaticis</strong></span> <span class='ocrx_word' id='word_1_263' title='bbox 1706 847 1779 879; x_wconf 84' lang='lat' dir='ltr'><strong>dato,</strong></span> 
     </span>
    </p>
   </div>
   <div class='ocr_carea' id='block_1_46' title="bbox 990 891 1780 927">
    <p class='ocr_par' dir='ltr' id='par_1_46' title="bbox 990 891 1780 927">
     <span class='ocr_line' id='line_1_46' title="bbox 990 891 1780 927; baseline 0.001 -9"><span class='ocrx_word' id='word_1_264' title='bbox 990 891 1056 919; x_wconf 81' lang='lat' dir='ltr'><strong>licet</strong></span> <span class='ocrx_word' id='word_1_265' title='bbox 1067 896 1128 926; x_wconf 86' lang='lat' dir='ltr'><strong>post</strong></span> <span class='ocrx_word' id='word_1_266' title='bbox 1146 891 1236 926; x_wconf 87' lang='lat' dir='ltr'><strong>ipsum</strong></span> <span class='ocrx_word' id='word_1_267' title='bbox 1256 891 1367 919; x_wconf 80' lang='lat' dir='ltr'><strong>decreto</strong></span> <span class='ocrx_word' id='word_1_268' title='bbox 1390 891 1574 918; x_wconf 76' lang='lat' dir='ltr'><strong>damnationis</strong></span> <span class='ocrx_word' id='word_1_269' title='bbox 1596 900 1708 919; x_wconf 76' lang='lat' dir='ltr'><strong>aversus</strong></span> <span class='ocrx_word' id='word_1_270' title='bbox 1727 892 1780 927; x_wconf 70' lang='lat' dir='ltr'><strong>Cy-</strong></span> 
     </span>
    </p>
   </div>
   <div class='ocr_carea' id='block_1_47' title="bbox 991 936 1825 979">
    <p class='ocr_par' dir='ltr' id='par_1_47' title="bbox 991 936 1825 979">
     <span class='ocr_line' id='line_1_47' title="bbox 991 936 1825 979; baseline 0.001 -15"><span class='ocrx_word' id='word_1_271' title='bbox 991 937 1084 964; x_wconf 85' lang='lat' dir='ltr'><strong>rillum</strong></span> <span class='ocrx_word' id='word_1_272' title='bbox 1106 937 1179 964; x_wconf 82' lang='lat' dir='ltr'><strong>facto</strong></span> <span class='ocrx_word' id='word_1_273' title='bbox 1203 937 1375 972; x_wconf 81' lang='lat' dir='ltr'><strong>subscriptus</strong></span> <span class='ocrx_word' id='word_1_274' title='bbox 1398 937 1514 972; x_wconf 66' lang='lat' dir='ltr'><strong>legatur.</strong></span> <span class='ocrx_word' id='word_1_275' title='bbox 1532 936 1618 972; x_wconf 83' lang='lat' dir='ltr'><strong>llujus</strong></span> <span class='ocrx_word' id='word_1_276' title='bbox 1641 938 1680 964; x_wconf 83' lang='lat' dir='ltr'><strong>rei</strong></span> <span class='ocrx_word' id='word_1_277' title='bbox 1699 946 1780 965; x_wconf 84' lang='lat' dir='ltr'><strong>causa</strong></span> <span class='ocrx_word' id='word_1_278' title='bbox 1822 975 1825 979; x_wconf 28' lang='grc' dir='ltr'><strong>Ι</strong></span> 
     </span>
    </p>
   </div>
   <div class='ocr_carea' id='block_1_48' title="bbox 990 982 1781 1017">
    <p class='ocr_par' dir='ltr' id='par_1_48' title="bbox 990 982 1781 1017">
     <span class='ocr_line' id='line_1_48' title="bbox 990 982 1781 1017; baseline 0.003 -9"><span class='ocrx_word' id='word_1_279' title='bbox 990 989 1046 1008; x_wconf 92' lang='lat' dir='ltr'><strong>non</strong></span> <span class='ocrx_word' id='word_1_280' title='bbox 1065 985 1108 1009; x_wconf 87' lang='lat' dir='ltr'><strong>est</strong></span> <span class='ocrx_word' id='word_1_281' title='bbox 1131 982 1328 1016; x_wconf 86' lang='lat' dir='ltr'><strong>apertissima:</strong></span> <span class='ocrx_word' id='word_1_282' title='bbox 1354 982 1454 1009; x_wconf 78' lang='lat' dir='ltr'><strong>factum</strong></span> <span class='ocrx_word' id='word_1_283' title='bbox 1482 987 1557 1017; x_wconf 87' lang='lat' dir='ltr'><strong>puto,</strong></span> <span class='ocrx_word' id='word_1_284' title='bbox 1581 983 1645 1017; x_wconf 83' lang='lat' dir='ltr'><strong>quia</strong></span> <span class='ocrx_word' id='word_1_285' title='bbox 1668 983 1781 1010; x_wconf 89' lang='lat' dir='ltr'><strong>Joannis</strong></span> 
     </span>
    </p>
   </div>
   <div class='ocr_carea' id='block_1_49' title="bbox 989 1027 1780 1063">
    <p class='ocr_par' dir='ltr' id='par_1_49' title="bbox 989 1027 1780 1063">
     <span class='ocr_line' id='line_1_49' title="bbox 989 1027 1780 1063; baseline 0 -9"><span class='ocrx_word' id='word_1_286' title='bbox 989 1027 1153 1054; x_wconf 81' lang='lat' dir='ltr'><strong>Antiocheni</strong></span> <span class='ocrx_word' id='word_1_287' title='bbox 1182 1027 1271 1053; x_wconf 89' lang='lat' dir='ltr'><strong>locum</strong></span> <span class='ocrx_word' id='word_1_288' title='bbox 1299 1031 1413 1059; x_wconf 87' lang='lat' dir='ltr'><strong>teneret,</strong></span> <span class='ocrx_word' id='word_1_289' title='bbox 1440 1027 1521 1062; x_wconf 80' lang='lat'><strong>370</strong></span> <span class='ocrx_word' id='word_1_290' title='bbox 1544 1032 1689 1062; x_wconf 83' lang='lat' dir='ltr'><strong>propterea</strong></span> <span class='ocrx_word' id='word_1_291' title='bbox 1707 1027 1780 1063; x_wconf 87' lang='lat' dir='ltr'><strong>quod</strong></span> 
     </span>
    </p>
   </div>
   <div class='ocr_carea' id='block_1_50' title="bbox 989 1072 1778 1108">
    <p class='ocr_par' dir='ltr' id='par_1_50' title="bbox 989 1072 1778 1108">
     <span class='ocr_line' id='line_1_50' title="bbox 989 1072 1778 1108; baseline 0 -8"><span class='ocrx_word' id='word_1_292' title='bbox 989 1072 1136 1100; x_wconf 86' lang='lat' dir='ltr'><strong>Orientalis</strong></span> <span class='ocrx_word' id='word_1_293' title='bbox 1160 1073 1286 1100; x_wconf 69' lang='lat' dir='ltr'><strong>dimccsis</strong></span> <span class='ocrx_word' id='word_1_294' title='bbox 1311 1073 1416 1107; x_wconf 87' lang='lat' dir='ltr'><strong>primus</strong></span> <span class='ocrx_word' id='word_1_295' title='bbox 1436 1078 1494 1100; x_wconf 82' lang='lat' dir='ltr'><strong>erat</strong></span> <span class='ocrx_word' id='word_1_296' title='bbox 1512 1073 1706 1108; x_wconf 83' lang='lat' dir='ltr'><strong>metropolita;</strong></span> <span class='ocrx_word' id='word_1_297' title='bbox 1725 1074 1778 1101; x_wconf 84' lang='lat' dir='ltr'><strong>Do-</strong></span> 
     </span>
    </p>
   </div>
   <div class='ocr_carea' id='block_1_51' title="bbox 990 1118 1776 1154">
    <p class='ocr_par' dir='ltr' id='par_1_51' title="bbox 990 1118 1776 1154">
     <span class='ocr_line' id='line_1_51' title="bbox 990 1118 1776 1154; baseline 0.003 -9"><span class='ocrx_word' id='word_1_298' title='bbox 990 1119 1104 1146; x_wconf 87' lang='lat' dir='ltr'><strong>rotheus</strong></span> <span class='ocrx_word' id='word_1_299' title='bbox 1122 1127 1197 1151; x_wconf 85' lang='lat' dir='ltr'><strong>vero,</strong></span> <span class='ocrx_word' id='word_1_300' title='bbox 1213 1119 1264 1146; x_wconf 85' lang='lat' dir='ltr'><strong>etsi</strong></span> <span class='ocrx_word' id='word_1_301' title='bbox 1278 1118 1348 1146; x_wconf 80' lang='lat' dir='ltr'><strong>foret</strong></span> <span class='ocrx_word' id='word_1_302' title='bbox 1363 1120 1547 1154; x_wconf 85' lang='lat' dir='ltr'><strong>metropolita,</strong></span> <span class='ocrx_word' id='word_1_303' title='bbox 1566 1120 1598 1146; x_wconf 90' lang='lat' dir='ltr'><strong>ad</strong></span> <span class='ocrx_word' id='word_1_304' title='bbox 1614 1119 1693 1146; x_wconf 88' lang='lat' dir='ltr'><strong>aliam</strong></span> <span class='ocrx_word' id='word_1_305' title='bbox 1706 1119 1776 1147; x_wconf 75' lang='lat' dir='ltr'><strong>dia:-</strong></span> 
     </span>
    </p>
   </div>
   <div class='ocr_carea' id='block_1_52' title="bbox 989 1164 1777 1200">
    <p class='ocr_par' dir='ltr' id='par_1_52' title="bbox 989 1164 1777 1200">
     <span class='ocr_line' id='line_1_52' title="bbox 989 1164 1777 1200; baseline 0 -8"><span class='ocrx_word' id='word_1_306' title='bbox 989 1166 1074 1192; x_wconf 89' lang='lat' dir='ltr'><strong>cesim</strong></span> <span class='ocrx_word' id='word_1_307' title='bbox 1106 1165 1281 1200; x_wconf 78' lang='lat' dir='ltr'><strong>pertinebat,</strong></span> <span class='ocrx_word' id='word_1_308' title='bbox 1313 1173 1412 1200; x_wconf 87' lang='lat' dir='ltr'><strong>nempe</strong></span> <span class='ocrx_word' id='word_1_309' title='bbox 1438 1165 1471 1192; x_wconf 90' lang='lat' dir='ltr'><strong>ad</strong></span> <span class='ocrx_word' id='word_1_310' title='bbox 1495 1164 1777 1200; x_wconf 84' lang='lat' dir='ltr'><strong>Constantinopolita-</strong></span> 
     </span>
    </p>
   </div>
   <div class='ocr_carea' id='block_1_53' title="bbox 990 1218 1066 1237">
    <p class='ocr_par' dir='ltr' id='par_1_53' title="bbox 990 1218 1066 1237">
     <span class='ocr_line' id='line_1_53' title="bbox 990 1218 1066 1237; baseline 0 0"><span class='ocrx_word' id='word_1_311' title='bbox 990 1218 1066 1237; x_wconf 89' lang='lat' dir='ltr'><strong>nam.</strong></span> 
     </span>
    </p>
   </div>
   <div class='ocr_carea' id='block_1_54' title="bbox 1024 1255 1778 1290">
    <p class='ocr_par' dir='ltr' id='par_1_54' title="bbox 1024 1255 1778 1290">
     <span class='ocr_line' id='line_1_54' title="bbox 1024 1255 1778 1290; baseline -0.001 -7"><span class='ocrx_word' id='word_1_312' title='bbox 1024 1256 1068 1283; x_wconf 79' lang='lat' dir='ltr'><strong>lii.</strong></span> <span class='ocrx_word' id='word_1_313' title='bbox 1086 1256 1150 1284; x_wconf 84' lang='lat' dir='ltr'><strong>Post</strong></span> <span class='ocrx_word' id='word_1_314' title='bbox 1164 1255 1312 1283; x_wconf 89' lang='lat' dir='ltr'><strong>concilium</strong></span> <span class='ocrx_word' id='word_1_315' title='bbox 1325 1263 1381 1282; x_wconf 92' lang='lat' dir='ltr'><strong>non</strong></span> <span class='ocrx_word' id='word_1_316' title='bbox 1399 1255 1446 1282; x_wconf 88' lang='lat' dir='ltr'><strong>diu</strong></span> <span class='ocrx_word' id='word_1_317' title='bbox 1461 1259 1603 1290; x_wconf 79' lang='lat' dir='ltr'><strong>superstes</strong></span> <span class='ocrx_word' id='word_1_318' title='bbox 1619 1255 1670 1283; x_wconf 73' lang='lat' dir='ltr'><strong>fuit</strong></span> <span class='ocrx_word' id='word_1_319' title='bbox 1688 1265 1694 1282; x_wconf 89' lang='lat'>:</span> <span class='ocrx_word' id='word_1_320' title='bbox 1716 1263 1778 1282; x_wconf 88' lang='lat' dir='ltr'><strong>nam</strong></span> 
     </span>
    </p>
   </div>
   <div class='ocr_carea' id='block_1_55' title="bbox 988 1302 1778 1338">
    <p class='ocr_par' dir='ltr' id='par_1_55' title="bbox 988 1302 1778 1338">
     <span class='ocr_line' id='line_1_55' title="bbox 988 1302 1778 1338; baseline -0.001 -9"><span class='ocrx_word' id='word_1_321' title='bbox 988 1302 1123 1335; x_wconf 86' lang='lat' dir='ltr'><strong>Panolbii,</strong></span> <span class='ocrx_word' id='word_1_322' title='bbox 1140 1302 1187 1338; x_wconf 87' lang='lat' dir='ltr'><strong>qui</strong></span> <span class='ocrx_word' id='word_1_323' title='bbox 1203 1302 1228 1329; x_wconf 91' lang='lat' dir='ltr'><strong>ei</strong></span> <span class='ocrx_word' id='word_1_324' title='bbox 1244 1302 1389 1333; x_wconf 86' lang='lat' dir='ltr'><strong>successit,</strong></span> <span class='ocrx_word' id='word_1_325' title='bbox 1411 1302 1485 1328; x_wconf 76' lang='lat' dir='ltr'><strong>velut</strong></span> <span class='ocrx_word' id='word_1_326' title='bbox 1498 1302 1662 1337; x_wconf 82' lang='lat' dir='ltr'><strong>jampridem</strong></span> <span class='ocrx_word' id='word_1_327' title='bbox 1680 1302 1778 1329; x_wconf 86' lang='lat' dir='ltr'><strong>del‘un-</strong></span> 
     </span>
    </p>
   </div>
   <div class='ocr_carea' id='block_1_56' title="bbox 987 1347 1779 1379">
    <p class='ocr_par' dir='ltr' id='par_1_56' title="bbox 987 1347 1779 1379">
     <span class='ocr_line' id='line_1_56' title="bbox 987 1347 1779 1379; baseline -0.001 -4"><span class='ocrx_word' id='word_1_328' title='bbox 987 1348 1036 1379; x_wconf 78' lang='lat' dir='ltr'><strong>cti,</strong></span> <span class='ocrx_word' id='word_1_329' title='bbox 1053 1347 1173 1375; x_wconf 86' lang='lat' dir='ltr'><strong>Joannes</strong></span> <span class='ocrx_word' id='word_1_330' title='bbox 1194 1355 1337 1375; x_wconf 84' lang='lat' dir='ltr'><strong>successor</strong></span> <span class='ocrx_word' id='word_1_331' title='bbox 1353 1347 1522 1374; x_wconf 85' lang='lat' dir='ltr'><strong>mentionem</strong></span> <span class='ocrx_word' id='word_1_332' title='bbox 1536 1347 1599 1374; x_wconf 77' lang='lat' dir='ltr'><strong>facit</strong></span> <span class='ocrx_word' id='word_1_333' title='bbox 1620 1347 1647 1374; x_wconf 90' lang='lat' dir='ltr'><strong>in</strong></span> <span class='ocrx_word' id='word_1_334' title='bbox 1662 1347 1779 1374; x_wconf 82' lang='lat' dir='ltr'><strong>concilio</strong></span> 
     </span>
    </p>
   </div>
   <div class='ocr_carea' id='block_1_57' title="bbox 986 1391 1778 1424">
    <p class='ocr_par' dir='ltr' id='par_1_57' title="bbox 986 1391 1778 1424">
     <span class='ocr_line' id='line_1_57' title="bbox 986 1391 1778 1424; baseline -0.003 -4"><span class='ocrx_word' id='word_1_335' title='bbox 986 1393 1176 1424; x_wconf 85' lang='lat' dir='ltr'><strong>Antiocheno,</strong></span> <span class='ocrx_word' id='word_1_336' title='bbox 1211 1391 1354 1420; x_wconf 80' lang='lat' dir='ltr'><strong>Athanasii</strong></span> <span class='ocrx_word' id='word_1_337' title='bbox 1388 1391 1550 1419; x_wconf 85' lang='lat' dir='ltr'><strong>Perrhensis</strong></span> <span class='ocrx_word' id='word_1_338' title='bbox 1576 1399 1657 1419; x_wconf 85' lang='lat' dir='ltr'><strong>causa</strong></span> <span class='ocrx_word' id='word_1_339' title='bbox 1685 1392 1778 1419; x_wconf 83' lang='lat' dir='ltr'><strong>habito</strong></span> 
     </span>
    </p>
   </div>
   <div class='ocr_carea' id='block_1_58' title="bbox 986 1437 1778 1472">
    <p class='ocr_par' dir='ltr' id='par_1_58' title="bbox 986 1437 1778 1472">
     <span class='ocr_line' id='line_1_58' title="bbox 986 1437 1778 1472; baseline -0.001 -6"><span class='ocrx_word' id='word_1_340' title='bbox 986 1447 1058 1466; x_wconf 84' lang='lat' dir='ltr'><strong>anno</strong></span> <span class='ocrx_word' id='word_1_341' title='bbox 1069 1438 1131 1471; x_wconf 73' lang='grc'><strong>414,</strong></span> <span class='ocrx_word' id='word_1_342' title='bbox 1149 1438 1201 1466; x_wconf 90' lang='lat' dir='ltr'><strong>sub</strong></span> <span class='ocrx_word' id='word_1_343' title='bbox 1222 1438 1303 1465; x_wconf 84' lang='lat' dir='ltr'><strong>tinem</strong></span> <span class='ocrx_word' id='word_1_344' title='bbox 1323 1447 1329 1464; x_wconf 92' lang='lat'>:</span> <span class='ocrx_word' id='word_1_345' title='bbox 1352 1444 1440 1472; x_wconf 89' lang='lat' dir='ltr'><strong>neque</strong></span> <span class='ocrx_word' id='word_1_346' title='bbox 1451 1437 1570 1465; x_wconf 84' lang='lat' dir='ltr'><strong>Joannes</strong></span> <span class='ocrx_word' id='word_1_347' title='bbox 1589 1438 1646 1472; x_wconf 88' lang='lat' dir='ltr'><strong>ipse</strong></span> <span class='ocrx_word' id='word_1_348' title='bbox 1669 1438 1778 1472; x_wconf 82' lang='lat' dir='ltr'><strong>cpisco-</strong></span> 
     </span>
    </p>
   </div>
   <div class='ocr_carea' id='block_1_59' title="bbox 986 1483 1778 1519">
    <p class='ocr_par' dir='ltr' id='par_1_59' title="bbox 986 1483 1778 1519">
     <span class='ocr_line' id='line_1_59' title="bbox 986 1483 1778 1519; baseline -0.003 -7"><span class='ocrx_word' id='word_1_349' title='bbox 986 1489 1080 1519; x_wconf 83' lang='lat' dir='ltr'><strong>patum</strong></span> <span class='ocrx_word' id='word_1_350' title='bbox 1093 1485 1140 1512; x_wconf 94' lang='lat' dir='ltr'><strong>diu</strong></span> <span class='ocrx_word' id='word_1_351' title='bbox 1158 1484 1256 1515; x_wconf 87' lang='lat' dir='ltr'><strong>tenuit,</strong></span> <span class='ocrx_word' id='word_1_352' title='bbox 1280 1483 1502 1519; x_wconf 87' lang='lat' dir='ltr'><strong>quandoquidem</strong></span> <span class='ocrx_word' id='word_1_353' title='bbox 1529 1483 1683 1518; x_wconf 85' lang='lat' dir='ltr'><strong>Stephanus</strong></span> <span class='ocrx_word' id='word_1_354' title='bbox 1695 1484 1778 1510; x_wconf 86' lang='lat' dir='ltr'><strong>Joan-</strong></span> 
     </span>
    </p>
   </div>
   <div class='ocr_carea' id='block_1_60' title="bbox 986 1529 1776 1562">
    <p class='ocr_par' dir='ltr' id='par_1_60' title="bbox 986 1529 1776 1562">
     <span class='ocr_line' id='line_1_60' title="bbox 986 1529 1776 1562; baseline 0 -6"><span class='ocrx_word' id='word_1_355' title='bbox 986 1531 1029 1557; x_wconf 89' lang='lat' dir='ltr'><strong>nis</strong></span> <span class='ocrx_word' id='word_1_356' title='bbox 1043 1538 1186 1558; x_wconf 85' lang='lat' dir='ltr'><strong>successor</strong></span> <span class='ocrx_word' id='word_1_357' title='bbox 1204 1530 1231 1556; x_wconf 93' lang='lat' dir='ltr'><strong>in</strong></span> <span class='ocrx_word' id='word_1_358' title='bbox 1245 1529 1363 1556; x_wconf 81' lang='lat' dir='ltr'><strong>concilio</strong></span> <span class='ocrx_word' id='word_1_359' title='bbox 1376 1529 1528 1556; x_wconf 78' lang='lat' dir='ltr'><strong>latrocinali</strong></span> <span class='ocrx_word' id='word_1_360' title='bbox 1547 1537 1619 1556; x_wconf 85' lang='lat' dir='ltr'><strong>anno</strong></span> <span class='ocrx_word' id='word_1_361' title='bbox 1632 1530 1692 1562; x_wconf 72' lang='grc'><strong>119,</strong></span> <span class='ocrx_word' id='word_1_362' title='bbox 1707 1534 1734 1556; x_wconf 88' lang='lat' dir='ltr'><strong>et</strong></span> <span class='ocrx_word' id='word_1_363' title='bbox 1751 1530 1776 1556; x_wconf 92' lang='lat' dir='ltr'><strong>in</strong></span> 
     </span>
    </p>
   </div>
   <div class='ocr_carea' id='block_1_61' title="bbox 142 1573 1450 1615">
    <p class='ocr_par' dir='ltr' id='par_1_61' title="bbox 142 1573 1450 1615">
     <span class='ocr_line' id='line_1_61' title="bbox 142 1573 1450 1615; baseline 0.001 -14"><span class='ocrx_word' id='word_1_364' title='bbox 142 1573 286 1601; x_wconf 73' lang='lat' dir='ltr'><strong>Memnone</strong></span> <span class='ocrx_word' id='word_1_365' title='bbox 319 1575 470 1610; x_wconf 73' lang='lat' dir='ltr'><strong>tyrannidis</strong></span> <span class='ocrx_word' id='word_1_366' title='bbox 494 1575 565 1602; x_wconf 90' lang='lat' dir='ltr'><strong>duce</strong></span> <span class='ocrx_word' id='word_1_367' title='bbox 595 1575 776 1610; x_wconf 72' lang='lat' dir='ltr'><strong>quadraginta</strong></span> <span class='ocrx_word' id='word_1_368' title='bbox 802 1574 933 1607; x_wconf 84' lang='lat' dir='ltr'><strong>Asiatici,</strong></span> <span class='ocrx_word' id='word_1_369' title='bbox 948 1587 969 1615; x_wconf 69' lang='grc' dir='ltr'>ο</span> <span class='ocrx_word' id='word_1_370' title='bbox 985 1575 1201 1603; x_wconf 85' lang='lat' dir='ltr'><strong>Chalcedonensi</strong></span> <span class='ocrx_word' id='word_1_371' title='bbox 1219 1582 1291 1601; x_wconf 87' lang='lat' dir='ltr'><strong>anno</strong></span> <span class='ocrx_word' id='word_1_372' title='bbox 1304 1575 1353 1602; x_wconf 72' lang='grc'><strong>151</strong></span> <span class='ocrx_word' id='word_1_373' title='bbox 1368 1575 1450 1602; x_wconf 88' lang='lat' dir='ltr'><strong>sedit.</strong></span> 
     </span>
    </p>
   </div>
   <div class='ocr_carea' id='block_1_62' title="bbox 142 1618 935 1655">
    <p class='ocr_par' dir='ltr' id='par_1_62' title="bbox 142 1618 935 1655">
     <span class='ocr_line' id='line_1_62' title="bbox 142 1618 935 1655; baseline 0.003 -10"><span class='ocrx_word' id='word_1_374' title='bbox 142 1618 289 1646; x_wconf 81' lang='lat' dir='ltr'><strong>duodecim</strong></span> <span class='ocrx_word' id='word_1_375' title='bbox 312 1619 376 1646; x_wconf 84' lang='lat' dir='ltr'><strong>item</strong></span> <span class='ocrx_word' id='word_1_376' title='bbox 402 1627 435 1647; x_wconf 78' lang='lat' dir='ltr'><strong>ex</strong></span> <span class='ocrx_word' id='word_1_377' title='bbox 453 1619 611 1655; x_wconf 83' lang='lat' dir='ltr'><strong>Pamphylia</strong></span> <span class='ocrx_word' id='word_1_378' title='bbox 624 1620 746 1647; x_wconf 62' lang='lat' dir='ltr'><strong>barelici</strong></span> <span class='ocrx_word' id='word_1_379' title='bbox 768 1620 935 1647; x_wconf 85' lang='lat' dir='ltr'><strong>Messaliani-</strong></span> 
     </span>
    </p>
   </div>
   <div class='ocr_carea' id='block_1_63' title="bbox 143 1665 934 1700">
    <p class='ocr_par' dir='ltr' id='par_1_63' title="bbox 143 1665 934 1700">
     <span class='ocr_line' id='line_1_63' title="bbox 143 1665 934 1700; baseline 0.003 -9"><span class='ocrx_word' id='word_1_380' title='bbox 143 1669 234 1691; x_wconf 84' lang='lat' dir='ltr'><strong>tarum</strong></span> <span class='ocrx_word' id='word_1_381' title='bbox 245 1665 358 1692; x_wconf 86' lang='lat' dir='ltr'><strong>nomine</strong></span> <span class='ocrx_word' id='word_1_382' title='bbox 369 1665 509 1700; x_wconf 82' lang='lat' dir='ltr'><strong>appellati,</strong></span> <span class='ocrx_word' id='word_1_383' title='bbox 526 1670 627 1700; x_wconf 64' lang='lat' dir='ltr'><strong>praeter</strong></span> <span class='ocrx_word' id='word_1_384' title='bbox 644 1666 713 1694; x_wconf 86' lang='lat' dir='ltr'><strong>alios</strong></span> <span class='ocrx_word' id='word_1_385' title='bbox 727 1666 816 1693; x_wconf 90' lang='lat' dir='ltr'><strong>eidem</strong></span> <span class='ocrx_word' id='word_1_386' title='bbox 831 1669 934 1693; x_wconf 90' lang='lat' dir='ltr'><strong>metro-</strong></span> 
     </span>
    </p>
   </div>
   <div class='ocr_carea' id='block_1_64' title="bbox 140 1710 933 1747">
    <p class='ocr_par' dir='ltr' id='par_1_64' title="bbox 140 1710 933 1747">
     <span class='ocr_line' id='line_1_64' title="bbox 140 1710 933 1747; baseline 0.001 -9"><span class='ocrx_word' id='word_1_387' title='bbox 140 1711 264 1746; x_wconf 86' lang='lat' dir='ltr'><strong>politano</strong></span> <span class='ocrx_word' id='word_1_388' title='bbox 285 1710 491 1747; x_wconf 86' lang='lat' dir='ltr'><strong>(Amphilochio</strong></span> <span class='ocrx_word' id='word_1_389' title='bbox 504 1711 577 1739; x_wconf 70' lang='lat' dir='ltr'><strong>Sida:</strong></span> <span class='ocrx_word' id='word_1_390' title='bbox 591 1712 732 1747; x_wconf 86' lang='lat' dir='ltr'><strong>episcopo)</strong></span> <span class='ocrx_word' id='word_1_391' title='bbox 750 1712 933 1744; x_wconf 80' lang='lat' dir='ltr'><strong>adhaerentes,</strong></span> 
     </span>
    </p>
   </div>
   <div class='ocr_carea' id='block_1_65' title="bbox 140 1756 932 1792">
    <p class='ocr_par' dir='ltr' id='par_1_65' title="bbox 140 1756 932 1792">
     <span class='ocr_line' id='line_1_65' title="bbox 140 1756 932 1792; baseline 0 -7"><span class='ocrx_word' id='word_1_392' title='bbox 140 1762 169 1785; x_wconf 87' lang='lat' dir='ltr'><strong>et</strong></span> <span class='ocrx_word' id='word_1_393' title='bbox 196 1756 266 1784; x_wconf 78' lang='lat' dir='ltr'><strong>alios</strong></span> <span class='ocrx_word' id='word_1_394' title='bbox 286 1764 302 1784; x_wconf 88' lang='lat' dir='ltr'><strong>a</strong></span> <span class='ocrx_word' id='word_1_395' title='bbox 325 1757 447 1792; x_wconf 76' lang='lat' dir='ltr'><strong>synodis,</strong></span> <span class='ocrx_word' id='word_1_396' title='bbox 473 1757 515 1784; x_wconf 85' lang='lat' dir='ltr'><strong>vel</strong></span> <span class='ocrx_word' id='word_1_397' title='bbox 537 1757 572 1784; x_wconf 83' lang='lat' dir='ltr'><strong>ab</strong></span> <span class='ocrx_word' id='word_1_398' title='bbox 590 1757 747 1792; x_wconf 90' lang='lat' dir='ltr'><strong>episcopis,</strong></span> <span class='ocrx_word' id='word_1_399' title='bbox 765 1757 883 1785; x_wconf 85' lang='lat' dir='ltr'><strong>diversis</strong></span> <span class='ocrx_word' id='word_1_400' title='bbox 905 1758 932 1785; x_wconf 87' lang='lat' dir='ltr'><strong>in</strong></span> 
     </span>
    </p>
   </div>
   <div class='ocr_carea' id='block_1_66' title="bbox 141 1803 933 1837">
    <p class='ocr_par' dir='ltr' id='par_1_66' title="bbox 141 1803 933 1837">
     <span class='ocr_line' id='line_1_66' title="bbox 141 1803 933 1837; baseline -0.001 -7"><span class='ocrx_word' id='word_1_401' title='bbox 141 1803 218 1835; x_wconf 83' lang='lat' dir='ltr'><strong>locis,</strong></span> <span class='ocrx_word' id='word_1_402' title='bbox 231 1803 488 1830; x_wconf 76' lang='lat' dir='ltr'><strong>excommunicatos</strong></span> <span class='ocrx_word' id='word_1_403' title='bbox 500 1806 527 1830; x_wconf 89' lang='lat' dir='ltr'><strong>et</strong></span> <span class='ocrx_word' id='word_1_404' title='bbox 542 1803 700 1837; x_wconf 86' lang='lat' dir='ltr'><strong>depositos;</strong></span> <span class='ocrx_word' id='word_1_405' title='bbox 719 1803 765 1837; x_wconf 90' lang='lat' dir='ltr'><strong>qui</strong></span> <span class='ocrx_word' id='word_1_406' title='bbox 780 1810 845 1830; x_wconf 82' lang='lat' dir='ltr'><strong>sane</strong></span> <span class='ocrx_word' id='word_1_407' title='bbox 859 1803 933 1830; x_wconf 88' lang='lat' dir='ltr'><strong>aliud</strong></span> 
     </span>
    </p>
   </div>
   <div class='ocr_carea' id='block_1_67' title="bbox 140 1848 933 1885">
    <p class='ocr_par' dir='ltr' id='par_1_67' title="bbox 140 1848 933 1885">
     <span class='ocr_line' id='line_1_67' title="bbox 140 1848 933 1885; baseline 0 -9"><span class='ocrx_word' id='word_1_408' title='bbox 140 1849 210 1876; x_wconf 88' lang='lat' dir='ltr'><strong>nihil</strong></span> <span class='ocrx_word' id='word_1_409' title='bbox 221 1853 295 1882; x_wconf 91' lang='lat' dir='ltr'><strong>sunt,</strong></span> <span class='ocrx_word' id='word_1_410' title='bbox 311 1855 396 1883; x_wconf 83' lang='lat' dir='ltr'><strong>quam</strong></span> <span class='ocrx_word' id='word_1_411' title='bbox 419 1848 561 1876; x_wconf 83' lang='lat' dir='ltr'><strong>hominum</strong></span> <span class='ocrx_word' id='word_1_412' title='bbox 581 1848 663 1876; x_wconf 81' lang='lat' dir='ltr'><strong>turba</strong></span> <span class='ocrx_word' id='word_1_413' title='bbox 687 1849 843 1876; x_wconf 87' lang='lat' dir='ltr'><strong>divinorum</strong></span> <span class='ocrx_word' id='word_1_414' title='bbox 865 1849 933 1885; x_wconf 81' lang='lat' dir='ltr'><strong>dog-</strong></span> 
     </span>
    </p>
   </div>
   <div class='ocr_carea' id='block_1_68' title="bbox 141 1895 395 1922">
    <p class='ocr_par' dir='ltr' id='par_1_68' title="bbox 141 1895 395 1922">
     <span class='ocr_line' id='line_1_68' title="bbox 141 1895 395 1922; baseline -0.004 0"><span class='ocrx_word' id='word_1_415' title='bbox 141 1899 244 1922; x_wconf 85' lang='lat' dir='ltr'><strong>matum</strong></span> <span class='ocrx_word' id='word_1_416' title='bbox 260 1895 368 1922; x_wconf 80' lang='lat' dir='ltr'><strong>nescia.</strong></span> <span class='ocrx_word' id='word_1_417' title='bbox 386 1904 395 1920; x_wconf 76' lang='grc' dir='ltr'>ι</span> 
     </span>
    </p>
   </div>
   <div class='ocr_carea' id='block_1_69' title="bbox 175 1939 932 1976">
    <p class='ocr_par' dir='ltr' id='par_1_69' title="bbox 175 1939 932 1976">
     <span class='ocr_line' id='line_1_69' title="bbox 175 1939 932 1976; baseline 0.001 -8"><span class='ocrx_word' id='word_1_418' title='bbox 175 1940 298 1968; x_wconf 63' lang='lat' dir='ltr'><strong>Occasus.</strong></span> <span class='ocrx_word' id='word_1_419' title='bbox 315 1942 356 1968; x_wconf 80' lang='lat' dir='ltr'><strong>Ex</strong></span> <span class='ocrx_word' id='word_1_420' title='bbox 372 1940 520 1968; x_wconf 76' lang='lat' dir='ltr'><strong>Occidente</strong></span> <span class='ocrx_word' id='word_1_421' title='bbox 536 1939 612 1968; x_wconf 83' lang='lat' dir='ltr'><strong>missi</strong></span> <span class='ocrx_word' id='word_1_422' title='bbox 626 1945 691 1974; x_wconf 86' lang='lat' dir='ltr'><strong>tres,</strong></span> <span class='ocrx_word' id='word_1_423' title='bbox 708 1940 852 1976; x_wconf 87' lang='lat' dir='ltr'><strong>Philippus</strong></span> <span class='ocrx_word' id='word_1_424' title='bbox 868 1948 932 1976; x_wconf 86' lang='lat' dir='ltr'><strong>pre-</strong></span> 
     </span>
    </p>
   </div>
   <div class='ocr_carea' id='block_1_70' title="bbox 140 1985 933 2022">
    <p class='ocr_par' dir='ltr' id='par_1_70' title="bbox 140 1985 933 2022">
     <span class='ocr_line' id='line_1_70' title="bbox 140 1985 933 2022; baseline -0.001 -8"><span class='ocrx_word' id='word_1_425' title='bbox 140 1986 244 2022; x_wconf 80' lang='lat' dir='ltr'><strong>sbyter,</strong></span> <span class='ocrx_word' id='word_1_426' title='bbox 258 1986 395 2014; x_wconf 77' lang='lat' dir='ltr'><strong>Arcadius</strong></span> <span class='ocrx_word' id='word_1_427' title='bbox 407 1989 436 2013; x_wconf 91' lang='lat' dir='ltr'><strong>et</strong></span> <span class='ocrx_word' id='word_1_428' title='bbox 449 1986 594 2021; x_wconf 76' lang='lat' dir='ltr'><strong>Proiectus</strong></span> <span class='ocrx_word' id='word_1_429' title='bbox 612 1985 734 2020; x_wconf 84' lang='lat' dir='ltr'><strong>episcopi</strong></span> <span class='ocrx_word' id='word_1_430' title='bbox 748 1994 756 2018; x_wconf 83' lang='lat'><strong>;</strong></span> <span class='ocrx_word' id='word_1_431' title='bbox 775 1990 806 2013; x_wconf 92' lang='lat' dir='ltr'><strong>ut</strong></span> <span class='ocrx_word' id='word_1_432' title='bbox 817 1986 933 2022; x_wconf 73' lang='lat' dir='ltr'><strong>presby~</strong></span> 
     </span>
    </p>
   </div>
   <div class='ocr_carea' id='block_1_71' title="bbox 141 2031 932 2067">
    <p class='ocr_par' dir='ltr' id='par_1_71' title="bbox 141 2031 932 2067">
     <span class='ocr_line' id='line_1_71' title="bbox 141 2031 932 2067; baseline -0.001 -7"><span class='ocrx_word' id='word_1_433' title='bbox 141 2037 183 2060; x_wconf 81' lang='lat' dir='ltr'><strong>ter</strong></span> <span class='ocrx_word' id='word_1_434' title='bbox 195 2032 338 2060; x_wconf 73' lang='lat' dir='ltr'><strong>leestini</strong></span> <span class='ocrx_word' id='word_1_435' title='bbox 363 2031 462 2060; x_wconf 86' lang='lat' dir='ltr'><strong>summi</strong></span> <span class='ocrx_word' id='word_1_436' title='bbox 487 2031 634 2067; x_wconf 78' lang='lat' dir='ltr'><strong>pontiﬁcis,</strong></span> <span class='ocrx_word' id='word_1_437' title='bbox 657 2031 779 2066; x_wconf 80' lang='lat' dir='ltr'><strong>episcopi</strong></span> <span class='ocrx_word' id='word_1_438' title='bbox 795 2031 932 2059; x_wconf 88' lang='lat' dir='ltr'><strong>Occiden-</strong></span> 
     </span>
    </p>
   </div>
   <div class='ocr_carea' id='block_1_72' title="bbox 140 2076 933 2112">
    <p class='ocr_par' dir='ltr' id='par_1_72' title="bbox 140 2076 933 2112">
     <span class='ocr_line' id='line_1_72' title="bbox 140 2076 933 2112; baseline -0.003 -8"><span class='ocrx_word' id='word_1_439' title='bbox 140 2077 203 2104; x_wconf 78' lang='lat' dir='ltr'><strong>talls</strong></span> <span class='ocrx_word' id='word_1_440' title='bbox 219 2077 330 2105; x_wconf 81' lang='lat' dir='ltr'><strong>concilii</strong></span> <span class='ocrx_word' id='word_1_441' title='bbox 352 2077 487 2112; x_wconf 72' lang='lat' dir='ltr'><strong>legatione</strong></span> <span class='ocrx_word' id='word_1_442' title='bbox 512 2076 703 2111; x_wconf 77' lang='lat' dir='ltr'><strong>fungerentur.</strong></span> <span class='ocrx_word' id='word_1_443' title='bbox 733 2076 850 2111; x_wconf 74' lang='lat' dir='ltr'><strong>ingressi</strong></span> <span class='ocrx_word' id='word_1_444' title='bbox 867 2079 933 2102; x_wconf 86' lang='lat' dir='ltr'><strong>sunt</strong></span> 
     </span>
    </p>
   </div>
   <div class='ocr_carea' id='block_1_73' title="bbox 139 2121 932 2158">
    <p class='ocr_par' dir='ltr' id='par_1_73' title="bbox 139 2121 932 2158">
     <span class='ocr_line' id='line_1_73' title="bbox 139 2121 932 2158; baseline -0.003 -8"><span class='ocrx_word' id='word_1_445' title='bbox 139 2123 275 2158; x_wconf 85' lang='lat' dir='ltr'><strong>synodum</strong></span> <span class='ocrx_word' id='word_1_446' title='bbox 298 2122 344 2150; x_wconf 86' lang='lat' dir='ltr'><strong>die</strong></span> <span class='ocrx_word' id='word_1_447' title='bbox 367 2122 401 2149; x_wconf 85' lang='grc'><strong>10</strong></span> <span class='ocrx_word' id='word_1_448' title='bbox 427 2122 504 2154; x_wconf 88' lang='lat' dir='ltr'><strong>Julii,</strong></span> <span class='ocrx_word' id='word_1_449' title='bbox 521 2121 646 2156; x_wconf 86' lang='lat' dir='ltr'><strong>sequenti</strong></span> <span class='ocrx_word' id='word_1_450' title='bbox 665 2121 709 2149; x_wconf 89' lang='lat' dir='ltr'><strong>die</strong></span> <span class='ocrx_word' id='word_1_451' title='bbox 730 2121 932 2156; x_wconf 84' lang='lat' dir='ltr'><strong>depositionem</strong></span> 
     </span>
    </p>
   </div>
   <div class='ocr_carea' id='block_1_74' title="bbox 139 2167 933 2203">
    <p class='ocr_par' dir='ltr' id='par_1_74' title="bbox 139 2167 933 2203">
     <span class='ocr_line' id='line_1_74' title="bbox 139 2167 933 2203; baseline -0.003 -7"><span class='ocrx_word' id='word_1_452' title='bbox 139 2169 259 2197; x_wconf 82' lang='lat' dir='ltr'><strong>Nestorii</strong></span> <span class='ocrx_word' id='word_1_453' title='bbox 271 2169 481 2201; x_wconf 76' lang='lat' dir='ltr'><strong>conﬁrmarunt,</strong></span> <span class='ocrx_word' id='word_1_454' title='bbox 494 2169 616 2203; x_wconf 84' lang='lat' dir='ltr'><strong>quinque</strong></span> <span class='ocrx_word' id='word_1_455' title='bbox 632 2172 694 2203; x_wconf 86' lang='lat' dir='ltr'><strong>post</strong></span> <span class='ocrx_word' id='word_1_456' title='bbox 705 2167 803 2195; x_wconf 87' lang='lat' dir='ltr'><strong>diebus</strong></span> <span class='ocrx_word' id='word_1_457' title='bbox 820 2167 933 2195; x_wconf 87' lang='lat' dir='ltr'><strong>restitu-</strong></span> 
     </span>
    </p>
   </div>
   <div class='ocr_carea' id='block_1_75' title="bbox 141 2213 742 2250">
    <p class='ocr_par' dir='ltr' id='par_1_75' title="bbox 141 2213 742 2250">
     <span class='ocr_line' id='line_1_75' title="bbox 141 2213 742 2250; baseline -0.003 -8"><span class='ocrx_word' id='word_1_458' title='bbox 141 2215 209 2242; x_wconf 86' lang='lat' dir='ltr'><strong>tioni</strong></span> <span class='ocrx_word' id='word_1_459' title='bbox 223 2215 318 2250; x_wconf 80' lang='lat' dir='ltr'><strong>Cyrilli</strong></span> <span class='ocrx_word' id='word_1_460' title='bbox 333 2219 362 2242; x_wconf 86' lang='lat' dir='ltr'><strong>et</strong></span> <span class='ocrx_word' id='word_1_461' title='bbox 378 2214 530 2241; x_wconf 86' lang='lat' dir='ltr'><strong>Memnonis</strong></span> <span class='ocrx_word' id='word_1_462' title='bbox 546 2213 742 2241; x_wconf 80' lang='lat' dir='ltr'><strong>inter-fuerunt.</strong></span> 
     </span>
    </p>
   </div>
   <div class='ocr_carea' id='block_1_76' title="bbox 177 2258 970 2293">
    <p class='ocr_par' dir='ltr' id='par_1_76' title="bbox 177 2258 970 2293">
     <span class='ocr_line' id='line_1_76' title="bbox 177 2258 970 2293; baseline -0.003 -6"><span class='ocrx_word' id='word_1_463' title='bbox 177 2259 275 2293; x_wconf 73' lang='lat' dir='ltr'><strong>Quales</strong></span> <span class='ocrx_word' id='word_1_464' title='bbox 298 2259 382 2287; x_wconf 81' lang='lat' dir='ltr'><strong>mimi.</strong></span> <span class='ocrx_word' id='word_1_465' title='bbox 403 2258 505 2286; x_wconf 81' lang='lat' dir='ltr'><strong>Confer</strong></span> <span class='ocrx_word' id='word_1_466' title='bbox 521 2259 595 2286; x_wconf 88' lang='lat' dir='ltr'><strong>hunc</strong></span> <span class='ocrx_word' id='word_1_467' title='bbox 616 2259 706 2286; x_wconf 82' lang='lat' dir='ltr'><strong>locum</strong></span> <span class='ocrx_word' id='word_1_468' title='bbox 728 2265 791 2286; x_wconf 91' lang='lat' dir='ltr'><strong>cum</strong></span> <span class='ocrx_word' id='word_1_469' title='bbox 813 2258 928 2293; x_wconf 87' lang='lat' dir='ltr'><strong>epistola</strong></span> <span class='ocrx_word' id='word_1_470' title='bbox 946 2259 970 2288; x_wconf 90' lang='lat' dir='ltr'><strong>D</strong></span> 
     </span>
    </p>
   </div>
   <div class='ocr_carea' id='block_1_77' title="bbox 139 2302 931 2340">
    <p class='ocr_par' dir='ltr' id='par_1_77' title="bbox 139 2302 931 2340">
     <span class='ocr_line' id='line_1_77' title="bbox 139 2302 931 2340; baseline -0.004 -7"><span class='ocrx_word' id='word_1_471' title='bbox 139 2302 294 2340; x_wconf 72' lang='lat' dir='ltr'><strong>promiali</strong></span> <span class='ocrx_word' id='word_1_472' title='bbox 309 2305 343 2332; x_wconf 77' lang='lat' dir='ltr'><strong>ad</strong></span> <span class='ocrx_word' id='word_1_473' title='bbox 358 2312 500 2332; x_wconf 86' lang='lat' dir='ltr'><strong>sermones</strong></span> <span class='ocrx_word' id='word_1_474' title='bbox 515 2304 650 2335; x_wconf 87' lang='lat' dir='ltr'><strong>Eutherii,</strong></span> <span class='ocrx_word' id='word_1_475' title='bbox 663 2308 691 2330; x_wconf 88' lang='lat' dir='ltr'><strong>et</strong></span> <span class='ocrx_word' id='word_1_476' title='bbox 704 2304 767 2331; x_wconf 76' lang='lat' dir='ltr'><strong>vide</strong></span> <span class='ocrx_word' id='word_1_477' title='bbox 778 2311 931 2331; x_wconf 85' lang='lat' dir='ltr'><strong>consonan-</strong></span> 
     </span>
    </p>
   </div>
   <div class='ocr_carea' id='block_1_78' title="bbox 140 2349 928 2385">
    <p class='ocr_par' dir='ltr' id='par_1_78' title="bbox 140 2349 928 2385">
     <span class='ocr_line' id='line_1_78' title="bbox 140 2349 928 2385; baseline -0.003 -7"><span class='ocrx_word' id='word_1_478' title='bbox 140 2351 217 2383; x_wconf 83' lang='lat' dir='ltr'><strong>tiam,</strong></span> <span class='ocrx_word' id='word_1_479' title='bbox 241 2358 296 2377; x_wconf 87' lang='lat' dir='ltr'><strong>non</strong></span> <span class='ocrx_word' id='word_1_480' title='bbox 319 2354 425 2377; x_wconf 82' lang='lat' dir='ltr'><strong>tantum</strong></span> <span class='ocrx_word' id='word_1_481' title='bbox 448 2354 617 2385; x_wconf 72' lang='lat' dir='ltr'><strong>exaggerata:</strong></span> <span class='ocrx_word' id='word_1_482' title='bbox 641 2349 855 2382; x_wconf 85' lang='lat' dir='ltr'><strong>lamentationis,</strong></span> <span class='ocrx_word' id='word_1_483' title='bbox 879 2349 928 2377; x_wconf 85' lang='lat' dir='ltr'><strong>sed</strong></span> 
     </span>
    </p>
   </div>
   <div class='ocr_carea' id='block_1_79' title="bbox 141 2395 535 2432">
    <p class='ocr_par' dir='ltr' id='par_1_79' title="bbox 141 2395 535 2432">
     <span class='ocr_line' id='line_1_79' title="bbox 141 2395 535 2432; baseline -0.003 -9"><span class='ocrx_word' id='word_1_484' title='bbox 141 2397 262 2432; x_wconf 90' lang='lat' dir='ltr'><strong>ipsorum</strong></span> <span class='ocrx_word' id='word_1_485' title='bbox 275 2396 360 2424; x_wconf 87' lang='lat' dir='ltr'><strong>etiam</strong></span> <span class='ocrx_word' id='word_1_486' title='bbox 375 2395 535 2423; x_wconf 88' lang='lat' dir='ltr'><strong>verborum.</strong></span> 
     </span>
    </p>
   </div>
   <div class='ocr_carea' id='block_1_80' title="bbox 173 2440 927 2477">
    <p class='ocr_par' dir='ltr' id='par_1_80' title="bbox 173 2440 927 2477">
     <span class='ocr_line' id='line_1_80' title="bbox 173 2440 927 2477; baseline -0.003 -8"><span class='ocrx_word' id='word_1_487' title='bbox 173 2442 207 2470; x_wconf 78' lang='lat' dir='ltr'><strong>In</strong></span> <span class='ocrx_word' id='word_1_488' title='bbox 226 2447 343 2477; x_wconf 67' lang='lat' dir='ltr'><strong>tempore</strong></span> <span class='ocrx_word' id='word_1_489' title='bbox 361 2442 516 2477; x_wconf 69' lang='lat' dir='ltr'><strong>impietatis.</strong></span> <span class='ocrx_word' id='word_1_490' title='bbox 541 2441 611 2469; x_wconf 88' lang='lat' dir='ltr'><strong>Cum</strong></span> <span class='ocrx_word' id='word_1_491' title='bbox 643 2440 854 2468; x_wconf 81' lang='lat' dir='ltr'><strong>dominarentur</strong></span> <span class='ocrx_word' id='word_1_492' title='bbox 875 2440 927 2468; x_wconf 88' lang='lat' dir='ltr'><strong>im-</strong></span> 
     </span>
    </p>
   </div>
   <div class='ocr_carea' id='block_1_81' title="bbox 139 2487 928 2523">
    <p class='ocr_par' dir='ltr' id='par_1_81' title="bbox 139 2487 928 2523">
     <span class='ocr_line' id='line_1_81' title="bbox 139 2487 928 2523; baseline -0.001 -8"><span class='ocrx_word' id='word_1_493' title='bbox 139 2493 279 2523; x_wconf 84' lang='lat' dir='ltr'><strong>peratores</strong></span> <span class='ocrx_word' id='word_1_494' title='bbox 289 2488 456 2516; x_wconf 63' lang='lat' dir='ltr'><strong>Christianae</strong></span> <span class='ocrx_word' id='word_1_495' title='bbox 473 2487 583 2522; x_wconf 84' lang='lat' dir='ltr'><strong>pietatis</strong></span> <span class='ocrx_word' id='word_1_496' title='bbox 603 2487 706 2515; x_wconf 86' lang='lat' dir='ltr'><strong>hostes.</strong></span> <span class='ocrx_word' id='word_1_497' title='bbox 726 2487 755 2514; x_wconf 92' lang='lat' dir='ltr'><strong>Id</strong></span> <span class='ocrx_word' id='word_1_498' title='bbox 775 2487 878 2514; x_wconf 81' lang='lat' dir='ltr'><strong>dictum</strong></span> <span class='ocrx_word' id='word_1_499' title='bbox 892 2487 928 2514; x_wconf 86' lang='lat' dir='ltr'><strong>ad</strong></span> 
     </span>
    </p>
   </div>
   <div class='ocr_carea' id='block_1_82' title="bbox 139 2533 928 2568">
    <p class='ocr_par' dir='ltr' id='par_1_82' title="bbox 139 2533 928 2568">
     <span class='ocr_line' id='line_1_82' title="bbox 139 2533 928 2568; baseline 0 -8"><span class='ocrx_word' id='word_1_500' title='bbox 139 2533 269 2561; x_wconf 80' lang='lat' dir='ltr'><strong>invidiam</strong></span> <span class='ocrx_word' id='word_1_501' title='bbox 292 2534 433 2568; x_wconf 71' lang='lat' dir='ltr'><strong>regnantis</strong></span> <span class='ocrx_word' id='word_1_502' title='bbox 458 2533 608 2561; x_wconf 87' lang='lat' dir='ltr'><strong>Theodosii</strong></span> <span class='ocrx_word' id='word_1_503' title='bbox 619 2533 753 2566; x_wconf 85' lang='lat' dir='ltr'><strong>Junioris,</strong></span> <span class='ocrx_word' id='word_1_504' title='bbox 781 2533 829 2568; x_wconf 88' lang='lat' dir='ltr'><strong>qui</strong></span> <span class='ocrx_word' id='word_1_505' title='bbox 853 2533 928 2561; x_wconf 85' lang='lat' dir='ltr'><strong>schi-</strong></span> 
     </span>
    </p>
   </div>
   <div class='ocr_carea' id='block_1_83' title="bbox 139 2578 539 2607">
    <p class='ocr_par' dir='ltr' id='par_1_83' title="bbox 139 2578 539 2607">
     <span class='ocr_line' id='line_1_83' title="bbox 139 2578 539 2607; baseline -0.003 0"><span class='ocrx_word' id='word_1_506' title='bbox 139 2579 261 2607; x_wconf 89' lang='lat' dir='ltr'><strong>smaticis</strong></span> <span class='ocrx_word' id='word_1_507' title='bbox 277 2578 369 2607; x_wconf 82' lang='lat' dir='ltr'><strong>favere</strong></span> <span class='ocrx_word' id='word_1_508' title='bbox 384 2579 539 2606; x_wconf 84' lang='lat' dir='ltr'><strong>desinebat.</strong></span> 
     </span>
    </p>
   </div>
   <div class='ocr_carea' id='block_1_84' title="bbox 176 2623 927 2658">
    <p class='ocr_par' dir='ltr' id='par_1_84' title="bbox 176 2623 927 2658">
     <span class='ocr_line' id='line_1_84' title="bbox 176 2623 927 2658; baseline 0 -8"><span class='ocrx_word' id='word_1_509' title='bbox 176 2624 217 2651; x_wconf 72' lang='lat' dir='ltr'><strong>Ex</strong></span> <span class='ocrx_word' id='word_1_510' title='bbox 229 2623 274 2650; x_wconf 86' lang='lat' dir='ltr'><strong>bis</strong></span> <span class='ocrx_word' id='word_1_511' title='bbox 287 2628 394 2650; x_wconf 88' lang='lat' dir='ltr'><strong>constat</strong></span> <span class='ocrx_word' id='word_1_512' title='bbox 410 2623 503 2651; x_wconf 85' lang='lat' dir='ltr'><strong>datam</strong></span> <span class='ocrx_word' id='word_1_513' title='bbox 516 2631 578 2651; x_wconf 85' lang='lat' dir='ltr'><strong>esse</strong></span> <span class='ocrx_word' id='word_1_514' title='bbox 595 2623 739 2658; x_wconf 86' lang='lat' dir='ltr'><strong>epistolam</strong></span> <span class='ocrx_word' id='word_1_515' title='bbox 759 2623 832 2651; x_wconf 89' lang='lat' dir='ltr'><strong>circa</strong></span> <span class='ocrx_word' id='word_1_516' title='bbox 845 2623 927 2651; x_wconf 84' lang='lat' dir='ltr'><strong>linem</strong></span> 
     </span>
    </p>
   </div>
   <div class='ocr_carea' id='block_1_85' title="bbox 137 2667 929 2705">
    <p class='ocr_par' dir='ltr' id='par_1_85' title="bbox 137 2667 929 2705">
     <span class='ocr_line' id='line_1_85' title="bbox 137 2667 929 2705; baseline -0.003 -7"><span class='ocrx_word' id='word_1_517' title='bbox 137 2671 203 2698; x_wconf 83' lang='lat' dir='ltr'><strong>Julii</strong></span> <span class='ocrx_word' id='word_1_518' title='bbox 215 2674 263 2698; x_wconf 86' lang='lat' dir='ltr'><strong>aut</strong></span> <span class='ocrx_word' id='word_1_519' title='bbox 279 2667 387 2697; x_wconf 87' lang='lat' dir='ltr'><strong>initium</strong></span> <span class='ocrx_word' id='word_1_520' title='bbox 400 2669 522 2705; x_wconf 65' lang='grc' dir='ltr'><strong>’Ληκυθιί</strong></span> <span class='ocrx_word' id='word_1_521' title='bbox 538 2677 611 2697; x_wconf 82' lang='lat' dir='ltr'><strong>anno</strong></span> <span class='ocrx_word' id='word_1_522' title='bbox 624 2670 687 2702; x_wconf 70' lang='grc'><strong>451,</strong></span> <span class='ocrx_word' id='word_1_523' title='bbox 708 2674 771 2704; x_wconf 81' lang='lat' dir='ltr'><strong>post</strong></span> <span class='ocrx_word' id='word_1_524' title='bbox 786 2669 929 2696; x_wconf 83' lang='lat' dir='ltr'><strong>restitutos</strong></span> 
     </span>
    </p>
   </div>
   <div class='ocr_carea' id='block_1_86' title="bbox 139 2716 928 2752">
    <p class='ocr_par' dir='ltr' id='par_1_86' title="bbox 139 2716 928 2752">
     <span class='ocr_line' id='line_1_86' title="bbox 139 2716 928 2752; baseline -0.004 -7"><span class='ocrx_word' id='word_1_525' title='bbox 139 2717 246 2745; x_wconf 79' lang='lat' dir='ltr'><strong>scilicet</strong></span> <span class='ocrx_word' id='word_1_526' title='bbox 257 2716 302 2744; x_wconf 89' lang='lat' dir='ltr'><strong>die</strong></span> <span class='ocrx_word' id='word_1_527' title='bbox 316 2716 350 2744; x_wconf 83' lang='grc'><strong>16</strong></span> <span class='ocrx_word' id='word_1_528' title='bbox 363 2716 429 2744; x_wconf 89' lang='lat' dir='ltr'><strong>Julii</strong></span> <span class='ocrx_word' id='word_1_529' title='bbox 442 2716 575 2752; x_wconf 77' lang='lat' dir='ltr'><strong>Cyrillum</strong></span> <span class='ocrx_word' id='word_1_530' title='bbox 589 2719 618 2744; x_wconf 79' lang='lat' dir='ltr'><strong>et</strong></span> <span class='ocrx_word' id='word_1_531' title='bbox 636 2716 808 2744; x_wconf 69' lang='lat' dir='ltr'><strong>Memnonem</strong></span> <span class='ocrx_word' id='word_1_532' title='bbox 817 2735 825 2750; x_wconf 94' lang='lat'><strong>,</strong></span> <span class='ocrx_word' id='word_1_533' title='bbox 838 2720 867 2743; x_wconf 87' lang='lat' dir='ltr'><strong>et</strong></span> <span class='ocrx_word' id='word_1_534' title='bbox 878 2723 928 2742; x_wconf 87' lang='lat' dir='ltr'><strong>an-</strong></span> 
     </span>
    </p>
   </div>
   <div class='ocr_carea' id='block_1_87' title="bbox 1020 1620 1775 1655">
    <p class='ocr_par' dir='ltr' id='par_1_87' title="bbox 1020 1620 1775 1655">
     <span class='ocr_line' id='line_1_87' title="bbox 1020 1620 1775 1655; baseline 0 -8"><span class='ocrx_word' id='word_1_535' title='bbox 1020 1621 1061 1648; x_wconf 79' lang='grc' dir='ltr'><strong>ιν.</strong></span> <span class='ocrx_word' id='word_1_536' title='bbox 1076 1620 1105 1647; x_wconf 93' lang='lat' dir='ltr'><strong>ln</strong></span> <span class='ocrx_word' id='word_1_537' title='bbox 1128 1621 1189 1655; x_wconf 84' lang='lat' dir='ltr'><strong>ejus</strong></span> <span class='ocrx_word' id='word_1_538' title='bbox 1212 1621 1303 1647; x_wconf 91' lang='lat' dir='ltr'><strong>locum</strong></span> <span class='ocrx_word' id='word_1_539' title='bbox 1330 1620 1433 1647; x_wconf 83' lang='lat' dir='ltr'><strong>missus</strong></span> <span class='ocrx_word' id='word_1_540' title='bbox 1455 1625 1497 1647; x_wconf 89' lang='lat' dir='ltr'><strong>est</strong></span> <span class='ocrx_word' id='word_1_541' title='bbox 1521 1620 1554 1647; x_wconf 86' lang='lat' dir='ltr'><strong>ad</strong></span> <span class='ocrx_word' id='word_1_542' title='bbox 1581 1620 1775 1655; x_wconf 85' lang='lat' dir='ltr'><strong>imperatorem</strong></span> 
     </span>
    </p>
   </div>
   <div class='ocr_carea' id='block_1_88' title="bbox 985 1665 1775 1699">
    <p class='ocr_par' dir='ltr' id='par_1_88' title="bbox 985 1665 1775 1699">
     <span class='ocr_line' id='line_1_88' title="bbox 985 1665 1775 1699; baseline -0.001 -6"><span class='ocrx_word' id='word_1_543' title='bbox 985 1666 1187 1698; x_wconf 83' lang='lat' dir='ltr'><strong>Theodoretus,</strong></span> <span class='ocrx_word' id='word_1_544' title='bbox 1200 1669 1230 1692; x_wconf 90' lang='lat' dir='ltr'><strong>ut</strong></span> <span class='ocrx_word' id='word_1_545' title='bbox 1240 1669 1389 1692; x_wconf 82' lang='lat' dir='ltr'><strong>constatcx</strong></span> <span class='ocrx_word' id='word_1_546' title='bbox 1403 1665 1583 1699; x_wconf 80' lang='lat' dir='ltr'><strong>inscriptiOne</strong></span> <span class='ocrx_word' id='word_1_547' title='bbox 1605 1665 1726 1692; x_wconf 86' lang='lat' dir='ltr'><strong>mandati</strong></span> <span class='ocrx_word' id='word_1_548' title='bbox 1742 1665 1775 1692; x_wconf 88' lang='lat' dir='ltr'><strong>ab</strong></span> 
     </span>
    </p>
   </div>
   <div class='ocr_carea' id='block_1_89' title="bbox 984 1710 1775 1746">
    <p class='ocr_par' dir='ltr' id='par_1_89' title="bbox 984 1710 1775 1746">
     <span class='ocr_line' id='line_1_89' title="bbox 984 1710 1775 1746; baseline 0.001 -9"><span class='ocrx_word' id='word_1_549' title='bbox 984 1710 1172 1738; x_wconf 84' lang='lat' dir='ltr'><strong>Orientalibus</strong></span> <span class='ocrx_word' id='word_1_550' title='bbox 1193 1711 1247 1738; x_wconf 90' lang='lat' dir='ltr'><strong>dati</strong></span> <span class='ocrx_word' id='word_1_551' title='bbox 1261 1711 1319 1738; x_wconf 90' lang='lat' dir='ltr'><strong>suis</strong></span> <span class='ocrx_word' id='word_1_552' title='bbox 1335 1711 1431 1745; x_wconf 80' lang='lat' dir='ltr'><strong>legatis</strong></span> <span class='ocrx_word' id='word_1_553' title='bbox 1449 1720 1455 1736; x_wconf 69' lang='grc' dir='ltr'>ε</span> <span class='ocrx_word' id='word_1_554' title='bbox 1472 1719 1525 1746; x_wconf 85' lang='lat' dir='ltr'><strong>qua</strong></span> <span class='ocrx_word' id='word_1_555' title='bbox 1549 1711 1576 1737; x_wconf 90' lang='lat' dir='ltr'><strong>in</strong></span> <span class='ocrx_word' id='word_1_556' title='bbox 1596 1711 1775 1745; x_wconf 81' lang='lat' dir='ltr'><strong>inscriptione</strong></span> 
     </span>
    </p>
   </div>
   <div class='ocr_carea' id='block_1_90' title="bbox 984 1756 1775 1791">
    <p class='ocr_par' dir='ltr' id='par_1_90' title="bbox 984 1756 1775 1791">
     <span class='ocr_line' id='line_1_90' title="bbox 984 1756 1775 1791; baseline 0 -8"><span class='ocrx_word' id='word_1_557' title='bbox 984 1756 1112 1788; x_wconf 87' lang='lat' dir='ltr'><strong>observo,</strong></span> <span class='ocrx_word' id='word_1_558' title='bbox 1122 1764 1228 1788; x_wconf 84' lang='lat' dir='ltr'><strong>omnes,</strong></span> <span class='ocrx_word' id='word_1_559' title='bbox 1246 1756 1292 1790; x_wconf 93' lang='lat' dir='ltr'><strong>qui</strong></span> <span class='ocrx_word' id='word_1_560' title='bbox 1306 1756 1445 1791; x_wconf 83' lang='lat' dir='ltr'><strong>legantur,</strong></span> <span class='ocrx_word' id='word_1_561' title='bbox 1458 1764 1518 1783; x_wconf 85' lang='lat' dir='ltr'><strong>esse</strong></span> <span class='ocrx_word' id='word_1_562' title='bbox 1528 1757 1715 1791; x_wconf 85' lang='lat' dir='ltr'><strong>metropolitas</strong></span> <span class='ocrx_word' id='word_1_563' title='bbox 1729 1761 1775 1784; x_wconf 88' lang='lat' dir='ltr'><strong>aut</strong></span> 
     </span>
    </p>
   </div>
   <div class='ocr_carea' id='block_1_91' title="bbox 984 1802 1773 1836">
    <p class='ocr_par' dir='ltr' id='par_1_91' title="bbox 984 1802 1773 1836">
     <span class='ocr_line' id='line_1_91' title="bbox 984 1802 1773 1836; baseline -0.001 -7"><span class='ocrx_word' id='word_1_564' title='bbox 984 1802 1223 1836; x_wconf 85' lang='lat' dir='ltr'><strong>metropolitarum</strong></span> <span class='ocrx_word' id='word_1_565' title='bbox 1246 1802 1317 1834; x_wconf 87' lang='lat' dir='ltr'><strong>loco,</strong></span> <span class='ocrx_word' id='word_1_566' title='bbox 1338 1806 1438 1836; x_wconf 60' lang='lat' dir='ltr'><strong>prieter</strong></span> <span class='ocrx_word' id='word_1_567' title='bbox 1463 1802 1576 1828; x_wconf 83' lang='lat' dir='ltr'><strong>Paulum</strong></span> <span class='ocrx_word' id='word_1_568' title='bbox 1602 1802 1773 1833; x_wconf 85' lang='lat' dir='ltr'><strong>Emisenmn,</strong></span> 
     </span>
    </p>
   </div>
   <div class='ocr_carea' id='block_1_92' title="bbox 984 1846 1773 1882">
    <p class='ocr_par' dir='ltr' id='par_1_92' title="bbox 984 1846 1773 1882">
     <span class='ocr_line' id='line_1_92' title="bbox 984 1846 1773 1882; baseline 0.003 -10"><span class='ocrx_word' id='word_1_569' title='bbox 984 1846 1030 1881; x_wconf 91' lang='lat' dir='ltr'><strong>qui</strong></span> <span class='ocrx_word' id='word_1_570' title='bbox 1060 1846 1133 1873; x_wconf 81' lang='lat' dir='ltr'><strong>vices</strong></span> <span class='ocrx_word' id='word_1_571' title='bbox 1161 1846 1253 1873; x_wconf 87' lang='lat' dir='ltr'><strong>Acacii</strong></span> <span class='ocrx_word' id='word_1_572' title='bbox 1275 1846 1429 1873; x_wconf 70' lang='lat' dir='ltr'><strong>Bermcnsis</strong></span> <span class='ocrx_word' id='word_1_573' title='bbox 1456 1847 1524 1882; x_wconf 80' lang='lat' dir='ltr'><strong>agit,</strong></span> <span class='ocrx_word' id='word_1_574' title='bbox 1545 1847 1608 1874; x_wconf 87' lang='lat' dir='ltr'><strong>licet</strong></span> <span class='ocrx_word' id='word_1_575' title='bbox 1627 1851 1773 1882; x_wconf 88' lang='lat' dir='ltr'><strong>metropo-</strong></span> 
     </span>
    </p>
   </div>
   <div class='ocr_carea' id='block_1_93' title="bbox 983 1891 1774 1928">
    <p class='ocr_par' dir='ltr' id='par_1_93' title="bbox 983 1891 1774 1928">
     <span class='ocr_line' id='line_1_93' title="bbox 983 1891 1774 1928; baseline 0 -9"><span class='ocrx_word' id='word_1_576' title='bbox 983 1892 1031 1919; x_wconf 89' lang='lat' dir='ltr'><strong>lita</strong></span> <span class='ocrx_word' id='word_1_577' title='bbox 1044 1900 1100 1919; x_wconf 90' lang='lat' dir='ltr'><strong>non</strong></span> <span class='ocrx_word' id='word_1_578' title='bbox 1126 1892 1217 1925; x_wconf 80' lang='lat' dir='ltr'><strong>foret;</strong></span> <span class='ocrx_word' id='word_1_579' title='bbox 1240 1895 1314 1919; x_wconf 89' lang='lat' dir='ltr'><strong>tanta</strong></span> <span class='ocrx_word' id='word_1_580' title='bbox 1337 1891 1390 1918; x_wconf 80' lang='lat' dir='ltr'><strong>fuit</strong></span> <span class='ocrx_word' id='word_1_581' title='bbox 1405 1899 1468 1927; x_wconf 75' lang='lat' dir='ltr'><strong>erga</strong></span> <span class='ocrx_word' id='word_1_582' title='bbox 1494 1900 1598 1923; x_wconf 77' lang='lat' dir='ltr'><strong>senem,</strong></span> <span class='ocrx_word' id='word_1_583' title='bbox 1621 1897 1648 1920; x_wconf 82' lang='lat' dir='ltr'><strong>et</strong></span> <span class='ocrx_word' id='word_1_584' title='bbox 1665 1893 1774 1928; x_wconf 83' lang='lat' dir='ltr'><strong>episco-</strong></span> 
     </span>
    </p>
   </div>
   <div class='ocr_carea' id='block_1_94' title="bbox 983 1937 1774 1974">
    <p class='ocr_par' dir='ltr' id='par_1_94' title="bbox 983 1937 1774 1974">
     <span class='ocr_line' id='line_1_94' title="bbox 983 1937 1774 1974; baseline 0.001 -10"><span class='ocrx_word' id='word_1_585' title='bbox 983 1945 1093 1974; x_wconf 88' lang='lat' dir='ltr'><strong>porum,</strong></span> <span class='ocrx_word' id='word_1_586' title='bbox 1107 1938 1129 1965; x_wconf 90' lang='lat' dir='ltr'><strong>si</strong></span> <span class='ocrx_word' id='word_1_587' title='bbox 1141 1938 1207 1965; x_wconf 85' lang='lat' dir='ltr'><strong>licet</strong></span> <span class='ocrx_word' id='word_1_588' title='bbox 1218 1938 1256 1964; x_wconf 85' lang='lat' dir='ltr'><strong>ita</strong></span> <span class='ocrx_word' id='word_1_589' title='bbox 1267 1937 1502 1973; x_wconf 83' lang='lat' dir='ltr'><strong>loqui,deeanum,</strong></span> <span class='ocrx_word' id='word_1_590' title='bbox 1515 1939 1668 1966; x_wconf 83' lang='lat' dir='ltr'><strong>reverentia</strong></span> <span class='ocrx_word' id='word_1_591' title='bbox 1677 1938 1774 1966; x_wconf 89' lang='lat' dir='ltr'><strong>Orien-</strong></span> 
     </span>
    </p>
   </div>
   <div class='ocr_carea' id='block_1_95' title="bbox 984 1984 1090 2012">
    <p class='ocr_par' dir='ltr' id='par_1_95' title="bbox 984 1984 1090 2012">
     <span class='ocr_line' id='line_1_95' title="bbox 984 1984 1090 2012; baseline -0.019 0"><span class='ocrx_word' id='word_1_592' title='bbox 984 1984 1090 2012; x_wconf 85' lang='lat' dir='ltr'><strong>talium.</strong></span> 
     </span>
    </p>
   </div>
   <div class='ocr_carea' id='block_1_96' title="bbox 1017 2029 1772 2065">
    <p class='ocr_par' dir='ltr' id='par_1_96' title="bbox 1017 2029 1772 2065">
     <span class='ocr_line' id='line_1_96' title="bbox 1017 2029 1772 2065; baseline -0.001 -8"><span class='ocrx_word' id='word_1_593' title='bbox 1017 2030 1049 2058; x_wconf 71' lang='grc' dir='ltr'><strong>ν.</strong></span> <span class='ocrx_word' id='word_1_594' title='bbox 1066 2030 1096 2057; x_wconf 92' lang='lat' dir='ltr'><strong>In</strong></span> <span class='ocrx_word' id='word_1_595' title='bbox 1108 2029 1204 2064; x_wconf 84' lang='lat' dir='ltr'><strong>quinta</strong></span> <span class='ocrx_word' id='word_1_596' title='bbox 1221 2030 1326 2065; x_wconf 80' lang='lat' dir='ltr'><strong>synodo</strong></span> <span class='ocrx_word' id='word_1_597' title='bbox 1336 2030 1437 2064; x_wconf 78' lang='lat' dir='ltr'><strong>legitur</strong></span> <span class='ocrx_word' id='word_1_598' title='bbox 1453 2029 1636 2065; x_wconf 78' lang='lat' dir='ltr'><strong>fragmentum</strong></span> <span class='ocrx_word' id='word_1_599' title='bbox 1650 2030 1772 2065; x_wconf 66' lang='lat' dir='ltr'><strong>epistolae</strong></span> 
     </span>
    </p>
   </div>
   <div class='ocr_carea' id='block_1_97' title="bbox 982 2072 1773 2103">
    <p class='ocr_par' dir='ltr' id='par_1_97' title="bbox 982 2072 1773 2103">
     <span class='ocr_line' id='line_1_97' title="bbox 982 2072 1773 2103; baseline 0.001 -1"><span class='ocrx_word' id='word_1_600' title='bbox 982 2083 998 2103; x_wconf 85' lang='lat' dir='ltr'><strong>a</strong></span> <span class='ocrx_word' id='word_1_601' title='bbox 1009 2075 1137 2102; x_wconf 83' lang='lat' dir='ltr'><strong>Nestorio</strong></span> <span class='ocrx_word' id='word_1_602' title='bbox 1147 2075 1181 2102; x_wconf 87' lang='lat' dir='ltr'><strong>ad</strong></span> <span class='ocrx_word' id='word_1_603' title='bbox 1197 2075 1383 2103; x_wconf 83' lang='lat' dir='ltr'><strong>Alexandrum</strong></span> <span class='ocrx_word' id='word_1_604' title='bbox 1404 2075 1487 2103; x_wconf 89' lang='lat' dir='ltr'><strong>istum</strong></span> <span class='ocrx_word' id='word_1_605' title='bbox 1501 2076 1572 2103; x_wconf 58' lang='lat' dir='ltr'><strong>data</strong></span> <span class='ocrx_word' id='word_1_606' title='bbox 1588 2085 1594 2103; x_wconf 88' lang='lat'><strong>:</strong></span> <span class='ocrx_word' id='word_1_607' title='bbox 1617 2076 1663 2103; x_wconf 93' lang='lat' dir='ltr'><strong>ubi</strong></span> <span class='ocrx_word' id='word_1_608' title='bbox 1676 2072 1773 2103; x_wconf 75' lang='lat' dir='ltr'><strong>nefan—</strong></span> 
     </span>
    </p>
   </div>
   <div class='ocr_carea' id='block_1_98' title="bbox 981 2119 1771 2156">
    <p class='ocr_par' dir='ltr' id='par_1_98' title="bbox 981 2119 1771 2156">
     <span class='ocr_line' id='line_1_98' title="bbox 981 2119 1771 2156; baseline 0.004 -10"><span class='ocrx_word' id='word_1_609' title='bbox 981 2119 1035 2147; x_wconf 87' lang='lat' dir='ltr'><strong>dus</strong></span> <span class='ocrx_word' id='word_1_610' title='bbox 1062 2119 1208 2148; x_wconf 64' lang='lat' dir='ltr'><strong>haereticus</strong></span> <span class='ocrx_word' id='word_1_611' title='bbox 1228 2125 1322 2156; x_wconf 86' lang='lat' dir='ltr'><strong>aperte</strong></span> <span class='ocrx_word' id='word_1_612' title='bbox 1354 2121 1446 2155; x_wconf 89' lang='lat' dir='ltr'><strong>prodit</strong></span> <span class='ocrx_word' id='word_1_613' title='bbox 1479 2121 1662 2156; x_wconf 81' lang='lat' dir='ltr'><strong>impietatem,</strong></span> <span class='ocrx_word' id='word_1_614' title='bbox 1688 2129 1771 2156; x_wconf 89' lang='lat' dir='ltr'><strong>quam</strong></span> 
     </span>
    </p>
   </div>
   <div class='ocr_carea' id='block_1_99' title="bbox 982 2165 1770 2202">
    <p class='ocr_par' dir='ltr' id='par_1_99' title="bbox 982 2165 1770 2202">
     <span class='ocr_line' id='line_1_99' title="bbox 982 2165 1770 2202; baseline 0.003 -10"><span class='ocrx_word' id='word_1_615' title='bbox 982 2165 1050 2193; x_wconf 85' lang='lat' dir='ltr'><strong>alias</strong></span> <span class='ocrx_word' id='word_1_616' title='bbox 1070 2165 1226 2193; x_wconf 88' lang='lat' dir='ltr'><strong>dissimulat</strong></span> <span class='ocrx_word' id='word_1_617' title='bbox 1248 2175 1255 2193; x_wconf 84' lang='lat'><strong>:</strong></span> <span class='ocrx_word' id='word_1_618' title='bbox 1277 2167 1350 2194; x_wconf 89' lang='lat' dir='ltr'><strong>unde</strong></span> <span class='ocrx_word' id='word_1_619' title='bbox 1374 2174 1430 2194; x_wconf 86' lang='lat' dir='ltr'><strong>non</strong></span> <span class='ocrx_word' id='word_1_620' title='bbox 1453 2167 1673 2202; x_wconf 87' lang='lat' dir='ltr'><strong>improbabiliter</strong></span> <span class='ocrx_word' id='word_1_621' title='bbox 1694 2167 1770 2195; x_wconf 87' lang='lat' dir='ltr'><strong>credi</strong></span> 
     </span>
    </p>
   </div>
   <div class='ocr_carea' id='block_1_100' title="bbox 981 2212 1590 2247">
    <p class='ocr_par' dir='ltr' id='par_1_100' title="bbox 981 2212 1590 2247">
     <span class='ocr_line' id='line_1_100' title="bbox 981 2212 1590 2247; baseline 0.002 -9"><span class='ocrx_word' id='word_1_622' title='bbox 981 2216 1082 2246; x_wconf 81' lang='lat' dir='ltr'><strong>potest,</strong></span> <span class='ocrx_word' id='word_1_623' title='bbox 1098 2212 1241 2247; x_wconf 83' lang='lat' dir='ltr'><strong>scripsisse</strong></span> <span class='ocrx_word' id='word_1_624' title='bbox 1255 2212 1289 2239; x_wconf 88' lang='lat' dir='ltr'><strong>ad</strong></span> <span class='ocrx_word' id='word_1_625' title='bbox 1305 2216 1460 2240; x_wconf 90' lang='lat' dir='ltr'><strong>consortem</strong></span> <span class='ocrx_word' id='word_1_626' title='bbox 1478 2212 1590 2240; x_wconf 88' lang='lat' dir='ltr'><strong>erroris.</strong></span> 
     </span>
    </p>
   </div>
   <div class='ocr_carea' id='block_1_101' title="bbox 1012 2257 1773 2292">
    <p class='ocr_par' dir='ltr' id='par_1_101' title="bbox 1012 2257 1773 2292">
     <span class='ocr_line' id='line_1_101' title="bbox 1012 2257 1773 2292; baseline -0.001 -7"><span class='ocrx_word' id='word_1_627' title='bbox 1012 2259 1019 2268; x_wconf 83' lang='lat'>‘</span> <span class='ocrx_word' id='word_1_628' title='bbox 1035 2257 1078 2285; x_wconf 84' lang='lat' dir='ltr'><strong>Vl.</strong></span> <span class='ocrx_word' id='word_1_629' title='bbox 1096 2257 1135 2284; x_wconf 74' lang='lat' dir='ltr'><strong>Ex</strong></span> <span class='ocrx_word' id='word_1_630' title='bbox 1149 2257 1193 2286; x_wconf 80' lang='lat' dir='ltr'><strong>iis.</strong></span> <span class='ocrx_word' id='word_1_631' title='bbox 1208 2265 1269 2292; x_wconf 66' lang='lat' dir='ltr'><strong>qum</strong></span> <span class='ocrx_word' id='word_1_632' title='bbox 1284 2257 1311 2284; x_wconf 92' lang='lat' dir='ltr'><strong>in</strong></span> <span class='ocrx_word' id='word_1_633' title='bbox 1327 2258 1442 2292; x_wconf 80' lang='lat' dir='ltr'><strong>epistola</strong></span> <span class='ocrx_word' id='word_1_634' title='bbox 1460 2262 1607 2285; x_wconf 89' lang='lat' dir='ltr'><strong>narrantur</strong></span> <span class='ocrx_word' id='word_1_635' title='bbox 1631 2258 1665 2285; x_wconf 87' lang='lat' dir='ltr'><strong>de</strong></span> <span class='ocrx_word' id='word_1_636' title='bbox 1682 2258 1773 2285; x_wconf 80' lang='lat' dir='ltr'><strong>collo-‘</strong></span> 
     </span>
    </p>
   </div>
   <div class='ocr_carea' id='block_1_102' title="bbox 982 2301 1768 2339">
    <p class='ocr_par' dir='ltr' id='par_1_102' title="bbox 982 2301 1768 2339">
     <span class='ocr_line' id='line_1_102' title="bbox 982 2301 1768 2339; baseline 0.001 -10"><span class='ocrx_word' id='word_1_637' title='bbox 982 2302 1093 2330; x_wconf 87' lang='lat' dir='ltr'><strong>cutione</strong></span> <span class='ocrx_word' id='word_1_638' title='bbox 1107 2301 1287 2330; x_wconf 80' lang='lat' dir='ltr'><strong>Orientalium</strong></span> <span class='ocrx_word' id='word_1_639' title='bbox 1307 2303 1460 2337; x_wconf 74' lang='lat' dir='ltr'><strong>legatorum</strong></span> <span class='ocrx_word' id='word_1_640' title='bbox 1481 2312 1542 2331; x_wconf 87' lang='lat' dir='ltr'><strong>cum</strong></span> <span class='ocrx_word' id='word_1_641' title='bbox 1560 2304 1727 2339; x_wconf 82' lang='lat' dir='ltr'><strong>imperatore</strong></span> <span class='ocrx_word' id='word_1_642' title='bbox 1741 2303 1768 2330; x_wconf 91' lang='lat' dir='ltr'><strong>in</strong></span> 
     </span>
    </p>
   </div>
   <div class='ocr_carea' id='block_1_103' title="bbox 982 2348 1768 2383">
    <p class='ocr_par' dir='ltr' id='par_1_103' title="bbox 982 2348 1768 2383">
     <span class='ocr_line' id='line_1_103' title="bbox 982 2348 1768 2383; baseline -0.001 -7"><span class='ocrx_word' id='word_1_643' title='bbox 982 2348 1139 2381; x_wconf 81' lang='lat' dir='ltr'><strong>Ruﬂniano,</strong></span> <span class='ocrx_word' id='word_1_644' title='bbox 1156 2348 1301 2376; x_wconf 82' lang='lat' dir='ltr'><strong>manifesta</strong></span> <span class='ocrx_word' id='word_1_645' title='bbox 1312 2352 1354 2375; x_wconf 88' lang='lat' dir='ltr'><strong>est</strong></span> <span class='ocrx_word' id='word_1_646' title='bbox 1371 2349 1503 2383; x_wconf 89' lang='lat' dir='ltr'><strong>temporis</strong></span> <span class='ocrx_word' id='word_1_647' title='bbox 1519 2354 1582 2376; x_wconf 88' lang='lat' dir='ltr'><strong>nota</strong></span> <span class='ocrx_word' id='word_1_648' title='bbox 1596 2358 1603 2376; x_wconf 92' lang='lat'>:</span> <span class='ocrx_word' id='word_1_649' title='bbox 1619 2350 1681 2376; x_wconf 84' lang='lat' dir='ltr'><strong>data</strong></span> <span class='ocrx_word' id='word_1_650' title='bbox 1694 2350 1768 2376; x_wconf 87' lang='lat' dir='ltr'><strong>enim</strong></span> 
     </span>
    </p>
   </div>
   <div class='ocr_carea' id='block_1_104' title="bbox 981 2393 1766 2428">
    <p class='ocr_par' dir='ltr' id='par_1_104' title="bbox 981 2393 1766 2428">
     <span class='ocr_line' id='line_1_104' title="bbox 981 2393 1766 2428; baseline 0 -7"><span class='ocrx_word' id='word_1_651' title='bbox 981 2394 1146 2426; x_wconf 78' lang='lat' dir='ltr'><strong>ostenditur,</strong></span> <span class='ocrx_word' id='word_1_652' title='bbox 1162 2397 1310 2428; x_wconf 83' lang='lat' dir='ltr'><strong>antequam</strong></span> <span class='ocrx_word' id='word_1_653' title='bbox 1330 2393 1518 2421; x_wconf 89' lang='lat' dir='ltr'><strong>Orientalibus</strong></span> <span class='ocrx_word' id='word_1_654' title='bbox 1535 2395 1692 2426; x_wconf 82' lang='lat' dir='ltr'><strong>recedendi,</strong></span> <span class='ocrx_word' id='word_1_655' title='bbox 1714 2395 1766 2421; x_wconf 82' lang='lat' dir='ltr'><strong>Ca-</strong></span> 
     </span>
    </p>
   </div>
   <div class='ocr_carea' id='block_1_105' title="bbox 982 2439 1766 2475">
    <p class='ocr_par' dir='ltr' id='par_1_105' title="bbox 982 2439 1766 2475">
     <span class='ocr_line' id='line_1_105' title="bbox 982 2439 1766 2475; baseline -0.004 -7"><span class='ocrx_word' id='word_1_656' title='bbox 982 2440 1092 2468; x_wconf 85' lang='lat' dir='ltr'><strong>tholicis</strong></span> <span class='ocrx_word' id='word_1_657' title='bbox 1100 2440 1196 2467; x_wconf 89' lang='lat' dir='ltr'><strong>urbem</strong></span> <span class='ocrx_word' id='word_1_658' title='bbox 1212 2439 1396 2475; x_wconf 73' lang='lat' dir='ltr'><strong>ingrediendi,</strong></span> <span class='ocrx_word' id='word_1_659' title='bbox 1410 2440 1443 2466; x_wconf 88' lang='lat' dir='ltr'><strong>ad</strong></span> <span class='ocrx_word' id='word_1_660' title='bbox 1460 2439 1644 2466; x_wconf 86' lang='lat' dir='ltr'><strong>ordinandum</strong></span> <span class='ocrx_word' id='word_1_661' title='bbox 1658 2439 1766 2473; x_wconf 86' lang='lat' dir='ltr'><strong>episco—</strong></span> 
     </span>
    </p>
   </div>
   <div class='ocr_carea' id='block_1_106' title="bbox 982 2483 1767 2522">
    <p class='ocr_par' dir='ltr' id='par_1_106' title="bbox 982 2483 1767 2522">
     <span class='ocr_line' id='line_1_106' title="bbox 982 2483 1767 2522; baseline -0.004 -9"><span class='ocrx_word' id='word_1_662' title='bbox 982 2494 1058 2522; x_wconf 88' lang='lat' dir='ltr'><strong>pum,</strong></span> <span class='ocrx_word' id='word_1_663' title='bbox 1074 2486 1231 2513; x_wconf 85' lang='lat' dir='ltr'><strong>mandatum</strong></span> <span class='ocrx_word' id='word_1_664' title='bbox 1241 2490 1315 2513; x_wconf 86' lang='lat' dir='ltr'><strong>esset</strong></span> <span class='ocrx_word' id='word_1_665' title='bbox 1327 2485 1432 2512; x_wconf 88' lang='lat' dir='ltr'><strong>datum.</strong></span> <span class='ocrx_word' id='word_1_666' title='bbox 1443 2484 1550 2520; x_wconf 85' lang='lat' dir='ltr'><strong>Scripta</strong></span> <span class='ocrx_word' id='word_1_667' title='bbox 1562 2489 1603 2511; x_wconf 85' lang='lat' dir='ltr'><strong>est</strong></span> <span class='ocrx_word' id='word_1_668' title='bbox 1618 2483 1701 2519; x_wconf 75' lang='lat' dir='ltr'><strong>igitur</strong></span> <span class='ocrx_word' id='word_1_669' title='bbox 1715 2484 1767 2510; x_wconf 79' lang='lat' dir='ltr'><strong>sub</strong></span> 
     </span>
    </p>
   </div>
   <div class='ocr_carea' id='block_1_107' title="bbox 983 2530 1650 2567">
    <p class='ocr_par' dir='ltr' id='par_1_107' title="bbox 983 2530 1650 2567">
     <span class='ocr_line' id='line_1_107' title="bbox 983 2530 1650 2567; baseline -0.004 -7"><span class='ocrx_word' id='word_1_670' title='bbox 983 2533 1064 2560; x_wconf 84' lang='lat' dir='ltr'><strong>ﬁnem</strong></span> <span class='ocrx_word' id='word_1_671' title='bbox 1077 2532 1257 2567; x_wconf 86' lang='lat' dir='ltr'><strong>Septembris,</strong></span> <span class='ocrx_word' id='word_1_672' title='bbox 1271 2536 1319 2559; x_wconf 85' lang='lat' dir='ltr'><strong>aut</strong></span> <span class='ocrx_word' id='word_1_673' title='bbox 1329 2531 1380 2559; x_wconf 86' lang='lat' dir='ltr'><strong>sub</strong></span> <span class='ocrx_word' id='word_1_674' title='bbox 1395 2531 1503 2558; x_wconf 90' lang='lat' dir='ltr'><strong>initium</strong></span> <span class='ocrx_word' id='word_1_675' title='bbox 1515 2530 1650 2558; x_wconf 83' lang='lat' dir='ltr'><strong>Octobris.</strong></span> 
     </span>
    </p>
   </div>
   <div class='ocr_carea' id='block_1_108' title="bbox 1017 2574 1770 2612">
    <p class='ocr_par' dir='ltr' id='par_1_108' title="bbox 1017 2574 1770 2612">
     <span class='ocr_line' id='line_1_108' title="bbox 1017 2574 1770 2612; baseline -0.005 -7"><span class='ocrx_word' id='word_1_676' title='bbox 1017 2577 1073 2605; x_wconf 75' lang='grc' dir='ltr'><strong>νη.</strong></span> <span class='ocrx_word' id='word_1_677' title='bbox 1093 2577 1185 2612; x_wconf 83' lang='lat' dir='ltr'><strong>Nuper</strong></span> <span class='ocrx_word' id='word_1_678' title='bbox 1208 2576 1336 2604; x_wconf 85' lang='lat' dir='ltr'><strong>inventus</strong></span> <span class='ocrx_word' id='word_1_679' title='bbox 1357 2581 1399 2604; x_wconf 81' lang='lat' dir='ltr'><strong>est</strong></span> <span class='ocrx_word' id='word_1_680' title='bbox 1421 2576 1468 2611; x_wconf 90' lang='lat' dir='ltr'><strong>qui</strong></span> <span class='ocrx_word' id='word_1_681' title='bbox 1500 2576 1668 2610; x_wconf 86' lang='lat' dir='ltr'><strong>suppositam</strong></span> <span class='ocrx_word' id='word_1_682' title='bbox 1690 2574 1770 2602; x_wconf 84' lang='lat' dir='ltr'><strong>credi-</strong></span> 
     </span>
    </p>
   </div>
   <div class='ocr_carea' id='block_1_109' title="bbox 981 2620 1770 2658">
    <p class='ocr_par' dir='ltr' id='par_1_109' title="bbox 981 2620 1770 2658">
     <span class='ocr_line' id='line_1_109' title="bbox 981 2620 1770 2658; baseline -0.004 -8"><span class='ocrx_word' id='word_1_683' title='bbox 981 2624 1074 2655; x_wconf 86' lang='lat' dir='ltr'><strong>vcllet,</strong></span> <span class='ocrx_word' id='word_1_684' title='bbox 1090 2627 1136 2650; x_wconf 90' lang='lat' dir='ltr'><strong>aut</strong></span> <span class='ocrx_word' id='word_1_685' title='bbox 1148 2623 1239 2658; x_wconf 90' lang='lat' dir='ltr'><strong>potius</strong></span> <span class='ocrx_word' id='word_1_686' title='bbox 1256 2625 1383 2657; x_wconf 84' lang='lat' dir='ltr'><strong>optaret;</strong></span> <span class='ocrx_word' id='word_1_687' title='bbox 1406 2622 1541 2649; x_wconf 86' lang='lat' dir='ltr'><strong>sentiebat</strong></span> <span class='ocrx_word' id='word_1_688' title='bbox 1557 2621 1630 2648; x_wconf 92' lang='lat' dir='ltr'><strong>enim</strong></span> <span class='ocrx_word' id='word_1_689' title='bbox 1648 2620 1705 2648; x_wconf 82' lang='lat' dir='ltr'><strong>suis</strong></span> <span class='ocrx_word' id='word_1_690' title='bbox 1723 2628 1770 2647; x_wconf 55' lang='lat' dir='ltr'><strong>re-</strong></span> 
     </span>
    </p>
   </div>
   <div class='ocr_carea' id='block_1_110' title="bbox 981 2667 1768 2702">
    <p class='ocr_par' dir='ltr' id='par_1_110' title="bbox 981 2667 1768 2702">
     <span class='ocr_line' id='line_1_110' title="bbox 981 2667 1768 2702; baseline -0.004 -6"><span class='ocrx_word' id='word_1_691' title='bbox 981 2668 1033 2696; x_wconf 83' lang='lat' dir='ltr'><strong>bus</strong></span> <span class='ocrx_word' id='word_1_692' title='bbox 1043 2670 1220 2697; x_wconf 86' lang='lat' dir='ltr'><strong>vehementer</strong></span> <span class='ocrx_word' id='word_1_693' title='bbox 1238 2669 1441 2696; x_wconf 87' lang='lat' dir='ltr'><strong>incommodare</strong></span> <span class='ocrx_word' id='word_1_694' title='bbox 1455 2677 1462 2702; x_wconf 93' lang='lat'><strong>;</strong></span> <span class='ocrx_word' id='word_1_695' title='bbox 1475 2668 1522 2696; x_wconf 87' lang='lat' dir='ltr'><strong>sed</strong></span> <span class='ocrx_word' id='word_1_696' title='bbox 1538 2676 1584 2700; x_wconf 87' lang='lat' dir='ltr'><strong>ne,</strong></span> <span class='ocrx_word' id='word_1_697' title='bbox 1596 2667 1670 2702; x_wconf 88' lang='lat' dir='ltr'><strong>quod</strong></span> <span class='ocrx_word' id='word_1_698' title='bbox 1689 2671 1768 2694; x_wconf 83' lang='lat' dir='ltr'><strong>certo</strong></span> 
     </span>
    </p>
   </div>
   <div class='ocr_carea' id='block_1_111' title="bbox 980 2713 1769 2747">
    <p class='ocr_par' dir='ltr' id='par_1_111' title="bbox 980 2713 1769 2747">
     <span class='ocr_line' id='line_1_111' title="bbox 980 2713 1769 2747; baseline -0.005 -5"><span class='ocrx_word' id='word_1_699' title='bbox 980 2715 1104 2743; x_wconf 82' lang='lat' dir='ltr'><strong>laturum</strong></span> <span class='ocrx_word' id='word_1_700' title='bbox 1119 2719 1189 2747; x_wconf 86' lang='lat' dir='ltr'><strong>erat,</strong></span> <span class='ocrx_word' id='word_1_701' title='bbox 1199 2723 1215 2743; x_wconf 87' lang='lat' dir='ltr'><strong>a</strong></span> <span class='ocrx_word' id='word_1_702' title='bbox 1230 2716 1369 2743; x_wconf 87' lang='lat' dir='ltr'><strong>communi</strong></span> <span class='ocrx_word' id='word_1_703' title='bbox 1386 2723 1469 2744; x_wconf 85' lang='lat' dir='ltr'><strong>sensu</strong></span> <span class='ocrx_word' id='word_1_704' title='bbox 1489 2715 1596 2743; x_wconf 81' lang='lat' dir='ltr'><strong>alienus</strong></span> <span class='ocrx_word' id='word_1_705' title='bbox 1611 2713 1769 2743; x_wconf 67' lang='lat' dir='ltr'><strong>videretur,</strong></span> 
     </span>
    </p>
   </div>
   <div class='ocr_carea' id='block_1_112' title="bbox 784 2791 1078 2820">
    <p class='ocr_par' dir='ltr' id='par_1_112' title="bbox 784 2791 1078 2820">
     <span class='ocr_line' id='line_1_112' title="bbox 784 2791 1078 2820; baseline -0.003 0"><span class='ocrx_word' id='word_1_706' title='bbox 784 2791 941 2820; x_wconf 73' lang='lat' dir='ltr'><strong>SCHULZH</strong></span> <span class='ocrx_word' id='word_1_707' title='bbox 959 2791 1064 2819; x_wconf 70' lang='lat' dir='ltr'><strong>NOTAE</strong></span> <span class='ocrx_word' id='word_1_708' title='bbox 1071 2811 1078 2819; x_wconf 88' lang='lat'><strong>.</strong></span> 
     </span>
    </p>
   </div>
   <div class='ocr_carea' id='block_1_113' title="bbox 175 2859 1766 2900">
    <p class='ocr_par' dir='ltr' id='par_1_113' title="bbox 175 2859 1766 2900">
     <span class='ocr_line' id='line_1_113' title="bbox 175 2859 1766 2900; baseline -0.004 -7"><span class='ocrx_word' id='word_1_709' title='bbox 175 2866 184 2880; x_wconf 85' lang='lat'>&#39;</span> <span class='ocrx_word' id='word_1_710' title='bbox 197 2865 236 2893; x_wconf 85' lang='lat' dir='ltr'><strong>Ad</strong></span> <span class='ocrx_word' id='word_1_711' title='bbox 249 2864 380 2900; x_wconf 82' lang='lat' dir='ltr'><strong>epistolas</strong></span> <span class='ocrx_word' id='word_1_712' title='bbox 394 2863 518 2900; x_wconf 65' lang='grc'><strong>165468.</strong></span> <span class='ocrx_word' id='word_1_713' title='bbox 532 2863 722 2900; x_wconf 74' lang='lat' dir='ltr'><strong>nihilnionuit</strong></span> <span class='ocrx_word' id='word_1_714' title='bbox 737 2862 895 2891; x_wconf 85' lang='lat' dir='ltr'><strong>Garncrius.</strong></span> <span class='ocrx_word' id='word_1_715' title='bbox 912 2862 973 2890; x_wconf 85' lang='lat' dir='ltr'><strong>Vid.</strong></span> <span class='ocrx_word' id='word_1_716' title='bbox 993 2867 1082 2889; x_wconf 87' lang='lat' dir='ltr'><strong>autem</strong></span> <span class='ocrx_word' id='word_1_717' title='bbox 1105 2862 1184 2895; x_wconf 77' lang='lat' dir='ltr'><strong>intra,</strong></span> <span class='ocrx_word' id='word_1_718' title='bbox 1204 2861 1270 2890; x_wconf 85' lang='lat' dir='ltr'><strong>diss.</strong></span> <span class='ocrx_word' id='word_1_719' title='bbox 1287 2862 1314 2894; x_wconf 83' lang='lat'><strong>5,</strong></span> <span class='ocrx_word' id='word_1_720' title='bbox 1327 2861 1455 2897; x_wconf 80' lang='lat' dir='ltr'><strong>episl.t9,</strong></span> <span class='ocrx_word' id='word_1_721' title='bbox 1467 2861 1512 2895; x_wconf 71' lang='grc' dir='ltr'><strong>ΞΟ,</strong></span> <span class='ocrx_word' id='word_1_722' title='bbox 1523 2861 1615 2890; x_wconf 68' lang='grc'><strong>21-26.</strong></span> <span class='ocrx_word' id='word_1_723' title='bbox 1629 2859 1669 2889; x_wconf 86' lang='lat' dir='ltr'><strong>Ad</strong></span> <span class='ocrx_word' id='word_1_724' title='bbox 1680 2860 1766 2888; x_wconf 71' lang='lat' dir='ltr'><strong>linem</strong></span> 
     </span>
    </p>
   </div>
   <div class='ocr_carea' id='block_1_114' title="bbox 138 2898 641 2935">
    <p class='ocr_par' dir='ltr' id='par_1_114' title="bbox 138 2898 641 2935">
     <span class='ocr_line' id='line_1_114' title="bbox 138 2898 641 2935; baseline -0.004 -8"><span class='ocrx_word' id='word_1_725' title='bbox 138 2898 338 2935; x_wconf 28' lang='lat' dir='ltr'><strong>cpistolm‘ltifi,</strong></span> <span class='ocrx_word' id='word_1_726' title='bbox 358 2899 413 2927; x_wconf 85' lang='lat' dir='ltr'><strong>vid.</strong></span> <span class='ocrx_word' id='word_1_727' title='bbox 430 2906 522 2935; x_wconf 85' lang='lat' dir='ltr'><strong>supra,</strong></span> <span class='ocrx_word' id='word_1_728' title='bbox 540 2907 565 2933; x_wconf 89' lang='lat' dir='ltr'><strong>p.</strong></span> <span class='ocrx_word' id='word_1_729' title='bbox 583 2898 641 2926; x_wconf 79' lang='grc'><strong>161,</strong></span> 
     </span>
    </p>
   </div>
  </div>
