1967 3047
146 149 199 184 319

713 153 902 184 GARNERII
923 152 1171 183 DISSERTATIO
1190 153 1231 182 II.

1731 149 1783 181 320

147 211 246 239 maluit
263 211 391 240 inutilem
409 212 513 245 dicere,
525 211 558 240 ad
578 211 616 245 id,
633 216 746 247 propter
762 212 836 247 quod
850 210 940 246 profc-
954 213 977 241 Λ
992 210 1089 242 verim,
1103 209 1247 238 manifeste
1263 213 1397 238 memorat
1412 209 1487 238 velut
1503 217 1580 237 suam
1595 208 1681 244 :quin
1692 214 1784 237 tamen

149 258 275 291 rebatur,
292 257 477 290 eﬁiciendum,
495 258 528 286 ad
546 258 753 286 Theodoretum
772 259 876 286 scilicet
892 259 940 286 ad-

149 305 280 334 haesionis
290 305 324 332 ad
336 312 445 333 errores
457 305 576 333 Nestorii
589 305 819 334 convincendum.
829 305 942 334 Fatetur

149 354 242 378 tamen
261 351 288 378 in
308 359 341 378 ea
363 351 443 386 prodi
471 351 617 386 insigniter
641 351 712 378 duos
736 351 858 378 auctoris
875 351 942 378 afe-

150 400 228 429 ctus;
247 397 364 424 alterum
379 397 482 425 amoris
492 405 556 434 erga
571 398 738 429 Nestorium,
753 398 871 425 alterum
885 397 941 425 odii

149 451 214 478 erga
227 443 314 470 sancti
336 443 431 479 Cyrilli
444 445 574 479 capitula,
587 452 648 479 qua:
666 444 794 471 hzeretica
809 444 888 472 dicit.
903 444 942 472 Ita

151 487 208 516 ille.
221 488 324 516 Verum
344 489 465 522 nemini,
486 490 598 524 opinor,
625 490 752 525 theologo
776 489 941 517 sententiam

150 542 228 562 suam
248 537 418 569 persuaserit
433 545 439 562 :
456 536 595 570 quomodo
610 536 683 563 enim
699 536 741 563 vir
752 544 806 563 non
820 535 943 563 tardissi-

151 587 223 611 mus,
237 581 390 616 cujusmodi
415 586 491 608 certe
510 589 565 608 non
588 586 648 609 erat
667 582 867 613 Theodoretus,
881 586 943 617 post

150 626 275 661 exposita
294 627 406 654 tertium
422 635 436 654 a
450 626 553 663 Cyrillo
572 627 702 662 capitula,
722 628 944 656 animadvertere

151 681 207 700 non
222 673 323 708 potuit,
339 673 502 701 catholicam
522 674 602 701 fidem
617 674 650 702 iis
668 675 814 708 contineri,
829 675 850 702 si
862 676 944 703 modo

153 717 234 744 lidem
257 718 330 745 illam
344 717 432 745 sensit
448 726 507 746 esse
526 719 700 751 catholicam,
725 727 786 754 quae
812 720 943 748 unionem

152 764 294 799 physicam
306 768 335 791 et
348 764 408 790 καθ’
429 764 578 791 ὑπόστασιν
598 765 721 792 fatetur?
735 765 814 798 Quod
832 766 855 793 si
876 774 944 794 vero

152 809 316 836 catholicam
331 817 386 836 non
400 810 486 837 sensit
502 809 582 837 fidem
601 810 686 843 illam,
700 811 838 846 quomodo
848 811 944 840 Nesto-

154 854 224 881 riani
240 855 343 883 erroris
358 863 414 883 non
432 861 472 883 est
490 856 574 883 reus?

191 900 258 927 Vlll.
279 899 498 934 Observandum,
524 910 540 929 a
565 901 741 930 Theodoreto
757 903 816 930 haec
833 903 861 931 in
882 904 942 939 epi-

154 946 224 973 stola
246 952 340 982 aperte
364 947 454 982 prodi,
478 947 617 982 quomodo
643 953 717 976 esset
739 949 855 976 affectus
880 958 944 985 erga

155 990 251 1018 Patres
272 991 436 1026 Ephesinos,
463 993 566 1027 quippe
592 1001 661 1028 quos
686 994 785 1029 impios
800 999 890 1027 vocat,
918 1000 946 1023 et

155 1035 218 1064 fidei
232 1038 452 1071 adulteratores;
466 1039 604 1073 quomodo
619 1040 684 1067 item
698 1047 763 1075 erga
774 1040 944 1075 Nestorium,

154 1091 237 1117 quem
254 1083 373 1111 amicum
396 1088 424 1111 et
445 1089 552 1119 patrem
569 1085 704 1118 nominat,
722 1087 860 1121 quomodo
882 1095 945 1123 erga

155 1137 264 1156 sacrum
281 1129 359 1164 371
377 1131 620 1164 consistorium,ct
634 1132 703 1159 aula:
719 1132 867 1168 principes,
877 1141 947 1168 quos

155 1183 223 1202 auro
238 1181 384 1211 corruptos
401 1177 510 1210 scribit;
531 1178 670 1212 quomodo
691 1178 800 1205 tandem
814 1186 878 1213 erga
894 1179 946 1205 im-

155 1225 322 1256 peratorem,
345 1230 407 1250 cum
429 1231 484 1258 quo
507 1223 700 1251 immodestum
721 1224 841 1260 jurgium
855 1229 948 1252 osten-

156 1270 205 1293 tat.

191 1312 236 1339 IX.
262 1313 471 1341 Observandum
496 1314 607 1349 pariter,
638 1314 711 1350 quod
734 1319 850 1342 narrat:
871 1315 898 1342 ί⁰
913 1315 948 1342 de

157 1359 249 1386 favore
265 1363 294 1386 et
309 1360 485 1387 multitudine
509 1361 614 1395 populi,
646 1361 679 1388 ad
706 1369 770 1389 suas
801 1363 948 1390 conciones

157 1405 303 1432 confertim
320 1414 368 1440 per
386 1413 461 1434 mare
478 1406 668 1440 afﬂuentisﬁ"
683 1407 716 1434 de
732 1407 802 1440 loco,
818 1408 864 1435 ubi
884 1416 949 1436 con-

156 1451 264 1478 cionem
278 1451 413 1485 habebat;
428 1451 455 1478 3°
466 1452 500 1479 de
512 1460 626 1479 suorum
636 1453 785 1484 nonnullis,
801 1453 848 1488 qui
861 1453 894 1481 ad
907 1461 950 1482 sa-

158 1497 265 1524 niorem
279 1503 400 1525 mentem
418 1498 522 1525 reversi
541 1498 576 1525 ad
593 1498 752 1526 Catholicos
764 1499 948 1533 recedebant;

994 257 1080 292 ipsius
1093 257 1137 290 sit,
1150 257 1243 284 nullus
1253 257 1361 284 dubito.
1377 257 1444 284 Nam
1457 256 1557 291 primo,
1570 263 1671 284 nomen
1694 256 1785 284 Theo-

993 303 1082 330 doreti
1104 311 1166 331 curn
1193 303 1256 330 aliis
1280 303 1433 338 legatorum
1459 302 1618 330 nominibus
1639 302 1784 339 inscriptio

993 348 1113 383 prtcfert.
1143 348 1177 375 Et
1202 347 1393 375 Theodoretus
1415 347 1598 376 Orientalium
1618 348 1680 380 fuit,
1700 352 1729 375 et
1756 348 1784 376 in

993 397 1107 432 synodo,
1121 401 1150 424 et
1165 397 1193 424 in
1209 397 1356 433 legatione,
1373 405 1428 424 non
1447 405 1478 424 os
1497 401 1615 429 tantum,
1629 404 1693 424 cum
1707 396 1783 430 loqui

993 443 1118 478 oportuit
1130 452 1136 470 :
1152 443 1200 471 sed
1211 443 1295 470 etiam
1309 451 1418 475 manus,
1434 451 1496 470 cum
1509 443 1661 470 scribenda:
1674 442 1783 470 litterae.

993 489 1098 517 Deinde
1125 489 1212 525 stylus
1240 489 1446 516 Thcodoretum
1479 489 1572 516 statim
1598 489 1694 515 lectori
1729 496 1785 515 non

993 535 1182 571 peregrinanti
1200 535 1226 562 in
1248 535 1370 563 auctoris
1389 535 1506 570 hujusce
1521 535 1665 570 operibus,
1681 534 1783 570 prodit.

993 582 1071 610 Adde
1083 582 1156 617 quod
1172 582 1341 610 locutionum
1356 589 1543 616 sensuumque
1555 581 1687 616 ταυτότης
1705 581 1732 608 id
1748 581 1785 608 ita

994 629 1125 661 ostendit,
1144 633 1174 656 ut
1190 628 1247 655 fere
1267 635 1356 656 caecus
1377 629 1422 660 sit,
1444 628 1490 663 qui
1508 627 1711 655 Theodoretum
1734 634 1784 654 no-

995 673 1079 706 mine,
1091 674 1194 706 verbis,
1206 673 1286 709 stylo,
1297 673 1434 706 sensibus,
1444 673 1528 700 animi
1537 673 1637 700 affectu
1650 676 1678 700 et
1693 679 1784 699 rerum

995 726 1106 747 suarum
1128 719 1298 750 narratione,
1324 719 1429 746 clarere
1451 718 1588 745 volentem
1603 725 1658 745 non
1683 710 1784 744 videat.

1029 765 1062 793 ΙΙ.
1076 765 1155 798 Quod
1172 764 1268 800 objicit
1281 764 1416 791 Batonius
1427 763 1450 796 ³,
1471 763 1581 790 Martini
1599 763 1786 790 Mediolanen-

995 811 1066 839 sium
1087 811 1208 846 episcopi
1235 809 1403 837 mentionem
1430 808 1501 841 fieri,
1530 816 1594 835 cum
1617 808 1710 836 nullus
1735 808 1788 836 hoc

995 857 1108 884 nomine
1120 856 1350 884 Mediolanensem
1363 855 1515 882 Ecclesiam
1527 859 1593 881 tunc
1605 855 1719 886 rexerit,
1731 862 1788 882 non

997 902 1089 938 magni
1113 902 1246 929 momenti
1272 906 1325 929 est.
1350 899 1579 935 Quandoquidem
1600 899 1691 935 potuit
1708 899 1788 927 facile

997 953 1045 975 aut
1069 948 1127 982 ipse
1149 947 1353 979 Theodoretus,
1372 947 1455 974 homo
1472 946 1551 982 longe
1563 945 1679 981 positus,
1695 946 1790 974 Marti-

996 1001 1063 1020 num
1077 993 1181 1025 dicere,
1197 993 1244 1028 qui
1265 1000 1329 1020 vere
1340 992 1523 1020 Martinianus
1540 995 1618 1024 erat;
1637 996 1686 1018 aut
1701 992 1788 1018 libra-

997 1039 1065 1072 rius,
1077 1039 1235 1067 Martiniani
1251 1038 1362 1066 nomine
1380 1038 1521 1071 breviato,
1545 1037 1695 1065 Martinam
1719 1038 1789 1066 scri-

997 1085 1074 1113 bere.

1029 1131 1110 1166 372
1125 1131 1169 1158 lli.
1184 1131 1224 1158 Eo
1242 1136 1364 1166 tempore
1375 1131 1437 1158 data
1451 1135 1504 1163 est,
1520 1138 1576 1166 quo
1590 1131 1673 1167 legati
1688 1131 1789 1159 Orien-

998 1177 1067 1204 tales
1082 1176 1285 1204 Chalcedonem
1299 1177 1424 1212 appulsi,
1442 1177 1545 1204 ibidem
1558 1177 1789 1213 consisterejussi

998 1227 1073 1254 sunt,
1090 1223 1145 1249 imo
1158 1227 1220 1258 post
1233 1223 1361 1258 quintum
1375 1223 1550 1257 imperatoris
1570 1223 1599 1250 in
1611 1223 1788 1251 Rufinianum

998 1268 1114 1303 profecti
1141 1269 1277 1296 allatum:
1299 1269 1376 1304 prius
1398 1273 1488 1297 tamen
1511 1276 1593 1305 quam
1607 1270 1677 1305 jussi
1697 1274 1790 1298 essent

999 1322 1063 1342 suas
1081 1315 1108 1341 in
1130 1315 1262 1342 ecclesias
1276 1315 1389 1342 reverti.

1033 1360 1077 1387 1V.
1091 1360 1154 1388 Fuit
1171 1368 1237 1388 vero
1251 1361 1392 1389 scribendi
1410 1361 1567 1395 consilium,
1583 1366 1613 1389 ut
1624 1370 1727 1397 magna
1742 1369 1791 1389 cu~

997 1407 1105 1442 jusdam
1137 1407 1286 1442 provinciae
1307 1407 1422 1435 antistes
1445 1407 1472 1434 in
1497 1411 1589 1442 partes
1607 1406 1791 1435 Orientalium

1001 1453 1169 1486 traheretur,
1194 1461 1246 1481 nec
1265 1453 1404 1481 sineretur
1424 1453 1556 1481 Flaviano
1573 1453 1791 1488 Philippensium

1001 1499 1150 1534 episcopo,
1180 1499 1225 1526 cui
1248 1499 1323 1527 vices
1353 1506 1417 1526 suas
1443 1499 1637 1531 commiserat,
1660 1498 1792 1526 referenti

157 1542 187 1570 4ο
201 1543 234 1570 de
249 1544 381 1572 Ecclesiis
399 1545 517 1572 occlusis
537 1553 553 1572 a
572 1544 788 1573 Chalcedonensi
809 1545 948 1581 episcopo,
964 1555 986 1585 ε
1002 1549 1103 1571 sancta:
1114 1544 1210 1579 synodi
1224 1552 1275 1579 pro
1291 1544 1393 1580 Cyrillo
1402 1545 1550 1580 judicium,
1566 1544 1646 1572 fidem
1660 1544 1763 1571 habere
1783 1552 1791 1571 :

159 1597 194 1616 ne
208 1593 335 1624 paterent
352 1590 535 1618 schismaticis
547 1599 555 1624 ;
569 1590 596 1618 5"
608 1590 727 1625 denique
741 1591 775 1618 de
790 1591 850 1619 zelo
870 1591 951 1619 cleri-

159 1641 256 1662 corum
276 1639 304 1662 et
326 1636 523 1663 monachorum
550 1635 628 1663 urbis
665 1637 755 1671 regiae.
781 1636 951 1664 Clericorum

160 1680 216 1708 dux
231 1674 291 1708 erat
305 1681 449 1717 Philippus
463 1682 621 1718 presbyter,
631 1682 830 1710 monachorum
842 1687 953 1711 sanctus

161 1726 323 1755 Dalmatius.

200 1772 233 1800 X.
255 1773 463 1802 Observandum
481 1775 576 1808 etiam,
602 1777 809 1804 consonantiam
839 1777 953 1812 hujusce

162 1819 288 1854 epistola:
311 1825 339 1847 et
363 1820 505 1848 concionis
520 1821 695 1849 Chalcedone
717 1822 827 1854 habitae,
852 1825 955 1849 tantam

162 1873 234 1896 esse.
249 1870 278 1893 ut
291 1866 376 1893 altera
387 1867 464 1894 alteri
484 1867 565 1895 fidem
577 1868 722 1901 conciliet;
742 1872 858 1903 utraque
880 1873 955 1896 certe

164 1911 328 1938 seditionem
341 1912 438 1946 spirat,
456 1916 485 1940 et
505 1912 710 1941 Thcodoretum
727 1918 868 1941 auctorem
882 1913 956 1941 clare

165 1957 345 1985 demonstrat.

201 2003 246 2030 XI.
260 2003 468 2032 Observandum
480 2005 609 2040 denique,
619 2005 692 2041 quod
702 2005 740 2033 ait
755 2006 955 2040 Theodoretus,

166 2048 323 2078 Orientales
335 2056 515 2087 congregatos
535 2051 620 2079 fuisse
640 2051 752 2086 quidem
769 2052 956 2085 Chalcedone,

167 2095 216 2123 sed
229 2100 305 2122 extra
333 2096 478 2123 ecclesiam
498 2105 505 2123 :
525 2103 612 2131 eaque
632 2094 889 2133 incongregatione
916 2097 959 2124 fu-

167 2139 241 2168 disse
260 2149 366 2176 preces,
388 2149 443 2169 non
469 2145 560 2169 tamen
587 2142 725 2175 habuisse,
750 2148 799 2170 aut
817 2150 958 2170 sacrarum

169 2186 374 2222 Scripturarum
391 2187 547 2220 lectionem,
564 2192 610 2215 aut
624 2188 811 2221 oblationem;
830 2192 959 2223 propter-

1003 1593 1085 1624 atque
1103 1588 1162 1616 haec
1179 1597 1262 1618 causa
1277 1594 1330 1621 est,
1345 1597 1395 1617 cur
1414 1589 1508 1624 Cyrilli
1526 1589 1663 1616 sententia
1677 1588 1794 1616 menda.

1003 1635 1090 1667 citer;
1105 1634 1287 1662 Orientalium
1300 1642 1355 1666 res,
1369 1634 1536 1670 jactabunde
1549 1643 1557 1667 ;
1575 1638 1679 1662 sancta
1694 1634 1794 1670 synodi

1003 1685 1090 1714 gesta,
1105 1681 1241 1708 invidiose
1259 1685 1441 1715 exponantur.

1040 1726 1072 1753 V.
1090 1726 1129 1753 Ex
1144 1726 1196 1753 hac
1208 1725 1325 1760 epistola
1339 1725 1419 1753 nobis
1435 1730 1564 1760 quatuor,
1584 1725 1656 1754 unde
1664 1725 1795 1754 ecclesia-

1006 1772 1084 1800 sticas
1100 1771 1223 1799 historize
1239 1779 1295 1799 non
1309 1779 1393 1806 parva
1414 1771 1462 1798 lux
1474 1771 1601 1804 affertur,
1621 1777 1670 1799 aut
1687 1772 1797 1800 innote-

1006 1821 1087 1844 scunt
1098 1816 1229 1851 primum,
1246 1820 1293 1843 aut
1303 1819 1378 1843 certe
1394 1815 1604 1844 confirmantur.

1040 1863 1065 1890 l.
1082 1862 1123 1890 Fit
1137 1861 1243 1889 mentio
1260 1860 1361 1889 Juliani
1375 1861 1517 1896 cujusdam
1534 1862 1650 1890 Eridicat
1662 1862 1795 1898 episcopi,

1007 1913 1038 1936 ut
1051 1913 1093 1936 est
1110 1908 1138 1936 in
1153 1901 1236 1936 editis
1249 1907 1393 1935 codicibus
1403 1909 1424 1941 ',
1442 1909 1476 1936 ad
1488 1917 1569 1944 quem
1586 1909 1674 1937 Rufus
1689 1909 1724 1938 de
1742 1909 1796 1938 fide

1006 1954 1206 1987 Nicsena,velut
1216 1953 1369 1982 sufliciente
1381 1954 1415 1981 ad
1431 1955 1575 1982 veritatem
1586 1955 1795 1988 ostendendam,

1007 1999 1162 2031 retinenda,
1179 2003 1261 2034 atque
1275 1998 1303 2026 in
1318 1999 1424 2034 synodo
1444 1998 1619 2027 defendenda
1639 1998 1797 2034 scripserat.

1008 2044 1150 2072 Gerardus
1164 2043 1279 2072 Vossius
1292 2044 1313 2060 ’θ
1326 2043 1456 2078 opinatus
1471 2048 1525 2076 est,
1548 2044 1623 2071 hunc
1636 2051 1698 2072 esse
1713 2044 1800 2072 Julia-

1008 2098 1076 2117 num
1091 2089 1263 2122 haereticum,
1277 2089 1336 2124 qui,
1353 2097 1415 2117 cum
1432 2090 1537 2124 ejectus
1555 2097 1588 2117 ex
1610 2089 1688 2117 italia
1702 2090 1800 2117 confu-

1009 2137 1093 2172 gisset
1107 2136 1142 2163 ad
1153 2136 1299 2168 Asiaticos,
1318 2145 1327 2161 ί
1344 2135 1379 2163 ab
1394 2136 1438 2163 his
1452 2143 1500 2163 seu
1516 2143 1612 2163 verum
1624 2135 1800 2171 episcopatus

1011 2181 1180 2209 Eridicensis
1196 2181 1341 2214 honorem,
1366 2189 1414 2209 seu
1438 2181 1549 2208 titulum
1573 2181 1669 2208 saltem
1687 2181 1803 2209 honoris

168 2239 201 2260 ea
218 2232 290 2268 quod
304 2233 381 2260 nefas
395 2237 457 2269 erat
475 2241 508 2260 ea
533 2237 695 2268 tempestate
716 2237 862 2268 utramque
889 2241 954 2268 per-
973 2233 995 2261 D
1011 2235 1078 2263 ergo
1093 2231 1260 2255 consecutus
1272 2227 1320 2254 sit.
1339 2237 1348 2252 ι
1364 2225 1509 2262 Opinionis
1523 2225 1669 2254 falsitatem
1677 2226 1801 2255 ostendit

169 2285 261 2313 agere,
279 2279 332 2306 nisi
355 2279 383 2305 in
408 2279 534 2306 ecclesia.
561 2278 639 2306 Unde
658 2279 801 2306 Nestorius
829 2279 956 2314 Philippo

169 2324 331 2359 presbytero
342 2332 441 2359 magno
457 2324 565 2352 crimini
579 2324 661 2351 vertit
677 2324 761 2359 quod,
776 2328 838 2359 post
851 2324 957 2352 disces-

170 2371 275 2398 sionem
296 2379 310 2397 a
321 2371 429 2398 clericis
442 2371 601 2406 episcopum
614 2379 694 2399 suum
709 2371 784 2398 velut
798 2371 957 2399 haereticum

170 2415 339 2452 fugientibus
353 2417 462 2450 factam,
471 2417 542 2451 apud
560 2424 589 2444 se
602 2417 737 2444 coitiones
750 2420 779 2444 et
788 2417 957 2445 oblationem

170 2463 330 2498 peregisset.
349 2463 426 2491 Unde
445 2464 528 2491 etiam
543 2463 735 2491 Theodoretus
757 2463 814 2497 ipse
827 2464 959 2498 singulari

171 2509 376 2544 dispensatione
402 2518 468 2537 usus
484 2513 536 2541 est,
557 2517 620 2536 cum
643 2509 670 2536 in
684 2508 767 2536 Maris
778 2509 900 2536 eremita:
914 2514 959 2536 tu-

172 2555 263 2590 gurio,
277 2563 326 2590 pro
347 2556 426 2583 altari
443 2563 509 2582 usus
531 2555 709 2582 diaconorum
732 2554 869 2588 manibus,
882 2562 961 2583 sacra

173 2602 303 2637 mysteria
315 2602 425 2637 peregit
436 2602 456 2628 '.

281 2657 403 2692 Epistola
421 2656 479 2687 I70,
494 2655 668 2684 Orientalium
690 2657 724 2683 ad
747 2655 853 2691 Rufum.

210 2702 230 2730 1.
245 2703 320 2730 lianc
338 2702 527 2729 Theodoretus
543 2702 680 2737 nuspiam,
696 2702 768 2737 quod
786 2701 896 2736 quidem
910 2709 961 2729 no-

1013 2272 1182 2305 Holstenius,
1194 2280 1257 2299 cum
1274 2279 1397 2299 errorem
1412 2271 1514 2307 vulgati
1533 2271 1637 2299 codicis
1661 2271 1800 2305 emendat,

1011 2323 1040 2346 et
1052 2319 1115 2346 loco
1128 2319 1177 2353 τῆς
1193 2318 1329 2354 Ἐριδικῆς
1350 2317 1590 2353 Ὲκκλησίαςιθείι
1603 2317 1652 2352 τῆς
1667 2317 1801 2353 Σαρδικῆς

1019 2364 1195 2400 Ἐκκλησίας.

1045 2421 1073 2448 2.
1088 2420 1197 2448 Dicitur
1217 2419 1338 2455 Cyrillus
1351 2419 1504 2454 depositus,
1523 2426 1581 2446 non
1601 2422 1632 2446 ut
1656 2418 1804 2446 haereticus

1014 2471 1131 2500 tantum,
1157 2466 1203 2494 cui
1217 2466 1330 2501 patebat
1352 2465 1459 2493 reditus
1470 2473 1521 2500 per
1532 2465 1740 2500 penitentiam;
1753 2465 1804 2492 sed

1014 2518 1143 2548 tanquam
1157 2512 1343 2541 haeresiarcha
1366 2511 1425 2539 sine
1446 2511 1501 2538 ulla
1522 2517 1570 2545 spe
1592 2509 1800 2538 restitutionis:

1013 2559 1087 2594 quod
1102 2559 1243 2586 sanciebat
1259 2562 1338 2586 vetus
1353 2557 1484 2585 Ecclesiae
1495 2556 1649 2591 disciplina.

1046 2607 1072 2634 5.
1086 2606 1249 2642 Suspicione
1269 2613 1325 2632 non
1347 2609 1433 2637 caret,
1448 2604 1522 2639 quod
1541 2603 1641 2631 dicitur
1652 2603 1803 2638 imperator

1015 2653 1161 2682 mandasse
1176 2651 1334 2684 Catholicis,
1350 2655 1382 2679 ut
1401 2650 1444 2678 vel
1459 2649 1547 2685 capita
1566 2649 1659 2686 Cyrilli
1673 2654 1802 2683 tanquam

1015 2700 1079 2728 fidei
1088 2699 1204 2727 adversa
1227 2697 1362 2734 rejiciant,
1378 2697 1421 2725 vel
1432 2700 1506 2724 certe
1520 2699 1649 2731 suscepto
1662 2703 1690 2723 ιιι
1705 2699 1802 2723 eorum

843 2776 1001 2806 SCHULZII
1026 2775 1140 2804 ΝΟΤᾸΕ.

211 2853 222 2867 "
235 2851 293 2878 Vid.
303 2852 386 2879 etiam
400 2858 492 2885 supra,
510 2858 535 2885 p.
552 2849 612 2877 mo.
628 2884 635 2885 ί
653 2850 665 2865 ⁸
680 2849 776 2876 Annal.
796 2854 863 2876 tom.
881 2849 913 2883 ν,
931 2857 948 2884 p

1006 2849 1037 2874 '7.
1077 2847 1087 2864 ⁸
1106 2845 1336 2874 llr—codicibus.
1367 2844 1405 2872 Ita
1438 2851 1548 2880 quoque
1569 2843 1688 2872 habebat
1717 2841 1804 2871 editio

177 2886 327 2916 Sirmondi.
365 2887 384 2903 '°
400 2884 460 2913 Lib.
475 2894 481 2914 ι
496 2885 531 2913 De
541 2887 604 2913 hrrr.
622 2884 725 2920 Pclng.,
741 2893 799 2920 cap.
817 2885 842 2911 6.
