1967 3047
162 133 213 167 321

747 136 795 167 DE
814 136 942 167 LIBRIS
959 136 1214 168 THEODORETI.

1740 136 1793 169 322

165 190 354 220 defensionem
385 191 547 225 certamine,
575 197 733 220 sanctorum
758 193 870 220 Patrum
892 200 957 220 con-
971 196 992 223 Α
1007 197 1035 220 et
1057 193 1116 228 ipsa
1140 192 1279 228 synodalis
1293 197 1345 225 est,
1359 196 1390 220 ut
1409 201 1459 221 suo
1473 194 1534 221 loco
1548 193 1792 229 demoustrabitur,

164 238 277 266 fessioni
295 242 481 266 consentanea
493 247 553 266 esse
565 239 654 274 palam
667 239 824 267 ostendant.
842 239 869 267 Si
889 240 954 275 quid

165 283 304 320 ejusmodi
327 284 485 311 mandasset
506 285 679 313 Theodosius
706 285 870 318 Catholicis,
900 294 954 313 non

165 331 243 365 prius
258 331 285 358 in
301 331 399 358 urbem
415 331 518 366 regiam
531 332 564 358 ad
587 331 777 359 sufﬁciendum
794 331 914 359 Nestorii
928 333 955 358 in

166 376 260 403 sedem
275 376 436 411 episcopum
452 377 614 411 excepisset,
639 385 721 412 quam
744 376 837 411 Cyriiii
865 376 955 411 capita

167 421 355 453 damnassent,
381 430 442 456 quae
463 427 538 449 certe
558 430 613 449 non
640 423 815 449 damnarunt.
838 422 906 449 Nam
932 422 955 449 si

165 467 354 499 damnassent,
381 474 432 494 cur
455 466 483 493 in
503 467 710 494 conditionibus
734 467 810 502 pacis
828 467 904 493 nulla
925 465 955 494 tit

167 513 353 540 damnationis
367 512 492 540 mentio?
504 511 559 540 Cur
574 513 660 548 petita
681 517 723 540 est
743 516 799 540 tam
820 513 956 539 instanter

165 557 199 583 ab
209 556 477 584 0rientatibus?Cur
493 561 546 584 tam
557 561 749 585 asseveranter
755 557 873 593 Cyrillus
886 557 955 584 nihil

166 611 181 630 a
193 611 223 631 se
238 604 373 638 scriptum
390 603 542 636 contendit,
560 603 634 638 quod
657 603 798 631 obliterari
816 603 956 631 deberet?

164 649 221 677 Cur
244 650 448 682 Tlteodoretus,
467 657 531 677 cum
558 650 625 677 alias
649 650 831 685 capitulorum
860 649 955 685 Cyrilli

165 695 292 727 meminit
303 695 440 729 (meminit
453 703 530 727 vero,
540 695 648 730 quoties
664 696 771 722 occasio
784 703 813 722 se
828 694 954 730 prabet),

166 739 237 767 hanc
262 740 521 767 condemnationem
542 748 598 767 non
623 740 745 775 objecit?
770 740 824 767 Cur
839 740 956 775 Cyrillus

166 786 267 812 Acacio
282 785 421 818 Meliteno,
439 786 486 820 qui
501 785 555 813 fuit
576 793 649 813 unus
665 785 699 813 de
716 785 811 821 legatis
833 785 954 813 Catholi-

166 840 273 865 corum,
290 833 417 867 querenti
433 833 507 867 quod
518 833 595 860 visus
605 837 679 860 esset
688 832 830 868 pristinam
846 836 956 860 senten-

167 878 233 906 tiam
249 883 425 911 retractasse,
439 887 502 907 cum
520 879 701 906 Orientalium
720 878 801 905 iidem
819 878 954 913 probavit,

168 931 223 951 non
238 924 380 959 respondit
393 925 471 959 pejus
485 924 615 960 quiddam
637 924 672 951 ab
688 923 748 959 ipso
763 923 876 956 factum,
893 931 955 950 cum

166 970 286 1005 capitula
300 978 392 997 coram
405 971 763 1005 imperatore,testibusque
774 969 956 997 Orientalium

164 1015 262 1049 legatis
275 1015 466 1049 reprobasset‘.7
481 1015 536 1043 Hac
553 1015 636 1042 etiam
659 1015 766 1042 ratione
784 1022 840 1042 non
857 1015 956 1042 imme-

167 1060 220 1087 rito
237 1064 382 1088 revocatur
396 1061 423 1087 in
436 1060 516 1096 373
526 1061 653 1093 dubium,
673 1068 735 1096 qua:
748 1068 837 1095 nuper
853 1060 956 1095 prodiit

167 1106 193 1133 in
211 1107 300 1134 lucem
317 1105 400 1133 Sacra
422 1107 580 1139 Theodosii,
599 1107 743 1142 episcopos
767 1107 867 1142 Ephesi
889 1114 956 1134 con-

166 1157 291 1188 gregatos
306 1152 471 1180 dimittentis
492 1153 525 1180 ad
539 1160 602 1180 suas
614 1153 752 1180 Ecclesias
767 1162 775 1179 :
797 1153 869 1180 idem
883 1153 957 1180 enim

166 1199 340 1226 mendacium
363 1200 495 1226 continet.
519 1199 620 1232 Quare,
650 1199 672 1226 si
700 1199 762 1234 quis
787 1199 957 1233 suppositam

165 1250 243 1281 putet
262 1253 277 1272 a
298 1245 474 1273 Theodoreto
494 1246 525 1278 “,
544 1250 591 1273 aut
611 1253 626 1273 a
653 1245 819 1272 Theodoreti
834 1245 957 1272 studioso

166 1288 278 1318 Sacram
288 1312 295 1324 ,
317 1299 371 1319 non
389 1292 530 1319 videbitur
543 1291 615 1319 forte
627 1299 642 1318 a
658 1299 725 1318 vero
740 1291 836 1326 procul
850 1291 956 1318 abesse.

200 1337 227 1364 1.
247 1337 355 1370 Mirum,
374 1338 448 1372 quod
470 1337 594 1365 Euchitze
611 1342 638 1365 et
657 1337 841 1364 Enthusiastte
856 1337 957 1364 dicun-

167 1388 212 1410 tur
223 1383 320 1410 eadem
334 1392 442 1418 sapere,
462 1392 523 1419 qua:
536 1384 684 1411 Caelestius
700 1389 728 1410 et
743 1383 881 1418 Pelagius,
895 1390 958 1410 cum

166 1429 309 1465 Pelagiani
318 1430 443 1457 eamdem
459 1430 609 1458 Catholicis
626 1430 780 1465 objicerent
799 1429 959 1457 consensio-

165 1483 228 1503 nem
252 1483 314 1503 cum
344 1476 469 1503 Euchitis
493 1481 521 1504 et
540 1476 735 1503 Enthusiastis.
762 1475 959 1502 Admiratiunis

166 1528 277 1548 causam
300 1520 491 1548 Theodoretus
518 1521 577 1555 ipse
594 1520 663 1547 alias
675 1519 756 1550 tollit,
773 1518 885 1554 quando
905 1518 960 1545 Eu-

166 1567 304 1594 chitarum
325 1567 441 1594 hmmsin
463 1570 556 1602 partes
573 1566 641 1593 duas
658 1565 788 1593 habuisse
800 1565 881 1592 docet
900 1564 960 1591 :al—

166 1617 263 1646 teram,
291 1621 345 1648 qua
368 1613 494 1641 dicerent
518 1613 669 1644 hominem,
699 1619 762 1639 cum
788 1614 957 1642 nasceretur,

165 1661 294 1696 potestati
316 1660 449 1687 dzemonis
467 1667 527 1687 esse
553 1658 721 1690 obnoxium;
749 1657 876 1688 alteram,
904 1663 959 1691 qua

166 1706 302 1741 baptisma
317 1706 386 1733 nihil
404 1705 620 1740 suscipientibus
642 1703 774 1739 prodesse
793 1705 959 1730 assererem.

165 1752 285 1780 Primam
301 1752 459 1780 leestiani
476 1749 803 1783 Catholicis;secundam
825 1747 959 1775 Catholici

166 1798 340 1826 Cwlestianis
355 1798 534 1834 objiciebant.
546 1797 708 1831 Quanquam
732 1793 904 1830 probabilius
919 1793 960 1820 vi-

167 1845 276 1878 deatur,
298 1853 352 1872 non
368 1848 422 1871 tam
435 1844 581 1879 dogmatis,
597 1849 680 1877 quam
694 1839 896 1869 communionis
916 1845 960 1866 so-

167 1892 294 1920 cietatem
308 1891 374 1917 hinc
392 1890 609 1924 inde.objectam
622 1895 692 1916 esse.

167 1969 289 2005 Epistula
310 1969 370 2001 171,
383 1976 464 2004 quam
481 1967 656 2005 Theodoretus
667 1965 773 2000 scripsit
788 1965 822 1991 ad
829 1964 961 1992 Joannem

469 2003 673 2030 Antiochenam.

203 2073 224 2101 Ι.
240 2072 270 2100 in
284 2072 361 2100 Actis
377 2080 393 2098 v
410 2071 516 2107 synodi,
527 2071 590 2098 coll.
608 2070 633 2102 5,
649 2069 750 2104 legitur
762 2068 844 2103 hujus
860 2067 962 2102 episto-

168 2116 200 2144 lae
222 2116 312 2144 media
339 2116 396 2143 fere
418 2123 490 2150 pars,
509 2115 557 2142 sed
576 2115 673 2141 Latine
690 2118 794 2141 tantum
808 2114 828 2128 "
847 2121 854 2139 :
874 2111 961 2147 proli-

170 2162 273 2188 xiorem
287 2161 374 2189 edidit
387 2160 481 2188 Graece
494 2164 522 2187 et
534 2159 629 2186 Latine
643 2166 715 2186 anno
732 2158 797 2185 1661
821 2157 876 2184 Leo
890 2156 962 2183 Alla-

1006 242 1034 265 et
1051 239 1086 265 ab
1102 239 1197 266 eadem
1213 239 1318 275 synodo
1327 239 1424 267 eodem
1442 243 1564 275 tempore
1577 241 1670 268 missa.

1042 284 1087 310 ill.
1105 284 1190 311 Docet
1204 285 1346 320 inscriptio
1360 285 1450 312 datam
1466 293 1526 312 esse
1540 286 1571 318 ³³,
1590 294 1652 314 cum
1668 286 1702 313 de
1719 287 1795 322 pacis

1008 329 1214 357 conditionibus
1228 337 1356 365 ageretur
1372 331 1394 346 ιδ
1408 331 1437 358 in
1460 332 1576 359 concilio
1603 332 1717 360 Joannis
1738 333 1796 360 An-

1007 373 1130 401 tiocheni
1154 375 1225 409 apud
1238 375 1368 403 Acacium
1392 376 1577 408 Bcroeensem,
1596 381 1739 412 postquam
1752 385 1796 405 ac-

1006 423 1085 453 cepta
1098 424 1141 447 est
1152 420 1187 447 ab
1198 420 1383 448 Orientalibus
1398 421 1484 448 forma
1497 422 1570 454 iidei,
1583 430 1664 457 quam
1677 423 1796 458 Cyrillus

1010 465 1211 497 transmiserat,
1225 470 1253 493 et
1271 466 1431 501 priusquam
1451 468 1642 496 absolveretur
1656 468 1731 503 pacis
1745 476 1795 496 ne-

1006 510 1110 545 gotium
1128 519 1134 537 :
1149 511 1305 538 absolutum
1328 519 1394 539 vero
1409 516 1455 539 est
1473 513 1552 540 initio
1562 513 1625 540 anni
1637 513 1699 546 155,
1712 514 1796 541 missa

1006 564 1073 584 vero
1087 556 1174 584 forma
1187 557 1250 584 tidei
1264 557 1376 585 circiter
1388 558 1575 593 Septembrem
1590 567 1712 586 mensem
1730 560 1796 587 anni

1006 602 1069 629 152.
1083 603 1201 630 Necesse
1217 607 1260 631 est
1273 603 1356 638 igitur
1378 605 1536 639 synodicam
1554 605 1626 632 banc
1650 606 1701 632 sub
1714 606 1796 633 tinem

1008 647 1179 684 Septembris
1199 654 1246 676 aut
1265 657 1358 678 mense
1380 650 1490 678 Octobri
1512 651 1640 686 scriptam
1655 659 1725 683 esse,
1741 659 1796 686 quo

1007 699 1129 730 tempore
1145 695 1266 730 synodus
1279 697 1446 724 autumnalis
1465 705 1497 724 ex
1514 698 1674 732 pmoripto
1691 697 1796 724 Nicaaui

1006 740 1120 767 canonis
1133 741 1166 768 ab
1174 741 1410 776 Euphratensibus
1421 742 1620 770 celebrabatur.

1041 787 1086 814 ιν.
1103 788 1335 822 Euphratensium
1346 796 1428 823 porro
1444 788 1543 815 animis
1556 788 1746 816 Theodoretus
1758 788 1796 816 ita

1008 833 1214 866 dominabatur,
1230 835 1313 870 374
1332 839 1363 861 ut
1380 842 1428 862 eos
1447 835 1474 862 in
1497 842 1561 862 suas
1582 839 1673 870 partes
1689 840 1796 869 pertra-

1007 879 1096 912 heret,
1109 888 1164 915 qua
1176 880 1269 911 vellet,
1280 881 1353 907 unde
1367 880 1493 908 Nestorio
1503 881 1602 908 favisse
1613 881 1681 908 nihil
1695 881 1797 908 mirum

1006 929 1049 952 est
1057 925 1190 953 Joannem
1204 926 1394 959 Germanicus,
1408 926 1545 953 Andream
1563 926 1796 959 Samosatensem,

1008 971 1193 1000 Alexandrum
1206 971 1453 1008 Hierapolitanum,
1469 972 1592 1007 aliosque
1610 972 1798 1007 Euphratesiaa

1010 1019 1144 1053 praesules
1159 1027 1165 1045 :
1181 1026 1271 1053 neque
1285 1018 1367 1046 etiam
1381 1019 1480 1045 mirqu
1492 1018 1526 1045 ab
1538 1018 1721 1053 Euphrateusi
1734 1026 1799 1053 pro-

1008 1063 1098 1090 vincia
1113 1063 1271 1098 synodicam
1296 1071 1351 1091 non
1376 1063 1460 1090 fuisse
1475 1063 1586 1090 missam
1604 1063 1687 1090 Leoni
1712 1063 1799 1098 impe-

1007 1109 1092 1136 ratori
1112 1113 1174 1143 post
1188 1109 1283 1144 viginti
1303 1109 1425 1143 quinque
1446 1108 1546 1135 abhinc
1567 1116 1663 1140 annos,
1681 1116 1743 1136 cum
1763 1109 1797 1137 de

1008 1155 1094 1182 rebus
1104 1155 1214 1182 concilii
1230 1154 1462 1182 Chalcedonensis
1478 1155 1640 1182 sententiam
1655 1155 1799 1190 episcopo-

1009 1208 1070 1228 rum
1087 1200 1276 1228 sciscitaretur
1295 1210 1301 1226 :
1319 1205 1383 1228 tunc
1398 1201 1471 1228 enim
1487 1200 1530 1227 vel
1552 1201 1684 1233 nondum,
1699 1201 1742 1228 vel
1755 1209 1799 1229 re-

1010 1254 1076 1274 cens
1092 1247 1283 1274 Theodoretus
1306 1247 1422 1280 obierat,
1441 1247 1554 1282 ejusque
1574 1247 1664 1274 adhuc
1686 1247 1799 1282 spiritus

1008 1291 1178 1327 provinciam
1193 1291 1313 1318 tenebat.

1045 1337 1078 1365 ν,
1098 1338 1155 1365 Hac
1168 1338 1283 1372 epistola
1303 1337 1380 1364 Nilus
1399 1337 1651 1365 Thessalonicensis
1674 1342 1703 1366 et
1723 1337 1800 1366 Iose—

1009 1383 1081 1418 phus
1112 1383 1260 1410 Brienuius
1284 1383 1363 1410 abusi
1386 1387 1459 1414 sunt,
1487 1390 1548 1410 cum
1569 1383 1602 1410 de
1625 1386 1799 1418 proccssioue

1011 1428 1131 1463 Spiritus
1147 1429 1234 1456 sancti
1246 1428 1433 1463 disputarent,
1447 1428 1655 1463 niterenturque
1675 1428 1798 1456 te'stimo—

1010 1475 1058 1502 nio
1069 1474 1235 1501 Theodoreti
1250 1474 1379 1509 probare,
1398 1481 1413 1500 a
1423 1473 1526 1509 Cyrillo
1540 1478 1725 1505 retractatam,
1736 1481 1799 1500 cum

973 1532 993 1560 ο
1012 1528 1064 1555 pax
1080 1520 1207 1551 iniretur,
1225 1526 1306 1554 quam
1331 1518 1481 1546 tradiderat
1502 1518 1530 1545 iu
1553 1518 1799 1551 anathematismis,

1011 1565 1164 1592 doctrinam
1188 1564 1221 1591 de
1239 1563 1343 1598 Spiritu
1370 1567 1466 1590 sancto
1487 1563 1654 1597 procedente
1677 1571 1692 1590 a
1720 1563 1799 1590 Patre

1009 1615 1038 1639 ct
1052 1611 1131 1638 Filio.
1147 1610 1202 1637 Leo
1215 1609 1331 1636 Allatius
1351 1609 1378 1635 in
1398 1608 1520 1635 Vindiciis
1536 1608 1629 1643 synodi
1649 1608 1799 1643 Ephesiae,

1009 1662 1041 1684 ut
1057 1657 1129 1684 hanc
1141 1656 1334 1691 probationem
1350 1655 1447 1687 diluat,
1460 1654 1562 1688 excipit
1575 1654 1649 1681 duo:
1669 1654 1800 1687 alterum,

1009 1702 1153 1738 epistolam
1170 1701 1259 1728 videri
1285 1701 1337 1728 sibi
1355 1699 1557 1735 supposititiam
1572 1708 1579 1733 ;
1604 1700 1720 1727 alterum
1734 1720 1741 1732 ,
1767 1699 1800 1727 de

1012 1748 1188 1777 Theodoreto
1202 1747 1334 1783 Cyrillum
1345 1747 1489 1774 occasione
1502 1746 1584 1782 hujus
1593 1746 1715 1781 epistolae
1729 1747 1801 1782 apud

1009 1795 1141 1823 Joannem
1157 1794 1360 1821 Antiochenum
1374 1797 1502 1828 questum
1517 1800 1588 1820 esse.

1047 1840 1089 1868 Vl.
1108 1840 1165 1867 Nec
1182 1839 1238 1871 hic.
1251 1846 1302 1866 nec
1320 1838 1358 1866 illi
1379 1838 1509 1865 audiendi
1525 1843 1598 1865 sunt.
1619 1837 1687 1865 Nam
1712 1838 1803 1873 primo

1011 1886 1214 1913 inconsiderate
1235 1884 1350 1913 aﬂ'ertur
1411 1884 1594 1912 schismaticis
1614 1884 1802 1911 testimonium

1011 1931 1133 1959 hominis
1159 1931 1292 1958 iracunde
1326 1929 1528 1957 calumniantis.
1543 1929 1647 1957 Deinde
1677 1929 1802 1961 Allatius,

1011 1986 1074 2006 cum
1088 1977 1282 2009 ait,occasione
1299 1977 1380 2011 hujus
1394 1976 1518 2011 epistolm
1529 1975 1660 2011 Cyrillum
1675 1979 1802 2009 questum

1011 2031 1072 2051 esse
1086 2023 1120 2050 de
1139 2022 1314 2050 Theodoreto
1333 2022 1404 2057 apud
1429 2021 1573 2054 Joannem,
1596 2024 1691 2055 peccat
1706 2024 1801 2047 contra

1012 2069 1148 2096 rationem
1174 2067 1323 2103 temporis;
1350 2067 1573 2102 quandoquidem
1605 2067 1663 2093 inec
1687 2065 1802 2100 cpistola

1012 2114 1074 2141 data
1097 2119 1139 2141 est
1163 2121 1235 2140 anno
1249 2114 1312 2146 452,
1339 2114 1390 2140 sub
1408 2113 1508 2144 linem;
1531 2112 1647 2147 epistola
1660 2119 1736 2141 vero,
1749 2118 1803 2145 qua

1012 2159 1131 2195 Cyrillus
1144 2160 1361 2194 queritur,auno
1385 2159 1447 2190 158,
1466 2166 1546 2193 quam
1561 2156 1703 2184 citissime.
1720 2155 1801 2182 Deni-

170 2208 224 2234 tius
241 2208 266 2234 in
293 2206 414 2233 Viudiciis
434 2205 527 2241 synodi
545 2205 685 2240 Ephesium
700 2212 709 2230 :
727 2202 814 2231 edidit
829 2207 856 2230 et
871 2209 961 2236 nuper
977 2208 999 2235 ο
1015 2212 1067 2240 que
1080 2204 1113 2232 de
1130 2203 1320 2239 suppositione
1338 2203 1474 2238 excipitur
1487 2203 1545 2230 sine
1566 2202 1663 2228 idonea
1685 2202 1738 2228 ulla
1758 2209 1802 2228 ra-

168 2253 322 2281 Cotelerius
351 2252 379 2278 in
411 2251 586 2278 Monumcntis
617 2249 741 2277 Ecclesiae
769 2249 882 2281 6mm;
911 2247 959 2274 sed

171 2305 286 2334 uterque
310 2299 401 2326 adhuc
422 2298 546 2324 mutilam
573 2301 712 2332 postrema
729 2299 816 2330 parte,
832 2295 855 2322 si
868 2293 960 2321 credi-

169 2353 231 2372 mus
248 2345 337 2372 codici
351 2344 482 2372 Vaticano
492 2364 498 2375 ,
519 2343 597 2378 cujus
611 2341 798 2377 apographum
815 2340 959 2371 habemus,

170 2399 326 2428 quanquam
342 2398 440 2418 vereor
455 2395 484 2417 ut
498 2389 578 2416 [idem
595 2389 681 2416 codex
692 2391 841 2414 mereatur.

203 2436 235 2464 li.
249 2436 308 2464 Non
319 2435 487 2463 Theodoreti
503 2435 589 2462 solius
598 2442 669 2466 esse,
679 2433 727 2461 sed
740 2433 825 2460 totius
834 2433 960 2468 Euphra-

170 2483 256 2511 tensis
272 2482 380 2518 synodi,
400 2483 484 2517 cujus,
499 2482 610 2509 nomine
629 2480 664 2508 ad
679 2481 812 2508 Joannem
832 2479 960 2506 Theodo-

171 2532 248 2556 retus
257 2528 378 2563 scripsit,
389 2528 489 2563 probat
501 2527 623 2562 primum
641 2526 699 2553 inec
712 2533 765 2553 vox
780 2527 809 2552 ὲν
824 2525 917 2559 κοινῷ,
933 2526 961 2551 in

171 2577 306 2600 conventu
320 2580 330 2600 :
342 2572 441 2600 deinde
459 2573 573 2609 pluralis
584 2579 718 2599 numerus
728 2571 831 2606 ubique
843 2570 961 2606 positus:

172 2619 292 2656 denique
305 2627 347 2653 ea,
358 2626 420 2655 quae
433 2624 498 2647 sunt
511 2619 539 2646 in
553 2618 668 2654 epistola
681 2618 716 2646 ad
727 2617 890 2650 Himerium,
903 2624 964 2651 quae

1013 2251 1086 2277 tione
1101 2259 1107 2276 :
1124 2249 1217 2277 futiles
1235 2249 1307 2276 enim
1321 2254 1395 2281 sunt,
1405 2257 1472 2283 quas
1495 2248 1611 2275 Allatius
1628 2246 1748 2274 adducit.

1043 2295 1100 2324 Vll.
1118 2295 1185 2322 Tres
1200 2295 1313 2322 omnino
1331 2295 1445 2329 profert.
1461 2294 1617 2328 LEpistola
1629 2294 1680 2320 ista
1695 2292 1805 2320 videtur

1013 2340 1161 2368 admodum
1176 2340 1274 2367 similis
1290 2340 1326 2373 ei,
1342 2347 1403 2374 qua“:
1421 2339 1447 2366 in
1467 2339 1542 2366 obitu
1561 2339 1655 2375 Cyrilli
1681 2338 1770 2365 fertur
1788 2346 1804 2364 a

1013 2386 1188 2414 Theodoreto
1204 2385 1351 2418 indecore,
1370 2393 1404 2412 ne
1423 2385 1512 2413 dicam
1532 2385 1672 2416 atrociter,
1690 2386 1802 2418 scripta.

1012 2432 1081 2461 Cum
1107 2439 1173 2467 ergo
1194 2431 1375 2466 posteriorem
1400 2431 1478 2458 multi
1505 2430 1672 2465 suppositam
1695 2433 1803 2464 putent,

1014 2479 1088 2506 idem
1102 2477 1246 2505 ferendum
1255 2477 1365 2504 videtur
1375 2477 1409 2504 de
1420 2477 1511 2511 priore
1523 2476 1669 2511 judicium.
1680 2475 1707 2501 2.
1717 2474 1805 2502 Leon-

1014 2524 1070 2551 tius
1090 2527 1185 2550 monet
1205 2522 1306 2550 multas
1327 2522 1361 2549 ab
1381 2522 1519 2549 haereticis
1541 2519 1803 2548 conﬁctas'Ncstorii

1014 2572 1043 2597 ‘et
1054 2567 1221 2596 Theodoreti
1237 2572 1349 2595 mutuas
1364 2567 1471 2595 litteras
1487 2576 1492 2594 :
1514 2566 1611 2602 quidni
1633 2567 1676 2594 hae
1695 2565 1804 2593 illarum

1017 2623 1079 2643 una:
1104 2615 1179 2643 sint?
1210 2615 1237 2642 5.
1266 2613 1452 2649 Conqueritur
1477 2612 1605 2649 Cyrillus,
1633 2610 1804 2641 circumferri

831 2695 989 2725 SCHULZII
1001 2694 1115 2724 ΝΟΤΛΕ.

209 2760 229 2775 ⁸⁸
243 2759 305 2786 Vid.
326 2767 420 2794 supra,
435 2766 463 2793 p.
481 2757 542 2794 i6l.

588 2757 609 2773 “
620 2756 681 2783 Lat.
698 2760 812 2783 tantum.
835 2755 875 2782 Ita
895 2761 1005 2790 quoque
1017 2753 1095 2790 apud
1110 2753 1258 2790 Barouium
1280 2753 1386 2790 agundi.
1415 2756 1440 2790 ιᾗ
1453 2753 1486 2786 ν.

1525 2773 1530 2778 .
1551 2751 1611 2778 711.
1665 2751 1687 2767 ¹¹
1704 2750 1735 2777 ln
1752 2757 1803 2776 ms.

172 2784 514 2830 αιιοάἐιίιῖγῖἶιὲὸῦοἶιὲηεί
531 2791 621 2830 (apud.
631 2791 760 2830 Lsmhec-
771 2791 810 2830 _!~.
823 2784 942 2830 “by-'1’»
960 2784 1000 2830 Β»
1017 2784 1074 2830 haec
1102 2791 1210 2830 eum!
1232 2788 1338 2830 ίπ-.θ¹¹θ
1368 2788 1441 2830 tim.“
1464 2784 1806 2830 εβίέίοὲκτέεὲγβάἓνΡ-,ξδ

196 2820 288 2856 ἐ-ιῖἇῖέδ
306 2820 539 2863 ἆςέὸλόγνήσασθαικ
551 2820 598 2853 ἑὸν
614 2828 642 2853 ὲν
659 2827 747 2863 ᾀγιοις
768 2820 906 2863 Κύριὶξλὶν
927 2820 998 2863 έτρδέ
1019 2824 1068 2855 τὰς
1083 2823 1154 2849 κατὰ
1175 2823 1230 2863 τῷν
1248 2823 1291 2849 ιδ’.
1305 2823 1466 2857 κεφαλαίων
1482 2820 1604 2858 μέμψεις
1619 2820 1655 2847 Θι

1711 2820 1804 2856 Pum-

211 2865 277 2892 Cum
288 2879 323 2884 —
335 2857 468 2900 agereiur.
484 2863 600 2891 Videtur
613 2857 705 2897 potius
721 2857 835 2896 scripta,
850 2867 912 2888 cum
925 2857 980 2895 jam
1001 2863 1091 2886 actum
1107 2863 1180 2886 esset
1194 2857 1227 2885 de
1250 2865 1329 2892 pace.
