1967 3047
178 133 230 168 323

740 132 929 163 GARNERII
949 131 1197 162 DISSERTATIO
1218 131 1257 160 II.

1756 126 1809 158 32‘

178 191 293 226 scripta,
309 188 412 225 quibus
428 189 470 217 vel
487 188 545 224 ipse
560 187 688 221 fateatur,
704 188 748 216 vel
768 188 802 216 ab
820 188 883 216 aliis
897 189 969 216 dica-

1028 188 1054 215 Ξῖ
1075 196 1116 219 τις
1127 187 1177 222 οὐχ
1190 186 1316 222 ὁμολογεῖ
1340 184 1421 221 σαρκὶ
1442 184 1508 212 καθ’
1527 184 1673 212 ὑπόστασιν
1688 183 1809 219 ἡνῶσθαι

179 242 236 269 tur,
252 242 371 263 mutasse
382 235 557 267 sententiam,
581 239 609 261 et
626 234 653 262 in
674 239 767 270 partes
786 234 968 263 Orientalium

180 282 336 312 transiisse;
351 280 377 307 id
389 280 449 307 istis
460 279 570 314 scriptis
581 280 750 307 continetur.

209 328 277 355 Vill.
294 327 383 354 Prima
403 325 474 353 ratio
490 330 596 353 tantum
613 326 691 353 abest
706 332 736 353 ut
751 325 968 361 suppositionem

181 372 334 405 conﬁrmet,
361 375 392 398 ut
415 375 520 400 evertat
545 370 647 406 potius.
675 371 744 398 Nam
761 371 898 405 posterior
923 361 968 398 iiia

179 419 294 453 epistola
315 418 428 446 omnino
445 418 565 454 genuina
589 422 642 450 est,
662 422 693 446 ut
706 425 756 445 suo
780 418 841 445 loco
854 417 970 452 apertis-

175 464 248 492 sime
258 464 504 492 demonstrabitur.
519 464 646 493 Secunda
661 471 715 492 non
731 463 881 496 concludit,
891 463 970 498 quod

177 513 306 544 oportet:
323 509 449 544 quamvis
461 509 536 536 enim
549 509 619 537 ﬁcta:
638 509 765 537 dicantur
784 514 886 537 mutuae
897 517 971 544 qua:-

179 554 241 582 dam
261 554 429 582 Theodoreti
449 559 477 582 et
500 555 620 582 Nestorii
642 555 751 588 litterm,
781 555 854 590 quod
877 558 970 582 tamen

179 604 282 627 temere
299 600 391 628 forsan
401 601 535 628 asseritur
552 609 568 628 a
583 601 711 633 Leontio,
734 609 787 628 nec
799 601 834 628 ad
850 608 971 636 prmsens

179 647 320 681 negotium
334 651 497 682 tempusque
510 647 641 682 pertinet,
653 655 709 674 non
720 651 772 680 est,
782 648 890 682 opinor.
902 655 970 675 con-

179 701 311 728 sequens,
338 698 368 721 ut
391 694 461 722 fictte
486 694 542 721 sint
570 694 664 727 etiam,
692 701 761 729 quas
780 694 971 721 Thcodoretus

180 739 292 765 nomine
313 739 412 774 synodi
439 739 648 774 Euphratensis,
673 747 729 767 non
746 739 780 766 ad
801 739 969 773 Nestorium,

181 783 229 811 sed
243 784 276 813 ad
293 784 424 811 Joannem
448 784 532 812 totius
552 784 672 812 Orientis
699 784 880 819 patriarcham
900 785 970 812 scri—

181 829 246 864 psit.
270 829 362 858 Tertia
385 830 505 865 denique
530 834 625 858 contra
651 831 781 859 Allatium
805 831 886 864 facit,
914 839 969 866 qua

182 879 260 910 parte
269 876 397 910 queritur
404 876 523 912 Cyrillus
530 877 702 909 circumferri
712 878 818 906 litteras
830 885 844 905 a
853 879 969 913 magnis,
987 866 1006 893 Β

181 921 211 950 id
229 925 281 953 est,
305 930 409 957 magna!
432 923 610 950 auctoritatis
623 923 692 950 viris
715 923 849 958 scriptas,
869 924 971 959 quibus

181 965 322 993 diceretur
338 967 505 1001 palinodiam
519 967 601 1002 375
617 973 742 996 cantasse
764 978 770 996 :
792 977 882 1004 neque
896 970 971 997 enim

181 1011 240 1044 bas,
269 1020 330 1046 qua:
355 1013 520 1040 Theodoreti
537 1021 636 1041 nomen
648 1014 807 1049 praeferunt,
832 1015 880 1042 sed
892 1016 970 1048 alias,

181 1066 242 1092 quae
259 1066 309 1086 suo
321 1058 433 1086 nomine
450 1059 683 1092 inscribebantur,
701 1060 778 1088 fictas
793 1061 901 1089 asserit.
918 1062 972 1089 Re-

181 1111 246 1131 vera
266 1103 404 1139 siquidem
421 1103 449 1131 id
482 1104 516 1132 de
541 1104 643 1140 Cyrillo
671 1106 732 1133 aliis
756 1106 846 1134 tribus
872 1107 971 1135 litteris

178 1151 300 1186 iactabat
318 1151 519 1183 Theodoretus,
542 1152 584 1179 vir
604 1151 689 1179 totius
707 1151 829 1180 Orientis
846 1153 972 1180 nomina-

181 1197 316 1229 tissimus,
343 1197 444 1232 primis
474 1197 509 1225 ad
531 1197 670 1225 Andream
693 1197 972 1232 Constantinopolita-

179 1250 246 1270 num
260 1243 443 1270 monachum:
462 1252 470 1268 ι
489 1243 560 1270 Ecce
576 1243 623 1278 qui
640 1243 791 1271 Salvatoris
803 1243 907 1271 Christi
921 1252 972 1272 na-

181 1293 257 1316 turas
276 1289 359 1322 impia
379 1288 587 1315 ratiocinatione
612 1289 811 1323 confuderant,
839 1293 868 1317 et
889 1298 971 1317 unam

180 1339 307 1361 naturam
323 1333 383 1361 ausi
406 1333 516 1361 fuerant
537 1333 700 1368 praedicare,
716 1344 725 1360 )
744 1338 772 1361 et
789 1339 898 1367 cetera,
911 1343 972 1370 quae

180 1379 279 1407 iisdem
299 1378 356 1406 fere
372 1379 465 1406 verbis
483 1383 566 1414 atque
578 1380 587 1389 '
602 1379 664 1412 ista,
685 1380 872 1407 continentur.
890 1381 973 1408 Juvat

181 1430 330 1459 utrumque
346 1425 479 1460 scriptum
497 1425 635 1458 conferre,
651 1430 679 1453 et
702 1426 783 1453 simul
802 1426 970 1460 meminisse,

180 1471 375 1500 auctoritatem
398 1472 467 1503 ﬁeri,
484 1472 570 1506 priori
589 1472 701 1507 quidem
714 1480 728 1499 a
743 1473 906 1507 posteriore,
924 1481 973 1508 po-

180 1518 291 1545 steriori
315 1526 380 1545 vero
403 1526 418 1545 a
438 1518 516 1545 Marii
551 1518 713 1546 Mercatoris
744 1518 912 1546 testimonio.
942 1519 971 1547 ld

181 1564 271 1598 ipsum
297 1563 414 1591 habetur
427 1563 454 1591 in
471 1563 602 1591 secundis
616 1564 651 1591 ad
668 1563 822 1591 Himerium
841 1564 971 1592 Nicome—

181 1609 314 1642 diensem,
346 1614 374 1637 et
398 1610 487 1637 tertiis
511 1609 546 1637 ad
571 1609 708 1637 Andream
738 1609 970 1638 Samosatensem.

180 1655 278 1683 Nullus
293 1663 377 1690 porro
391 1655 499 1687 dubito,
511 1656 578 1690 quin
589 1656 708 1691 Cyrillus
724 1655 757 1683 ad
773 1655 845 1683 hanc
855 1655 973 1691 synoda-

180 1701 234 1730 lem
256 1702 400 1736 epistolam
419 1701 581 1736 respexerit,
602 1709 657 1728 non
674 1701 742 1728 item
753 1700 787 1728 ad
800 1705 859 1728 tres
873 1700 973 1735 praedi-

181 1751 240 1775 etas
263 1756 270 1774 :
292 1748 394 1782 quippe
414 1754 476 1774 cum
503 1747 618 1781 privata:
644 1747 698 1774 illa:
724 1746 790 1779 sint,
808 1746 867 1774 haec
888 1753 971 1781 syno-

181 1793 254 1820 dica.

217 1848 250 1876 In
267 1853 394 1875 conventu
412 1849 491 1880 enim,
508 1852 561 1876 etc.
592 1848 620 1875 In
645 1847 750 1883 synodo
776 1847 861 1874 lectas
886 1847 972 1874 fuisse

181 1899 310 1929 acceptus
329 1902 362 1921 ex
380 1894 497 1930 Egypto
517 1894 636 1926 litteras,
649 1894 683 1921 de
698 1894 800 1929 quibus
815 1901 907 1921 sermo
918 1897 970 1925 est,

181 1944 290 1967 constat
313 1948 347 1968 ex
370 1940 458 1967 tribus
473 1940 535 1967 aliis
552 1940 688 1975 epistolis,
706 1947 776 1975 quas
787 1943 868 1967 antea
879 1939 973 1974 appel-

182 1985 307 2012 lavimus.

217 2041 353 2070 Consonas
370 2044 488 2070 omnium
510 2043 665 2075 sententias,
693 2046 747 2070 etc.
776 2042 880 2074 Graece,
906 2051 973 2078 συμ-

185 2088 289 2123 φώνους
305 2089 427 2124 ἀλλήλοις
439 2089 487 2120 τὰς
496 2089 604 2115 πάντων
617 2088 700 2121 ἔδειξε
710 2088 832 2123 γνώμας.
844 2088 971 2121 Allatius,

181 2139 355 2162 consonantes
377 2136 425 2161 sibi
440 2135 558 2162 omnium
572 2134 731 2161 voluntates.
750 2134 912 2167 Cotelerius,
928 2135 971 2162 in-

180 2182 262 2209 vicem
279 2182 469 2208 consentientes
489 2181 570 2216 eﬁ'ecit
579 2181 733 2208 sententias.
747 2180 850 2207 Neuter
864 2181 972 2208 videtur

182 2231 269 2254 totum
286 2234 397 2254 sensum
411 2226 579 2260 expressisse
593 2234 599 2252 :
612 2226 747 2261 significat
759 2226 832 2253 enim
846 2226 971 2253 Theodo-

182 2276 267 2304 rctns,
292 2273 386 2308 Cyrilli
410 2279 472 2300 cum
488 2271 685 2305 Orientalibus,
707 2272 887 2300 Orientalium
908 2281 970 2301 cum

180 2318 306 2351 Nestorio
327 2317 537 2345 consensionem
551 2318 619 2345 adeo
636 2318 799 2353 patefactam
813 2325 884 2350 esse,
897 2318 971 2353 quod

181 2363 303 2398 apertius
331 2363 416 2390 tradit
435 2363 469 2390 ad
492 2363 629 2391 Andream
647 2368 796 2399 utrumque
823 2365 970 2397 scribens;

183 2410 209 2436 id
234 2413 285 2441 est,
307 2410 340 2437 ad
357 2409 521 2437 monachum
538 2410 883 2445 Constantinopolitanum,
895 2415 923 2438 et
937 2410 972 2438 ad

181 2456 340 2491 episcopum
356 2456 584 2483 Samosatensem.

217 2512 368 2540 Carnah’tcr
383 2522 490 2541 carnem
502 2514 612 2549 factum,
629 2518 681 2542 etc.
699 2511 848 2550 Capituloi
863 2515 969 2549 εΓεγὲν-

182 2568 247 2594 νηκε
270 2559 324 2595 γὰρ
348 2560 486 2596 τιαρκικῶς
509 2561 598 2596 σάρκα
619 2561 748 2594 γεγονότα
771 2559 814 2587 τὸν
840 2560 872 2587 ὲκ
901 2560 968 2587 Θεοῦ

183 2604 290 2639 Harpe;
306 2604 400 2639 Λόγον,
413 2610 467 2634 etc.

216 2650 251 2677 Et
267 2651 390 2678 unionem
403 2651 545 2679 secundum
555 2650 717 2686 hypostasin,
729 2655 782 2678 etc.
796 2650 922 2685 Capituli)
935 2650 967 2676 2:

1020 233 1065 262 τὸν
1080 233 1187 261 ὲχΘεοὺ
1200 232 1307 267 Harpe;
1316 231 1413 265 Λόγον,
1426 235 1478 258 etc.

1057 279 1185 308 Unionem
1208 277 1369 309 naturalem,
1386 282 1439 304 etc.
1456 276 1582 311 Capitulo
1599 275 1635 303 5:
1658 276 1742 308 Εττις
1756 276 1810 303 ἀπὸ

1019 325 1067 353 τοῦ
1093 325 1152 357 ὲνδς
1173 323 1292 360 Χριστοῦ
1317 323 1417 359 διαιρεῖ
1437 323 1486 354 τὰς
1502 322 1665 354 ὑποστάσεις
1681 323 1750 358 μετὰ
1760 323 1809 360 τὴν

1019 371 1116 397 ἕνωσιν
1129 371 1197 406 μόνῃ
1208 369 1352 397 συνάπτων
1368 369 1453 400 αὑτὰς
1469 368 1611 404 συναφειᾳ,
1629 370 1660 403 τῇ
1677 368 1747 397 κατὰ
1761 368 1810 404 τὴν

1020 417 1110 449 ἀξίαν,
1132 417 1216 452 ἤγουν
1246 415 1401 448 αὺϐεντίαν,
1427 415 1443 451 ἢ
1458 415 1628 446 δυναστείαν.
1644 415 1691 441 καὶ
1704 415 1765 450 οὐχὶ
1777 415 1809 450 δὴ

1021 463 1122 499 μᾶλλον
1136 463 1236 498 συνὲδῳ
1248 464 1281 498 τῇ
1294 462 1354 489 καθ’
1363 462 1459 489 ἕνωσιν
1472 463 1583 497 φυσικῇ,
1596 461 1717 497 ἀνάοεμα
1727 461 1808 489 ἔστω.

1055 510 1266 545 Primoyenitum
1287 517 1319 536 ex
1345 509 1466 540 mortuis,
1491 512 1545 535 etc.
1569 507 1694 542 Capitula
1709 507 1761 534 ηε
1778 508 1812 534 Et

1019 565 1061 589 τις
1075 557 1123 591 οὐχ
1139 556 1265 591 ὁμολογεῖ
1279 555 1323 582 τὸν
1334 555 1381 582 τοῦ
1394 554 1461 582 Θεοῦ
1477 553 1700 588 Λόγον-παθόντα
1715 553 1808 589 σαρκὶ,

1020 602 1068 629 καὶ
1088 601 1294 637 ἐσταυρωμένον
1321 601 1415 637 σαρκὶ,
1439 601 1488 627 καὶ
1509 599 1625 627 θανάτου
1643 598 1810 634 γευσάμενον

1022 648 1114 684 σαρκὶ,
1132 648 1264 682 γεγονότα
1288 647 1317 674 δὲ
1334 646 1505 683 πρωτότοκον
1528 647 1561 674 ὲκ
1582 645 1688 681 νεκρῶν
1714 645 1775 672 καθ’
1796 645 1811 671 ὃ

1021 693 1077 729 ζωή
1090 695 1148 720 ἐστι
1163 695 1212 720 καὶ
1227 693 1370 726 ζωοποιός.

1057 739 1152 767 Vocum
1165 739 1328 772 divisionem,
1343 743 1397 766 etc.
1414 737 1542 772 Capitulo
1556 737 1573 764 ιι
1587 746 1592 764 :
1607 737 1642 764 Et
1652 745 1692 768 τις
1704 735 1811 772 προσώ-

1021 794 1082 817 ποις
1110 785 1206 817 δυσὶν,
1234 785 1317 820 ήγουν
1343 784 1529 816 ὑποστάσεσι,
1561 783 1612 814 τάς
1637 791 1667 809 τε
1696 783 1725 809 ὲν
1754 783 1811 812 τοῖς

1021 830 1208 864 εὐαγγελικοῐς
1235 830 1282 857 καὶ
1309 828 1497 859 ἀποπτολικοῖς
1525 828 1724 864 συγγράμμασι
1751 826 1810 854 δια-

1022 877 1099 913 νέμει.
1127 877 1230 912 φωνὰς,
1259 875 1276 911 ἢ
1305 876 1353 902 ἐπὶ
1371 875 1481 911 Χριστῷ
1499 874 1575 910 παρὰ
1593 873 1647 900 τῶν
1665 873 1749 908 ἁγίων
1765 872 1810 898 λε-

1022 923 1152 959 γομένας,
1175 922 1192 958 ἢ
1217 923 1282 959 παρ’
1309 921 1392 951 αὑτοῦ
1421 921 1485 956 περὶ
1502 919 1612 951 ἑαυτοῦ,
1631 919 1741 950 καὶτὰς
1762 918 1812 954 μὲν

1021 969 1058 1002 ὼς
1070 969 1207 1005 ἀνθρώπῳ
1223 967 1299 1004 παρὰ
1311 968 1358 995 τὸν
1372 968 1405 994 ἐχ
1420 966 1488 994 Θεοῦ
1500 966 1606 1001 Πατρὶς
1621 965 1705 1000 Λόγον
1721 965 1812 996 tamn;

1022 1016 1160 1055 νοουμένῳ
1174 1017 1338 1051 προσάπτει,
1350 1015 1400 1046 τὰς
1411 1014 1439 1040 δὲ
1451 1013 1488 1045 ὡς
1511 1013 1672 1047 θεοπρεπείς
1692 1011 1763 1047 μόνῳ
1773 1010 1812 1046 τῷ

1022 1062 1055 1088 ἐκ
1066 1061 1134 1088 Θεοῦ
1147 1060 1254 1096 Harpe;
1268 1060 1358 1095 Λόγῳ,
1371 1059 1494 1095 ἀνάθεμα
1512 1058 1604 1086 ἔστω.Δ

1057 1107 1175 1142 Denique
1186 1107 1317 1139 Spiritum
1330 1110 1463 1138 unctum,
1476 1109 1529 1132 etc.
1540 1104 1591 1133 Hie
1605 1107 1647 1132 est
1661 1103 1749 1137 locus,
1764 1103 1812 1138 qui

1022 1159 1079 1181 tam
1095 1154 1267 1181 contentiosc
1281 1153 1366 1188 376
1376 1156 1492 1179 vexatus
1500 1155 1544 1178 est
1557 1159 1573 1178 a
1587 1150 1771 1178 schismaticis
1784 1152 1812 1178 et

1021 1200 1173 1228 Catholicis
1188 1199 1221 1226 de
1238 1198 1415 1234 processione
1428 1197 1549 1232 Spiritus
1566 1196 1653 1224 sancti
1669 1195 1812 1230 disputan-

1023 1245 1107 1277 tihus,
1134 1245 1236 1279 quique
1262 1243 1362 1271 Allatlo
1384 1242 1461 1270 dedit
1483 1241 1657 1270 occasionem
1672 1239 1811 1268 scribendi

1023 1292 1154 1319 Vindicius
1178 1290 1270 1326 synodi
1297 1289 1446 1325 Ephesium,
1472 1295 1557 1323 opere
1581 1295 1637 1314 non
1656 1285 1810 1318 mediocri;

1022 1336 1082 1368 sed,
1102 1344 1161 1363 mea
1176 1335 1323 1368 sententia,
1345 1335 1415 1362 nihil
1429 1333 1482 1361 fuit
1492 1341 1592 1365 causae,
1608 1340 1658 1359 cur
1667 1335 1812 1366 tantopere

1023 1383 1088 1410 hinc
1103 1386 1131 1410 et
1145 1382 1209 1410 inde
1227 1381 1417 1409 schismaticos
1438 1380 1511 1408 inter
1530 1384 1559 1406 et
1572 1378 1699 1406 Attalium
1714 1377 1749 1404 de
1759 1377 1812 1404 hoc

1023 1428 1083 1456 loco
1096 1427 1263 1456 concertatio
1280 1431 1354 1455 tanta
1367 1427 1495 1454 ferveret.
1508 1425 1578 1452 Nam
1592 1425 1626 1452 de
1637 1423 1812 1459 processione

1023 1474 1143 1510 Spiritus
1154 1475 1241 1501 sancti
1267 1481 1358 1508 neque
1381 1473 1433 1500 fuit
1457 1472 1575 1500 sollicita
1593 1470 1725 1507 synodus,
1748 1477 1811 1496 cum

1023 1519 1143 1554 capitula
1159 1519 1254 1554 Cyrilli
1276 1519 1429 1554 probaret;
1457 1523 1546 1552 neque
1568 1516 1687 1552 Cyrillus
1715 1514 1813 1550 egebat

1022 1565 1172 1593 admodum
1194 1565 1370 1600 processioue
1393 1563 1514 1599 Spiritus
1538 1570 1553 1590 a
1580 1562 1669 1594 Filio;
1694 1560 1742 1589 sed
1754 1561 1812 1588 sola

1022 1610 1318 1643 consubstantialitate,
1345 1614 1376 1637 ut
1399 1609 1536 1636 refelleret
1549 1606 1810 1637 Nestoriierrorem,

1023 1657 1150 1690 volentis,
1167 1657 1308 1686 Christum
1325 1664 1339 1684 a
1354 1656 1459 1691 Spiritu
1471 1658 1576 1687 sancto,
1589 1654 1664 1680 velut
1677 1652 1710 1680 ab
1722 1655 1812 1679 extra-

1022 1711 1074 1731 nea
1100 1707 1129 1731 et
1155 1703 1298 1738 superiore
1328 1702 1441 1734 virtute,
1461 1701 1500 1733 ad
1525 1699 1658 1735 patranda
1681 1697 1812 1727 miracula

1022 1749 1157 1785 adjutum.

1023 1814 1146 1850 Epistola
1171 1813 1233 1846 179,
1257 1821 1352 1850 quam_
1367 1811 1488 1850 Cyrillus
1509 1810 1612 1845 scripsit
1637 1808 1737 1836 Joanm'
1757 1807 1813 1834 M-

1333 1848 1450 1875 tiocheno
1468 1847 1500 1873 “’.

1060 1915 1191 1951 Epicteto,
1217 1919 1271 1942 etc.
1292 1914 1360 1942 Data
1378 1919 1420 1941 est
1435 1913 1547 1940 circiter
1564 1919 1665 1939 annum
1678 1909 1728 1937 459
1741 1918 1748 1943 ;
1760 1916 1810 1937 ne-

1022 1970 1077 1998 que
1084 1963 1157 1991 enim
1165 1962 1256 1997 potuit
1263 1965 1310 1988 aut
1320 1960 1426 1988 tardius
1434 1964 1481 1987 aut
1493 1959 1576 1987 citius
1587 1958 1680 1986 Scribi.
1688 1957 1748 1984 Non
1757 1961 1811 1984 tar-

1023 2009 1095 2041 dius,
1107 2009 1170 2043 quia
1183 2008 1302 2035 Joannes
1316 2007 1505 2034 Antiochenus
1514 2013 1530 2033 e
1543 2006 1598 2033 vita
1610 2003 1727 2032 decessit
1739 2011 1811 2030 anno

1023 2055 1084 2082 440.
1106 2055 1165 2082 Non
1186 2054 1278 2086 citius,
1294 2053 1424 2088 quoniam
1439 2057 1541 2079 mutute
1558 2052 1655 2078 littera:
1669 2050 1812 2077 desierunt

1023 2101 1106 2133 mitti,
1122 2109 1185 2128 cum
1205 2099 1325 2135 Cyrillus
1346 2099 1478 2126 adversus
1494 2097 1645 2125 Diodorum
1671 2100 1698 2123 et
1718 2095 1808 2122 Theo-

1022 2148 1120 2175 dorum
1142 2146 1229 2173 libros
1249 2145 1345 2177 edidit,
1366 2143 1557 2171 Theodorctus
1579 2141 1668 2169 editos
1692 2139 1808 2167 refellit:

1023 2192 1132 2227 scripsit
1146 2199 1212 2219 vero
1222 2191 1339 2226 Cyrillus
1349 2193 1411 2225 post
1423 2189 1580 2218 combustos
1592 2186 1711 2215 Nestorii
1726 2185 1811 2212 libros

1020 2239 1099 2274 jussu
1125 2237 1300 2273 imperatoris
1317 2244 1388 2264 anno
1403 2236 1464 2264 455.
1479 2235 1569 2270 Quare
1587 2233 1710 2261 defensio
1721 2232 1812 2260 Theo-

1022 2284 1111 2312 doreti
1136 2283 1269 2311 adversus
1290 2282 1421 2318 Cyrillum
1440 2281 1577 2316 pertinere
1594 2279 1703 2307 videtur
1715 2277 1748 2304 ad
1760 2284 1810 2304 an-

1022 2338 1089 2358 num
1103 2330 1165 2361 456,
1179 2334 1226 2357 aut
1246 2329 1307 2356 457.
1320 2329 1400 2361 Vide,
1417 2335 1477 2363 qua:
1496 2327 1615 2354 diximus
1627 2325 1661 2352 ad
1678 2326 1761 2359 caput
1776 2321 1810 2350 l0

1023 2375 1153 2404 Liberali.
1627 2370 1633 2375 ³

1058 2421 1187 2457 Exemplo
1201 2421 1436 2452 sanctissimorum,
1449 2424 1503 2447 etc.
1514 2416 1659 2446 Orientalis
1672 2414 1809 2447 diceecsis,

1023 2469 1069 2504 qui
1088 2468 1261 2500 conditiones
1276 2468 1352 2503 pacis
1371 2470 1545 2501 acceperant.

1057 2515 1132 2545 Hanc
1139 2516 1202 2543 mihi
1211 2519 1256 2544 tua
1265 2516 1405 2546 sanctitas,
1415 2518 1467 2541 etc.
1482 2513 1704 2549 Exprobraturus
1713 2508 1810 2538 Joanni

1022 2559 1175 2588 molliorem
1201 2567 1265 2594 erga
1290 2559 1493 2588 Theodoretum
1517 2556 1726 2592 indulgentiam,
1743 2563 1810 2592 pru—

1022 2605 1120 2633 denter
1136 2605 1264 2633 invidiam
1278 2606 1347 2634 lzesm
1363 2605 1506 2633 charitatis
1521 2604 1660 2632 amolitur.

1059 2651 1087 2678 Si
1107 2659 1169 2678 vera
1193 2658 1255 2678 sunt
1277 2659 1334 2687 quia
1356 2651 1444 2684 didici,
1458 2655 1512 2678 etc.
1528 2650 1599 2678 Vera
1622 2648 1735 2677 fuerunt
1751 2655 1811 2675 om-

864 2725 1020 2755 SCllULZIl
1036 2725 1148 2754 ΝΟΤᾸΞ.

220 2786 240 2806 ευ
253 2785 316 2812 llaec
329 2784 444 2820 epistola
456 2788 546 2820 exstat
558 2784 640 2812 etiam
658 2785 685 2812 in
700 2784 799 2812 Leonis
811 2784 903 2820 Atlatii
928 2784 1051 2814 Yindiciis
1065 2785 1158 2820 synodi
1187 2784 1335 2819 Eplxm'nw,
1353 2793 1379 2820 p.
1403 2785 1464 2812 lii.
1498 2783 1564 2812 Vide
1586 2790 1696 2819 quoque
1716 2789 1810 2818 supra,

181 2828 210 2855 Ρ.
229 2820 287 2846 l'il.
301 2819 341 2850 Ad
353 2819 433 2854 epist.
452 2819 578 2852 17‘2-l78,
600 2820 667 2847 nihil
680 2820 786 2847 monuit
811 2819 971 2847 Carnarius.
