1967 3047
123 133 177 167 3⁵25

705 131 754 161 DE
772 130 901 161 LIBRIS
920 130 1172 162 THEODORETI.

1703 133 1754 166 326

124 188 192 215 nino
215 195 222 220 ;
240 190 267 214 et
289 190 401 221 propter
426 185 530 217 turbas,
548 191 618 220 quas
631 185 812 213 discursando
826 185 916 212 Thco—
931 189 951 217 Α
966 185 1080 213 Joannis
1093 184 1206 213 inscribi
1223 194 1230 214 :
1248 186 1296 214 sed
1311 186 1384 214 docti
1397 193 1493 214 omnes
1513 186 1569 215 fere
1581 187 1758 218 consentiunt

126 234 239 261 dorclus
251 233 324 259 ciere
344 240 398 258 non
410 231 526 262 destitit,
536 232 631 266 jussus
641 236 682 259 est
693 240 764 259 anno
776 233 837 265 445,
853 231 915 268 Cyri

126 279 227 306 ﬁnibus
242 286 270 306 se
286 279 440 310 continere,
455 278 546 314 magni
563 278 606 305 sui
625 278 710 306 animi
726 286 853 306 maerore.
870 278 916 306 Vi-

126 325 160 352 de
173 330 254 360 caput
268 324 284 350 8
302 324 379 352 Viue.

126 380 248 416 Epistola
273 379 333 416 I80,
357 387 437 416 quam
460 378 688 416 Theodorretushad
706 378 836 406 Damnum
858 379 916 406 Art--

302 415 450 441 tiochenum
473 415 606 448 scripsisse
631 414 736 440 dicitur.

161 461 182 488 Ι.
206 461 310 488 Inserta
337 465 379 487 est
403 460 478 486 Actis
504 468 520 486 v
545 460 642 496 synodi
668 461 690 475 ”
705 459 811 487 actione
826 459 852 492 5,
868 460 916 487 sed

126 512 256 542 corrupta
282 507 462 541 inscriptione
478 515 484 533 :
502 514 552 541 pro
572 505 676 533 Joanne
697 505 769 533 enim
783 513 917 540 reponen-

126 553 178 580 dus
198 554 320 580 Domnus
347 553 379 585 ",
399 557 428 579 ut
453 560 527 579 nunc
539 560 634 579 omnes
650 551 705 579 fere
719 553 791 579 docti
804 556 915 585 norunt,

126 603 155 626 ct
168 600 256 626 series
279 598 411 626 Actorum
427 599 605 625 demonstrat.
623 597 729 633 Scripta
745 606 810 625 vero
826 599 917 625 statim

127 649 210 679 atque
233 645 310 672 venit
335 644 362 671 in
386 644 528 671 Orientem
554 644 669 671 nuntius
685 644 718 671 de
735 644 813 671 obitu
830 644 917 672 sancti

126 689 243 725 Cyrilli:
267 698 353 724 quare
379 690 499 724 pertinet
524 689 557 716 ad
581 689 710 716 antiit“
723 697 845 716 mensem
869 690 917 717 Ju-

126 736 194 762 lium
209 744 216 767 ;
231 735 365 770 siquidem
389 735 539 762 secundum
564 735 721 770 opinionem
749 734 916 768 Graecorum,

127 789 188 815 quae
216 781 398 815 probabilior,
416 781 471 808 vita
497 780 608 808 functus
622 784 664 808 est
680 785 789 808 sanctus
799 780 918 817 Cyrillus

127 826 171 853 die
186 825 203 852 9
217 825 302 852 Junii.

162 871 194 897 II.
210 867 370 898 Indc‘ctiam
390 870 539 898 innotescit
555 875 662 906 tempus
690 879 744 907 quo
766 871 859 899 habita
877 877 918 900 est

128 917 235 948 concio,
262 919 340 952 cujus
359 916 540 952 fragmentum
563 918 646 945 habet
661 918 762 946 Marius
773 918 917 952 Mercator,

127 969 241 997 qumque
260 962 357 989 iisdem
383 963 485 997 quinta:
508 963 855 999 synodiActisinscritur:
876 972 919 991 se-

127 1013 191 1034 cuta
216 1008 290 1034 enim
317 1013 358 1035 cst
381 1007 537 1042 epistolam,
561 1012 642 1042 atque
665 1008 701 1035 ita
724 1008 821 1035 referri
837 1008 919 1036 debet

127 1054 160 1080 ad
175 1057 282 1088 tempus
298 1053 394 1088 synodi
409 1054 587 1081 Antiochenae
601 1054 757 1087 ordinariae,
780 1055 813 1081 ad
836 1062 919 1090 quam

126 1099 319 1127 Thcodorctus
332 1099 406 1127 venit
417 1101 542 1127 autumni
558 1104 690 1135 tempore.

161 1145 206 1172 Ill.
233 1145 441 1181 Supposititiam
465 1146 594 1181 opinatur
615 1146 762 1174 cardinalis
777 1146 858 1182 377
869 1146 919 1174 Ba-

128 1191 222 1218 ronius
241 1191 261 1206 ²³
286 1189 376 1218 tribus
392 1191 425 1219 de
448 1193 548 1219 causis.
562 1192 665 1224 Primo,
682 1193 754 1227 quod
767 1193 865 1220 Joanni
879 1193 920 1220 in-

127 1236 227 1271 scripta
245 1237 300 1270 sit;
324 1245 385 1264 cum
415 1241 507 1264 tamen
535 1237 580 1264 illc
597 1238 781 1272 quadriennio
804 1242 860 1265 toto
873 1238 920 1265 de-

126 1281 238 1308 functus
262 1282 297 1309 sit
311 1286 374 1310 ante
388 1282 530 1318 Cyrillum.
552 1283 667 1315 Deinde,
687 1283 760 1318 quod
773 1284 807 1310 sit
823 1284 920 1311 Nesto-

127 1328 199 1355 riani
222 1329 354 1361 hominis,
381 1335 411 1356 ut
435 1329 482 1364 qui
507 1337 555 1357 eos
577 1335 684 1365 arguat,
699 1331 746 1366 qui
756 1331 843 1357 Deum
858 1337 918 1357 esse

126 1382 238 1409 passum
254 1381 390 1402 asserunt.
414 1376 546 1411 Denique,
574 1376 647 1410 quod
667 1375 798 1411 Cyrillum
826 1375 917 1408 tantis,

128 1423 240 1454 tamque
256 1420 407 1451 atrocibus,
419 1426 501 1455 atque
516 1421 598 1448 etiam
613 1420 727 1456 objectis
745 1420 919 1448 contumeliis

127 1465 238 1498 alliciat,
253 1467 324 1492 utin
352 1467 513 1501 episcopum
537 1466 710 1493 Theodorcto
732 1466 849 1493 similem
875 1473 919 1493 ca-

128 1511 193 1539 dere
204 1513 249 1539 vix
261 1519 339 1547 posse
352 1513 507 1539 videantur.

164 1558 207 1586 IV.
224 1558 294 1585 Ante
308 1558 455 1585 Baronium
478 1557 592 1590 nemini,
611 1558 684 1593 quod
700 1558 918 1589 sciam,venerat

129 1603 156 1631 in
170 1609 289 1631 mentem
304 1604 363 1631 haec
374 1604 573 1639 suppositionis
592 1604 687 1638 opinio
702 1612 710 1637 ;
728 1608 918 1630 verumtamen

128 1655 273 1685 postquam
299 1650 326 1676 in
352 1650 498 1677 Annalibus
525 1649 691 1676 sententiam
720 1649 800 1681 dixit,
815 1648 919 1684 placuit

129 1695 255 1731 pluribus
276 1701 380 1723 tantum
402 1696 511 1727 ducem,
525 1696 583 1723 sine
596 1696 651 1723 ulla
663 1696 719 1723 fere
730 1695 918 1730 inquisitione,

129 1743 230 1777 sequi;
255 1751 305 1769 nec
333 1743 437 1778 placuit
466 1746 581 1774 tantum,
612 1742 659 1769 sed
688 1741 820 1769 addidere
837 1748 920 1768 voces

130 1789 327 1824 indignationis
349 1788 486 1816 iracunda:
510 1788 615 1823 plenas.
642 1788 720 1819 Nam,
745 1792 773 1814 ut
798 1788 865 1814 alios
880 1792 921 1814 ta-

130 1842 217 1866 ceam,
242 1834 416 1862 Christianus
439 1834 542 1869 Lupus,
574 1843 582 1859 ε
600 1833 749 1865 infernates
778 1833 829 1868 (sic
845 1832 920 1860 cnim

131 1880 263 1915 loquitur)
281 1881 394 1915 soloque
410 1880 532 1906 daemone
545 1879 642 1914 dignas
656 1879 760 1905 litteras
778 1888 787 1904 ι
804 1878 873 1905 dixit
886 1879 918 1912 ",

135 1936 144 1952 ε
160 1934 214 1953 non
240 1925 408 1952 Theodoreti
438 1933 507 1960 opus
532 1932 603 1956 esse,
618 1929 665 1951 aut
679 1924 762 1952 ullius
771 1923 920 1951 Christiani

131 1971 270 2006 episcopi,
299 1971 345 1998 sed
371 1971 483 2006 pessimi
507 1978 625 2002 scurrae,
652 1969 869 2004 prostibuliquc,
893 1973 920 1996 et

131 2017 286 2044 nebulonis.
302 2026 310 2041 ι

167 2061 198 2088 V.
224 2061 355 2088 Inventus
382 2064 424 2087 est
446 2060 528 2088 etiam
547 2068 644 2094 nuper,
661 2060 708 2095 qui
722 2059 751 2086 in
761 2059 920 2094 praefatione

132 2107 165 2133 ad
175 2107 330 2133 versionem
341 2105 470 2133 Gallicam
492 2106 614 2132 IIistoritz
630 2105 812 2132 ecclesiastica:
831 2104 921 2131 Theo-

131 2152 219 2179 doreti
247 2153 280 2184 ²⁰,
297 2160 359 2179 cum
381 2152 465 2178 vellet
490 2151 590 2179 addere
605 2151 708 2186 aliquid
722 2151 755 2178 de
767 2158 818 2177 suo
829 2151 861 2177 ad
879 2159 920 2177 ra-

967 231 994 258 in
1010 231 1036 258 id
1049 232 1071 247 "
1096 232 1170 266 quod
1189 236 1313 266 apertum
1330 237 1382 264 est,
1399 240 1496 268 nempe
1516 233 1661 268 irrepsisse
1677 241 1754 262 men-

967 276 1031 304 dum
1053 277 1080 304 in
1100 278 1317 313 inscriptionem,
1336 279 1504 314 Joannisque
1516 287 1617 307 nomen
1633 288 1684 315 pro
1700 281 1755 308 Do-

967 330 1032 350 mno
1048 331 1108 350 esse
1130 325 1249 358 positum
1264 325 1298 351 ab
1319 325 1448 359 imperito
1469 326 1592 353 librario.
1610 327 1695 354 Nemo
1715 331 1758 354 ta-

966 375 1029 395 men
1042 369 1163 403 prudens
1182 369 1293 401 dixerit,
1306 377 1365 397 eam
1382 370 1417 397 ob
1438 377 1546 397 causam
1561 371 1637 406 rejici
1656 372 1757 399 debere

967 414 1121 449 epistolam.
1151 415 1219 448 Quis
1249 415 1322 442 enim
1353 410 1519 443 Thcddoreti
1546 412 1677 452 epistolas
1704 418 1756 445 H7

967 464 995 487 et
1009 459 1257 494 159repudiandas
1269 464 1390 492 censeat,
1416 462 1467 488 etsi
1492 462 1634 497 utriusque
1659 462 1761 490 inscri-

967 506 1025 540 ptio
1040 506 1210 533 mentiatur?
1230 506 1297 533 Nam
1310 505 1335 521 ¹²
1349 513 1437 540 neque
1458 507 1534 541 prior
1544 508 1578 534 ad
1589 507 1758 536 Florentium

967 551 1129 586 episcopum
1153 552 1217 579 data
1241 555 1293 584 est,
1315 559 1405 586 neque
1428 550 1607 586 posterior‘ad
1622 554 1756 589 Asparem

967 597 1130 630 consulem,
1157 605 1220 624 cum
1247 597 1293 624 illa
1319 599 1354 625 sit
1377 597 1411 624 ad
1432 598 1536 632 plures,
1572 599 1624 626 ista
1647 608 1712 627 vero
1724 601 1759 628 ad

974 643 1109 670 Avicnum
1123 643 1263 670 consulem
1278 644 1312 676 ’³,
1328 647 1409 678 prout
1425 643 1526 678 scripta
1538 645 1702 680 supponitur
1712 650 1759 673 aut

968 697 1041 716 anno
1071 689 1133 721 449,
1158 693 1205 716 aut
1225 688 1287 716 450.
1309 689 1390 716 Certe
1412 689 1499 724 Aspar
1519 691 1690 718 consulatum
1704 700 1758 719 non

967 734 1063 769 gessit,
1075 733 1130 768 quo
1143 738 1265 768 tempore
1278 733 1469 761 Theodoretus
1481 735 1515 762 de
1540 735 1641 771 injuria
1664 736 1717 763 sibi
1743 744 1759 763 a

968 779 1098 806 Dioscoro
1116 779 1185 806 facta
1202 779 1334 813 conqueri
1347 780 1445 814 potuit.

1003 824 1071 851 VIII.
1095 824 1248 851 Fatendum
1272 832 1381 859 quoque
1405 826 1550 860 epistolam
1576 826 1648 854 hanc
1660 827 1760 854 Nesto-

968 870 1039 897 riani
1053 871 1173 898 hominis
1185 878 1254 905 opus
1267 879 1326 898 esse
1340 880 1347 904 ;
1363 879 1458 898 verum
1473 872 1537 900 inde
1553 871 1663 899 Baronii
1690 873 1760 900 ratio

969 916 1127 951 infringitur
1139 925 1144 943 :
1158 924 1221 943 nam
1237 916 1341 943 idcirco
1354 917 1456 944 inserta
1470 922 1514 944 est
1528 918 1604 945 Actis
1623 927 1639 945 v
1651 919 1758 954 synodi,

969 965 999 989 ut
1025 962 1089 989 inde
1111 962 1302 990 Theodoretus
1328 963 1518 991 consensionis
1541 971 1603 990 cum
1632 964 1759 991 Nestor-io

968 1009 1182 1036 convinceretur
1195 1018 1201 1035 ε
1213 1013 1314 1037 etvero
1325 1010 1398 1044 quod
1407 1010 1526 1045 scriptor
1536 1018 1583 1038 eos
1595 1015 1698 1046 arguat.
1712 1011 1760 1046 qui

969 1054 1054 1082 Deum
1067 1062 1177 1089 passum
1191 1063 1252 1082 esse
1279 1060 1416 1088 asserunt,
1436 1060 1532 1083 contra
1551 1056 1698 1084 Baronium
1719 1057 1760 1085 l‘a-

968 1099 1016 1131 cit,
1035 1104 1066 1126 ut
1081 1100 1133 1127 hoc
1150 1099 1298 1127 abhorreat
1311 1109 1325 1127 a
1341 1101 1505 1129 Theodoreti
1514 1101 1597 1137 378
1610 1103 1758 1135 sententia,

969 1148 1000 1170 ut
1027 1145 1129 1179 ubique
1159 1145 1261 1180 passim
1286 1145 1314 1172 in
1339 1146 1426 1180 ipsius
1450 1146 1560 1181 scriptis
1581 1148 1638 1174 haec
1662 1147 1759 1175 eadem

969 1190 1147 1223 reprehensio
1157 1194 1294 1217 occurrat.

1004 1235 1049 1262 IX.
1079 1235 1231 1263 Fatendum
1258 1236 1377 1271 denique
1406 1237 1538 1273 Cyrillum
1569 1238 1596 1265 in
1623 1246 1654 1266 ea
1679 1238 1758 1266 illudi

969 1281 1145 1308 contumeliis
1162 1282 1304 1310 atrocibus
1329 1286 1357 1310 et
1382 1283 1515 1318 abjectis:
1537 1284 1584 1311 sed
1609 1292 1662 1312 nec
1686 1285 1759 1313 istud

969 1325 1034 1352 facit
1057 1333 1106 1360 pro
1134 1326 1273 1354 Baronio:
1293 1334 1356 1354 nam
1370 1327 1558 1356 Theodoretus
1571 1329 1712 1356 collectam
1725 1338 1759 1357 ex

970 1370 1051 1405 longo
1082 1370 1165 1398 bilem
1189 1372 1221 1403 ",
1249 1379 1489 1407 compressamque
1516 1377 1601 1404 metu,
1619 1374 1759 1401 cxundare

970 1415 1091 1447 tandem,
1116 1424 1178 1443 cum
1195 1417 1282 1444 libere
1306 1418 1435 1452 primum,
1448 1418 1512 1445 licet
1524 1417 1689 1453 impotenter
1699 1426 1761 1453 per—

971 1463 1075 1488 mittit:
1096 1462 1290 1495 familiaribus,
1311 1468 1343 1490 ut
1360 1463 1400 1496 ﬁt,
1418 1463 1530 1496 litteris,
1546 1464 1618 1498 apud
1639 1464 1760 1498 singula-

971 1515 1029 1535 rem
1047 1508 1176 1541 amicum,
1194 1509 1229 1536 de
1242 1508 1350 1536 infenso
1365 1510 1571 1543 communique,
1594 1514 1624 1536 ut
1648 1510 1761 1544 quidem

969 1553 1093 1588 putabat,
1110 1553 1233 1585 inimico,
1245 1553 1279 1581 de
1292 1553 1404 1581 homine
1419 1554 1466 1588 qui
1489 1561 1597 1586 novam,
1625 1555 1762 1589 pejorem-

969 1605 1023 1634 que
1039 1599 1138 1633 prima,
1152 1599 1319 1627 moliebatur
1331 1598 1567 1633 Constantinopoli
1580 1599 1689 1633 utrique
1713 1607 1759 1627 ac-

969 1645 1152 1676 cusationem,
1168 1651 1279 1672 sensum
1293 1646 1376 1672 animi
1393 1646 1544 1680 deponens,
1558 1647 1687 1678 exsultat,
1699 1655 1760 1682 gra-

970 1691 1127 1725 tulaturque
1140 1690 1231 1717 datam
1248 1690 1327 1718 hoste
1343 1695 1479 1726 prostrato
1494 1699 1508 1718 a
1532 1692 1588 1719 Deo
1604 1692 1757 1719 victoriam.

969 1737 1029 1764 Non
1051 1744 1118 1771 ergo
1141 1737 1251 1767 mirum,
1265 1737 1315 1764 sed
1327 1737 1459 1764 credibile
1473 1738 1574 1772 potius,
1590 1742 1701 1772 propter
1713 1746 1760 1765 ex-

969 1782 1133 1817 perientiam
1149 1786 1203 1809 tam
1225 1782 1361 1809 infelicem
1376 1790 1457 1817 quam
1472 1783 1670 1817 quotidianam,
1685 1783 1759 1818 quod

970 1828 1054 1862 homo
1067 1827 1178 1855 aliunde
1192 1828 1290 1859 bonus,
1310 1829 1428 1856 humana
1445 1837 1540 1864 passus
1555 1830 1599 1861 sit,
1612 1830 1760 1865 impotens-

970 1881 1024 1908 que
1042 1878 1070 1901 et
1092 1874 1140 1900 irre
1157 1878 1269 1909 propter
1288 1873 1447 1902 frustratam
1473 1876 1567 1910 gloria:
1589 1876 1597 1886 ‘
1621 1883 1708 1910 spem,
1731 1881 1760 1903 et

971 1920 1062 1955 gaudii
1079 1925 1192 1954 propter
1205 1920 1392 1947 adversarium
1405 1920 1554 1953 sublatum,
1571 1921 1682 1957 indigna
1699 1923 1759 1957 epi-

971 1973 1055 2000 scopo
1067 1966 1118 1993 sibi
1133 1966 1260 1993 excidere
1271 1974 1368 2000 passus
1379 1965 1424 1993 sit.

1006 2011 1039 2039 Χ.
1062 2011 1115 2039 Sed
1142 2019 1202 2046 qua:
1231 2012 1340 2039 tandem
1366 2012 1489 2039 convicia
1503 2012 1693 2039 Theodoretus
1705 2012 1758 2048 Cy-

970 2058 1032 2084 rlllo
1044 2057 1089 2084 hic
1102 2057 1177 2089 fecit,
1190 2057 1292 2092 quibus
1302 2058 1437 2085 atrociora
1447 2059 1474 2084 in
1485 2059 1623 2090 eumdem,
1637 2059 1762 2093 aliosque

971 2104 1159 2131 sanctissimos
1186 2103 1270 2135 viros,
1302 2112 1356 2131 non
1386 2104 1517 2131 eﬂ'udcrit
1540 2104 1703 2131 indubitatis
1731 2105 1759 2132 in

970 2149 1078 2177 libris!
1105 2148 1205 2175 Maium
1233 2148 1277 2175 hic
1306 2149 1436 2175 hominem
1463 2153 1542 2176 vocat
1567 2154 1594 2176 et
1624 2150 1758 2181 miserum,

131 2199 220 2225 tiones
238 2198 356 2226 Baronii.
369 2198 535 2225 asseveravit
545 2197 688 2232 septennio
701 2197 832 2224 Joannem
857 2201 920 2223 ante
937 2206 958 2233 ι)
977 2206 986 2221 ι
1001 2197 1079 2230 cujus
1101 2195 1257 2229 malignitas
1271 2195 1401 2222 Ecclesiae
1413 2195 1490 2222 velut
1507 2195 1592 2229 pestis
1605 2203 1620 2222 a
1635 2195 1690 2223 Deo
1706 2196 1758 2222 im-

129 2243 261 2278 Cyrillum
278 2243 332 2270 fato
348 2250 408 2270 esse
423 2243 558 2274 functum,
573 2243 600 2268 in
620 2249 675 2276 quo
694 2241 918 2276 parachronismo

131 2298 185 2316 non
213 2290 311 2316 leviter
342 2290 492 2322 peccavit:
521 2287 640 2323 Cyrillus
664 2288 736 2314 enim
767 2286 918 2314 certissime

131 2342 203 2361 anno
213 2334 265 2360 AM
277 2333 424 2360 defunctus
438 2337 489 2363 est,
505 2332 624 2359 Joannes
633 2332 695 2363 440,
709 2335 755 2358 aut
767 2330 830 2358 4M.

164 2380 207 2407 VI.
229 2380 328 2406 Verum
345 2379 458 2406 dimisso
474 2378 526 2406 hoc
544 2382 656 2405 auctore
677 2385 740 2405 cum
767 2384 817 2404 suo
840 2383 919 2411 para-

132 2426 301 2457 chronismo,
325 2425 439 2452 dimisso
461 2431 570 2458 quoque
588 2423 666 2458 Lupo
682 2430 745 2450 cum
760 2421 918 2449 iracundio-

132 2472 209 2499 ribus
233 2471 357 2503 vocibus,
385 2468 574 2498 exaniinemu's
598 2477 659 2505 qua:
675 2468 820 2496 Arruntium
849 2467 918 2495 scri-

131 2522 195 2553 ptor
215 2517 319 2552 objicit.

137 2555 139 2558 V
170 2563 225 2591 \‘II.
246 2562 398 2591 Fatendum
414 2567 458 2591 est
478 2563 505 2590 in
520 2561 638 2598 vulgatis
655 2561 797 2589 codicibus
819 2567 918 2587 nomen

972 2246 1064 2277 putata
1080 2242 1125 2268 sit.
1145 2251 1153 2266 ›
1171 2241 1210 2267 Eo
1225 2240 1299 2267 enim
1315 2241 1406 2267 omnia
1429 2241 1564 2267 recidunt.

1007 2287 1051 2315 XI.
1069 2288 1101 2314 At
1114 2287 1141 2313 in
1162 2287 1275 2321 epistola
1290 2287 1323 2313 ad
1345 2286 1476 2313 Joannem
1506 2286 1706 2313 Antiochenum
1736 2286 1760 2302 "

971 2332 1117 2367 prteposita
1128 2331 1335 2365 reprehensioni
1346 2331 1637 2357 anathematismorum
1646 2332 1762 2358 sanctis-

973 2378 1071 2406 simum
1085 2377 1240 2404 divinitatis
1252 2375 1355 2403 Christi
1369 2375 1544 2403 defensorem
1563 2381 1644 2403 vocat
1667 2382 1758 2411 pasto-

972 2432 1041 2454 rem.
1071 2433 1080 2449 ‹
1098 2423 1144 2458 qui
1159 2422 1300 2450 crudelius
1317 2421 1383 2448 feris
1395 2429 1459 2448 oves
1474 2429 1537 2448 suas
1550 2421 1697 2456 discerpat,
1712 2421 1760 2456 qui

972 2469 1024 2496 sub
1047 2468 1156 2503 pictatis
1175 2467 1286 2494 nomine
1309 2467 1427 2494 haereses
1451 2470 1479 2494 et
1494 2466 1676 2501 blasphemias
1690 2474 1761 2501 prm-

972 2514 1056 2545 dicet,
1079 2514 1125 2548 qui
1149 2512 1259 2548 impiam
1281 2512 1434 2539 doctrinam
1450 2516 1573 2543 renovet,
1591 2511 1668 2546 cujus
1683 2511 1760 2546 capi-

973 2560 1031 2587 tula
1043 2559 1200 2586 bmreticum
1210 2565 1320 2585 sensum
1332 2558 1502 2589 contineant,
1524 2567 1532 2583 ι
1547 2561 1599 2584 etc.

800 2635 837 2663 SC
843 2634 959 2663 HULZII
983 2633 1094 2662 NOTAE.

170 2713 191 2728 "
207 2711 267 2738 Vid.
285 2710 381 2738 Mansii
399 2709 507 2737 Collect.
531 2707 624 2736 concil.
647 2712 668 2735 t.
680 2706 727 2740 IX,
793 2705 845 2745 233
870 2713 928 2740 seq.

170 2755 191 2769 ι
230 2747 252 2762 ³⁸
265 2746 343 2769 Tum.
355 2745 366 2769 I
377 2745 476 2769 schol..
488 2752 549 2769 nam
566 2743 626 2769 7‘20.
665 2743 688 2758 ¹⁰
703 2743 732 2769 In
770 2748 897 2768 ousmum
912 2741 928 2767 Ι]

133 2755 191 2782 seq.
230 2747 252 2782 ξ’
265 2746 343 2772 Tom.
355 2745 366 2772 I
377 2745 476 2782 schol.,
488 2752 549 2779 pag.
565 2743 626 2782 7‘20.
636 2778 644 2782 _
665 2743 688 2758 ¹⁰
703 2743 732 2782 In
747 2743 786 2782 co

967 2704 988 2720 ιτ
1004 2704 1034 2720 πε

793 2705 845 2733 293
870 2713 928 2740 seq.
967 2704 988 2720 "
1004 2702 1067 2731 Vid.
1083 2710 1176 2738 supra,
1191 2710 1219 2737 p.
1237 2703 1298 2730 174.
1343 2703 1364 2719 ’⁸
1379 2702 1441 2730 Vid.
1471 2703 1570 2731 Annal.
1588 2707 1608 2731 t.
1624 2703 1668 2736 VI,
1685 2710 1711 2737 τι.
1725 2702 1761 2730 25

788 2740 897 2768 asinum
912 2739 1052 2767 benedicta
1081 2742 1155 2765 sunt.
1193 2739 1215 2753 “
1236 2738 1293 2765 Nec
1306 2737 1449 2765 doctorum
1470 2740 1630 2773 applausum
1649 2738 1761 2770 meruit,

1191 2703 1298 2737 p.174.
1343 2702 1441 2730 “Vid.
1471 2703 1570 2731 Annal.
1588 2702 1763 2737 t.VI,p.25

203 2781 274 2809 adeo
286 2785 378 2815 aperta
392 2780 446 2807 dici
461 2773 551 2814 ρὁεξι
565 2778 616 2808 ista
636 2777 805 2829 hypothesis,
820 2783 881 2810 (piae
906 2775 950 2801 vix
969 2774 1088 2808 aliquam
1117 2773 1198 2812 habet
1221 2773 1279 2814 veri
1298 2773 1428 2829 speciem.
1464 2774 1488 2814 ζ’
1505 2774 1566 2815 yid.
1586 2782 1678 2814 supra.
1696 2781 1760 2807 pag.

132 2816 183 2829 ’γι-ι
203 2824 249 2829 ρ.--
269 2809 271 2815 ’
300 2816 323 2829 η
337 2814 385 2829 um
413 2821 494 2829 ωηιη
525 2822 540 2829 ,ι
566 2813 618 2829 1K0
666 2814 677 2828 l
706 2812 782 2829 ιιηυι
799 2810 920 2829 inin-uiue
933 2810 990 2829 Imu-
1004 2808 1076 2829 mlh-ta
1093 2811 1119 2829 ιι
1135 2808 1169 2829 nh
1184 2815 1294 2829 mnpmn
1330 2807 1471 2829 hondnrnh
1483 2809 1566 2829 mmin
1579 2809 1666 2829 .qlmnn
1684 2812 1760 2829 sunt.

131 2816 184 2843 5ιὸ
202 2813 271 2851 δορί
300 2813 323 2831 ί³
337 2813 506 2851 νίᾱζξρρίικο,
521 2822 549 2848 p.
566 2813 627 2841 352.
657 2813 677 2828 7’

133 2852 156 2868 ’⁸
174 2851 232 2879 Vid.
243 2849 336 2886 supra,
353 2858 379 2884 p.
396 2849 448 2876 565
457 2857 514 2884 seq.

705 2812 782 2840 Justo
799 2807 920 2845 iniquius
933 2810 991 2837 hac
1004 2807 1077 2836 dicta
1093 2811 1120 2835 et
1135 2808 1169 2835 ab
1184 2807 1294 2844 ingenio
1307 2807 1471 2837 Theodoreti
1483 2809 1566 2837 nimis
1578 2807 1667 2836 aliena
1684 2812 1760 2834 sunt.
