1967 3047
208 113 260 145 327

770 113 958 144 GARNERII
980 112 1227 143 DISSERTATIO
1245 112 1287 143 II.

1780 114 1831 148 328

241 167 289 196 XII
313 166 347 195 Et
358 167 385 194 in
396 167 511 202 epistola
522 166 556 194 ad
567 165 667 194 Rufum
679 166 951 196 Thessalonicensem
962 167 995 199 “,
1011 168 1032 196 A
1048 173 1187 201 nunquam
1199 165 1299 201 potuit,
1309 165 1483 197 sententiam.
1494 164 1561 192 Deus
1572 173 1663 206 pauos
1675 169 1721 192 est.
1732 162 1832 200 Quinta

211 223 220 238 ι
233 212 444 240 Ιιειξτθεὶτιτοιιδω
462 215 558 244 vocat,
580 211 775 246 hominemque
803 219 995 246 perversorum

207 258 366 294 dogmatum
386 261 537 289 auctorem,
561 257 609 292 qui
631 257 813 285 orthodoxam
837 258 918 285 ﬁdem
933 266 996 285 cor-

207 308 328 338 rumpat,
339 303 418 338 cujus
431 303 521 337 capita
543 302 571 330 iu
586 304 738 338 perniciem
753 304 882 332 Ecclesiae
898 312 997 339 propo-

207 349 259 377 sita
275 348 339 376 sint.
355 357 364 374 ›
391 347 440 374 Hic
451 355 516 382 ergo
532 348 649 376 libenter
673 349 836 383 interrogem
849 349 997 384 rejectores

206 394 338 428 epistolze,
362 400 396 419 au
419 400 474 420 non
500 393 571 419 melo
586 394 701 425 homine,
715 395 861 429 miseroque
873 395 949 430 pejor
961 394 998 422 sit

206 439 408 467 hwresiarcha?
427 447 460 467 an
483 448 538 467 non
552 440 718 476 malignitate
733 441 923 468 detestabilior
944 442 997 468 im-

206 487 301 521 pietas,
317 487 432 517 hwreu's,
446 486 608 521 blasphemia
620 487 632 513 .9

242 532 311 560 XIII.
340 532 392 560 Sed
416 533 518 568 quibus
539 533 663 561 dicteriis
675 533 829 568 insequitur
844 533 997 568 Ephesinos

207 577 311 610 Patres,
338 578 366 605 id
394 582 446 609 est,
472 578 603 606 Ecclesiae
631 578 768 611 doctores,
795 583 823 606 et
846 578 998 606 sanctitatis

207 624 374 658 magistros}!
402 633 411 650 ‹
428 623 518 651 Mente
544 629 638 659 captos
666 624 800 656 nominat,
831 629 998 660 spontaneos

208 676 296 696 caecos
321 673 352 696 et
376 668 486 696 invidiae
511 669 655 705 mancipia,
672 669 859 701 thcomachos,
875 672 998 703 pastores

207 715 255 748 qui
273 723 384 750 gregem
398 715 471 750 lupis
486 715 604 748 tradant,
618 715 666 750 qui
681 715 780 743 ovibus
790 715 886 743 noxias
898 715 998 742 herbas

208 761 360 796 porrigant,
374 770 383 786 ι
404 765 459 788 etc.

245 806 315 834 XIV.
339 806 375 833 At
401 807 521 842 excipiet
541 807 611 835 forte
636 807 772 842 quispiam
788 807 924 842 :Scripsit
940 807 998 835 haec

209 851 400 880 Theodoretns
411 853 507 887 primis
527 854 707 888 temporibus,
720 862 784 881 cum
800 854 921 880 nondum
933 861 998 888 per-

209 898 324 925 vidisset
347 899 528 933 capitulorum
556 907 666 927 sensum
686 900 871 927 catholicum:
890 899 999 934 scripsit

209 948 272 970 ante
299 951 394 978 pacem
408 944 603 977 Ecclesiarum.
625 953 686 973 eum
698 946 797 973 infensi
809 949 901 973 essent
913 945 999 972 animi

209 993 257 1014 aut
270 992 346 1017 certe
370 996 432 1016 cum
460 990 583 1018 nondum
608 990 736 1018 rediisset
761 998 823 1018 cum
843 990 944 1026 Cyrillo
970 991 997 1017 in

209 1033 334 1067 gratiam.
347 1034 445 1062 Fateor
457 1035 484 1063 id
497 1042 579 1068 sane;
591 1043 686 1063 verum
698 1043 732 1063 ne
742 1043 812 1063 anno
826 1036 938 1071 quidem
947 1035 999 1063 M9

210 1078 376 1113 deposuerat
397 1087 474 1107 suam
487 1080 520 1108 de
535 1081 664 1116 capitulis
675 1081 845 1116 opinionem,
858 1089 921 1109 cum
933 1081 1000 1109 scri-

209 1123 278 1151 bens
302 1125 406 1152 Donmo
427 1127 521 1153 verteni
546 1126 625 1162 plena
642 1127 756 1154 diceret.
779 1128 925 1162 Nunquam
943 1127 998 1155 nisi

209 1170 319 1197 attritus
329 1170 418 1203 malis,
434 1171 506 1206 quod
520 1172 602 1207 379
615 1173 730 1208 contigit
745 1178 808 1208 post
824 1181 926 1200 annum
936 1173 998 1205 447,

209 1215 236 1244 iu
252 1224 347 1251 pacem
364 1217 549 1245 Ecclesiarum
577 1220 731 1246 consentire
753 1219 829 1248 visus
850 1224 904 1251 est,
929 1227 1000 1246 nun-

209 1269 291 1296 quam
315 1262 422 1290 sincere
442 1263 545 1295 Gyrillo
567 1265 760 1292 reconciliatus
780 1269 831 1297 est,
848 1265 920 1300 quod
934 1273 1001 1300 que-

210 1306 279 1334 ritur
294 1307 411 1343 Cyrillus
422 1308 519 1336 Joanni
531 1309 666 1337 scribens.

246 1351 303 1379 XV.
326 1353 379 1380 Sed
408 1357 438 1380 ut
463 1354 635 1382 manifestius
660 1360 761 1390 pateat,
786 1363 868 1390 quant
892 1356 1001 1384 levibus

209 1399 377 1433 conjecturis
393 1400 499 1427 nitatur
512 1400 606 1436 opinio
616 1401 819 1436 repudiantium
844 1402 999 1437 epistolam,

210 1451 301 1479 opera:
316 1445 436 1479 pretium
449 1450 490 1473 est
503 1454 562 1473 eam
578 1447 659 1481 paulo
671 1448 801 1475 attentius
813 1448 999 1476 considerare.

1047 215 1153 238 tantum
1177 211 1266 243 abest,
1288 216 1317 238 ut
1338 211 1535 246 suppositionis
1546 211 1731 246 conjecturam
1743 212 1831 248 juvct,

1047 261 1077 283 ut
1093 261 1205 292 propter
1221 257 1428 284 consonantiam
1446 265 1508 284 cum
1527 257 1689 285 indubitatis
1709 257 1833 287 historias

1046 300 1228 332 documentis,
1254 305 1360 328 certum
1385 301 1421 328 sit
1436 301 1603 329 Theodoreti
1625 302 1746 329 auctoris
1757 303 1832 338 judi-

1047 347 1119 373 cium
1133 355 1140 379 ;
1156 346 1228 374 idem
1250 346 1323 374 enim
1339 347 1430 379 docet,
1445 347 1518 382 quod
1533 346 1650 382 Cyrillus
1665 347 1692 374 in
1710 347 1833 382 epistolis

1047 393 1079 419 ad
1097 392 1242 420 Maximum
1265 393 1422 426 diaconum,
1435 393 1469 420 ad
1484 393 1613 420 Acacium
1627 393 1784 420 Mclitenum
1799 394 1834 421 de

1046 437 1174 471 Maximo,
1192 438 1226 465 ad
1239 438 1353 466 clericos
1373 443 1400 465 et
1415 438 1581 473 Lamponem
1598 438 1788 474 presbyterum
1800 439 1833 466 de

1047 485 1171 520 ejusdem
1186 485 1293 512 Maximi
1314 485 1444 519 querelis,
1459 484 1492 512 ad
1503 484 1627 512 Proclum
1643 484 1834 512 Constantino-

1047 532 1210 567 politanum,
1230 532 1358 567 quodque
1379 531 1569 559 Theodoretns
1586 531 1614 559 in
1638 532 1760 566 epistolis
1788 531 1833 565 84,

1048 577 1091 609 85,
1110 581 1162 604 etc.
1745 612 1749 617 ἢ

1083 623 1164 651 XVII.
1181 623 1221 650 Ad
1239 623 1307 655 [1:20,
1325 631 1385 659 qua:
1399 630 1449 658 pro
1461 623 1642 651 defendendis
1657 623 1759 658 quinta:
1770 631 1834 659 syn-

1047 669 1094 696 odi
1115 669 1201 701 Actis,
1216 669 1318 704 quibus
1339 669 1454 704 epistola
1468 669 1609 701 inseritur,
1621 669 1753 696 hactenus
1763 669 1835 697 dicta

1049 719 1123 746 sunt,
1135 715 1242 742 accedit
1255 715 1385 750 primum,
1400 715 1473 750 quod
1484 715 1552 742 nihil
1563 715 1698 751 dogmatis
1707 715 1836 750 objicitur

1048 760 1159 796 Cyrillo,
1174 765 1271 796 prteter
1284 761 1310 788 id
1325 761 1399 796 quod
1414 761 1516 796 ubique
1529 761 1598 789 solet
1616 769 1630 788 a
1645 761 1834 789 Theodoreto:

1053 816 1062 832 ‹
1080 807 1162 838 Deus,
1179 815 1288 842 nempe,
1300 815 1407 841 passus,
1423 811 1511 834 morte
1525 807 1699 835 circumdans
1710 813 1836 836 naturam

1049 853 1240 881 immortalem.
1265 862 1275 878 ι
1302 853 1417 884 Deinde,
1445 852 1529 887 quod,
1548 853 1640 888 siqua
1664 853 1759 882 fuisset
1771 854 1835 882 olim

1050 896 1248 932 suppositionis
1267 896 1372 931 species
1392 896 1436 923 vel
1461 896 1570 929 umbra,
1585 896 1751 924 schismatici
1763 901 1836 924 certe

1051 942 1133 975 trium
1148 942 1266 978 capitum
1283 941 1453 972 defensores,
1479 948 1541 968 cum
1561 941 1698 968 curiosius
1720 941 1746 968 in
1770 941 1836 969 Acta

1049 988 1152 1023 quintae
1165 987 1261 1023 synodi
1275 987 1456 1022 inquirerent,
1475 995 1530 1022 quo
1556 995 1652 1014 eorum
1680 987 1836 1015 auctoritati

1050 1033 1228 1061 detraherent
1244 1042 1251 1066 ;
1266 1033 1300 1060 de
1315 1033 1383 1060 falso
1398 1033 1572 1067 excepissent
1591 1033 1723 1061 adversus
1735 1033 1838 1068 episto—

1049 1080 1114 1112 lam,
1131 1080 1204 1115 quod
1222 1084 1311 1106 tamen
1340 1079 1443 1106 nemini
1461 1086 1575 1114 prorsus
1591 1083 1737 1115 antequam
1757 1080 1838 1107 Baro-

1049 1126 1096 1153 uio
1108 1125 1184 1153 venit
1199 1125 1226 1152 in
1243 1129 1372 1153 mentem.

1084 1170 1178 1198 XVIII.
1194 1170 1260 1198 Inde
1271 1178 1337 1197 vero
1353 1174 1460 1198 constat
1470 1169 1568 1198 vitium
1579 1170 1703 1206 inscripti
1719 1171 1838 1199 nominis

1050 1216 1189 1252 prioribus
1202 1216 1284 1251 380
1299 1216 1328 1243 in
1339 1216 1482 1243 codicibus
1499 1216 1604 1243 nullum
1626 1215 1721 1249 fuisse,
1742 1217 1791 1244 sed
1809 1217 1838 1245 in

1051 1262 1254 1290 recentioribus
1273 1266 1378 1289 tantum
1392 1271 1398 1289 :
1412 1261 1551 1296 quomodo
1574 1262 1648 1289 enim
1672 1262 1838 1290 schismatici

1051 1308 1221 1335 tacuissent?
1237 1308 1289 1335 Sed
1305 1308 1441 1343 quomodo
1464 1309 1498 1336 ab
1518 1307 1633 1336 eruditis
1659 1309 1838 1337 conciliorum

1050 1354 1172 1390 antiquis
1191 1354 1343 1382 editoribus
1365 1362 1420 1381 non
1441 1354 1492 1381 fuit
1509 1353 1733 1389 deprehensum?
1747 1354 1839 1382 Potuit

1051 1401 1126 1428 enim
1144 1400 1222 1428 facile
1246 1408 1280 1427 ex
1303 1400 1456 1435 fragmento
1481 1403 1676 1434 consequente,
1701 1400 1755 1427 nisi
1774 1407 1840 1428 con—

1051 1444 1169 1473 suetudo
1179 1444 1287 1480 legendi
1298 1444 1443 1472 avertisset
1459 1444 1581 1471 animum
1595 1453 1602 1470 :
1616 1448 1740 1479 apertum
1751 1444 1838 1479 siqui-

210 1488 323 1518 Constat
344 1491 466 1526 quinque
478 1492 591 1519 omnino
605 1493 739 1527 partibus,
751 1501 867 1527 quarum
877 1494 904 1520 in
914 1493 1001 1528 prima
1013 1503 1035 1533 α
1053 1492 1114 1519 dem
1138 1496 1180 1519 est
1196 1496 1224 1519 et
1244 1490 1386 1526 epistolam
1404 1495 1432 1518 et
1451 1490 1593 1518 concionis
1602 1490 1795 1526 fragmentum,
1809 1496 1840 1520 ut

210 1537 319 1564 occulta
344 1537 516 1572 benignaque
539 1537 587 1565 Dei
602 1538 774 1573 providentia
791 1539 927 1571 laudatur,
939 1547 1000 1574 quae

209 1581 358 1616 aliquando
388 1582 467 1610 bonis
494 1583 617 1616 brevem,
634 1583 766 1618 improbis
782 1584 941 1612 diuturnam
957 1585 1001 1612 iu-

210 1627 304 1664 dulget
323 1629 406 1656 vitam
420 1638 426 1656 :
442 1630 497 1657 illis
512 1634 542 1657 ut
565 1630 718 1658 liberentur
727 1631 783 1658 cito
796 1631 885 1664 malis,
900 1631 961 1659 istis
971 1635 1001 1659 ut

209 1675 380 1709 paenitentiae
416 1675 506 1703 locum
535 1675 687 1703 obtineant.
712 1677 838 1704 Secunda
863 1682 891 1704 et
921 1677 1001 1705 tertia

209 1720 353 1746 continent
376 1721 558 1748 imitationem
585 1722 726 1755 locorum,
754 1722 855 1757 quibus
882 1723 1001 1758 aspergit

209 1772 275 1791 suos
287 1764 426 1792 Lucianus
440 1765 472 1794 de
487 1766 602 1794 mortuis
612 1766 747 1802 Dialogus,
758 1772 786 1794 et
796 1775 860 1794 eum
871 1767 999 1800 maxime,

210 1810 258 1844 qui
273 1809 414 1845 Tyrannus
429 1810 600 1844 inscribitur,
615 1812 642 1839 in
658 1820 712 1847 quo
725 1812 917 1848 Megapenthcs
929 1813 1002 1840 Rha-

210 1854 338 1882 damanto
350 1856 466 1889 sistitur,
479 1861 516 1889 ct,
529 1857 645 1892 Cynisco
666 1858 828 1892 philosopho
844 1863 999 1891 accusante,

210 1908 306 1935 pennas
330 1901 390 1928 luit.
412 1901 514 1934 Quarta
539 1902 701 1930 Christiana:
718 1903 829 1937 pictatis
842 1904 1000 1931 testimonio

211 1945 291 1981 plena
304 1951 356 1978 est,
372 1954 527 1982 quanquam
539 1948 697 1976 acrimonia:
710 1948 857 1976 admistum
873 1949 1000 1977 nonnihil

211 1991 333 2018 habeat:
352 1993 453 2019 mortui
465 1994 538 2020 enim
554 1993 744 2021 Theodoretns
768 1993 842 2021 dolet
862 1994 947 2027 vices,
972 1999 1001 2022 et

211 2037 279 2072 petit
288 2046 303 2065 a
313 2038 418 2065 Domno
429 2038 479 2073 ipsi
492 2046 589 2072 preces
604 2039 735 2074 impendi,
758 2038 1000 2075 Christianumque

209 2083 390 2118 obsequium,
423 2092 581 2118 quanquam
610 2085 719 2119 utrique
743 2085 883 2120 negotium
918 2086 999 2113 morti

210 2129 350 2163 proximus
373 2134 488 2156 crearet.
514 2129 613 2161 Quinta
641 2129 771 2157 historica
785 2135 836 2163 est,
850 2131 998 2166 docetque,

1052 1542 1116 1565 sunt
1147 1537 1270 1573 ejusdem
1294 1537 1448 1572 argumenti
1480 1537 1658 1572 ejusdemque
1688 1537 1773 1570 modi,
1801 1537 1840 1565 ita

1052 1585 1133 1612 unius
1147 1584 1204 1611 fere
1214 1591 1274 1611 esse
1286 1584 1418 1618 temporis
1434 1592 1440 1610 :
1456 1583 1532 1618 atqui
1544 1583 1684 1611 concionis
1696 1584 1839 1620 inscriptio

1051 1629 1147 1658 Domni
1162 1637 1261 1657 nomen
1281 1628 1401 1663 pnefcrt.

1086 1675 1157 1702 XIX.
1181 1675 1328 1710 Postquam
1355 1679 1459 1702 asserta
1481 1679 1523 1702 est
1536 1675 1636 1703 veritas
1648 1674 1780 1710 epistolae,
1796 1681 1840 1702 re-

1051 1725 1105 1748 stat
1128 1720 1232 1755 aliquid
1248 1720 1405 1751 emendare,
1427 1720 1500 1754 quod
1513 1721 1613 1755 partim
1629 1720 1786 1755 interpretis
1798 1719 1840 1747 in-

1052 1767 1138 1798 curia,
1150 1766 1249 1801 pertint
1261 1766 1435 1793 librariorum
1455 1766 1522 1793 vitio
1543 1767 1658 1802 legitur,
1671 1767 1699 1793 in
1717 1765 1839 1793 editione

1052 1816 1109 1839 tum
1131 1812 1327 1844 Conciliorum,
1353 1816 1411 1839 tum
1432 1812 1551 1839 Baronii.
1579 1813 1606 1840 Id
1637 1820 1703 1840 vero
1720 1820 1776 1840 non
1797 1817 1840 1839 est

1051 1865 1209 1892 operosum,
1229 1857 1354 1892 quamvis
1369 1857 1481 1885 Graecus
1503 1862 1592 1886 textus
1608 1858 1730 1885 nondum
1746 1857 1838 1885 editus

1051 1904 1096 1935 sit,
1121 1904 1176 1930 imo
1199 1903 1333 1931 incertum
1360 1903 1446 1930 sitan
1467 1904 1573 1939 uspiam
1595 1904 1686 1931 lateat.
1701 1904 1838 1932 Restituto

1052 1948 1134 1982 igitur
1160 1948 1186 1975 in
1214 1948 1393 1983 inscriptione
1421 1948 1518 1975 Domni
1540 1949 1661 1981 nomine,
1677 1948 1839 1984 corrigenda

1050 1993 1162 2020 fuerunt
1181 1994 1202 2009 "
1222 2001 1256 2020 ex
1276 1993 1433 2029 conjectura
1453 1993 1577 2028 quaedam
1591 1994 1624 2022 ad
1636 1994 1763 2030 syntaxin
1778 2001 1840 2021 ver-

1051 2039 1148 2066 borum
1172 2039 1349 2074 pertinentia,
1377 2039 1496 2074 primum
1512 2044 1539 2066 ut
1554 2041 1671 2075 capiant,
1688 2040 1800 2072 discant,
1815 2046 1840 2068 et

1050 2084 1121 2116 dent,
1146 2093 1196 2120 pro
1222 2089 1356 2121 caperent,
1373 2085 1512 2118 discerent,
1527 2090 1553 2112 et
1568 2085 1672 2113 darent.
1687 2085 1790 2113 Deinde
1804 2087 1840 2113 ad

1050 2130 1198 2166 exemplum
1224 2131 1338 2158 aliorum
1359 2140 1412 2158 non
1427 2131 1541 2169 dimisit,
1557 2138 1619 2166 pro,
1643 2139 1689 2157 nec
1706 2131 1741 2157 ad
1754 2139 1841 2158 exem—

208 2174 283 2209 quod
305 2180 333 2201 et
355 2175 466 2202 aliunde
492 2175 587 2207 scitur,
601 2175 732 2211 Cyrillum
744 2176 826 2210 paulo
842 2181 905 2204 ante
922 2185 997 2204 mor-
1014 2171 1036 2199 D
1050 2175 1124 2210 plum
1150 2176 1266 2203 aliorum
1293 2177 1391 2204 dimisit
1404 2185 1414 2210 ;
1439 2176 1558 2211 denique
1573 2175 1676 2211 Cynisci
1693 2176 1716 2191 ’⁵
1728 2175 1840 2203 Luciani

209 2224 274 2252 tem,
287 2221 414 2255 querelas
439 2221 474 2249 de
500 2221 620 2250 Orientis
647 2222 785 2257 episcopis
809 2222 943 2251 detulisse
962 2223 996 2251 ad

208 2265 411 2300 imperatorem.

242 2311 312 2339 XVI.
327 2311 398 2344 Quid
415 2311 497 2339 habet
512 2312 611 2347 prima,
624 2313 647 2340 si
665 2313 746 2340 modo
760 2313 934 2348 excipiantur
955 2313 997 2340 hae

207 2364 298 2390 voces,
323 2357 409 2385 mulus
438 2359 525 2390 homo,
552 2358 693 2393 indignum
710 2359 840 2394 episcopo
853 2359 864 2385 ’ἓ
877 2359 996 2391 llabcnt,

205 2403 304 2436 fateor,
321 2403 441 2431 secunda
452 2409 480 2432 et
496 2404 586 2436 tertia,
604 2404 726 2439 ioculare
739 2404 869 2439 quiddam
895 2409 922 2432 et
946 2404 998 2431 hu-

205 2449 281 2481 mile,
305 2450 353 2477 sed
375 2450 428 2478 hoc
442 2450 526 2477 etiam
537 2450 676 2477 scribendi
687 2458 787 2484 genere
798 2458 995 2486 nonnunquam

205 2495 258 2522 viri
283 2503 381 2530 graves
407 2499 535 2527 utuntur,
558 2502 620 2522 cum
644 2503 679 2522 ex
703 2495 847 2523 comoediis
871 2500 919 2523 aut
934 2497 996 2525 aliis

204 2540 339 2575 ejusmodi
355 2541 466 2575 scriptis
480 2540 627 2568 desumunt
646 2541 749 2576 aliquid
769 2549 824 2576 quo
844 2542 927 2569 animi
951 2542 994 2569 sui

204 2592 284 2613 sensa
297 2585 369 2619 apud
382 2585 519 2614 familares
533 2591 678 2621 exponant.
699 2586 800 2620 Quarta
823 2587 898 2614 aliud
925 2588 992 2615 nihil

203 2630 288 2658 habet
310 2631 477 2664 acrimonias,
491 2640 573 2667 quam
586 2633 658 2668 quod
672 2633 833 2668 jamdudum
847 2633 994 2668 collegerat

203 2676 356 2711 indignatio
368 2677 499 2705 adversus
513 2678 593 2706 hanc.
604 2685 687 2713 quam
704 2678 895 2706 Theodoretns
920 2679 992 2706 ferre

908 2747 977 2774 HUI.

865 2747 1023 2776 SCHUI.ZII
1057 2747 1169 2774 ΝΟΤΕ.

730 2794 758 2830 "7
767 2794 806 2822 Ex
818 2794 863 2830 his
878 2795 1010 2830 corrigas,
1024 2795 1047 2823 si
1056 2795 1124 2822 tanti
1139 2795 1186 2827 sit,
1196 2799 1303 2830 partem
1318 2797 1409 2822 textus
1423 2791 1596 2825 Garneriani,
1615 2795 1635 2819 t.
1651 2791 1695 2823 IV,
1713 2798 1739 2826 p.
1756 2789 1835 2820 1569».

236 2790 259 2808 ’⁸
271 2789 333 2819 Vid.
350 2798 443 2826 supra.
458 2792 602 2826 epistolam
621 2793 680 2820 I70.

206 2823 228 2840 "
241 2827 313 2854 Edit.
336 2823 412 2862 prior
425 2823 543 2855 habebat
559 2827 660 2863 Cynici,
674 2833 704 2855 ut
719 2828 732 2863 ᾗ
750 2829 793 2863 15,
809 2828 916 2865 Cynico.

1050 2229 1111 2256 pro,
1131 2221 1217 2258 Cynni
1234 2222 1364 2250 Ciliciam.

1086 2267 1145 2295 XX.
1166 2268 1245 2300 Sunt,
1262 2268 1308 2302 qui
1331 2268 1390 2295 hate
1410 2266 1495 2294 verba
1514 2275 1521 2293 :
1546 2276 1554 2292 ‹
1569 2266 1669 2302 Majora
1695 2271 1723 2294 et
1745 2267 1839 2302 pejora

1052 2316 1220 2348 perteutans,
1242 2312 1388 2341 defunctus
1406 2315 1468 2345 est;
1494 2311 1642 2339 somniavit
1659 2311 1744 2343 enim,
1769 2310 1840 2338 sicut

1050 2361 1158 2393 dicunt,
1183 2364 1212 2387 et
1228 2359 1330 2394 regiam
1343 2359 1439 2386 urbem
1453 2359 1627 2395 perturbare,
1642 2362 1669 2385 et
1684 2361 1758 2384 tuam
1775 2364 1838 2384 san-

1050 2406 1172 2435 ctitatem
1201 2413 1341 2437 accusare,
1357 2414 1366 2430 |
1399 2408 1464 2437 etc.,
1492 2397 1710 2439 interpretentur
1734 2403 1781 2435 ita,
1808 2407 1840 2430 ut

1049 2451 1113 2479 velit
1124 2450 1255 2486 Cyrillum
1267 2451 1347 2485 paulo
1359 2454 1422 2478 ante
1440 2453 1556 2478 mortem
1574 2449 1839 2484 Constantinopolim

1048 2494 1168 2527 venisse,
1185 2494 1279 2529 ibique
1295 2502 1358 2521 cum
1370 2494 1467 2521 Proclo
1484 2501 1605 2526 causam,
1620 2493 1760 2520 Athanasii
1774 2493 1839 2520 Per—

1048 2541 1198 2568 rhenorum
1210 2539 1332 2574 episcopi
1349 2539 1521 2574 cognovisse,
1534 2542 1616 2574 atque
1631 2538 1693 2566 inde
1705 2538 1738 2565 ad
1754 2538 1837 2566 Dom-

1047 2594 1125 2618 num,
1153 2594 1168 2613 a
1192 2593 1247 2620 quo
1270 2585 1436 2612 Athanasius
1451 2585 1645 2619 appellaverat,
1669 2584 1776 2611 litteras
1790 2583 1838 2611 de-

1046 2632 1131 2659 disse.
1155 2631 1214 2658 Huc
1238 2631 1312 2658 enim
1339 2631 1454 2657 trahunt
1476 2630 1559 2657 verba
1585 2629 1726 2657 Athanasii
1751 2630 1838 2657 relata

1048 2678 1156 2706 actione
1170 2677 1197 2704 II
1221 2676 1331 2704 concilii
1355 2675 1614 2704 Chalcedonensis:
1639 2684 1648 2701 ‹
1664 2674 1739 2702 Hanc
1762 2675 1838 2711 (cau-

1057 2745 1169 2774 NOTJE.
