1967 3047
149 101 202 134 329

729 112 777 142 DE
794 111 923 145 LIBRIS
943 113 1196 147 THEODORETI.

1719 124 1772 156 330

150 159 218 194 sam)
233 159 380 188 audierunt
396 163 404 171 ‘
418 161 504 191 beata:
519 166 657 194 memoritn
678 167 795 204 Cyrillus
818 175 846 197 et
868 171 935 198 Pro-
950 174 969 201 Λ
985 178 1079 200 nasum
1101 179 1185 206 tuum,
1210 179 1234 201 ει
1259 175 1362 209 frenum
1379 176 1406 203 in
1423 176 1492 204 labia
1506 181 1562 210 tua,
1574 183 1597 205 et
1615 182 1732 207 avertam
1748 184 1774 208 te

148 203 219 235 elus,
232 207 260 230 et
274 209 363 232 certas
378 205 479 234 formas
488 208 659 243 scripserunt
679 212 793 245 Domno,
814 214 861 248 qui
886 214 937 242 fuit

148 247 336 275 Antiochenus
345 249 501 285 episcopus.
513 253 693 289 promisitque
702 263 748 283 eas
757 256 802 284 ille
811 247 934 292 implere:

148 291 195 318 sed
209 299 272 318 cum
284 293 457 327 cognovisset
474 300 590 323 mortem
608 298 681 326 beati
691 299 795 335 Cyrilli,
809 291 934 334 resilivit,

147 341 173 364 et
186 337 219 364 ad
246 337 382 372 judicium
402 347 446 367 me
467 342 583 369 vocavit.
598 353 607 368 ι
633 344 749 372 Nomine
774 346 934 379 formarum,

147 383 257 415 τύπων.
289 384 419 420 intelligit
452 387 558 415 litteras
581 389 725 425 utriusque
752 392 877 426 praesulis
900 393 936 420 ad

148 428 294 461 Domuum,
316 438 377 464 quae
388 432 476 460 amba:
487 433 648 462 inseruntur
660 436 736 464 Actis
747 437 844 472 synodi
855 438 936 466 Chal-

147 473 320 507 cedonensis,
342 476 450 504 actione
474 478 566 505 citata.
594 480 694 507 Verum
708 489 769 516 quae
783 483 820 510 sit
830 483 935 518 species

148 520 273 547 veritatis
304 521 332 548 in
357 521 408 548 hac
433 524 603 558 conjectura,
628 527 720 554 nullus
746 528 837 555 video.
866 529 934 556 Nam

146 565 230 592 verba
255 565 395 594 Athanasii
408 568 485 596 aliud
501 569 570 596 nihil
581 571 746 605 signiﬁcant,
761 581 842 608 quam
860 575 934 609 quod

147 611 248 645 singuli
276 613 417 646 prwsulcs,
435 615 541 648 quosin
553 617 611 643 suis
625 618 738 646 urbibus
753 619 934 648 consistentes

146 656 242 689 adivit.
256 658 361 685 Domno
376 660 546 694 scripserint.
560 662 673 695 Deinde,
701 672 762 699 qum
781 673 862 693 causa
883 674 933 701 po-

146 702 209 732 tuit.
225 702 278 729 nisi
293 703 441 731 admodum
456 706 556 740 gravis,
572 706 703 742 Cyrillum
717 710 932 739 Alexandrinum

146 747 341 781 patriarcham,
361 749 478 778 fractum
502 752 590 785 senio,
617 758 710 789 utpote
723 757 933 792 septuagenario

146 793 286 828 majorem,
300 802 397 829 cogere
408 795 442 822 ad
460 800 564 824 tantum
587 798 650 830 iter,
675 799 774 827 hiemis
799 805 931 836 tempore,

987 219 1028 245 via
1041 227 1094 254 qua
1109 221 1209 247 venisti.
1226 221 1311 248 Porro
1326 226 1415 249 autem
1433 230 1488 250 non
1503 224 1610 252 erudite
1624 225 1771 253 admodum

987 262 1124 298 interpres
1145 265 1268 299 epistolae
1284 266 1327 293 vel
1345 267 1458 294 retinuit
1471 276 1571 296 nomen
1585 269 1708 298 Graecum
1726 280 1771 305 φι-

987 308 1056 343 μοῦ.
1081 309 1122 336 vel
1148 309 1243 337 Latine
1267 311 1377 346 scripsit
1404 313 1540 348 phimum,
1566 315 1639 350 quod
1667 316 1772 344 librarii

985 359 1178 387 pervenerunt
1192 355 1218 382 in
1232 355 1335 389 ﬁmum.

1073 400 1195 435 Epistota
1215 402 1275 435 iSl,
1297 403 1333 430 ad
1353 404 1502 432 Abundium
1524 407 1682 443 episcopatu.

1022 445 1041 471 Ι.
1057 445 1209 479 Abundius,
1227 452 1257 474 ut
1270 453 1312 475 est
1322 449 1349 476 in
1358 449 1417 484 ejus
1426 451 1484 478 Vita
1493 453 1564 487 apud
1573 453 1770 488 Mombritium,

986 489 1181 518 Thessalonica
1204 491 1282 519 duxit
1296 493 1428 528 originem
1443 504 1449 521 :
1465 495 1527 524 inde
1545 497 1571 524 in
1591 498 1692 526 Italiam
1705 508 1770 535 pro-

985 535 1074 562 fectus
1097 536 1211 564 adhwsit
1236 539 1364 567 Amantio
1389 540 1516 570 Comensi
1528 544 1667 580 episcopo,
1686 554 1700 573 a
1715 555 1770 582 quo

984 586 1097 616 propter
1110 582 1224 611 eximias
1238 585 1354 613 virtutes
1368 587 1512 616 ordinatus
1526 594 1577 618 est.
1592 592 1769 626 praepositus-

984 635 1036 661 que
1055 628 1182 656 Comensi
1202 629 1341 663 Ecclesiae,
1359 640 1441 666 quam
1458 634 1546 661 noluit
1556 634 1698 665 Amantius
1713 646 1771 666 mo-

983 673 1057 701 riens
1068 674 1178 702 viduam
1190 675 1356 711 relinquere.

1015 714 1052 745 Ἰί.
1075 719 1117 746 Ad
1136 720 1212 747 illum
1230 720 1465 758 Constantinopoli
1478 725 1608 759 positum,
1622 735 1683 754 cum
1697 728 1769 764 lega-

983 764 1057 791 tione
1069 765 1155 792 sancti
1167 765 1267 793 Leonis
1277 766 1448 802 fungeretur,
1461 770 1605 805 epistolam
1616 772 1686 800 hanc
1696 780 1768 801 anno

983 810 1044 842 450,
1074 810 1153 837 initio
1179 812 1304 839 autumni
1332 813 1407 842 misit
1433 815 1622 845 Theodoretus
1643 826 1767 846 emona-

146 843 333 873 tetnpcstuoso
372 841 439 868 mari
475 842 702 877 suscipiendum?
734 845 819 872 Tanta
856 851 931 875 certe
948 845 968 872 Β
982 856 1067 883 sterio
1091 864 1176 892 prope
1195 857 1353 893 Apameam,
1368 860 1396 887 in
1413 861 1487 896 quod
1502 867 1652 890 secessum
1665 865 1768 899 eiectus

146 892 226 899 nunc“
257 893 310 899 nl...
331 886 455 899 1η...ζ,ν.ιιι
474 887 622 899 -Α-ζ-ιλ---
634 889 714 899 1...9ηξ
732 894 751 899 ,ν
768 898 772 899 ν
840 891 846 897 ι
897 892 913 899 .-

145 892 226 911 causa
256 893 312 912 non
331 886 457 914 latuisset
474 887 623 922 scriptores
634 889 716 924 hujus
732 891 873 925 temporis,
887 892 930 919 di-

146 929 261 964 ligentes
268 931 435 965 ceteroquin
445 939 537 959 rerum
546 932 640 968 Cyrilli
651 939 828 963 scrutatores.
843 936 931 969 Quid?

144 976 218 1011 quod
239 976 399 1004 incredibile
414 981 465 1010 est,
488 979 649 1007 convenisse
664 980 691 1007 in
705 989 785 1008 unam
797 983 931 1017 synodum

145 1022 315 1057 patriarchas
333 1023 412 1055 duos,
440 1031 541 1059 eosque
565 1025 599 1053 de
617 1026 736 1060 primatu
764 1029 932 1057 contenden-

146 1071 202 1098 tes,
226 1067 279 1094 nisi
303 1068 464 1102 gravissima
494 1073 604 1105 urgeret
624 1071 666 1098 vel
695 1072 859 1106 auctoritas,
887 1074 929 1101 vel

144 1119 237 1144 causa,
250 1120 311 1147 qua:
323 1113 396 1140 nulla
417 1118 507 1149 potest
528 1115 707 1149 probabiliter
724 1118 803 1152 381
825 1119 929 1146 atl'crri.

144 1158 267 1189 Accedit,
294 1159 367 1193 quod
392 1160 536 1195 utriusque
556 1161 719 1196 patriarchae
731 1163 865 1191 distincta:
875 1165 931 1192 sint

144 1203 177 1229 ad
191 1203 326 1230 Domuum
340 1204 448 1237 litterae,
465 1213 555 1240 neque
571 1207 655 1234 ullius
669 1209 823 1236 communis
834 1210 930 1245 synodi

144 1249 310 1276 mentionem
321 1249 423 1277 faciant
434 1259 439 1276 :
450 1257 538 1286 eoque
551 1257 630 1286 pacto
642 1261 697 1280 non
708 1254 824 1282 obscure
839 1258 931 1283 osten-

144 1294 220 1326 dant,
245 1303 274 1322 se
301 1295 419 1323 diversis
444 1303 460 1323 e
482 1297 550 1324 locis
566 1298 662 1326 missas
674 1307 743 1327 esse.
758 1300 852 1335 Neque
864 1309 930 1328 vero

143 1348 307 1375 quemquam
323 1349 432 1369 n.0vere
447 1342 538 1375 debet,
554 1344 626 1378 quod
650 1345 773 1380 ejusdem
797 1346 854 1373 fere
875 1347 930 1374 sint

141 1385 237 1413 [οι-ωε
254 1395 260 1412 :
287 1387 477 1422 unusquisque.
505 1389 579 1415 enim
602 1390 690 1417 tenuit
707 1399 770 1418 eum
789 1392 929 1421 scribendi

142 1432 265 1464 modum,
292 1440 373 1467 quem
398 1433 563 1462 Athanasius
577 1435 633 1462 suis
650 1439 707 1462 tum
723 1438 853 1471 querelis,
869 1441 928 1466 tum

142 1477 272 1511 precibus
294 1477 328 1504 ab
356 1482 471 1513 utroque
487 1480 612 1507 extorsit.
626 1480 750 1516 Denique
764 1482 881 1518 Cyrillus
893 1483 927 1511 de

139 1521 440 1557 Constantinopolitana
463 1525 566 1559 synodo
579 1525 710 1560 loquitur,
724 1531 852 1562 tanquam
867 1537 928 1556 eam

140 1576 176 1595 ex
189 1569 245 1596 sola
268 1569 409 1597 Athanasii
433 1570 565 1598 relatione
593 1576 706 1605 nosset;
730 1581 784 1600 non
806 1574 928 1609 loquitur

140 1614 254 1642 Proclus
278 1614 312 1641 de
335 1614 428 1650 Cyrilli
451 1615 551 1643 litteris
574 1617 649 1644 velut
672 1619 864 1647 communibus
877 1620 924 1654 (di-

140 1667 225 1688 versa
235 1661 308 1688 enim
319 1661 405 1695 sunt),
417 1661 464 1688 sed
477 1662 552 1689 velut
563 1670 618 1690 una
632 1663 788 1693 deferendis
800 1666 833 1692 ad
848 1666 928 1693 Dom-

140 1714 205 1733 nnm
219 1706 254 1733 ab
272 1706 433 1739 Athanasio,
455 1707 503 1742 qui
529 1708 663 1736 immenso
689 1710 808 1744 quodam
827 1711 926 1740 itinere

137 1758 154 1779 ο
174 1759 223 1778 sua
243 1751 383 1786 provincia
396 1751 659 1788 Constantinopolim
676 1755 709 1782 ad
734 1756 884 1791 principem
899 1763 927 1785 et

139 1795 276 1827 Proclum,
296 1795 360 1823 inde
370 1795 563 1823 Alexandriam
577 1796 610 1823 ad
626 1797 768 1832 Cyrillum,
781 1806 877 1826 rursus
892 1808 926 1827 cx

137 1840 253 1876 Egypto
271 1840 547 1876 Constantinopolim,
576 1842 685 1870 tandem
707 1851 741 1870 ex
765 1844 834 1871 urbe
852 1845 925 1880 regia

138 1886 322 1919 Antiochiam,
349 1894 411 1914 cum
438 1887 572 1923 principis
583 1887 610 1916 et
623 1889 841 1924 patriarcharum
854 1891 923 1918 scri-

138 1932 191 1966 ptis
207 1932 293 1959 venit.

153 2008 156 2011 I
172 1976 242 2004 XXI.
271 1977 350 2010 Quod
374 1982 466 2006 autem
484 1978 550 2011 dixi,
573 1980 692 2008 secunda
708 1985 736 2008 et
751 1982 830 2009 tertia
846 1987 922 2017 parte

135 2021 271 2049 imitatum
287 2030 348 2050 esse
373 2023 577 2051 Theodoretum
602 2024 716 2053 Luciani
730 2027 819 2061 jocos,
838 2034 920 2054 nemo

136 2075 190 2094 non
201 2067 377 2101 assentietur,
406 2069 454 2104 qui
479 2069 617 2105 dialogum
638 2071 791 2107 Tyrannum
814 2073 920 2107 legerit,

134 2117 162 2139 ct
179 2114 328 2141 contulerit
341 2122 404 2142 cum
419 2115 463 2142 his
475 2115 568 2143 verbis
583 2125 589 2143 :
615 2126 623 2142 ε
637 2117 690 2144 Iste
706 2125 773 2145 vero
794 2122 823 2145 et
846 2119 920 2146 aliud

135 2157 219 2186 habet
242 2159 383 2186 silentium
401 2169 407 2186 :
427 2159 531 2188 nudata
547 2161 620 2188 enim
633 2161 708 2189 illius
723 2162 794 2190 facta
810 2163 920 2199 alligant

1009 2171 1051 2198 Vl.
1078 2172 1267 2203 Theodoretus
1291 2176 1344 2203 sibi

133 2202 266 2238 linguam,
296 2204 445 2232 obstruunt
457 2213 500 2237 os,
520 2205 630 2234 frenant
641 2214 763 2240 sensum,
783 2208 864 2236 silere
880 2208 921 2236 fa-

132 2249 220 2280 ciunt,
239 2249 266 2276 in
280 2253 382 2277 terram
394 2251 528 2280 inclinare
540 2257 650 2288 cogunt.
665 2262 674 2278 ι
688 2253 920 2287 Alluditurenim,

133 2296 190 2320 tum
218 2294 252 2320 ad
278 2294 493 2323 denudationem
520 2297 718 2332 Megapenthis,
743 2305 798 2332 quo
811 2304 921 2334 pateant

132 2338 219 2373 ipsius
244 2338 314 2367 facta
329 2348 336 2372 ;
363 2345 420 2368 tum
439 2341 473 2368 ad
488 2342 610 2378 ejusdem
623 2343 773 2376 silentium,
787 2351 842 2378 pm
855 2352 922 2372 con-

131 2384 253 2413 scientiae
264 2385 435 2419 testimonio,
448 2391 476 2414 et
491 2387 613 2422 dejectos
623 2387 658 2416 ob
672 2388 800 2416 ruborem
822 2390 849 2417 in
867 2395 920 2418 ter-

131 2437 186 2456 ram
201 2431 304 2463 oculos,
316 2437 369 2460 etc.

165 2477 228 2505 llaec
239 2486 305 2505 vero
323 2479 416 2511 verba,
446 2490 454 2506 ι
469 2480 584 2508 immisit
600 2481 694 2508 ﬁmum
713 2482 740 2509 in
755 2490 786 2509 os
801 2483 869 2518 cjus,
887 2489 916 2511 et

129 2522 237 2550 frenum
252 2524 280 2552 in
290 2524 370 2552 labiis
383 2525 453 2560 ejus,
473 2530 500 2553 et
512 2527 648 2554 convertit
665 2534 728 2555 eum
752 2527 780 2555 in
801 2533 914 2562 terram,

127 2568 162 2595 de
180 2576 233 2603 qua
244 2575 370 2605 sumptus
381 2576 433 2603 est,
448 2581 456 2597 ι
475 2571 602 2599 alludunt
615 2572 648 2600 ad
663 2573 688 2600 id
703 2574 776 2608 quod
788 2578 830 2601 est
843 2575 915 2610 apud

129 2613 225 2641 Isaiam
238 2623 298 2650 cap.
317 2624 416 2646 xxxv".
431 2616 465 2644 ‘29
482 2626 488 2643 :
514 2617 640 2651 Ἐμϐαλῶ
653 2619 734 2654 φιμὸν
744 2620 784 2650 εἰς
796 2620 841 2646 τὸν
855 2621 917 2655 pm

128 2667 188 2691 σαν,
217 2660 264 2687 καὶ
286 2661 394 2696 χαλινὸν
418 2663 457 2694 εις
470 2663 503 2689 τὰ
523 2663 595 2698 χείλη
614 2672 671 2695 σου,
691 2664 737 2690 καὶ
751 2665 915 2701 ἀποστρέψω

128 2712 159 2732 σε
174 2707 207 2741 τῇ
223 2706 285 2743 ὀδῷ,
344 2706 425 2744 ἦλθες
438 2710 468 2736 ἐν
484 2710 562 2745 αὐτῇ.
580 2709 727 2737 [mmmam
744 2710 870 2738 circulum
886 2713 914 2738 in

1016 949 1060 976 Ill.
1090 949 1177 978 Causa
1203 951 1342 980 mittendae
1366 952 1512 988 legationis
1535 953 1586 982 ista
1615 954 1667 983 fuit
1682 964 1688 982 :
1704 964 1766 984 cum

981 998 1092 1022 sanctus
1112 995 1167 1022 Leo
1193 996 1340 1032 impetrare
1363 1006 1418 1035 non
1438 999 1768 1033 potuissetaTheodosio

981 1039 1157 1075 imperatore.
1182 1046 1213 1069 ut
1238 1042 1265 1069 in
1291 1043 1368 1071 Italia
1389 1049 1534 1080 cogeretur
1557 1047 1686 1082 synodus.
1706 1056 1767 1083 qua:

981 1084 1148 1113 latrocinalis
1163 1087 1304 1121 Ephesinte
1318 1088 1385 1116 Acta
1399 1090 1569 1123 emendaret,
1584 1092 1611 1119 in
1627 1093 1766 1122 Orientem

981 1137 1041 1157 cum
1068 1131 1168 1160 litteris
1196 1132 1230 1160 ad
1259 1133 1446 1162 Theodosium
1470 1136 1570 1164 direxit
1598 1138 1671 1166 viros
1685 1140 1766 1175 382

982 1176 1234 1213 ntriusquelingua:
1250 1179 1354 1213 peritos
1370 1185 1452 1215 atque
1468 1181 1619 1211 industrios
1634 1189 1764 1219 quatuor.

981 1221 1124 1256 episcopos
1144 1231 1244 1258 nempe
1266 1223 1345 1257 duos,
1373 1226 1532 1254 Abundium
1557 1227 1719 1258 Comensem
1737 1236 1766 1258 (ι

981 1265 1119 1294 Asterium
1131 1268 1312 1302 Venusinum,
1333 1271 1510 1307 presbyteros
1521 1273 1603 1300 etiam
1615 1275 1696 1308 duos,
1713 1277 1766 1303 Ba-

980 1312 1072 1339 silium
1084 1317 1111 1340 et
1124 1313 1293 1342 Senatorem.
1307 1316 1409 1344 Direxit
1419 1325 1495 1351 vero,
1508 1323 1536 1346 ut
1547 1319 1665 1348 Anatolii
1684 1321 1765 1349 ﬁdem

980 1358 1147 1393 probarent;
1164 1365 1224 1388 erat
1233 1361 1306 1388 enim
1319 1363 1418 1390 merito
1432 1367 1567 1398 suspecta,
1583 1365 1717 1400 siquidem
1732 1376 1765 1395 ex

979 1403 1159 1437 apocrisiario
1178 1405 1301 1433 Dioscori
1317 1406 1625 1444 Constantinopolitante
1637 1410 1766 1440 Ecclesia:

979 1447 1094 1475 antistes
1108 1453 1216 1476 creatus
1235 1450 1332 1478 fuerat.

1016 1492 1059 1520 IV.
1077 1492 1170 1528 Legati
1188 1495 1274 1523 Roma
1291 1497 1368 1524 missi
1395 1497 1440 1526 die
1462 1499 1495 1527 16
1514 1499 1578 1528 Julii
1599 1503 1766 1537 appulerunt

978 1534 1242 1572 Constantinopolim
1251 1540 1372 1567 nondum
1382 1541 1510 1570 defuncto
1520 1534 1675 1574 Theodosio
1683 1558 1689 1575 :
1696 1549 1765 1575 obiit

978 1581 1052 1608 enim
1067 1581 1110 1608 die
1133 1582 1168 1610 29
1198 1584 1319 1619 ejusdem
1345 1587 1610 1624 mensisznactique
1635 1592 1764 1621 Marciani

979 1625 1154 1661 imperatoris
1167 1633 1196 1655 et
1208 1629 1360 1658 Pulcheria:
1374 1632 1502 1668 Augusta:
1524 1634 1617 1664 faciles
1646 1638 1762 1670 animos.

977 1680 1031 1700 non
1045 1681 1142 1709 magno
1154 1676 1265 1711 negotio
1280 1677 1461 1706 obtinuerunt
1485 1684 1515 1706 ut
1537 1682 1679 1710 Anatolius
1703 1685 1763 1720 cpi-

977 1718 1074 1746 stolam
1098 1719 1199 1748 Leonis
1226 1721 1260 1749 ad
1279 1722 1438 1751 Flavianum
1463 1726 1608 1761 reciperet,
1627 1732 1654 1755 et
1668 1718 1762 1758 coacta

976 1764 1080 1799 synodo
1100 1766 1265 1803 ὲνδημούσῃ,
1285 1768 1320 1796 ab
1334 1770 1395 1797 aliis
1419 1775 1474 1797 tum
1500 1773 1636 1808 episcopis
1663 1775 1691 1802 in
1716 1784 1764 1803 co-

976 1809 1073 1836 mitatu
1096 1811 1302 1845 easistentibus,
1326 1818 1383 1841 tum
1417 1815 1641 1845 archimandritis
1654 1823 1683 1846 et
1700 1827 1763 1854 pre~

975 1853 1093 1890 sbyteris
1104 1855 1182 1884 urbis
1194 1857 1276 1892 regia:
1288 1859 1474 1894 recipiendam
1488 1867 1606 1890 curaret.

1009 1897 1041 1926 V.
1061 1898 1132 1932 Quin
1146 1900 1260 1936 epistola
1281 1902 1338 1930 haec
1350 1904 1468 1938 genuina
1482 1905 1527 1938 sit,
1544 1914 1624 1935 nemo
1641 1909 1762 1943 pruden-

976 1947 1018 1971 ter
1039 1944 1169 1973 dubitet:
1190 1952 1324 1975 consonat
1342 1949 1416 1976 enim
1439 1958 1501 1977 cum
1526 1951 1639 1980 historia
1658 1959 1762 1990 tempo-

974 1997 1045 2022 rum,
1072 1990 1173 2018 litteris
1198 1993 1285 2020 sancti
1305 1993 1416 2027 Leonis,
1429 1999 1457 2022 et
1470 1997 1585 2030 epistola
1603 1998 1652 2026 107
1668 1999 1759 2028 Theo-

973 2034 1072 2068 doreti,
1099 2038 1107 2047 ‘
1132 2045 1214 2072 quam
1244 2038 1288 2066 vel
1311 2039 1344 2066 ad
1369 2040 1520 2069 Romanum
1536 2043 1651 2078 clerum,
1666 2046 1708 2074 vel
1723 2048 1757 2074 ad

972 2079 1174 2109 Occidentalem
1190 2083 1281 2118 potius
1296 2085 1429 2121 synodum
1439 2087 1568 2123 scriptam
1576 2090 1660 2118 fuisse
1668 2097 1760 2120 osten-

973 2125 1069 2154 demus
1083 2127 1110 2154 in
1126 2128 1197 2156 loco.

1372 2176 1438 2205 fecit
1465 2186 1574 2208 causam
1600 2182 1737 2210 scribendi
1748 2204 1755 2214 .

971 2216 1070 2249 partim
1095 2221 1125 2243 ut
1152 2218 1281 2246 Romanae
1305 2220 1378 2247 sedis
1400 2221 1517 2257 legatum
1544 2224 1701 2254 hortaretur
1722 2229 1756 2255 ad

971 2264 1083 2287 strenue
1108 2268 1165 2288 rem
1191 2263 1352 2291 catholicam
1373 2266 1520 2300 gerendam
1536 2268 1563 2296 in
1588 2270 1656 2298 urbe
1671 2272 1757 2307 regia.

971 2304 1169 2340 sarciendaque
1196 2305 1259 2334 ﬁdei
1283 2308 1383 2336 damna
1409 2310 1438 2337 in
1459 2311 1604 2341 latrocinio
1617 2304 1757 2350 Ephesino

971 2349 1066 2382 illata;
1087 2351 1186 2383 partim
1208 2355 1235 2378 ul
1253 2361 1309 2380 sum
1325 2353 1399 2387 ﬁdei,
1414 2356 1619 2394 amicorumque
1637 2349 1756 2389 duorum

972 2393 1026 2422 ibas
1049 2399 1077 2422 et
1103 2395 1233 2430 Aquilini,
1263 2399 1449 2429 testimonium
1472 2393 1658 2433 ﬁrmissimum
1691 2415 1756 2435 san-

972 2440 1180 2477 ctissimumque
1202 2444 1358 2478 apostolicae
1383 2446 1527 2482 legationis
1538 2450 1656 2486 principi
1666 2451 1756 2481 daret.

970 2484 1033 2514 Suis
1056 2487 1130 2514 enim
1155 2488 1255 2517 litteris
1270 2491 1414 2526 epistolam
1431 2484 1580 2523 Leonisrad
1597 2484 1754 2526 Flavianum

968 2538 1016 2558 sua
1025 2532 1229 2570 amicorumque
1237 2535 1437 2572 subscriptione
1453 2540 1593 2574 probatam
1604 2542 1740 2578 subjunxi:
1748 2565 1754 2572 .

1003 2577 1058 2604 νη.
1076 2578 1113 2605 De
1130 2579 1195 2607 sede
1215 2581 1314 2608 Asterii
1340 2582 1422 2610 silent
1447 2584 1596 2619 scriptores
1613 2596 1619 2613 :
1635 2577 1686 2622 ego
1703 2587 1754 2615 't'e-

966 2622 1072 2651 nusina:
1085 2623 1212 2653 Ecclesiae
1224 2627 1363 2661 pragl‘uisse
1379 2633 1454 2663 puto.
1469 2630 1561 2666 Neque
1575 2632 1648 2659 enim
1662 2641 1677 2660 a
1688 2641 1755 2661 vero

965 2668 1084 2697 alienum
1105 2675 1157 2702 est,
1182 2672 1319 2700 Asterium
1345 2674 1420 2701 illum
1437 2675 1625 2705 admirabilem
1640 2678 1754 2706 Venusi—

965 2722 1030 2742 num
1048 2716 1081 2747 ",
1097 2717 1143 2751 qui
1161 2725 1232 2746 anno
1244 2719 1295 2746 493
1310 2719 1434 2748 interfuit
1449 2721 1616 2751 dedicationi
1628 2725 1753 2754 ecclesia

792 2777 951 2807 SCIIL'LZII
972 2779 1083 2810 ΝΟΤᾸΕ.

156 2814 179 2830 ’⁵
193 2817 256 2846 Vn].
278 2818 337 2847 Act.
354 2820 381 2847 S.
396 2820 500 2849 Sabini.

269 2867 404 2898 Pnaon.
420 2869 481 2900 Gtt.
503 2870 671 2902 LXXXIV.

1480 2888 1513 2918 Η
