1967 3047
181 102 230 136 331

729 100 914 130 GARNERII
937 100 1183 131 DISSERTATIO
1212 102 1252 131 II.

1763 102 1816 134 332

182 157 268 185 sancti
283 156 423 184 Michaelis
440 156 468 183 in
484 158 576 182 monte
588 153 722 188 Gargano,
746 153 870 180 tunctum
890 152 974 180 fuisse
989 157 1009 183 Α
1026 153 1144 181 Veritum
1173 154 1210 182 sit
1237 153 1417 181 immutabilis
1425 162 1438 186 7;
1464 153 1551 185 alter,
1576 153 1648 188 quod
1674 154 1816 182 inconlusa

181 203 318 238 legatione
333 202 420 230 sancti
436 200 537 228 Leonis
559 207 631 227 anno
647 199 710 231 450,
737 206 798 226 cum
820 203 893 226 esset
912 199 971 233 cpi-

183 255 282 282 scopus
294 247 349 282 jam
365 246 428 273 inde
439 253 454 273 a
467 249 587 280 quatuor
601 248 649 271 aut
662 244 783 278 quinque
796 244 885 271 annis.
905 244 972 271 Inde

182 293 256 319 enim
272 292 298 319 id
313 299 397 319 unum
414 298 587 325 consequens
602 289 666 322 erit,
683 293 713 316 ut
736 290 839 316 obiisse
864 289 973 317 dicatur

182 337 385 372 octogenarius,
403 341 449 364 aut
464 336 546 371 paulo
559 336 656 371 major,
674 335 871 370 praefuisscque
887 343 974 362 annos

183 384 217 410 45
240 383 367 410 circiter:
392 382 465 417 quod
491 390 581 417 neque
603 381 735 414 insolens,
751 389 840 416 neque
856 382 974 409 incredi—

183 429 247 456 bile.

218 474 284 502 Vlll.
302 474 396 509 Neque
408 482 474 502 vero
484 473 585 506 obstat,
603 474 677 508 quod
693 473 823 505 Joannes.
842 473 870 500 in
895 474 975 509 cujus

183 520 275 547 sedem
296 520 419 547 Asterius
442 520 608 546 successisse
633 519 732 551 fertur,
748 519 848 546 vixisse
867 519 974 546 dicatur

183 565 234 592 sub
257 565 349 592 Leone
372 565 393 597 l,
419 572 492 592 anno
515 565 581 597 445,
602 565 743 600 multaque
756 572 804 599 per
824 564 851 591 id
867 568 974 599 tempus

182 611 310 646 praeclare
336 612 434 645 egisse,
456 614 487 637 ut
510 609 584 644 quod
607 610 698 637 Attila:
725 610 874 636 Venusiam
888 617 975 644 oppu-

182 657 276 692 gnanti
291 657 443 683 occurrerit
460 664 523 683 cum
541 656 615 683 clero
629 660 656 683 et
676 663 769 687 cruce,
786 655 975 690 impetumque

184 702 292 729 barbari
319 702 500 736 represserit,
525 701 562 728 ita
590 705 620 728 ut
644 701 805 729 barbaricus
827 701 974 732 exercitus,

183 748 240 775 visa
254 747 287 774 de
300 747 370 775 curto
382 747 505 782 Deiparm
518 747 646 782 imagine,
661 755 690 774 re
705 747 805 774 infecta
819 746 974 774 recesserit.

183 793 250 820 Nam
269 798 451 828 praeterquam
472 793 546 828 quod
562 793 646 821 Attila
664 793 814 821 Venusium
834 801 974 828 nunquam

184 838 339 870 recesserit,
351 845 466 872 quaeque
479 842 626 865 narrantur
644 838 677 865 de
689 838 794 866 Joanne
809 838 862 873 ipsi
874 846 972 865 occur-

184 889 271 913 rente.
298 892 353 911 non
381 883 528 911 admodum
542 887 668 911 constant
682 892 688 910 :
702 883 792 918 potuit
806 888 880 911 certe
893 884 973 911 Aste—

184 929 241 955 rius
265 928 378 956 Joaunis
402 928 429 955 in
452 928 543 955 locum
557 928 718 959 succedere,
734 935 767 955 eo
783 929 914 963 temporis
929 929 973 956 in-

184 973 308 1005 tervallo,
331 973 405 1008 quod
428 974 463 1000 ab
487 980 561 1000 anno
582 973 634 1000 445
649 973 681 1000 ad
698 973 750 1000 450
760 973 873 1005 ellluxit,
892 977 923 1000 ut
939 981 973 1000 ex

183 1019 265 1046 dictis
278 1023 405 1054 apertum
423 1023 475 1046 est.

218 1064 264 1091 lx.
282 1065 368 1099 Digna
380 1069 515 1099 suntquae
527 1064 707 1091 observentur
717 1063 780 1091 ista.
789 1064 904 1092 LNora:
916 1064 971 1091 ha:-

182 1110 253 1137 resis
269 1110 381 1138 nomine
404 1110 485 1145 383
512 1117 526 1137 a
554 1109 729 1137 'l'heodoreto
757 1117 818 1138 eam
844 1109 970 1145 intelligi,

181 1164 263 1191 quam
289 1156 391 1192 Cyrillo
416 1157 527 1191 quidem
541 1155 685 1191 aﬂingebat
698 1176 706 1188 ,
729 1156 819 1190 reipsa
836 1164 901 1184 vero
915 1157 971 1183 Eu-

182 1202 277 1237 tyches
294 1202 432 1229 tuebatur.
447 1202 474 1228 ‘2.
487 1201 626 1234 Quantum
640 1202 776 1229 tribueret
786 1201 886 1229 litteris
898 1210 972 1229 sum—

180 1255 288 1274 morum
313 1247 474 1281 pontiﬁcum
493 1247 521 1273 in
539 1254 620 1274 causa
644 1247 706 1273 tidei
724 1255 730 1273 :
756 1247 873 1280 loquens
895 1247 970 1274 enim

180 1293 215 1320 de
229 1292 345 1326 epistola
363 1292 450 1319 sancti
467 1291 568 1318 Leonis
582 1292 616 1318 ad
633 1292 791 1319 Flavianum
805 1292 863 1320 [nec
876 1292 968 1320 habet:

185 1336 256 1363 uCui
274 1336 355 1363 etiam
384 1336 545 1370 subscripsi,
568 1340 596 1363 et
621 1343 652 1363 ex
674 1337 726 1363 hoc
747 1337 872 1371 probavi,
897 1338 969 1372 quod

180 1382 288 1417 regulas
298 1381 470 1415 apostolicus,
483 1382 536 1408 hoc
547 1386 589 1408 est
604 1390 668 1408 vera
682 1381 819 1416 dogmata,
832 1390 944 1417 sequor.
956 1392 965 1407 ι

179 1426 206 1453 ὅ.
223 1425 309 1458 Quam
321 1425 429 1452 sincere
441 1425 574 1452 fateretur
588 1425 650 1452 ﬁdei
671 1426 826 1452 columnam
848 1427 886 1453 ita
909 1434 969 1454 esse

179 1471 251 1506 apud
272 1470 470 1503 Occidentales,
501 1475 555 1498 «ut
577 1479 612 1498 ex
637 1470 671 1499 iis
704 1471 786 1498 etiam
815 1471 968 1499 Orientales

179 1521 358 1544 sacrosancta:
368 1516 498 1544 Ecclesiaa
509 1523 602 1543 veram
614 1515 770 1544 custodiant
778 1517 964 1553 religionem.»

477 1581 591 1610 CAPUT
614 1582 658 1610 VI.

212 1637 337 1664 Recensio
347 1636 464 1672 Operam
473 1657 480 1669 ,
493 1645 555 1677 quat.
568 1641 637 1664 torno
664 1637 701 1665 IV
717 1638 780 1665 edit.
798 1638 934 1667 Sirmondi

485 1676 662 1700 continentur.

213 1731 316 1758 Tomus
335 1735 451 1766 quartus
470 1731 663 1766 complectitur
677 1731 812 1759 Eranista:
824 1740 871 1759 seu
884 1732 967 1768 Poly-

180 1777 282 1812 morphi
300 1777 386 1804 libros
407 1781 535 1811 quatuor,
549 1775 741 1804 ercticarum
763 1777 914 1812 fabularum
934 1778 967 1805 Ιί-

179 1823 242 1850 bres
254 1821 375 1857 quinque
388 1842 395 1854 ,
410 1821 448 1848 De
462 1821 630 1849 Providentia
644 1830 787 1850 sermones
803 1823 897 1851 decem
910 1844 917 1856 ,
930 1824 967 1851 De

179 1869 337 1896 Gra‘canicis
361 1869 537 1904 affectionibus
563 1869 686 1896 curandis
705 1869 789 1896 libros
809 1870 965 1903 duodecim,

179 1919 207 1941 et
221 1913 418 1949 Appendiccm.

333 1968 347 2003 ᾗ
360 1968 380 1995 l.
397 1968 534 1995 Eranistes
547 1977 592 1995 seu
609 1969 810 2006 Polymorphus.

214 2025 233 2052 Ι.
248 2025 384 2052 Eranistes
401 2034 448 2053 seu
463 2026 653 2061 Polymorphus
673 2025 750 2052 libris
765 2030 883 2060 quatuor
899 2034 967 2054 cnn-

178 2070 292 2101 tinetur,
308 2078 427 2104 quorum
449 2074 505 2097 tres
530 2071 637 2105 priores
656 2070 756 2105 dialogi
779 2071 894 2098 formam
917 2071 967 2099 ha-

177 2115 254 2142 bent.
266 2115 386 2148 Quartus
400 2116 563 2143 inscribitur
577 2116 781 2144 Demonstratio
806 2125 856 2151 per
882 2118 965 2153 syllo-

1025 199 1106 232 unio;
1122 200 1229 231 tertius,
1243 199 1316 234 quod
1330 199 1403 226 Deus
1421 198 1592 234 impatibilis.
1606 199 1721 227 Accedit
1732 207 1816 235 quai-

1025 249 1080 277 tus,
1101 245 1129 272 in
1149 252 1204 280 quo
1217 245 1380 280 syllogismis
1392 245 1450 272 haec
1466 245 1561 271 eadem
1574 249 1715 279 urgentur.
1734 255 1743 271 ν

1061 291 1107 318 Ill.
1127 291 1252 318 Meminit
1271 291 1353 318 etiam
1368 290 1540 325 Nicephorus
1553 290 1601 316 lib.
1620 298 1679 322 xw,
1695 298 1755 326 cap.
1770 291 1815 324 54,

1025 335 1074 362 ubi
1100 340 1246 371 postquam
1272 335 1412 362 recensuit
1435 335 1513 370 plura
1536 335 1555 361 Τ
1559 335 1701 362 hcodoreti
1721 345 1815 371 opera,

1025 382 1208 409 enumerandi
1222 382 1303 409 tinem
1319 381 1383 408 facit
1401 381 1444 408 his
1460 381 1572 408 verbis:
1595 390 1603 405 ι
1622 381 1695 408 Libri
1707 381 1767 409 "tres
1782 382 1817 409 de

1025 427 1130 455 divinis
1143 427 1316 463 dogmatibus
1330 427 1356 454 in
1370 427 1475 462 dialogo
1494 427 1652 467 conscripti.
1670 427 1733 462 Legi
1747 435 1816 462 pne-

1025 477 1100 501 terea
1113 481 1195 508 supra
1220 474 1385 509 quingentas
1404 474 1464 508 ejus
1484 474 1626 508 epistolas,
1641 473 1736 501 Graeco
1756 481 1815 500 scr-

1024 525 1106 545 mone
1117 517 1219 552 optime
1232 518 1397 552 compositas
1407 517 1439 544 “.
1459 527 1469 543 ι

1061 563 1106 591 IV.
1120 563 1244 590 Meminit
1257 562 1447 591 Theodoretus
1463 563 1571 590 duobus
1584 563 1610 590 in
1625 564 1702 596 locis,
1718 572 1817 599 nempe

1025 609 1140 644 epistola
1164 609 1197 636 16
1218 609 1251 636 ad
1270 609 1402 637 Irenzcum
1415 629 1422 641 ,
1441 609 1489 636 ubi
1511 609 1645 637 rationem
1665 610 1754 642 atl‘ert,
1767 618 1816 637 cur

1025 654 1099 682 inter
1120 654 1311 689 subjungenda
1334 654 1451 689 singulis
1474 654 1590 690 dialogis
1610 655 1721 682 Patrum
1739 656 1815 683 testi-

1025 699 1129 732 monia,
1152 707 1242 734 neque
1261 699 1373 727 Diodori
1395 700 1549 733 Tarsensis,
1567 709 1656 736 neque
1679 701 1816 729 Theodori

1026 745 1211 780 Mopsuestcni
1232 745 1400 773 mentionem
1428 746 1557 780 fecisset;
1587 753 1615 774 ct
1640 748 1756 782 epistola
1782 748 1817 775 83

1026 791 1061 818 ad
1074 791 1235 818 Dioscorum
1260 791 1433 819 Alexandria
1459 793 1620 825 antistitem,
1647 801 1708 820 cum
1738 802 1815 821 suam

1025 836 1110 864 vellet
1133 837 1338 864 observantiam
1368 845 1433 873 erga
1463 838 1647 873 Theophilum
1679 844 1706 866 et
1726 840 1814 875 Cyril-

1024 881 1099 914 lum,
1122 882 1245 909 Dioscori
1274 890 1465 917 praecessores,
1494 884 1600 917 testari,
1626 885 1684 913 haec
1709 885 1813 913 habet:

1024 927 1086 954 Ὅτι
1101 928 1129 954 δὲ
1145 928 1191 955 καὶ
1207 929 1263 960 τοῖς
1286 929 1340 956 τῶν
1366 929 1510 965 μακαρίων
1537 931 1666 966 Θεοφίλου
1694 932 1741 958 καὶ
1757 933 1813 958 Κυ-

1025 973 1114 1009 ρελλου
1141 974 1340 1010 συγγράμμασι
1368 975 1543 1010 κεχρημένοι,
1570 976 1633 1007 τοὺς
1663 976 1814 1011 ἀντιλέγειν

1021 1017 1178 1053 τολμῶντας
1189 1018 1400 1053 ὲπιστομίζομεν
1409 1019 1519 1052 ³¹,αὑτὰ
1530 1022 1663 1055 μαρτυρεῖ
1676 1021 1709 1047 τὰ
1722 1021 1812 1056 γράμ-

1024 1069 1097 1095 ματα
1107 1069 1113 1075 ·
1128 1062 1192 1093 τοὺς
1200 1062 1254 1096 γὰρ
1269 1063 1319 1098 τῆς
1329 1064 1496 1098 Δεσποτικῆς
1513 1064 1612 1100 σαρκὸς
1627 1066 1674 1091 καὶ
1688 1065 1736 1100 τῆς
1753 1066 1813 1092 θεό-

1020 1114 1102 1141 τητος
1121 1107 1169 1141 τὴν
1182 1107 1315 1143 διαφορὰν
1329 1109 1524 1144 ἀρνουμένους,
1548 1110 1594 1137 καὶ
1616 1112 1681 1137 ποτὲ
1697 1111 1746 1146 μὲν
1762 1113 1813 1147 τὴν

1022 1152 1096 1178 θείαν
1111 1153 1192 1187 φύσιν
1206 1155 1244 1185 εἰς
1261 1154 1351 1189 σάρκα
1370 1155 1520 1190 τετράφθαι
1544 1155 1681 1189 λέγοντας,
1706 1158 1770 1184 ποτὲ
1782 1158 1810 1184 δὲ

1021 1199 1071 1234 τὴν
1088 1199 1177 1234 σάρκα
1192 1201 1232 1231 εἰς
1252 1200 1380 1235 θεότητος
1402 1201 1621 1238 μεταϐεϐλῆσθαι
1643 1203 1734 1237 φύσιν,
1755 1205 1810 1235 τοῖς

1022 1244 1073 1270 τῶν
1101 1243 1260 1280 θαυμασίων
1293 1245 1395 1272 τούτων
1418 1247 1522 1282 ἀνδρῶν
1551 1249 1707 1283 φαρμάκοις
1731 1249 1810 1285 θερα-

1021 1288 1113 1315 πεύειν
1128 1288 1334 1324 αι’·ιῖουδόιζομεν⁵
1366 1290 1458 1325 σαφῶς
1481 1291 1536 1327 γὰρ
1562 1293 1609 1318 καὶ
1631 1293 1685 1319 τῶν
1701 1293 1747 1320 δύο
1761 1294 1810 1328 φύ-

1021 1341 1089 1359 σεων
1122 1334 1196 1368 ἡμᾶς
1225 1335 1274 1369 τὴν
1304 1335 1436 1370 διαφορὰν
1471 1336 1676 1369 ἑκπαιδεύουσι,
1706 1338 1752 1364 καὶ
1780 1339 1813 1365 τὸ

1019 1378 1153 1414 ἄτρεπτον
1177 1379 1226 1414 τῆς
1253 1379 1327 1411 θείας
1353 1380 1518 1415 κηρύττουσι
1542 1381 1666 1416 φύσεως,
1689 1384 1736 1409 καὶ
1759 1384 1809 1419 τὴν

1018 1426 1186 1461 Δεσποτικὴν
1199 1427 1288 1462 σάρκα
1300 1427 1375 1454 θείαν
1387 1429 1436 1463 μὲν
1447 1429 1628 1456 ἀποκαλοῦσιν
1639 1431 1675 1462 ὡς
1685 1431 1731 1457 τοῦ
1741 1431 1809 1458 Θεοῦ

982 1490 1002 1517 C
1021 1471 1108 1504 Λόγου
1125 1471 1214 1506 σάρκα
1228 1473 1425 1508 γεγενημένην,
1441 1473 1472 1499 τὸ
1487 1474 1514 1500 δὲ
1529 1474 1569 1505 εἰς
1584 1474 1710 1510 θεότητος
1724 1477 1810 1511 αὐτὴν

1021 1516 1240 1551 μεταϐεϐλῆσθαι
1257 1517 1347 1551 φύσιν,
1361 1519 1398 1550 ὡς
1413 1519 1510 1551 ἀσεϐὲς
1525 1520 1761 1555 ἀποκηρύττουσιν
1774 1523 1808 1549 ³⁸.

1018 1561 1095 1594 Quod
1106 1570 1165 1589 vero
1179 1562 1316 1590 beatorum
1329 1572 1430 1599 quoque
1443 1564 1575 1600 Theophili
1593 1570 1617 1592 et
1636 1565 1729 1602 Cyrilli
1741 1569 1808 1594 scri—

1018 1608 1070 1643 ptis
1091 1613 1209 1641 utamur,
1230 1610 1264 1636 ad
1290 1610 1466 1636 retundendus
1489 1611 1606 1638 homines
1631 1614 1808 1640 contradicere

1018 1661 1114 1685 ausos,
1132 1653 1191 1680 libri
1210 1655 1261 1688 ipsi
1284 1658 1424 1681 testantur.
1442 1655 1494 1682 Eos
1516 1656 1584 1682 enim
1606 1657 1651 1691 qui
1664 1657 1808 1685 Dominicar

1017 1700 1105 1726 carnis
1127 1708 1158 1726 ac
1178 1699 1283 1726 deitutia‘
1302 1701 1478 1735 differentiam
1497 1709 1604 1736 negant,
1622 1706 1646 1728 et
1662 1711 1732 1729 nunc
1751 1705 1809 1739 qui-

1017 1745 1076 1771 dem
1092 1745 1208 1772 divinam
1226 1750 1353 1772 naturam
1369 1747 1396 1772 in
1416 1754 1522 1772 carnem
1539 1747 1616 1773 aiunt
1630 1755 1684 1774 esse
1698 1757 1807 1776 conver-

1016 1799 1084 1822 sam,
1101 1799 1170 1817 nunc
1180 1799 1239 1818 vero
1255 1799 1361 1818 carnem
1377 1792 1404 1817 in
1419 1791 1563 1818 divinitatis
1581 1798 1707 1821 naturam
1716 1800 1806 1822 trans-

1016 1837 1076 1862 iisse
1086 1857 1092 1868 ,
1124 1837 1342 1864 admirandorum
1357 1837 1468 1864 Patrum
1483 1838 1594 1865 istorum
1613 1840 1807 1868 medicamentis

1016 1890 1111 1908 curare
1130 1884 1249 1909 nitimur.
1264 1883 1362 1918 Aperte
1374 1884 1503 1919 siquidem
1522 1890 1546 1911 et
1562 1885 1676 1913 duarum
1692 1891 1806 1914 natura-

1017 1936 1076 1954 rum
1090 1928 1230 1955 discrimen
1245 1938 1291 1956 nos
1306 1930 1407 1961 docent.
1423 1936 1448 1957 ct
1458 1933 1699 1960 immutabilitatem
1711 1934 1806 1960 divina:

1017 1978 1121 2002 natura
1139 1976 1300 2010 pra-dicant,
1324 1980 1349 2002 et
1367 1977 1533 2005 Dominicam
1556 1987 1662 2006 carnem
1689 1980 1805 2006 divinam

1017 2021 1120 2056 quidem
1136 2026 1240 2054 vocant,
1257 2026 1387 2058 tanquam
1405 2024 1453 2051 Dei
1471 2025 1545 2052 Verbi
1563 2034 1669 2052 carnnn
1685 2026 1804 2061 factam:

1016 2067 1091 2094 illam
1105 2072 1194 2095 autem
1209 2069 1236 2095 in
1251 2069 1396 2097 divinitatis
1405 2079 1556 2098 tonwrsant
1568 2071 1648 2106 fuisse
1667 2076 1804 2104 naturam,

1017 2111 1086 2139 velut
1101 2114 1211 2148 impium
1223 2114 1354 2149 reﬁciunt.

176 2159 296 2194 gismos;
323 2168 384 2194 qua:
403 2161 477 2187 enim
502 2159 530 2187 in
542 2160 658 2195 dialogis
683 2160 771 2187 fusius
791 2165 819 2188 ct
844 2163 964 2190 oratorie

1052 2167 1134 2204 384.
1154 2169 1185 2196 ν.
1206 2169 1247 2196 Ad
1268 2169 1339 2198 hanc
1359 2175 1503 2207 utramque
1520 2172 1684 2200 Theodoreti
1703 2173 1804 2208 episto-

176 2204 314 2239 disputata
334 2210 399 2233 sunt
423 2206 456 2233 de
477 2206 701 2234 immutabilitate
723 2207 823 2240 Verbi,
839 2209 964 2237 inconfu-

176 2251 254 2278 sioue
266 2255 438 2282 naturarum,
452 2255 480 2279 et
496 2252 714 2287 impassibilitnte
729 2253 828 2280 divina:
846 2258 961 2287 natum,

174 2303 207 2322 ea
221 2296 422 2324 contrahuntur
433 2297 461 2324 in
473 2297 653 2333 syllogismos,
665 2303 694 2325 ut
704 2299 746 2325 vis
757 2303 784 2326 et
796 2301 915 2334 apertior
928 2302 963 2329 sit

173 2344 201 2368 et
213 2340 358 2368 etiicacior.

209 2386 242 2414 ll.
258 2386 380 2414 Meminit
397 2387 510 2425 hujusce
522 2389 613 2423 operis
624 2389 738 2418 Photius
749 2391 844 2419 codice
855 2391 900 2425 46,
912 2392 960 2421 ubi

174 2439 236 2459 cum
252 2432 285 2459 de
297 2433 392 2467 viginti
405 2437 433 2460 ct
445 2438 548 2468 septem
563 2435 642 2462 libris
653 2455 659 2467 ,
678 2444 748 2470 quos
762 2445 857 2464 omnes
868 2437 958 2465 Theo-

174 2477 271 2504 doreto
285 2478 391 2510 tribuit,
410 2479 547 2514 sigillati":
562 2480 716 2513 dixisset“,
734 2482 912 2511 additadhuc
930 2483 958 2511 in

173 2523 269 2549 eodem
282 2524 420 2551 volumine
433 2525 493 2558 ipso
507 2524 559 2559 legi
575 2529 629 2553 tres
640 2527 762 2561 ejusdem
777 2528 863 2555 libros
877 2537 960 2564 supc-

174 2568 293 2596 rioribus
312 2570 439 2604 majores.
460 2579 469 2595 ‹
489 2570 610 2598 Titulum
633 2572 781 2606 praeferunt
809 2574 958 2608 Ermn‘stes,

173 2621 221 2641 seu
236 2613 428 2649 Polymorphus
442 2623 451 2642 :
467 2615 566 2642 borum
582 2617 686 2651 primus
703 2618 782 2646 docet
796 2620 869 2654 quod
887 2621 960 2649 Deus

1015 2212 1070 2239 iam
1084 2221 1174 2248 opera:
1190 2214 1309 2248 pretium
1327 2220 1370 2243 est
1387 2217 1550 2245 observare:
1567 2218 1592 2244 l“
1604 2219 1681 2248 Eam.
1695 2227 1755 2253 qua.-
1768 2218 1803 2245 ad

1016 2259 1150 2286 Irenaeum
1175 2259 1346 2294 inscribitur,
1369 2263 1499 2298 scriptam
1523 2272 1583 2291 e550
1600 2265 1622 2281 ³⁸
1647 2273 1719 2291 anno
1738 2265 1801 2297 449,

1017 2304 1069 2331 sub
1084 2304 1166 2332 ﬁnem
1180 2305 1292 2340 Aprilis,
1307 2314 1361 2341 quo
1376 2311 1498 2341 tempore
1515 2308 1687 2335 Antiochiam
1709 2316 1802 2343 perve-

1014 2354 1091 2376 nerat
1105 2347 1188 2376 Sacra
1203 2350 1350 2378 Theodosii
1365 2351 1398 2378 ad
1417 2352 1530 2380 alteram
1542 2353 1673 2388 synodum
1690 2353 1802 2388 Ephesi-

1013 2401 1077 2421 nam
1100 2395 1288 2429 metropolitas
1315 2397 1475 2430 evocantis,
1504 2398 1638 2433 siquidem
1669 2399 1802 2427 Constan-

1012 2441 1128 2475 tinopoli
1159 2441 1221 2468 data
1252 2442 1352 2477 legitur
1384 2451 1411 2471 ni
1439 2444 1551 2471 Calend.
1582 2447 1590 2455 '
1624 2445 1710 2479 April.
1740 2451 1802 2480 post

1013 2487 1185 2513 consulatum
1199 2487 1316 2515 Zenonis
1331 2493 1358 2515 et
1378 2489 1577 2517 Posthumiaui.
1591 2490 1618 2516 2°
1633 2490 1673 2517 Ad
1690 2490 1801 2517 Diosco-

1017 2540 1077 2558 rum
1089 2541 1104 2559 a
1118 2532 1294 2560 Thcodoreto
1309 2534 1420 2561 missam
1441 2542 1501 2562 esse
1524 2536 1665 2570 epistolam
1677 2536 1709 2564 ³⁵.
1729 2544 1800 2563 anno

1014 2577 1066 2604 MS
1094 2586 1148 2605 non
1176 2578 1321 2606 admodum
1352 2580 1466 2612 atl‘ccto,
1488 2584 1633 2615 antequam
1655 2581 1760 2609 scilicet
1784 2590 1800 2609 ιι

1013 2623 1144 2651 Dioscoro
1156 2624 1183 2651 in
1193 2624 1314 2652 Ecclesia
1322 2626 1503 2654 Alexandrina
1512 2627 1619 2662 publico
1628 2628 1800 2655 anathemate

843 2697 1002 2726 SCHULZH
1019 2699 1134 2727 NOT/E.

207 2771 229 2786 ⁸ο
242 2770 303 2798 Vid.
316 2779 407 2805 supra,
425 2778 451 2806 p.
469 2770 532 2798 258.
570 2771 591 2787 ³¹
605 2771 666 2799 Vid.
684 2772 750 2800 ibid.

839 2775 965 2817 ξπιστομ.

1022 2777 1148 2817 it_._prior
1160 2779 1345 2817 pra-mittebat
1361 2781 1405 2817 καὶ
1417 2781 1460 2807 διὰ
1478 2781 1573 2816 τούτῳ,
1591 2791 1653 2817 qua:
1680 2783 1797 2811 delenda

170 2804 291 2834 fuerunt.
330 2804 432 2834 “’Editﬁ
450 2806 526 2842 prior
541 2806 724 2842 ἀπεκήρυξπν.
766 2809 786 2825 ¹²
800 2809 860 2838 Vid.
876 2804 968 2845 supra,

1022 2804 1083 2840 514'.
1123 2813 1144 2828 η
1160 2804 1221 2841 'Vid.
1233 2804 1593 2851 sub};essetsunt"..
