1967 3047
183 135 235 166 333

763 138 811 167 DE
829 137 956 168 LIBRIS
971 136 1224 170 THEODORETI.

1754 147 1805 179 3TH

179 192 393 226 percellcretur',
411 195 552 228 perculsus
566 203 632 223 vero
643 200 683 223 est
699 203 771 225 anno
780 196 967 230 priore,quam
985 197 1006 224 Δ
1055 197 1080 223 Ι.
1096 197 1206 227 Sanctio
1228 200 1303 235 prior
1322 202 1394 229 edita
1409 207 1450 230 est
1463 211 1535 231 anno
1552 205 1612 237 447.
1634 213 1696 234 nam
1712 206 1804 235 edicto

181 238 351 272 Ephesinum
375 239 549 268 latmcinium
571 241 668 274 coiret,
691 247 720 270 ut
732 250 765 269 ex
784 243 898 277 epistola
917 243 968 270 H5

177 283 326 318 colligitur.
342 284 370 311 5°
383 284 550 312 Mcntionem
565 286 625 314 fieri
643 288 775 316 Eranistaa
788 289 863 315 velut
875 289 967 323 operis

178 329 343 364 pervulgati,
361 334 388 356 et
405 330 462 365 jam
482 331 540 358 noti
560 331 588 358 in
601 331 733 368 Egypto;
750 333 884 369 divulgari
901 342 967 361 vero

177 374 224 408 qui
239 375 338 409 potuit,
349 375 416 402 etin
429 376 566 411 regionem
580 377 648 405 adeo
662 383 793 406 remotam
809 379 964 413 pervenire,

177 420 230 446 nisi
248 425 311 447 ante
324 420 429 456 aliquot
450 429 546 455 annos,
560 423 630 451 duos
643 428 689 450 aut
705 428 770 456 tres,
783 425 965 459 compositum

176 468 258 498 atque
275 464 379 491 editum
391 465 509 493 fuisset?
524 467 589 494 Inde
599 475 665 494 vero
679 468 823 500 concludo,
838 477 893 495 non
912 469 964 495 im-

176 510 274 537 merito
286 511 375 538 videri
391 520 471 546 posse
488 513 608 550 cuipiam
625 514 725 541 mirum
741 515 798 541 sive
819 515 963 547 Gennadii,

175 556 232 583 sive
246 557 363 584 aliorum
383 558 529 592 judicium,
549 559 596 594 qui
609 567 678 594 opus
691 568 705 587 a
720 558 893 588 Theodoretn
906 561 965 588 lau-

174 604 279 635 datum,
299 612 362 631 cum
386 605 517 633 Dioscoro
540 606 647 634 litteras
662 607 849 634 excusatorias
873 606 962 638 daret,

174 649 355 676 crediderunt
380 650 513 679 adversus
538 651 687 686 ipsummct
712 652 872 680 Dioscorum
897 653 963 680 scri-

174 698 250 728 ptum
268 702 339 722 esse.
353 695 400 723 Nae
410 696 602 725 'l‘hcodoretus
613 698 767 726 fuissetaut
782 699 963 734 impudentis-

171 739 257 767 simus
268 740 420 773 hominum,
437 742 484 776 qui
497 744 648 770 secundum
663 752 677 770 a
695 744 817 772 Romano
834 745 962 772 Ecclesiae

171 785 323 813 antistitem
343 792 518 822 provocasset
532 788 565 815 ad
585 789 729 824 legendum
743 798 822 825 opus,
842 799 896 826 quo
908 795 961 818 tra-

171 829 320 858 duceretur
341 831 458 860 ridicula
470 833 552 869 385
569 834 620 861 sub
638 842 768 869 persona;
794 840 842 863 aut
865 836 960 863 incon-

1017 247 1163 275 przetorum
1185 246 1326 280 proposito
1346 256 1354 272 ‹
1379 247 1449 275 lecta
1469 254 1510 276 est
1526 249 1552 276 in
1575 251 1691 279 ecclesia
1706 259 1801 279 meum

1016 287 1131 314 chorum
1147 289 1174 316 in
1188 290 1304 318 desertis
1317 292 1475 327 degentium
1489 295 1534 322 die
1551 294 1587 323 25
1600 297 1703 324 mensis
1716 298 1801 326 Phar-

1017 333 1114 365 muthi,
1129 334 1279 364 indictione
1293 337 1317 370 1,
1334 345 1406 366 anno
1420 339 1580 368 Diocletiani
1593 342 1661 375 MA;
1677 352 1688 369 ι
1703 343 1730 371 id
1748 349 1800 376 est,

1015 377 1060 404 die
1076 378 1183 407 decima
1204 385 1299 409 octava
1322 383 1424 418 Aprilis
1447 385 1511 413 anni
1532 386 1601 419 448,
1626 395 1689 415 cum
1714 390 1800 416 eremi

1015 422 1135 450 cultores
1163 426 1356 455 convenissent
1387 428 1421 456 ad
1454 430 1650 458 celebrandum
1679 432 1800 465 Pascha,

1014 475 1132 503 moxque
1152 469 1287 499 absolutis
1304 471 1380 501 festis
1396 479 1459 508 post
1477 475 1540 503 νέαν
1554 478 1690 514 κυριακὴν
1703 480 1737 506 ad
1751 487 1800 507 sna

1015 520 1044 539 se
1059 513 1118 540 loca
1135 514 1234 550 singuli
1252 518 1388 551 recepturi
1408 518 1509 547 forent.
1527 521 1586 549 Non
1602 513 1692 557 potuit
1707 529 1799 552 autem

1015 558 1043 585 in
1068 559 1238 587 Palaestinam
1268 561 1521 599 Constantinopoli,
1551 571 1632 602 atque
1662 569 1745 597 etiam
1769 570 1797 598 in

1013 603 1121 639 (Egypti
1141 605 1248 634 deserta
1269 607 1370 635 deferri
1391 611 1511 643 sanctio,
1529 612 1594 646 quiti
1612 613 1716 649 aliquot
1735 623 1799 642 ante

1013 657 1122 677 menses
1136 650 1198 678 data
1215 651 1260 684 sit,
1285 657 1368 688 atque
1390 654 1460 682 adeo
1483 656 1534 683 sub
1553 656 1635 685 finem
1650 659 1714 686 anni
1734 661 1796 692 447,

1012 695 1153 723 Deccmbri
1169 705 1273 730 mense,
1285 703 1315 726 ut
1329 700 1437 734 opinor,
1451 703 1588 730 autetiam
1597 704 1760 733 Novembri:
1773 707 1796 734 si

1012 741 1086 768 enim
1108 743 1189 771 citius
1204 743 1301 772 fuisset
1321 745 1395 778 data,
1416 747 1550 781 potuisset
1564 749 1617 784 legi
1638 750 1665 777 in
1681 751 1795 779 ecclesia

1012 787 1208 815 monachorum
1225 785 1449 819 convenientium
1469 792 1503 819 ad
1518 793 1681 822 celebranda
1694 795 1795 823 Christi

1011 831 1079 859 festa
1098 833 1181 868 386
1195 834 1328 863 natalitia.
1342 836 1424 864 Lecta
1441 845 1523 872 porro
1535 843 1578 866 est
1593 839 1640 875 νέᾳ
1653 844 1770 878 κυριακῇ
1789 853 1794 869 :

170 876 348 910 mitissimus,
374 878 420 913 qui
442 887 560 914 purgare
579 888 608 907 se
636 882 765 909 voluisset
787 882 859 917 apud
883 890 957 914 eum,
975 870 996 898 Β
1011 885 1072 903 nam
1088 885 1160 905 anno
1172 879 1234 912 448,
1249 880 1354 909 Pascha
1366 870 1463 909 incidit
1474 883 1500 910 in
1514 883 1586 912 diem
1600 870 1632 912 ff
1644 870 1796 921 Api-ilis,”et

169 929 251 956 quem
264 922 321 958 ipse
333 929 490 957 accusaret;
504 929 550 952 aut
565 927 779 959 amentissimus,
796 928 842 962 qui
863 929 958 955 amici—

170 967 234 994 tiam
246 969 405 1004 expetiissct
418 969 548 1003 hominis,
564 979 644 1006 quem
659 972 824 1001 ludificatur.

203 1014 248 1041 Vl.
270 1014 292 1042 Α
313 1015 423 1042 nemine
444 1020 567 1043 veterum
587 1025 656 1052 opus
678 1018 730 1045 hoc
749 1019 803 1045 ulla
825 1019 957 1054 peculiari

168 1058 250 1086 laude
263 1059 390 1091 afficitur,
407 1061 534 1095 quamvis
553 1069 567 1088 a
590 1062 754 1096 quibusdam
778 1069 955 1097 memoretur,

167 1105 243 1132 velut
271 1114 286 1132 a
306 1105 404 1133 Photio
425 1110 453 1134 et
474 1107 647 1142 Nicephoro:
666 1109 739 1143 quod
755 1109 814 1137 sine
834 1110 957 1138 animad-

167 1150 295 1178 versione
311 1152 445 1186 praeteriri
465 1160 519 1180 non
539 1153 632 1185 debet,
646 1155 799 1189 praesertim
812 1163 874 1182 cum
889 1163 955 1190 pro-

166 1196 227 1223 fusa
252 1197 287 1225 sit
309 1197 430 1232 alioquin
455 1199 600 1234 utriusque
623 1201 745 1228 auctoris
766 1201 793 1227 in
818 1201 955 1229 laudando

165 1241 343 1270 Thcodoreto
363 1243 560 1271 incontinentia
577 1253 583 1271 :
602 1245 702 1272 librum
720 1247 954 1281 appellattantum

165 1287 356 1324 Nicephorus,
372 1289 488 1316 Photius
503 1290 578 1317 aliud
596 1291 664 1318 nihil
678 1291 782 1324 laudat,
797 1301 878 1327 quam
894 1301 955 1328 quae

165 1333 280 1368 reliquis
293 1334 421 1362 omnibus
434 1335 565 1370 operibus
584 1338 722 1369 con‘enit,
743 1339 877 1366 sermonis
889 1347 953 1373 per-

163 1379 338 1413 spicuitatem
351 1384 378 1407 et
390 1381 549 1416 puritatem.

200 1423 255 1451 VII.
271 1424 331 1451 Non
345 1426 426 1453 modo
438 1434 493 1454 non
508 1427 656 1455 laudarunt
668 1433 785 1460 veteres,
801 1429 849 1457 sed
869 1430 952 1458 etiam

163 1470 276 1497 nomine
297 1470 409 1499 haeresis
434 1477 591 1507 suspectum
613 1474 792 1502 habuerunt:
814 1483 895 1510 quam
917 1476 952 1503 ob

162 1523 274 1543 causam
286 1516 307 1531 ³⁸
322 1515 439 1544 flammis
454 1518 594 1546 addictum
618 1524 661 1547 est
674 1521 781 1555 gemina
802 1521 949 1548 Theodosii
964 1534 988 1564 ο

162 1562 304 1589 sanctione
318 1572 324 1589 :
340 1562 462 1598 priorem
478 1563 723 1600 edixitimperator
738 1573 810 1593 anno
824 1566 886 1596 M7,
898 1566 950 1594 sub

163 1607 256 1640 finem,
274 1608 391 1637 habetur
404 1609 431 1636 in
449 1618 476 1637 tu
499 1614 576 1645 parte
599 1611 707 1641 concilii
732 1612 874 1647 Ephesini,
888 1620 948 1647 cap.

161 1653 213 1685 ιτς
243 1655 391 1682 secundam
413 1655 489 1682 dedit
513 1664 586 1683 anno
612 1657 673 1689 449,
696 1665 759 1684 cum
781 1658 949 1692 Ephesinum

161 1700 308 1729 concilium
325 1709 343 1728 ll
359 1702 534 1737 approbaret.

198 1746 265 1772 Vill.
286 1746 356 1774 Sunt
377 1747 436 1774 llch
453 1748 554 1783 prioris
568 1749 650 1777 verba
667 1759 673 1777 :
692 1760 699 1775 ι
724 1750 859 1783 Quoniam
884 1759 950 1778 vero

161 1791 195 1818 ad
210 1792 268 1826 pias
277 1797 305 1820 et
317 1801 409 1821 sacras
424 1802 506 1822 aures
519 1800 627 1823 nostras
644 1797 780 1831 pervenit,
796 1805 811 1824 a
831 1797 950 1824 nonnul-

162 1838 196 1865 lis
206 1838 346 1867 doctrinas
359 1841 490 1875 quasdam
510 1842 682 1877 conscriptas
702 1847 730 1870 et
749 1843 838 1871 editas
852 1844 948 1876 fuisse,

161 1885 313 1920 ambiguas,
338 1891 366 1913 et
391 1894 446 1914 non
472 1887 551 1922 plane
574 1895 606 1915 ac
627 1892 722 1923 aperte
743 1890 948 1917 consentientes

160 1938 222 1958 cum
242 1931 393 1960 orthodoxa
412 1932 464 1959 fide
486 1933 610 1967 exposita
631 1941 645 1960 a
667 1933 771 1969 synodo
791 1939 947 1962 sanctorum

161 1976 270 2003 Patrum
285 1977 381 2004 Nicaea:
399 1982 427 2004 et
443 1978 544 2013 Ephesi
562 1983 798 2013 congregatorum,
815 1984 843 2007 et
862 1988 876 2006 a
896 1981 948 2015 pia:

160 2023 299 2050 memoriae
332 2023 435 2059 Cyrillo
464 2031 562 2059 magno
588 2024 836 2052 Alexandrinorum
871 2026 948 2053 urbis

158 2069 295 2103 quondam
319 2070 449 2105 episeopo
475 2079 481 2096 :
504 2071 680 2103 mandamus,
704 2076 735 2099 ut
758 2071 946 2107 hujuscemodi

159 2114 275 2148 scripta,
298 2115 355 2142 sive
372 2115 505 2147 antehac,
529 2116 586 2143 sive
612 2116 665 2143 hoc
689 2125 797 2152 quoque
823 2122 945 2152 temp0re

158 2160 309 2194 composita
325 2159 391 2192 sint,
409 2161 616 2192 comburantur,
630 2169 660 2188 ac
680 2169 794 2196 prorsus
814 2162 943 2190 abolcau-

158 2211 212 2237 tur,
225 2210 255 2232 ut
270 2206 345 2232 nullo
357 2206 438 2233 modo
452 2206 578 2241 cuiquam
592 2207 624 2234 ad
642 2207 786 2242 legendum
799 2213 945 2243 suppetere
962 2202 982 2228 ο

156 2251 262 2284 possint
276 2259 282 2277 :
299 2250 353 2278 illis
369 2251 416 2286 qui
436 2252 571 2287 ejusmodi
591 2253 692 2287 scripta
707 2257 754 2280 aut
771 2253 856 2281 libros
873 2254 944 2289 apud

155 2304 185 2323 sc
198 2296 300 2324 habere
311 2305 343 2324 ac
360 2297 450 2332 legere
464 2297 523 2324 ausi
541 2298 651 2330 fuerint,
667 2303 819 2326 extremum
839 2300 944 2335 suppli-

154 2342 227 2368 cium
247 2341 468 2369 formidantibus.
488 2352 497 2367 ι

190 2387 234 2414 IX.
254 2388 324 2415 Sunt
341 2387 392 2415 ista
409 2388 569 2423 posterioris
583 2389 675 2421 edicti,
694 2397 749 2424 quo
767 2390 942 2420 latrocinium

155 2434 323 2469 Ephesinum
336 2435 506 2470 approbatur
522 2443 527 2460 :
551 2444 558 2460 ι
572 2435 702 2470 Quisquis
718 2436 827 2464 codices
840 2437 943 2465 habue-

155 2479 191 2505 rit
206 2479 379 2506 interdictam
395 2479 475 2507 fidem
493 2480 611 2507 Nestorii
630 2488 662 2508 ac
674 2481 840 2510 Theodoreti
853 2485 940 2511 conti-

153 2529 261 2558 nentes,
271 2531 318 2552 aut
328 2526 568 2561 interpretationes
578 2535 684 2559 eorum,
697 2528 740 2555 vel
753 2529 800 2564 qui
811 2535 943 2558 vocantur

153 2570 292 2598 Sermones
302 2571 453 2599 allocutorii
463 2573 517 2600 sive
531 2573 702 2606 traditiones;
713 2574 809 2602 iisdem
824 2580 944 2604 tormen-

153 2615 188 2642 tis
203 2615 343 2651 subjaceat
356 2625 363 2643 :
378 2617 485 2644 etiamsi
499 2625 541 2650 ea,
555 2625 616 2652 qua;
632 2622 696 2645 sunt
710 2618 744 2645 ab
760 2618 814 2646 illis
830 2627 942 2655 compo-

152 2661 215 2694 sita,
232 2662 345 2690 alterius
357 2663 468 2691 nomine
483 2663 585 2691 fuerint
598 2669 759 2699 przenotata.
779 2675 788 2691 ι

187 2706 222 2734 Χ.
242 2707 321 2735 Circa
339 2713 484 2745 utramque
504 2710 672 2738 sanctionem
695 2711 865 2740 observanda
878 2720 943 2741 sunt

153 2761 198 2780 sex
217 2754 266 2781 ista
279 2764 286 2781 :

1009 922 1124 956 proinde
1136 924 1183 950 νέα
1198 926 1316 961 κυριακὴ
1333 927 1361 955 in
1377 928 1449 956 diem
1464 929 1498 957 18
1508 930 1617 966 Aprilis.
1634 931 1717 960 Lecta
1730 941 1797 960 vero

1008 972 1049 994 cst
1071 970 1211 998 monachis
1226 976 1338 1007 propter
1355 975 1563 1009 tumultuantes,
1580 977 1607 1004 in
1624 977 1691 1013 ipsis
1712 980 1794 1007 etiam

1007 1012 1128 1041 Orientis
1152 1016 1262 1049 eremis,
1291 1017 1433 1052 factiones,
1457 1024 1486 1048 ut
1507 1012 1642 1050 discimus
1657 1031 1691 1051 ex
1711 1024 1794 1052 Sacra

1007 1059 1155 1088 Theodosii
1172 1064 1347 1091 convocantis
1361 1065 1395 1092 ad
1412 1067 1546 1102 synodum
1566 1068 1732 1104 Ephesinam
1750 1079 1795 1098 sc-

1007 1105 1126 1132 cundam
1151 1108 1348 1137 monachorum
1370 1110 1491 1140 Orientis
1514 1113 1675 1149 signiferum
1693 1115 1793 1144 Borsu-

1007 1158 1089 1183 mam,
1101 1153 1147 1186 qui
1158 1161 1208 1188 pro
1220 1156 1349 1184 omnibus
1362 1157 1434 1185 inter
1446 1158 1540 1187 Patres
1550 1161 1716 1189 consideret.

1040 1196 1067 1223 Ξ.
1090 1197 1181 1225 Altera
1205 1201 1321 1231 sanctio.
1342 1202 1395 1229 etsi
1412 1203 1515 1232 nullam
1541 1205 1640 1234 habent
1662 1208 1795 1243 temporis

1006 1247 1108 1275 notam,
1130 1251 1163 1271 ex
1181 1244 1215 1272 iis
1235 1249 1335 1279 tamen,
1355 1256 1415 1283 quae
1435 1250 1573 1284 continet,
1594 1251 1661 1280 satis
1677 1253 1792 1281 demon-

1005 1292 1073 1315 strat
1092 1297 1195 1317 annum
1215 1291 1267 1318 “9
1289 1293 1340 1320 sub
1364 1294 1455 1327 finem,
1471 1300 1519 1323 aut
1536 1297 1613 1324 initia
1629 1299 1791 1333 sequentis:

1004 1333 1149 1361 confirmat
1169 1336 1243 1363 enim
1266 1338 1414 1366 concilium
1435 1340 1603 1375 Ephesinum
1625 1351 1645 1370 ιι
1667 1343 1792 1373 habitum

1004 1378 1049 1406 die
1068 1379 1100 1406 10
1116 1380 1229 1416 Augusti
1242 1383 1306 1410 anni
1321 1385 1382 1412 449.

1038 1426 1064 1452 5.
1081 1427 1143 1454 [hec
1163 1429 1265 1463 prioris
1280 1431 1364 1458 verba
1386 1441 1393 1459 :
1419 1443 1427 1457 ι
1445 1434 1467 1460 A
1491 1435 1631 1463 nonnullis
1652 1436 1792 1465 doctrinas

1003 1472 1135 1506 quasdam
1151 1476 1320 1510 conscriptas
1336 1481 1363 1504 et
1380 1477 1469 1506 editas
1484 1479 1579 1513 fuisse,
1595 1482 1749 1517 ambiguas,
1763 1488 1792 1511 et

1003 1525 1058 1544 non
1075 1519 1154 1552 plene
1168 1527 1199 1547 ac
1220 1526 1313 1555 aperte
1336 1524 1540 1553 consentientes
1555 1534 1617 1554 cum
1638 1529 1790 1557 orthodoxa

1001 1562 1056 1590 fide
1076 1565 1210 1598 exposita,
1236 1575 1245 1591 ›
1268 1571 1320 1594 etc.
1347 1568 1491 1596 manifeste
1506 1570 1649 1606 designant
1669 1572 1791 1609 dialogos

1002 1616 1064 1636 cmn
1079 1609 1207 1638 Eranista
1225 1620 1235 1638 :
1254 1612 1280 1639 in
1296 1613 1350 1640 illis
1365 1615 1439 1641 enim
1453 1615 1586 1643 catholica
1601 1617 1669 1646 fides
1683 1619 1710 1649 in
1729 1627 1791 1655 spe-

1001 1654 1082 1687 ciem,
1105 1663 1200 1683 revera
1223 1657 1454 1687 Ncstorianismus
1477 1662 1609 1696 traditur;
1633 1664 1681 1691 sed
1705 1654 1789 1693 artifi-

1001 1700 1076 1729 ciose
1098 1700 1301 1737 dissimulatus,
1329 1710 1360 1733 ut
1384 1711 1477 1740 postea
1502 1707 1620 1737 dicetur.
1653 1710 1734 1739 Certe
1760 1713 1787 1740 in

1001 1752 1145 1783 utramque
1158 1754 1263 1784 partem
1278 1759 1328 1786 pro
1340 1753 1423 1780 animi
1445 1753 1591 1784 affectione
1612 1756 1786 1792 interpretari

1000 1793 1064 1821 licet
1080 1795 1182 1827 omnia,
1200 1800 1231 1823 ut
1253 1805 1343 1832 neque
1357 1799 1524 1832 Catholicns,
1538 1809 1627 1837 neque
1648 1803 1786 1832 Nestoria-

999 1847 1051 1867 nus
1065 1841 1074 1850 ”
1087 1847 1103 1868 a
1120 1840 1288 1877 dialogorum
1306 1844 1398 1871 verbis
1413 1845 1489 1872 valde
1508 1846 1679 1875 abhorreret.

1034 1886 1060 1912 4.
1087 1885 1149 1914 llzec
1172 1888 1274 1922 pariter
1299 1890 1400 1924 prioris
1424 1891 1518 1925 verba,
1540 1902 1549 1918 ε
1580 1894 1636 1921 sive
1657 1895 1785 1925 antehac.

999 1931 1056 1958 sive
1086 1932 1138 1960 hoc
1164 1941 1274 1969 quoque
1301 1939 1423 1971 tempore
1453 1939 1603 1973 composita
1626 1939 1747 1972 fuerint,
1774 1952 1782 1966 ι

999 1977 1174 2012 intelligenda
1199 1980 1293 2013 procul
1321 1980 1407 2008 dubio
1437 1987 1502 2009 sunt
1527 1983 1561 2010 de
1586 1984 1664 2012 libris
1689 1993 1786 2014 recens

998 2023 1173 2057 compositis,
1209 2025 1255 2059 qui
1289 2026 1382 2053 turbas
1411 2027 1562 2056 excitarent
1592 2029 1620 2056 in
1654 2029 1784 2062 Oriente.

997 2068 1044 2102 qui
1074 2069 1320 2098 Nestorianismum
1352 2071 1493 2102 foverent.
1519 2075 1565 2109 qui
1591 2076 1681 2111 magni
1713 2076 1785 2104 inter

998 2115 1146 2142 monachos
1173 2116 1289 2151 alicujus
1318 2118 1369 2145 viri
1398 2127 1498 2146 nomen
1524 2121 1695 2155 praeferrent.
1722 2123 1785 2150 Haec

997 2168 1063 2187 vero
1085 2161 1250 2189 Theodoreti
1287 2163 1402 2199 dialogis
1434 2166 1557 2200 apprime
1580 2168 1748 2196 conveniunt
1775 2178 1781 2195 :

998 2214 1060 2233 nam
1081 2210 1108 2232 et
1125 2212 1186 2234 alite
1208 2208 1302 2235 frenati
1318 2209 1516 2243 depositionem
1537 2213 1684 2248 moseripti
1707 2220 1781 2245 sunt.

996 2258 1026 2279 ut
1037 2261 1070 2280 ex
1083 2254 1196 2287 epistola
1215 2254 1246 2280 l6
1264 2259 1378 2286 constat,
1393 2260 1421 2282 et
1435 2255 1547 2284 Oriente
1560 2262 1618 2285 toto
1633 2260 1781 2294 vulgaban-

996 2303 1056 2331 tur;
1073 2302 1102 2326 ct
1117 2300 1228 2326 nomine
1245 2300 1409 2329 Theodoreti
1426 2302 1567 2338 inscripto,
1588 2310 1663 2333 tanto
1681 2314 1782 2334 nocen-

995 2345 1049 2372 tius
1062 2345 1232 2380 legebantur,
1247 2351 1350 2381 quanto
1365 2348 1452 2383 major
1465 2354 1524 2377 erat
1539 2351 1606 2378 tanti
1619 2351 1670 2379 viri
1688 2357 1783 2380 aucto-

994 2392 1072 2423 ritas,
1091 2397 1248 2427 quantoque
1263 2393 1383 2427 plurium
1403 2394 1532 2423 Eeclesite
1547 2396 1691 2424 doctorum
1706 2399 1782 2426 testi-

996 2437 1088 2464 monio
1104 2436 1206 2464 firmari
1225 2437 1393 2466 viderentur.

1031 2483 1057 2509 5.
1077 2483 1216 2510 Posterior
1231 2484 1336 2512 sanctio
1352 2485 1453 2520 prioris
1472 2487 1643 2515 confirmatio
1667 2493 1714 2516 aut
1735 2497 1782 2516 ex-

995 2529 1095 2564 positio
1111 2530 1203 2565 potius
1223 2530 1347 2565 qutedam
1368 2536 1423 2564 est;
1441 2539 1505 2559 nam
1525 2534 1582 2568 qni,
1601 2534 1683 2561 tacito
1706 2535 1782 2569 prius

996 2576 1117 2603 auctoris
1133 2579 1160 2602 et
1177 2583 1227 2603 suo
1243 2576 1364 2609 nomine,
1389 2577 1591 2605 damnabantur
1610 2579 1684 2611 libri,
1709 2588 1782 2607 nunc

997 2621 1148 2648 Theodoreti
1170 2621 1315 2654 dicuntur,
1339 2627 1368 2650 et
1386 2631 1517 2651 sermones
1541 2624 1708 2657 allocntorii,
1730 2627 1782 2653 sine

994 2667 1148 2693 traditiones
1164 2671 1311 2700 vocantur;
1326 2667 1352 2694 id
1372 2673 1424 2699 est,
1443 2668 1553 2705 dialogi,
1576 2678 1693 2705 quormn
1716 2672 1781 2699 doc.

994 2712 1065 2738 trina
1076 2712 1186 2739 Patrum
1199 2719 1231 2738 ex
1245 2712 1374 2740 omnibus
1391 2714 1485 2741 mundi
1506 2716 1628 2750 partibus
1645 2718 1779 2744 sententia

993 2762 1020 2784 et
1036 2757 1192 2785 testimonio
1209 2756 1343 2785 firmetur.

826 2826 982 2857 Stii-lUfllL
996 2827 1110 2856 ΝΟΤΑΕ.

185 2855 211 2872 ³⁸
225 2855 286 2884 Vid.
302 2865 328 2892 p.
348 2857 407 2891 164,
422 2859 508 2886 schol.
527 2860 566 2887 f5.
