1967 3047
137 113 189 145 335

688 108 875 138 GARNERII
895 108 1142 139 DlSSERTATIO
1162 110 1191 139 ii

1713 112 1766 144 336

172 168 198 194 6.
213 163 376 193 Posterioris
389 163 446 191 haec
461 167 502 190 est
514 162 655 198 inscriptio
669 163 701 190 ad
714 163 856 190 historiam
869 171 923 190 non
940 167 959 194 Α
975 165 1066 192 anima
1080 174 1129 200 per
1148 166 1277 192 unionem
1299 173 1360 192 cum
1376 172 1491 200 corpore
1509 165 1538 193 fit
1558 166 1649 194 homo.
1670 167 1698 194 2°
1714 168 1766 195 Per

138 209 315 238 mediocriter
339 208 542 236 conducibilis:
561 218 569 234 ι
595 208 787 243 lnterprctatio
818 209 885 244 legis
911 217 926 236 a

137 255 294 284 Theodosio
306 255 429 287 .Iuniore,
446 261 509 282 cum
525 253 656 281 seductus
670 253 767 281 fuisset
781 262 796 280 a
810 253 927 289 Chrysa—

137 303 212 337 phio,
237 301 370 328 adversus
389 300 548 327 Flavianum
572 304 601 327 ct
617 299 716 332 socios,
730 308 782 334 pro
802 300 927 334 Eutyche

137 348 324 382 promulgatae,
341 354 421 381 quam
437 346 636 382 religiosissimi
653 346 781 373 Marciani
795 346 927 381 principis

138 394 180 420 lex
193 393 339 420 subsecuta
358 392 503 419 destruxit.
520 402 528 417 ι
544 391 609 425 Quae
629 392 772 426 inscriptio
787 392 895 418 videtur
912 400 927 419 a

137 439 249 466 Rustico
264 439 391 471 diacono,
407 443 454 466 aut
467 438 501 465 ab
519 438 573 465 alio
587 438 757 472 descriptorc
771 437 873 464 addita.

170 485 216 512 XI.
242 484 340 512 Audivi
369 483 433 518 qui,
452 491 509 518 prze
532 483 640 515 studio,
663 491 718 518 quo
738 483 877 510 ferebatur
899 483 927 509 in

138 531 355 562 Thcodoretum,
382 530 433 556 tria
453 529 632 556 vehementer
655 528 835 556 contenderet
851 537 857 554 :
872 527 929 562 pri-

136 584 222 608 mum,
235 576 347 603 dubiam
362 583 422 602 esse
433 574 611 610 posteriorem
626 573 807 606 sanctionem,
823 577 853 600 ut
868 581 928 608 qua:

135 623 229 649 Graece
252 629 308 648 non
325 621 448 655 legatur,
466 627 520 654 qua
541 619 647 646 ratione
669 619 745 653 rejici
770 619 839 646 solet
856 618 928 646 actio

136 667 246 694 concilii
269 665 502 694 Chalcedonensis
524 664 558 692 de
580 665 703 696 Domno;
723 663 856 695 alterum,
872 671 928 690 non

136 713 237 740 debere
249 713 277 739 in
290 720 322 739 ea
335 712 388 747 legi
404 711 570 738 Theodoreti
586 717 698 742 nomen,
713 710 761 737 sed
777 709 928 742 Theodori,

136 766 190 794 quo
199 758 328 793 magistro
335 756 478 784 Nestorius
486 755 582 783 didicit
590 755 855 790 hzeresin,cujusque
864 754 930 782 scri-

137 807 192 837 pta.
202 806 229 828 et
241 810 256 828 a
266 801 368 828 sanctis
376 801 455 835 387
465 799 566 835 Cyrillo
579 804 606 826 et
614 799 710 826 Proclo
724 799 842 826 refutatu
853 804 927 831 sunt,

137 852 164 875 et
175 856 189 874 a
202 846 357 875 Theodosio
365 846 493 873 damnata
508 853 570 872 cum
584 845 714 880 operibus
721 845 850 877 Nestorii,
864 853 927 872 san-

139 893 230 920 ctione
244 892 345 919 inserta
359 891 435 918 Actis
449 899 466 918 v
477 890 584 926 synodi,
600 891 692 918 collat.
702 890 718 917 ὃ
727 899 734 922 ;
744 895 924 925 postremum,

136 937 283 965 Theodosii
306 937 486 968 sanctionem,
500 940 531 963 ut
551 943 617 963 vera
639 936 684 967 sit,
709 936 812 963 nullius
834 941 926 962 tamen

136 991 197 1011 esse
213 982 354 1014 momenti,
378 986 524 1017 propterea
543 981 618 1016 quod
635 981 798 1017 Chrysaphii
821 982 927 1009 artibus

136 1029 267 1063 subrepta
285 1028 321 1055 sit
336 1027 494 1062 imperatori
516 1027 694 1062 imprudenti,
707 1031 735 1054 et
750 1035 765 1054 a
790 1027 926 1054 Marciano

137 1079 197 1109 post
214 1082 270 1101 rem
286 1073 439 1101 accuratius
453 1073 633 1108 disceptatum
649 1073 774 1100 rescissa.

170 1131 227 1158 Xll.
240 1130 323 1158 Levia
332 1134 397 1158 sunt
410 1130 523 1157 omnino
534 1130 592 1157 haec
605 1130 669 1163 tria;
683 1134 710 1157 et
720 1130 801 1165 primi
814 1129 926 1164 quidem

136 1177 241 1204 vanitas
254 1184 287 1203 ex
304 1184 338 1203 eo
351 1181 434 1211 patet,
446 1176 519 1212 quod
531 1176 616 1203 multa
632 1176 696 1203 olim
710 1176 802 1203 Graece
813 1177 924 1211 scripta,

137 1230 211 1249 nunc
231 1222 327 1249 Latine
350 1226 466 1253 tantum,
493 1222 535 1249 vel
568 1222 596 1248 in
623 1222 682 1256 ipsa
707 1221 926 1249 Chalcedonensi

135 1268 241 1303 synodo
255 1268 394 1302 leguntur.
410 1267 490 1294 Certe
506 1267 600 1301 quinta
614 1266 736 1301 synodus
751 1275 806 1293 non
823 1267 927 1294 idcirco

136 1312 312 1348 despicienda
330 1316 381 1344 est,
396 1312 461 1347 quia
477 1312 544 1339 Acta
558 1311 652 1339 Grmca
671 1311 825 1347 perierunt.
847 1313 926 1345 Quod

136 1364 243 1394 spectat
256 1358 418 1389 secundum,
433 1357 538 1384 sanctio
558 1357 689 1384 Marciani
705 1358 926 1387 emendationem

137 1403 172 1430 ab
196 1407 318 1430 amatore
348 1402 395 1429 illo
420 1400 586 1429 Theodoreti
608 1406 738 1428 tentatam
764 1402 927 1430 temeritatis

137 1449 227 1483 arguit
243 1457 249 1474 :
269 1447 487 1474 Theodosianam
506 1447 580 1474 enim
597 1455 659 1474 cum
678 1448 819 1481 rescindit,
838 1449 926 1476 mani--

137 1494 233 1521 festam
246 1493 310 1520 facit
326 1493 360 1520 de
374 1493 548 1520 Theodoreto
560 1493 737 1520 mentionem.
753 1493 924 1522 Postremum
943 1509 963 1538 ο

136 1538 266 1573 denique,
287 1538 359 1573 quod
376 1538 482 1565 sanctio
496 1538 659 1574 Chrysaphii
675 1539 782 1566 artibus
796 1540 926 1575 subrepta

137 1584 185 1616 sit,
200 1587 230 1610 ut
244 1584 352 1619 probet,
370 1584 445 1611 illam
463 1584 532 1611 vitio
549 1592 604 1611 non
626 1591 732 1617 carere,
754 1593 810 1612 non
829 1586 928 1620 probat

138 1630 223 1657 fuisse
239 1630 361 1662 nullam;
386 1630 409 1658 si
424 1634 515 1657 autem
535 1629 586 1656 fuit
599 1630 701 1665 aliqua,
722 1635 839 1663 constat,
853 1632 927 1666 quod

137 1675 383 1703 demonstrandum
407 1679 477 1707 erat,
497 1675 620 1710 dialogos
642 1683 740 1710 nempe
758 1676 927 1704 Theodoreti

139 1720 256 1747 ﬂammis
266 1720 391 1747 addictos
404 1720 499 1748 fuisse.
511 1719 589 1753 Quod
601 1729 684 1755 porro
693 1721 763 1748 dixit
777 1722 928 1757 imperator

139 1765 167 1792 in
182 1765 307 1800 dialogis,
330 1765 484 1800 ambiguas,
501 1769 567 1797 etc.,
592 1765 732 1793 doctrinas
748 1774 808 1794 esse
822 1767 927 1801 editas;

137 1809 267 1844 quodque
292 1809 396 1842 addidi,
424 1809 510 1837 verbo
542 1814 622 1838 tenus
643 1811 804 1838 catholicam
835 1812 927 1845 ﬁdem,

137 1854 231 1889 reipsa
252 1854 499 1883 Nestorianismum
520 1856 605 1888 tradi,
629 1856 708 1884 facile
729 1857 927 1892 deprehendet,

139 1901 186 1936 qui
207 1901 322 1928 eruditis
341 1901 422 1929 simul
446 1906 474 1929 et
501 1902 619 1929 curiosis
635 1902 723 1930 oculis
750 1911 819 1937 opus
843 1908 928 1931 totum

140 1947 288 1982 perlegerit
313 1955 404 1975 :nam
426 1946 460 1974 de
490 1948 684 1983 conjunctione
714 1953 873 1975 naturarum
901 1949 929 1976 in

139 1992 250 2019 Christo
259 1999 314 2019 non
325 1993 457 2021 abhorret
469 1994 497 2021 in
506 1994 625 2029 speciem
635 2002 651 2021 a
663 1994 798 2022 sententia
806 1995 928 2029 Patrum,

140 2045 210 2073 quos
220 2037 313 2065 laudat
327 2038 470 2073 plurimos,
487 2039 534 2066 sed
546 2039 580 2067 iis
592 2044 683 2067 tamen
692 2039 785 2067 verbis
797 2040 929 2076 loquitur,

141 2082 244 2117 quibus
255 2083 400 2111 Nestorius
415 2091 482 2112 usus
505 2088 557 2117 est,
579 2093 694 2120 quaeque
715 2089 781 2113 tunc
799 2089 931 2122 temporis

141 2128 243 2155 merito
267 2132 395 2164 suspecta
421 2133 501 2157 erant
527 2139 533 2157 :
558 2137 621 2157 nam
649 2131 736 2159 solius
756 2132 929 2168 ἐνοικήσεως,

141 2173 311 2209 ἀναλήψεως,
320 2174 499 2211 προσλήψεως
511 2180 539 2203 et
551 2175 659 2211 λήψεως
676 2177 812 2214 meminit,

177 2218 248 2246 Xlll.
272 2219 343 2252 Quin
356 2220 440 2248 etiam
454 2220 603 2249 artiﬁciose
621 2221 869 2250 Nestorianismum
887 2223 931 2251 in-

142 2265 244 2297 sinuat,
260 2266 402 2294 autetiam
416 2267 515 2301 probat
535 2267 557 2282 ²⁷
579 2276 585 2294 :
603 2275 666 2295 nam
680 2275 742 2295 cum
761 2269 789 2296 in
805 2269 931 2297 confesso

143 2311 190 2343 sit,
201 2311 371 2340 admirabilis
383 2313 457 2340 illius
469 2313 623 2346 sententiae,
636 2313 746 2341 Verbum
757 2323 820 2342 caro
833 2315 932 2350 factum

142 2361 180 2383 est
191 2362 215 2389 η,
230 2357 411 2393 intelligentia
421 2359 557 2386 contineri
573 2359 738 2387 catholicum
749 2360 866 2396 dogma;
881 2368 932 2388 nec

143 2402 230 2437 possit
241 2402 355 2432 Joannis
380 2404 527 2436 sententia,
543 2404 566 2431 si
584 2404 666 2432 modo
678 2405 802 2440 rejicitur
816 2406 932 2434 Doceta-

145 2454 206 2474 rum
229 2454 319 2482 error,
342 2449 398 2476 nisi
420 2450 542 2484 quinque
565 2450 656 2478 modis
679 2451 805 2487 intelligi,
832 2451 933 2486 quibus

143 2501 242 2528 nempe
254 2495 414 2531 contingere
425 2500 526 2531 potest,
535 2500 565 2523 ut
577 2495 729 2524 substantia
742 2505 795 2525 una
812 2497 872 2525 fieri
890 2497 934 2524 di-

144 2544 224 2580 catur
236 2540 332 2568 altera.
347 2541 373 2568 l°
389 2541 442 2569 Per
455 2542 689 2576 informationem,
700 2543 935 2579 quemadmodum

180 2623 192 2637 ι
208 2617 285 2644 Joan.
304 2627 321 2650 ι,
340 2619 380 2646 Η.

979 211 1246 241 transmutationem,
1258 219 1311 245 qua
1324 211 1430 238 ratione
1445 211 1518 238 dicta
1533 217 1576 239 est
1586 220 1655 246 aqua
1671 213 1698 239 in
1714 221 1766 241 nu-

977 256 1053 291 ptiis,
1070 261 1201 291 operante
1215 256 1335 288 Christo,
1348 257 1417 284 facta
1431 258 1535 284 vinum.
1555 258 1583 284 5"
1601 258 1651 285 Per
1670 259 1765 286 confrr-

978 302 1082 329 sionem
1102 307 1130 329 et
1153 302 1319 334 mistionem,
1344 302 1482 337 quomodo
1501 303 1636 330 elementa
1653 304 1765 331 mistum

978 347 1056 374 ﬁunt.
1075 348 1102 374 ἆυ
1111 348 1162 374 Per
1175 347 1502 383 hypostaticam-duarum
1515 352 1674 376 naturarum
1687 350 1767 377 unio-

978 401 1051 425 nem,
1071 401 1126 427 quo
1144 397 1224 427 pacto
1238 393 1410 420 individuum
1430 399 1537 420 natura:
1551 394 1632 421 unius
1652 395 1766 430 cogitari

979 442 1070 472 potest
1089 438 1147 465 ﬁeri
1163 438 1289 465 alterum.
1306 439 1332 465 5°
1350 439 1471 473 Denique
1488 447 1538 474 per
1553 447 1656 466 meram
1674 441 1766 475 σχέσιν

979 492 1031 519 qua
1053 485 1094 511 vir
1114 488 1142 511 et
1159 492 1227 511 uxor
1244 484 1313 511 ﬁunt
1328 493 1382 512 una
1402 493 1476 517 caro,
1497 493 1607 520 unaque
1626 486 1767 513 moraliter

979 538 1105 566 persona.
1122 531 1242 558 Primum
1258 535 1286 558 et
1301 531 1451 558 secundum
1466 531 1596 566 reprobat
1606 531 1765 559 Theodore—

981 579 1034 608 tus,
1051 576 1160 611 dialogo
1175 576 1282 611 primo,
1303 576 1350 611 qui
1370 576 1546 603 Immulabilis
1568 576 1689 609 dicitur;
1708 581 1765 603 ter-

980 621 1047 648 tium
1062 621 1194 653 secundo,
1209 622 1255 655 qui
1270 621 1448 656 Inconfusus;
1463 626 1590 656 quartum
1607 622 1699 654 tertio,
1718 622 1765 657 qui

979 667 1164 703 lmpassibilis.
1191 666 1303 694 Certum
1329 668 1402 695 enim
1429 672 1471 695 est
1493 668 1592 703 primo,
1620 668 1765 695 mutationi

979 721 1039 741 esse
1054 714 1213 746 obnoxium,
1232 714 1364 749 quidquid
1381 714 1423 741 vel
1444 713 1585 741 informari
1610 712 1706 748 incipit
1723 714 1766 740 vel

980 759 1090 786 misceri
1110 759 1232 787 :deinde
1252 759 1389 794 propriam
1414 758 1601 793 operationem
1626 766 1680 785 non
1698 758 1765 785 reti-

980 805 1041 832 neri
1068 804 1103 832 ab
1123 812 1156 831 eo
1181 804 1254 839 quod
1278 803 1474 836 confunditur;
1497 803 1578 830 tertio
1601 802 1685 838 388
1705 810 1766 830 esse

980 858 1152 885 consequens
1179 858 1213 876 ex
1238 857 1271 876 eo
1294 849 1367 884 quod
1388 849 1508 876 Verbum
1529 849 1650 883 φυσικῶς
1666 852 1694 875 et
1706 847 1766 875 καω

981 896 1128 923 ὑπόστασιν
1137 896 1262 922 humanae
1269 898 1374 922 naturae
1384 894 1567 929 conjungitur,
1575 898 1605 921 ut
1614 901 1679 920 vere
1690 893 1766 921 dica-

980 946 1025 969 tur
1042 942 1123 973 Dcus,
1141 949 1237 976 passus
1249 962 1256 974 ,
1276 945 1410 972 mortuus,
1428 940 1561 975 sepultus,
1574 943 1602 966 et
1618 947 1632 966 a
1651 939 1767 967 mortuis

979 987 1149 1020 suscitatus;
1172 994 1241 1021 quas
1260 986 1423 1017 locutiones,
1444 985 1519 1013 velut
1537 993 1552 1011 a
1571 989 1646 1011 recta
1660 985 1766 1011 ratione

980 1033 1172 1064 abhorrentes,
1190 1032 1290 1067 rejicit.
1311 1032 1405 1058 Restat
1419 1031 1504 1066 igitur
1521 1030 1620 1058 utsola
1638 1030 1767 1065 σχέσειίιι

980 1087 1067 1115 unum
1077 1078 1243 1106 conveniant
1257 1077 1343 1105 ambae
1357 1076 1460 1104 Christi
1473 1078 1480 1085 ‘
1493 1081 1608 1108 naturae,
1621 1076 1667 1111 qui
1680 1083 1767 1110 purus

979 1124 1223 1152 Nestorianismus.

1016 1170 1085 1198 XIV.
1099 1171 1246 1205 Postquam
1258 1177 1326 1197 vero
1337 1169 1396 1196 haec
1412 1173 1441 1196 et
1456 1167 1553 1195 fusiori
1568 1167 1691 1195 oratione
1704 1174 1766 1201 pro-

980 1221 1091 1244 secutus
1102 1221 1154 1248 est,
1171 1221 1199 1244 et
1210 1217 1286 1244 visus
1298 1216 1350 1243 sibi
1368 1215 1483 1250 dialogis
1499 1214 1587 1242 tribus
1596 1212 1746 1241 confecisse
1757 1232 1766 1247 ,

979 1263 1086 1295 eadem,
1099 1263 1148 1289 lib.
1163 1271 1199 1294 iv,
1213 1262 1334 1297 pressius
1361 1261 1566 1288 dialecticorum
1583 1267 1660 1286 more
1683 1258 1767 1293 syllo-

982 1308 1078 1343 gismis
1095 1307 1277 1342 quadraginta
1290 1307 1411 1339 conﬁcit,
1420 1307 1474 1338 vel,
1489 1311 1519 1334 ut
1529 1306 1586 1340 ipse
1599 1304 1769 1332 confidenter

980 1353 1028 1385 ait,
1051 1352 1232 1379 demonstrat.
1260 1352 1293 1378 Et
1321 1356 1396 1378 certe
1421 1352 1467 1378 vix
1490 1351 1575 1377 ullum
1597 1357 1627 1377 se
1649 1348 1768 1375 credidit

979 1406 1049 1433 opus
1063 1397 1231 1425 elaboratius
1249 1397 1368 1424 edidisse
1382 1405 1389 1430 ;
1413 1395 1602 1430 quamobrem,
1625 1401 1687 1420 cum
1699 1393 1768 1420 Era-

979 1445 1067 1472 nistes
1084 1444 1174 1479 ipsum
1190 1443 1338 1478 aliquando
1359 1442 1511 1469 monuisset
1528 1445 1558 1468 ut
1577 1447 1645 1475 quas
1660 1439 1767 1475 pollici-

980 1495 1025 1519 tus
1038 1496 1098 1518 erat
1109 1490 1356 1518 demonstrationes
1369 1488 1516 1524 proferret,
1530 1487 1650 1514 monitus
1661 1485 1768 1513 inducit

980 1537 1124 1567 Eranisten
1139 1543 1251 1563 suarum
1269 1534 1532 1562 demonstrationum
1545 1533 1618 1560 vires
1630 1531 1767 1559 admiran-

979 1588 1034 1611 tem
1049 1591 1055 1609 :
1073 1582 1146 1609 unde
1161 1581 1290 1616 colligere
1307 1584 1349 1607 est
1367 1587 1449 1614 quam
1467 1578 1581 1605 ﬁrmiter
1602 1581 1630 1604 et
1646 1576 1768 1612 quandiu

979 1637 1036 1657 sua
1049 1629 1083 1656 de
1098 1629 1200 1656 unione
1221 1628 1331 1663 σχετικῇ
1350 1630 1512 1653 naturarum
1532 1623 1654 1659 opinioni
1675 1623 1768 1650 adlue-

979 1676 1056 1703 serit.

1014 1721 1072 1749 XV.
1087 1721 1154 1748 Eam
1167 1727 1250 1755 porro
1262 1719 1347 1746 fuisse
1358 1722 1479 1745 mentem
1495 1716 1672 1748 Theodoreti,
1686 1723 1767 1751 quam

980 1767 1110 1799 diximus,
1134 1766 1236 1793 Marius
1256 1765 1408 1795 Mercator,
1429 1771 1484 1790 non
1511 1762 1634 1798 ejusdem
1662 1766 1767 1791 tantum

979 1811 1078 1844 aetatis,
1090 1811 1136 1838 sed
1154 1810 1277 1845 ejusdem
1296 1810 1377 1836 etiam
1395 1816 1503 1843 pugnat,
1521 1807 1587 1834 licet
1597 1815 1631 1834 ex
1641 1807 1767 1837 adverso,

980 1856 1081 1888 socius,
1094 1855 1238 1883 evidenter
1249 1855 1347 1889 probat
1357 1854 1440 1881 allato
1447 1853 1604 1880 testimonio
1617 1859 1650 1878 ex
1661 1851 1732 1879 libro
1742 1860 1767 1878 vr

979 1902 1131 1938 Pcntalagii
1147 1902 1179 1929 ³⁸.
1197 1911 1206 1927 ε
1222 1901 1300 1934 Quod
1317 1900 1450 1928 Dominus
1461 1899 1494 1927 de
1509 1899 1570 1927 viro
1584 1902 1612 1926 et
1623 1905 1707 1925 uxore
1719 1897 1766 1927 ait,

981 1952 1011 1975 ut
1022 1949 1077 1983 jam
1094 1955 1148 1975 non
1162 1951 1226 1975 sunt
1243 1947 1309 1979 duo,
1331 1946 1379 1974 sed
1395 1954 1449 1973 una
1464 1953 1538 1977 caro,
1557 1944 1664 1972 naturis
1672 1943 1768 1978 procul

981 1994 1065 2022 dubio
1080 1993 1283 2025 constantibus,
1298 1992 1346 2019 sed
1363 1991 1556 2018 discretionem
1579 1988 1744 2016 habentibus
1760 1996 1767 2014 :

981 2045 1009 2068 et
1020 2040 1091 2068 sicut
1102 2039 1140 2066 ibi
1157 2039 1226 2066 nihil
1238 2038 1317 2065 obest
1329 2037 1446 2064 duorum
1462 2043 1604 2067 numerus,
1621 2034 1769 2069 quominus

982 2094 1036 2113 una
1055 2093 1118 2112 caro
1138 2084 1264 2116 dicatur;
1287 2083 1324 2111 ita
1340 2087 1369 2110 et
1384 2083 1430 2109 hic
1449 2089 1571 2117 personal.
1589 2080 1680 2107 unitas
1698 2079 1767 2106 nihil

982 2132 1062 2159 obest
1078 2129 1239 2158 differentia:
1252 2133 1424 2156 naturarum.
1436 2127 1559 2161 Denique
1575 2133 1637 2153 cum
1657 2129 1768 2151 naturas

946 2175 968 2202 ι)
983 2177 1174 2207 discernimus,
1193 2175 1241 2203 Dei
1258 2174 1341 2202 Verbi
1363 2177 1487 2201 naturam
1503 2172 1635 2205 integram
1651 2169 1770 2197 dicimus

984 2227 1012 2249 et
1028 2228 1172 2257 personam
1187 2219 1245 2247 sine
1260 2218 1432 2247 dubitatione
1443 2217 1591 2252 perfectam
1607 2224 1615 2242 :
1629 2223 1680 2242 nec
1694 2215 1769 2241 enim

985 2268 1045 2295 sine
1057 2274 1174 2303 persona
1188 2266 1229 2293 fas
1244 2270 1285 2293 est
1295 2270 1452 2292 asseverare
1464 2261 1644 2290 substantiam
1656 2269 1663 2293 ;
1678 2259 1769 2294 perfe-

985 2319 1057 2342 clam
1072 2321 1182 2348 quoque
1200 2317 1326 2340 naturam
1341 2311 1488 2338 humanam
1507 2316 1569 2336 cum
1588 2315 1637 2334 sua
1653 2312 1770 2341 persona

985 2360 1113 2387 similiter
1126 2358 1308 2390 conﬁtemur;
1336 2363 1399 2383 cum
1414 2362 1480 2382 vero
1495 2353 1528 2380 ad
1549 2352 1771 2387 conjunctionem

984 2405 1159 2440 respicimus,
1178 2409 1245 2431 tunc
1260 2403 1345 2430 Deum
1365 2409 1446 2429 unam
1461 2406 1606 2438 personam
1625 2404 1772 2431 nuncupa-

985 2458 1047 2478 mus
1056 2451 1087 2478 ".
1109 2460 1118 2476 ι
1134 2450 1282 2485 Πρὸσωπον
1304 2448 1383 2481 dicit,
1406 2454 1466 2482 qua
1486 2453 1540 2473 vox
1562 2443 1693 2477 moralis;
1716 2449 1772 2470 non

986 2496 1145 2528 ὑπόστασιν,
1158 2503 1219 2531 quae
1231 2495 1355 2531 physica.

1022 2542 1091 2570 XVI.
1105 2541 1190 2570 Mario
1201 2541 1347 2569 Mercatori
1358 2541 1396 2567 ita
1413 2539 1448 2567 de
1459 2537 1633 2566 Theodoreto
1642 2534 1773 2564 sentienti

817 2681 976 2710 SCHULZII
997 2681 1112 2710 ΝΟΤᾸΞ.

181 2757 204 2773 ⁸⁷
219 2758 266 2786 liis
279 2759 386 2794 gemina
398 2759 472 2791 vide,
488 2767 514 2794 p.
534 2760 596 2788 HG.

635 2761 658 2777 ⁸⁸
675 2760 737 2788 Vid.
755 2760 832 2787 Marii
848 2761 960 2788 Mercat.
979 2759 1061 2795 0pp.,
1080 2762 1099 2785 t.
1118 2758 1151 2790 ll,

1180 2766 1207 2793 p.
1232 2755 1536 2793 27lgedit._Garner_i_i.
1566 2788 1574 2793 _
1591 2752 1710 2793 Loco
1724 2752 1773 2792 cit.

145 2792 194 2831 leg.
209 2798 268 2821 tunc
279 2786 390 2822 ‘ilemnm
407 2786 498 2822 unum,
513 2786 651 2830 personam
667 2786 760 2823 merito
777 2786 970 2831 meliusne.
987 2786 1030 2822 ἰῖεἶ
1038 2786 1150 2829 quoque
1160 2786 1242 2820 habet
1254 2791 1370 2827 epistola
1383 2791 1484 2826 Pelagii
1499 2789 1531 2821 Il,
1542 2788 1574 2816 ad
1591 2788 1677 2815 Ellam
1690 2786 1776 2822 Aqui~

146 2827 286 2857 leienscm.
