1967 3047
203 201 238 232 37
767 210 815 240 DE
835 212 962 242 LIBRIS
981 212 1234 247 THEODORETI.

1761 221 1814 253 338

187 256 269 283 tidem
286 255 351 284 facit
369 255 517 292 Gregorius
536 258 657 295 Magnus,
683 268 744 289 cum
769 263 879 291 nomine
901 264 978 291 Pela—
991 266 1014 294 A
1028 272 1089 294 esse
1104 272 1246 302 cuperent,
1261 275 1294 295 ex
1308 269 1401 297 multis
1412 269 1495 297 sectis
1507 270 1674 306 impietatem
1689 273 1814 300 emendi-

185 301 223 335 gii
242 301 263 328 II
280 301 407 330 scribens
425 303 460 330 ad
481 304 626 340 episcopos
649 306 744 339 Istriac,
762 309 858 336 eadem
877 310 975 338 tribuit

186 347 371 380 Theodoreto,
388 357 449 383 qum
459 349 609 384 Mercator;
623 360 673 380 nec
686 353 781 380 eadem
796 359 912 388 tantum,
926 357 974 384 sed

181 392 284 420 'iisdem
297 393 380 420 etiam
397 395 489 422 verbis
499 415 505 427 ,
525 404 586 431 qua:
598 405 632 424 ex
645 398 804 427 Mercatoris
821 408 903 435 opere
926 409 974 429 ex-

186 439 307 474 scripsit.

221 485 303 513 XVII.
329 486 391 514 Scio
415 487 560 516 Leontium
582 494 610 517 et
633 496 822 526 excerptorem
840 502 857 520 v
878 494 974 530 synodi

186 529 270 557 verba
283 530 341 558 haec
359 531 505 560 Theodoro
519 534 710 569 Mopsuesteno
723 536 882 572 adjudicare
902 547 908 565 :
925 547 974 566 ve-

186 581 246 601 rum
260 575 329 602 nihil
347 576 494 604 admodum
511 583 563 610 est,
576 579 649 613 quod
664 580 726 614 quis
738 581 864 615 miretur,
880 583 973 610 Theo-

185 620 310 648 doretum
326 629 360 648 ex
370 621 516 651 Theodoro
532 624 640 659 aliquid
657 626 806 661 accepisse,
827 632 892 656 tunc
910 637 972 657 cum

184 665 338 700 discipulus
366 666 527 702 magistrum
549 668 719 702 defenderet,
741 672 972 706 quemadmodum

186 710 211 737 in
220 709 433 739 Commentariis
442 713 611 741 Psalmorum
621 714 807 751 Chrysostomi
818 719 902 746 verba
911 727 973 746 sen-

185 756 339 791 tentiasque
353 762 503 786 mutuatur.
515 759 593 793 Vide,
606 768 668 795 qua:
678 761 798 790 diximus
811 764 844 791 ad
856 764 971 792 citatum

183 807 343 837 excerptum
365 803 393 831 in
410 805 563 840 posteriore
572 812 654 842 .parte
671 808 790 843 Operum
806 809 882 837 Marii
899 811 970 838 Mcr-

183 849 296 881 eatoris,
311 857 426 885 quaeque
443 851 471 878 in
488 853 648 880 recensione
659 853 925 882 Commentariorum
943 857 971 884 in

184 893 317 921 Psalmos.

1027 317 1133 345 carunt,
1152 317 1180 340 et
1194 314 1264 341 hanc
1277 315 1459 349 perniciosam
1477 316 1593 344 hmresin
1614 317 1779 346 conﬁarunt.
1800 313 1830 346 »³

1060 357 1129 392 Ipsis
1141 357 1239 386 deinde
1254 360 1409 394 exprobrat,
1422 362 1495 396 quod
1506 361 1693 390 Orientalibus
1708 362 1814 391 calum~

1026 402 1099 430 niam
1115 407 1271 436 struerem;
1286 413 1348 432 nam
1363 412 1424 440 post
1432 407 1512 434 allata
1525 408 1681 435 testimonia
1693 407 1814 436 Athana—

1026 448 1070 480 sii,
1081 449 1128 483 qui
1145 449 1346 478 Alexandrinus
1358 451 1424 485 fuit;
1438 451 1562 487 Gregorii
1573 452 1746 494 Nazianzeni,
1765 455 1812 489 qui

1026 493 1180 528 Asiaticus;
1204 495 1352 528 Ambrosii,
1367 497 1413 531 qui
1435 497 1518 525 Italus
1538 507 1544 524 :
1565 502 1595 524 ut
1617 498 1714 534 reliqui
1737 499 1813 527 orbis

1026 539 1168 574 episcopos
1178 541 1311 573 laudaret,
1320 541 1500 570 Orientalium
1510 543 1566 570 sive
1577 543 1811 572 Antiochenorum

1026 585 1153 613 meminit
1170 586 1197 613 in
1213 586 1271 614 haec
1286 587 1371 614 verba
1385 587 1405 603 "
1423 597 1429 614 :
1447 597 1456 614 ‹
1477 588 1541 616 Post
1556 589 1607 616 hos
1621 590 1748 617 convenit
1764 591 1812 617 do-

1025 635 1116 657 ct0res
1129 629 1283 659 Orientales
1293 632 1400 660 audire.
1416 632 1479 660 Haec
1492 633 1566 660 enim
1582 634 1661 661 nobis
1670 635 1735 670 sola
1749 643 1812 669 pars

1025 680 1112 703 restat
1131 684 1165 703 ex
1186 677 1254 704 orbe
1276 681 1423 710 terrarum,
1444 682 1471 705 et
1486 678 1602 706 decebat
1618 679 1669 707 hos
1683 680 1788 714 primos
1804 682 1812 690 '

1025 719 1213 746 testimonium
1226 720 1373 755 perhibere
1385 721 1506 754 veritati,
1520 722 1567 756 qui
1581 721 1733 750 doctrinam
1748 731 1813 758 apo-

1024 764 1148 792 stolicam
1165 765 1248 800 primi
1269 769 1333 793 sunt
1347 766 1465 801 amplexi
1480 775 1487 793 ς
1503 767 1550 794 sed
1566 768 1695 802 quoniam
1712 768 1810 795 adver-

1023 816 1070 836 sus
1085 809 1283 845 pri‘mogenitos
1293 811 1404 846 pietatis
1419 811 1490 839 ﬁlios
1503 812 1610 848 linguas
1619 817 1727 840 vestras
1737 813 1812 840 acui-

1023 855 1084 886 stis,
1097 855 1233 883 mendacii
1245 860 1334 884 cotem
1346 856 1427 892 390
1442 856 1616 890 adhibentes,
1628 858 1756 885 ultimum
1771 859 1812 887 eis

1024 900 1113 928 locum
1138 901 1275 934 dedimus,
1300 907 1338 934 ut,
1363 910 1425 930 cum
1443 903 1511 931 alios
1535 904 1613 939 prius
1638 904 1810 938 audiveritis,

217 938 310 967 XVIII.
334 940 373 968 Ex
393 941 446 973 his,
469 950 530 977 quae
548 943 682 971 hactenus
703 944 786 980 389
799 945 872 973 dicta
894 951 969 979 sunt,
987 932 1008 962 Β
1023 946 1121 973 horum
1134 947 1235 974 dehinc
1248 932 1320 974 dicta
1332 932 1401 974 Icum
1418 932 1628 976 illorum-dictis
1645 957 1809 985 comparan-

180 989 289 1011 constat
313 985 458 1013 Eranisten
486 988 673 1023 conscriptum
693 998 754 1017 esse
782 995 844 1018 ante
867 1000 970 1019 anitum

180 1029 232 1056 “8
248 1030 281 1062 ‘°,
307 1039 362 1065 quo
380 1040 453 1062 anno
477 1034 587 1068 scripsit
609 1035 800 1065 Theodoretus
814 1038 946 1066 Dioscoro
962 1049 968 1066 :

179 1076 319 1109 quomodo
331 1077 405 1104 enim
422 1078 456 1105 ad
473 1086 542 1113 opus
553 1079 619 1107 illud
632 1088 808 1115 provocasset
820 1091 892 1111 anno
905 1084 967 1116 448,

179 1121 233 1148 nisi
257 1123 446 1158 pervulgatum
468 1128 533 1152 tunc
551 1130 624 1152 esset
637 1127 719 1154 etiam
741 1128 770 1154 in
786 1127 921 1164 :Egypto?
935 1129 969 1156 Et

178 1167 317 1201 quomodo
337 1171 506 1202 pervenisset
527 1171 553 1197 in
563 1171 720 1207 AEgyptum,
734 1174 760 1200 in
776 1182 863 1209 eaque
883 1175 968 1202 veluti

177 1212 366 1248 pervulgatum
382 1215 512 1249 quiddtun
539 1223 690 1252 notumque
705 1218 863 1253 haberetur,
879 1220 967 1248 sinon

178 1263 258 1286 antea
280 1259 306 1286 in
322 1260 464 1295 publicum
489 1263 656 1298 prodiisset?
668 1264 782 1292 Constat
799 1266 882 1293 etiam
899 1274 967 1294 con-

177 1305 311 1339 scriptum
326 1314 385 1334 esse
398 1312 460 1341 post
475 1308 580 1335 obitum
593 1309 699 1345 Cyrilli,
713 1312 792 1346 cujus
807 1312 901 1347 utique
917 1313 966 1341 de-

178 1349 263 1377 functi
284 1352 471 1380 testimonium
490 1353 606 1381 alIertur
634 1355 742 1391 dialogo
761 1357 892 1384 secundo.
915 1358 967 1386 De-

179 1394 276 1428 funcli,
301 1396 428 1431 inquam,
455 1399 519 1433 quia
551 1400 669 1428 viventis
689 1402 792 1430 nullius
818 1404 967 1431 auctoritas

179 1439 334 1468 adhibetur.
350 1442 540 1478 Conscriptum
556 1445 639 1480 igitur
654 1454 715 1474 esse
732 1451 840 1482 oportet
854 1455 887 1475 eo
900 1453 967 1476 tem-

178 1486 254 1520 pori‘s
270 1486 424 1521 intervallo,
445 1489 517 1523 quod
532 1490 566 1517 ab
583 1498 656 1517 anno
675 1491 727 1518 44M
741 1492 775 1519 ad
795 1500 897 1520 annum
914 1493 966 1521 4'48

179 1531 340 1559 interﬁuxit.

1022 995 1073 1024 tes,
1088 992 1265 1020 concordiam
1278 993 1402 1020 omnium
1418 993 1603 1027 admiremini,
1622 998 1675 1022 etc.

1057 1037 1151 1065 Refert
1162 1045 1211 1065 eos
1222 1042 1316 1072 postea
1326 1038 1463 1065 Theodori
1476 1042 1503 1066 et
1513 1039 1624 1066 Diodori
1635 1044 1810 1067 accusatores

1020 1083 1117 1110 fuisse.
1142 1093 1151 1109 ‹
1168 1083 1322 1111 Proferrem
1339 1084 1421 1111 etiam
1439 1084 1488 1111 tibi
1507 1084 1721 1112 fortissimorum
1736 1086 1809 1112 veri-

1020 1129 1084 1156 tatis
1095 1133 1328 1164 propugnatorum
1342 1129 1454 1156 Diodori
1467 1129 1640 1157 etTheodori
1655 1131 1809 1157 enarratio-

1020 1183 1079 1207 nes,
1097 1175 1149 1201 nisi
1172 1175 1294 1202 viderem
1314 1183 1363 1202 vos
1377 1175 1484 1202 infenso
1511 1176 1538 1213 in
1558 1176 1608 1202 hos
1629 1175 1721 1202 animo
1735 1183 1807 1207 esse,

1018 1220 1240 1256 Apollinarisque
1260 1221 1288 1248 in
1303 1229 1351 1248 eos
1363 1221 1427 1248 odio
1444 1225 1471 1248 et
1484 1221 1682 1248 malevolentiae
1696 1229 1806 1249 succes-

1019 1267 1105 1300 sisse;
1120 1267 1238 1294 vidisses
1249 1267 1331 1294 etiam
1346 1267 1396 1294 hos
1416 1267 1524 1294 caeteris
1538 1267 1718 1294 consonantia
1733 1268 1803 1294 seri-

1018 1313 1116 1348 psisse,
1132 1317 1160 1340 et
1181 1320 1215 1340 ex
1236 1313 1331 1340 divino
1348 1312 1422 1340 fonte
1439 1312 1539 1340 ﬂuenta
1564 1312 1699 1345 hausisse,
1717 1312 1804 1340 rivos-

1017 1365 1071 1393 que
1087 1361 1115 1385 et
1135 1358 1210 1393 ipsos
1233 1365 1343 1393 quoque
1363 1358 1482 1392 Spiritus
1507 1358 1666 1386 exstitisse:
1682 1357 1730 1384 sed
1754 1357 1805 1385 hos

1018 1403 1129 1437 quidem
1139 1404 1356 1438 praetermittam,
1369 1403 1432 1438 quia
1450 1403 1623 1438 implacabile
1636 1402 1738 1430 bellum
1755 1403 1805 1430 ad-

1017 1457 1114 1477 versus
1129 1457 1177 1476 eos
1188 1449 1349 1484 suscepistis
1366 1449 1398 1476 δ’.
1419 1459 1428 1475 ι

1052 1494 1129 1522 Facit
1138 1494 1219 1521 etiam
1234 1498 1317 1522 testes
1329 1494 1496 1529 Apollinaris
1506 1498 1666 1521 sectatores.
1682 1503 1690 1519 ι
1710 1493 1763 1521 Sed
1777 1499 1806 1521 et

1016 1547 1067 1575 ego
1087 1540 1135 1566 tibi
1157 1548 1254 1578 rursus
1274 1540 1448 1574 inopinatum
1467 1539 1610 1574 applieabo
1634 1539 1804 1572 remedium;

214 1576 284 1604 XIX.
298 1578 351 1605 Sed
372 1587 427 1614 quo
450 1579 561 1607 deﬁnite
584 1583 729 1616 tempore?
750 1583 792 1611 An
810 1585 902 1611 statim
929 1585 963 1612 ab
979 1596 999 1624 ε
1017 1593 1102 1612 unum
1115 1586 1188 1613 enim
1204 1585 1375 1612 admirabilis
1391 1589 1490 1612 vestrae
1511 1585 1649 1613 hmreseos
1663 1585 1804 1613 doctorem

177 1622 254 1650 obitu
267 1623 379 1658 Cyrilli?
400 1625 521 1660 Epistola
535 1631 610 1654 certe
628 1631 694 1655 tunc
709 1630 810 1663 scripta
833 1630 867 1657 ad
883 1630 964 1657 Dom-

176 1677 252 1701 uum,
269 1670 428 1705 concioque.
440 1671 592 1700 Antiochia:
613 1681 705 1701 coram
727 1675 825 1702 eodem
847 1677 963 1710 praesule

176 1714 280 1746 habita,
297 1716 323 1743 in
335 1724 394 1742 eam
407 1717 593 1752 conjecturam
610 1719 731 1746 animum
743 1728 798 1748 non
811 1721 907 1748 leviter
920 1721 963 1748 in-

175 1760 278 1786 clinant
300 1765 411 1795 propter
434 1764 586 1797 argumenti
610 1764 817 1792 similitudinem
839 1775 845 1792 :
866 1774 963 1794 verum

176 1805 348 1840 imperatoris
369 1807 467 1840 verba,
497 1809 750 1846 monachorumque
776 1812 910 1846 historia,
935 1819 962 1841 ct

174 1858 235 1884 qua:
246 1851 318 1878 di'cta
330 1857 404 1884 sunt,
420 1860 476 1880 rem
493 1854 627 1882 conﬁcene
638 1855 778 1890 videntur,
794 1862 876 1893 atque
893 1859 962 1887 adeo

175 1896 300 1929 suadere,
326 1897 353 1924 id
373 1898 465 1933 operis
481 1906 495 1925 a
506 1899 680 1928 Thcodoreto
696 1901 825 1930 eﬁ‘ectum
851 1903 962 1932 circiter

175 1949 277 1969 annum
302 1944 363 1976 446,
384 1949 528 1979 postquam
555 1946 590 1973 ab
613 1947 780 1982 imperatore
798 1949 893 1984 jussus
918 1955 961 1978 est

173 1987 236 2022 Cyri
255 1987 355 2016 ﬁnibus
376 1997 404 2017 se
423 1991 574 2018 continere.
596 1991 693 2020 Jussus
714 1997 756 2021 est
782 2000 874 2022 autem
889 2004 962 2024 anno

174 2033 236 2066 1.45,
251 2034 447 2063 utconl‘cctum
459 2041 501 2064 est
513 2045 547 2064 ex
565 2038 646 2072 epist.
658 2039 688 2066 8i
705 2040 739 2067 ad
756 2040 874 2068 Nonium
893 2050 960 2069 con-

175 2078 275 2108 sulem.

207 2134 266 2168 XX,
279 2136 380 2164 Verum
392 2142 422 2164 ut
432 2137 523 2165 adhuc
533 2138 642 2173 planius
655 2139 830 2176 intelligatur,
842 2141 915 2176 quod
927 2142 961 2169 de

173 2187 296 2217 tempore
309 2182 521 2217 conscriptionis
538 2184 641 2211 dictum
656 2190 708 2218 est,
723 2186 862 2221 inquirere
878 2188 959 2222 paulo

172 2226 331 2262 diligentius
359 2231 477 2262 oportet,
510 2236 562 2263 qua
595 2230 738 2257 occasione
767 2231 959 2260 'I‘heodorctus

172 2272 297 2308 Dialogos
306 2273 433 2301 ediderit.
451 2274 479 2301 ld
488 2282 564 2307 vero,
579 2281 608 2301 ut
621 2275 676 2307 ﬁat,
691 2276 893 2305 observandum
905 2283 957 2310 est,
977 2263 997 2290 ὓ

171 2326 240 2353 quos
256 2319 308 2346 sibi
321 2320 493 2347 adversarios
506 2321 706 2356 impugnandos
725 2329 860 2358 proponat
874 2333 880 2351 :
899 2325 958 2352 suis

170 2365 243 2392 enim
255 2366 327 2400 ipsos
341 2373 396 2393 non
410 2375 464 2394 uno
480 2367 539 2395 loco
553 2368 759 2396 characteribus
770 2369 904 2406 depingit.

203 2410 237 2438 Et
248 2410 336 2446 primo
354 2412 464 2446 quidem
478 2413 505 2440 in
522 2414 684 2442 Przefatione
699 2416 747 2448 ait,
765 2416 849 2444 fuisse
865 2418 956 2445 homi-

170 2464 219 2484 nes
234 2456 338 2484 nullius
357 2457 487 2490 nominis,
502 2459 660 2495 similesque
675 2465 705 2488 ct
718 2462 873 2490 Alexandro
887 2472 956 2491 acra-

170 2503 222 2534 rio,
240 2503 287 2537 qui
305 2504 429 2538 apostolo
449 2504 548 2537 Paulo;
568 2510 596 2532 et
613 2506 713 2538 Semei,
739 2508 786 2542 qui
802 2508 913 2542 Davidi;
931 2515 958 2537 et

169 2548 280 2581 Mancti,
297 2549 342 2584 qui
361 2549 499 2582 Ecclesiae,
520 2555 634 2585 propter
651 2560 727 2580 vana:
743 2553 835 2588 gloria:
847 2555 956 2589 cupidi-

170 2596 263 2624 tatem,
290 2594 430 2628 negotium
452 2594 600 2622 facessivit.
628 2605 636 2621 ε
656 2596 712 2623 Iloc
732 2597 832 2631 ipsum.
855 2599 954 2634 inquit,

168 2638 294 2665 nonnulli
305 2647 379 2666 nunc
391 2647 500 2674 quoque
517 2640 631 2673 faciunt,
650 2642 696 2676 qui
707 2644 887 2677 expetendatn
900 2646 957 2673 vir—

169 2683 236 2710 tutis
253 2683 366 2718 gloriam
381 2689 493 2720 propter
505 2685 623 2719 labores,
634 2687 682 2722 qui
695 2688 766 2716 illam
785 2690 956 2724 praecedunt,

169 2727 314 2763 fugientes,
335 2730 520 2764 turpissimam
542 2735 570 2758 et
585 2732 766 2760 miserrimam
788 2734 839 2761 sibi
856 2735 956 2763 famam

168 2781 301 2817 peperere
321 2784 327 2801 :
352 2783 413 2802 cum
429 2776 502 2804 enim
524 2785 656 2805 novorum
672 2778 828 2814 dogmatnm
847 2782 956 2815 patroni

1015 1631 1217 1666 Apollinarium
1229 1631 1257 1658 in
1273 1631 1395 1658 medium
1412 1630 1557 1662 adducam,
1572 1635 1599 1657 et
1610 1638 1664 1657 non
1677 1631 1757 1658 aliter
1774 1639 1805 1658 ac

1015 1677 1102 1705 sancti
1122 1677 1227 1709 Patres,
1249 1676 1360 1703 Verbum
1376 1684 1438 1703 caro
1455 1675 1553 1710 factum
1570 1679 1618 1708 est,
1638 1676 1804 1704 intellexisse

1014 1723 1158 1750 ostendam
1177 1723 1209 1750 ⁸³.
1225 1733 1234 1748 ι

1048 1769 1102 1796 Eos
1121 1768 1230 1796 tandem
1242 1768 1326 1795 veluti
1345 1767 1414 1800 Arii,
1426 1776 1479 1803 qua
1497 1772 1572 1802 parte
1585 1775 1648 1795 cum
1664 1767 1804 1802 Apolllna-

1015 1814 1055 1842 rio
1073 1815 1220 1846 consentit,
1240 1814 1390 1849 discipulos
1409 1813 1570 1848 alloquitur.
1601 1813 1668 1841 Nam
1684 1817 1745 1848 post
1762 1813 1803 1840 ci-

1015 1864 1100 1887 tatum
1124 1861 1236 1888 Eusebii
1264 1860 1386 1888 Emiscni
1417 1867 1467 1895 pro
1493 1859 1695 1894 impatibilitate
1719 1859 1802 1886 Verbi

1014 1906 1201 1933 testimonium
1218 1916 1224 1933 :
1244 1916 1253 1932 ‹
1272 1906 1372 1934 Vidisti
1385 1906 1478 1936 etiam,
1493 1905 1583 1940 inquit
1597 1905 1630 1937 ",
1645 1904 1727 1931 aliam
1743 1912 1802 1930 ma—

1013 1953 1161 1988 gistrorum
1181 1956 1337 1979 vestrorum
1357 1952 1484 1984 classem,
1506 1958 1521 1978 a
1538 1958 1592 1985 qua
1617 1957 1724 1985 passam
1741 1956 1803 1977 esse

1011 1998 1152 2034 Unigeniti
1168 1998 1341 2025 divinitatem
1361 1997 1490 2024 didicisse
1513 2005 1563 2024 nos
1581 1996 1712 2031 putastis,
1732 1996 1802 2023 hanc

1012 2044 1211 2078 blasphemiam
1230 2043 1380 2075 exsecrari,
1393 2047 1421 2070 et
1434 2042 1607 2070 divinitatem
1621 2041 1800 2076 impatibilem

1012 2089 1172 2124 praedicare,
1195 2093 1224 2116 et
1248 2097 1355 2121 eorum,
1376 2088 1422 2123 qui
1442 2087 1598 2123 passionem
1620 2087 1801 2115 illi:tribuerc

1012 2134 1126 2166 audent,
1144 2138 1282 2162 catervam
1295 2133 1440 2168 dissipare.
1456 2143 1465 2158 ›

1046 2190 1252 2218 Observandum
1265 2191 1378 2224 pariter,
1392 2197 1462 2226 quos
1472 2198 1569 2225 passus
1582 2189 1618 2217 sit
1631 2189 1687 2224 ipse
1700 2189 1799 2216 adver-

1011 2237 1112 2268 sarios,
1131 2236 1243 2263 eosdem
1261 2244 1358 2271 nempe
1382 2243 1452 2271 quos
1475 2235 1610 2263 Diodorus
1627 2239 1655 2262 et
1671 2235 1800 2262 Theodo-

1013 2289 1068 2308 rus.
1094 2281 1123 2309 Id
1145 2284 1254 2308 constat
1268 2288 1301 2308 ex
1318 2281 1447 2315 pericope
1465 2280 1589 2316 cpistola:
1609 2280 1642 2307 ad
1654 2280 1798 2308 Irenaeum.

1012 2328 1090 2363 cujus
1104 2332 1183 2355 antea
1195 2326 1298 2353 mentio
1308 2327 1378 2353 facta
1393 2330 1445 2354 est.

1048 2373 1118 2402 XXI.
1136 2373 1175 2400 Ex
1192 2372 1235 2399 his
1249 2372 1377 2407 colligere
1394 2371 1462 2399 mihi
1482 2379 1562 2407 posse
1581 2372 1686 2404 videor,
1699 2371 1797 2398 adver-

1011 2419 1099 2447 sarios
1110 2426 1179 2453 quos
1193 2417 1390 2453 oppugnandos
1401 2417 1454 2444 sibi
1464 2417 1587 2452 opponit,
1599 2417 1683 2444 fuisse
1698 2417 1725 2444 in
1734 2424 1798 2453 spe-

1010 2466 1081 2494 ciem
1098 2464 1256 2496 monachos,
1269 2464 1326 2491 sive
1339 2471 1409 2498 quos
1424 2462 1559 2490 Armenos
1574 2462 1699 2490 meminit
1712 2461 1795 2489 Libe-

1010 2516 1096 2544 ratus,
1121 2511 1178 2538 sive
1197 2509 1244 2545 qui
1262 2509 1431 2536 Pbmniciam
1453 2508 1681 2543 Palaestinamque
1702 2512 1796 2543 postea

1010 2558 1218 2583 commoverunt
1244 2563 1249 2580 :
1269 2562 1332 2581 nam
1355 2558 1383 2582 et
1400 2553 1513 2581 obscuri
1530 2553 1649 2581 nominis
1665 2552 1796 2586 fuerunt;

1009 2606 1037 2629 et
1056 2601 1242 2628 Orientalibus
1259 2600 1397 2635 episcopis
1416 2599 1581 2626 calumniam
1604 2599 1746 2631 fecerunt;
1769 2602 1798 2626 et

1009 2647 1123 2675 Diodori
1144 2646 1337 2680 Tltcodorique
1359 2646 1459 2681 scripta
1489 2645 1565 2673 velut
1585 2645 1714 2673 haeretica
1739 2649 1796 2673 tra-

1010 2693 1158 2725 duxerunt,
1172 2691 1370 2726 etApollinarii
1381 2691 1495 2726 Ariique
1510 2696 1602 2726 partes
1615 2690 1702 2719 seculi
1714 2693 1795 2722 sunt;

1009 2740 1037 2763 ct
1051 2736 1078 2762 in
1098 2735 1166 2762 urbe
1181 2735 1254 2770 regia
1277 2735 1420 2770 Eutychen
1444 2743 1507 2762 cum
1530 2736 1589 2763 suis
1611 2735 1752 2762 monachis
1768 2735 1795 2762 in

1008 2789 1132 2810 errorem
1154 2781 1340 2816 impulerunt;
1364 2786 1391 2808 et
1416 2782 1590 2810 Theodoreto
1612 2783 1719 2817 “neque
1746 2789 1795 2816 per

837 2859 995 2888 SCIIULZII
1015 2859 1131 2889 NOTAE.

203 2901 486 2943 rvAllle'illllllllhf‘ﬁp
503 2904 620 2943 scriptus
632 2905 735 2943 dicitur
743 2915 835 2941 supra,
851 2916 877 2942 p.
890 2909 951 2937 206.
965 2910 1025 2938 Vid.
1041 2913 1130 2936 tamen
1141 2916 1166 2943 p.
1178 2908 1238 2935 5‘29.

168 2940 188 2964 ι.
203 2936 246 2970 Iv,
259 2945 285 2973 ν.
301 2938 345 2965 is.
385 2938 406 2953 υ
419 2938 500 2971 Ibid,
514 2947 541 2975 ν.
559 2936 605 2967 '70.
645 2941 666 2956 δ’·
678 2940 759 2975 lbid.,
777 2936 804 2977 it.
820 2936 881 2971 262.

1295 2909 1313 2923 “
1330 2908 1390 2936 Vid.
1408 2912 1425 2935 ι.
1441 2909 1483 2940 Ν,
1501 2917 1526 2943 p.
1549 2909 1576 2935 Εὖ
1592 2916 1649 2943 seq.
1698 2908 1718 2923 ³³
1733 2907 1785 2934 \"id
