1967 3047
168 182 219 213 339
714 179 902 211 GARNERII
923 179 1172 210 DISSERTATIO
1192 180 1221 209 ΙΙ
1744 175 1796 208 340

170 235 312 272 Eutychen
323 235 486 271 Chrysaplrii
499 235 620 269 suscepti
637 234 678 262 sui
698 234 821 270 potentia
837 234 955 262 abuten-
970 235 992 262 A
1007 233 1201 260 ecclesiastica:
1216 232 1339 259 historiae
1349 231 1516 267 colliguntur
1526 230 1603 258 utilia
1618 229 1703 257 ista“
1716 230 1797 266 quin-

170 287 235 315 tem,
249 281 418 316 clericosque
435 280 570 308 Osroenes
586 280 743 315 provincize,
760 280 899 315 negotium
914 279 956 307 fe—
1007 285 1060 313 que
1081 287 1087 304 :

170 333 277 357 cerunt.
293 329 348 356 llos
362 334 428 362 ergo
439 327 466 353 in
478 334 598 358 secessu,
611 333 756 360 cunneger
769 326 878 353 animus
891 333 957 352 con-
1041 323 1066 349 i.
1092 323 1153 350 Non
1179 329 1259 357 posse
1281 320 1392 348 defendi
1415 320 1574 355 opinionem
1600 320 1723 352 Baronii,
1748 319 1796 354 qui

169 381 289 409 coquere
315 380 371 399 non
398 376 491 406 posset
515 371 642 406 injuriam
675 378 757 404 quam
781 370 957 397 continenter
1006 369 1116 396 videtur
1128 368 1241 400 sentire,
1255 367 1283 395 id
1296 367 1388 402 operis
1404 367 1511 394 editum
1523 366 1609 393 fuisse
1625 370 1686 400 post
1702 364 1796 393 conci-

170 419 295 447 versabat
311 418 410 445 avidus
421 417 536 444 ultionis
548 426 554 449 ;
568 416 629 448 hos,
652 416 775 450 inquam,
796 415 872 443 velut
893 415 955 441 ﬁdei
1006 413 1072 440 lium
1086 413 1320 444 Chalcedonense,
1339 419 1412 439 anno
1428 410 1476 438 451
1494 410 1673 437 celebratum.

169 467 271 497 hostes,
288 464 398 492 fallente
416 464 485 495 zelo,
504 462 687 498 proﬁigandos
702 461 832 496 suscepit.
1041 459 1067 485 Ξ.
1092 459 1150 485 Non
1176 458 1336 490 audiendos,
1362 457 1409 492 qui
1429 461 1540 492 putant,
1562 462 1656 482 veram
1679 462 1712 482 ex
1735 453 1797 482 istis

204 510 440 538 XXll.Eranisten
452 509 535 544 igitur
546 507 696 535 elaboravit
708 511 832 541 tempore
841 505 955 533 manda-
1006 506 1084 533 libris
1096 505 1226 540 Eulychis
1241 505 1406 532 sententiam
1424 503 1539 538 intelligi
1555 502 1668 534 debere,
1690 509 1753 528 cum
1768 501 1796 528 in

170 562 226 582 tum
251 554 426 589 imperatoris
444 561 506 580 mox
520 556 663 587 sequente,
683 552 710 578 id
728 555 780 583 est,
803 558 874 578 anno
892 550 954 577 HG.
1008 551 1073 586 ipsis
1086 551 1161 578 aliud
1178 551 1235 578 fere
1254 550 1322 578 nihil
1338 550 1531 577 Theodoretus
1545 548 1702 576 adversario
1723 548 1796 582 obji-

168 600 336 631 Elaborﬂﬁl.
362 600 489 634 inquam;
504 605 566 624 nam
586 601 642 624 ιουι
662 604 728 623 usus
750 600 793 623 cst
812 596 838 622 vi
857 595 956 622 mentis
1007 597 1070 630 ciat,
1087 605 1168 632 quam
1181 596 1254 631 quod
1272 596 1337 623 olim
1348 595 1525 631 Cyrillo,sive
1538 594 1565 621 in
1578 593 1795 628 reprehensione

169 654 235 677 sine,
257 649 378 680 totaque,
392 652 446 679 qua
456 643 564 670 valebat
577 642 738 677 plurimum,
754 647 812 669 arte
825 641 858 668 ad
871 641 956 668 lecto—
1007 642 1126 676 capitum
1144 642 1201 669 sire
1219 641 1246 668 in
1264 641 1326 668 aliis
1343 640 1453 676 scriptis
1472 639 1538 667 vitio
1555 639 1680 666 verterit.

171 700 231 719 rum
252 691 358 718 animos
376 689 452 717 suavi
479 688 598 724 quadam
616 688 744 723 facilique
772 687 955 714 collocutione
1041 688 1106 714 5“.
1129 688 1189 714 Non
1218 686 1385 714 audiendum
1414 685 1517 720 pariter
1547 685 1720 712 Gennadium
1747 683 1795 718 qui

168 736 257 771 primo
281 734 360 769 quasi
383 732 567 764 fascinnndOS,
591 732 690 759 deinde
715 731 772 758 suis
792 731 956 766 syllogismis
1006 734 1108 768 scripta
1134 733 1189 766 illa,
1215 741 1275 768 qua:
1296 738 1376 760 vocat
1393 732 1485 765 fortia,
1503 732 1637 759 adversus
1653 731 1794 765 Eutychen

169 780 368 816 illaqucandos,
387 784 418 806 ut
437 779 488 806 sibi
507 778 679 809 viderentur,
701 777 729 804 in
755 782 847 812 partes
869 777 954 804 collo-
1006 780 1089 806 fuisse
1105 780 1208 806 tradit:
1223 788 1285 807 cum
1305 779 1377 806 enim
1393 779 1551 810 ederentur,
1570 778 1692 805 nondum
1715 777 1797 804 deliri

168 831 284 863 (tutantes
303 834 357 853 non
374 826 462 853 aliena
486 825 594 852 Tal-lene
619 823 694 856 διιεῖ,
719 824 767 851 seu
788 826 885 859 Sponlc
905 831 954 850 sua
1006 826 1080 853 senis
1093 826 1230 860 impietas,
1243 833 1277 852 ne
1294 825 1374 860 392
1386 824 1415 851 in
1431 824 1489 859 ipsa
1500 823 1612 858 quidem
1629 823 1695 850 urbe
1710 822 1795 857 regia,

169 874 272 901 venire.
972 905 981 906 ί
1007 871 1139 906 patefacta
1158 875 1233 903 erat;
1259 875 1334 898 certe
1360 870 1387 897 in
1408 870 1548 905 publicum
1570 877 1625 896 non
1654 868 1795 903 prodierat

203 918 282 953 391
301 917 397 944 XXlll.
417 915 514 951 Operis
533 923 616 950 porro
632 915 726 946 totius,
745 914 817 949 quod
840 913 955 949 dialogis
972 905 992 932 Β
1006 905 1069 945 ante
1083 921 1198 944 mortem
1211 917 1315 948 Procli,
1328 919 1356 943 et
1371 915 1571 944 ordinationem
1591 914 1795 949 Flaviani,qua:

169 963 258 990 tribus
274 966 302 989 et
316 969 371 989 uno
386 960 606 996 syllogismorum
625 959 697 986 libro
712 959 877 990 absolvitur,
896 958 955 985 haec
1006 962 1119 997 contigit
1130 962 1181 989 sub
1195 962 1275 988 ﬁnem
1292 961 1355 988 anni
1368 961 1430 988 446,

168 1013 221 1039 est,
242 1012 272 1035 ut
284 1008 339 1042 jam
361 1011 488 1041 exparte
511 1006 615 1033 dictum
633 1009 688 1036 est,
705 1004 861 1032 methodus.
885 1003 944 1031 Cun

1039 1009 1065 1036 εί.
1077 1008 1174 1035 Mirum
1187 1007 1214 1034 in
1226 1007 1337 1033 modum
1346 1006 1402 1033 falli
1420 1006 1549 1041 opinione
1560 1013 1608 1033 sua
1620 1005 1793 1032 Albertinum

169 1053 221 1080 tria
232 1053 284 1080 sibi
294 1052 420 1087 dogmata
431 1050 629 1086 proposuisset,
640 1057 694 1076 non
705 1047 846 1084 probanda
862 1047 942 1074 modo

1017 1053 1232 1087 llondcllumque
1247 1051 1432 1083 Calvinianos,
1455 1051 1503 1086 qui
1523 1059 1584 1086 qua:
1602 1050 1793 1078 Theodoretus

168 1097 215 1124 sed
229 1097 324 1128 etiam,
342 1100 372 1122 ut
387 1095 445 1130 ipse
458 1095 571 1130 quidem
587 1095 719 1129 loquitur,
730 1093 953 1125 demonstranda.
1005 1097 1085 1124 ali‘ert
1102 1096 1257 1124 testimonia
1276 1096 1399 1128 Patrum,
1421 1095 1518 1122 eadem
1536 1102 1599 1122 cum
1620 1095 1663 1127 iis,
1685 1103 1746 1130 qua:
1766 1094 1794 1121 iu

168 1142 202 1169 de
220 1141 304 1168 Verbi
327 1139 559 1171 innnutabilitate,
580 1140 614 1166 de
632 1138 775 1166 ineonfusa
794 1141 954 1164 naturarum
1005 1141 1439 1171 conciliiChalcedonenSiSActis
1451 1141 1589 1177 leguntur,
1602 1141 1724 1176 subjecta
1736 1140 1794 1175 epi-

168 1185 279 1218 unione,
291 1189 319 1213 et
328 1184 546 1220 impossibilitate
560 1183 724 1215 divinitatis,
741 1183 847 1218 singula
859 1183 944 1217 singu-

1020 1189 1081 1216 tola:
1097 1188 1183 1215 sancti
1198 1187 1298 1216 Leonis
1313 1187 1345 1214 ad
1364 1187 1535 1219 Flavianum,
1557 1194 1612 1214 non
1626 1186 1793 1213 erubescunt

167 1232 202 1259 “3
213 1230 329 1266 άίθιιοείε
343 1230 449 1257 ratione
464 1230 596 1264 Primum:
615 1228 717 1256 deinde
729 1227 842 1255 Ρίητυῐη
858 1231 954 1254 almo‘
1005 1233 1097 1261 dicere
1115 1243 1129 1260 a
1148 1232 1322 1260 Theodoreto
1338 1240 1372 1259 ex
1386 1231 1502 1266 epistola
1516 1231 1602 1258 sancti
1619 1230 1719 1257 Leonis
1734 1237 1794 1257 esse

167 1277 247 1304 ritate
268 1276 430 1307 conﬁrmat,
450 1279 481 1302 ut
501 1282 556 1302 non
578 1278 633 1301 tam
655 1281 742 1305 suam,
765 1281 846 1308 quam
870 1273 943 1300 totiu:

1015 1284 1123 1314 iumpta.
1137 1279 1212 1306 Nihil
1225 1278 1299 1306 enim
1309 1277 1364 1305 dici
1375 1277 1466 1312 potuit
1483 1280 1531 1304 aut
1543 1276 1724 1312 ignorantius,
1743 1279 1791 1302 aut

165 1323 242 1350 orbis
267 1321 418 1350 Christiani
452 1321 605 1348 doctrinam
632 1319 741 1346 tradere
773 1318 900 1345 videatur
918 1318 941 1333 "

1016 1325 1204 1360 mpudentius.
1219 1325 1287 1352 Nam
1304 1323 1447 1351 Eranistes
1460 1326 1625 1358 pervagatus
1639 1326 1690 1354 est,
1709 1321 1791 1348 etiam

165 1369 260 1396 Patres
276 1368 349 1395 enim
367 1366 505 1402 producit,
524 1366 571 1400 qui
587 1373 683 1392 omnes
698 1364 793 1392 mundi
809 1368 901 1398 partes
919 1363 937 1390 il

1016 1380 1032 1399 n
1044 1371 1201 1407 IEgyptum,
1214 1375 1277 1398 ante
1291 1373 1453 1405 conceptam
1468 1368 1636 1403 missamquc
1650 1367 1792 1402 epistolam

166 1415 329 1445 ιυόιτπυηιι
340 1413 440 1447 (“libus
449 1412 538 1446 ipsum
551 1411 634 1438 etiam
645 1410 844 1445 Aponinm‘lum
857 1409 953 1436 advel"
1004 1417 1091 1445 sancti
1102 1417 1214 1449 Leonis,
1227 1417 1329 1452 quippe
1340 1423 1402 1443 cum
1414 1415 1477 1442 data
1490 1415 1526 1442 sit
1541 1421 1613 1442 anno
1625 1413 1687 1445 449,
1701 1413 1793 1441 Idibus

162 1459 299 1487 sariorum
320 1458 483 1494 magistrum
503 1457 579 1485 addit
603 1465 610 1484 :
627 1456 745 1492 denique
763 1455 836 1490 quod
857 1455 938 1482 l'usior

1014 1463 1080 1495 lulii,
1091 1462 1201 1490 Asterio
1216 1467 1244 1490 et
1254 1462 1408 1496 Protogene
1422 1468 1492 1488 coss.
1511 1460 1630 1495 scriptus
1643 1459 1790 1492 Eranistes,

163 1504 289 1532 oratione
312 1504 340 1532 in
362 1503 478 1538 dialogis
502 1502 688 1534 disseruerat,
719 1501 856 1528 contrahit
881 1499 953 1527 libro
1004 1517 1085 1544 quam
1101 1508 1267 1540 tardissime,
1286 1516 1359 1535 τιηηο
1369 1508 1431 1535 446,
1572 1500 1576 1504 ’

164 1554 263 1584 quarto
282 1549 309 1576 in
328 1548 509 1585 syllogismos,
521 1547 622 1582 quibus
636 1555 693 1574 rem
709 1546 832 1578 omnino,
851 1551 880 1573 ut
892 1546 939 1581 qui

1041 1554 1067 1581 5.
1081 1554 1224 1589 Nuperum
1240 1553 1375 1580 editorem
1385 1552 1506 1588 Operum
1520 1552 1609 1580 sancti
1625 1551 1726 1579 Leonis
1738 1551 1791 1578 im-

164 1595 227 1622 dem
244 1595 296 1622 sibi
312 1593 423 1622 videtur
436 1600 526 1628 posse,
543 1591 680 1620 conﬁciat.

1014 1600 1156 1628 )rudenter
1167 1600 1314 1628 adhaesisse
1324 1599 1481 1628 Calvinistis
1497 1599 1558 1627 istis
1571 1598 1691 1631 duobus,
1706 1602 1735 1626 et
1746 1605 1790 1625 se-

200 1640 294 1668 XXIV.
316 1640 395 1668 Inter
411 1638 615 1667 ecclesiasticos
636 1641 811 1669 tractatorcs,
831 1643 950 1671 quorum

1015 1645 1125 1673 :undum
1137 1653 1185 1673 eos
1195 1645 1360 1673 sententiam
1375 1644 1488 1677 dixisse,
1507 1647 1538 1671 ut
1549 1651 1593 1671 me
1608 1643 1750 1670 damnaret
1764 1643 1791 1670 in

164 1686 326 1714 ειυοῑοτίίθιθ
339 1686 437 1718 "mu",
456 1686 608 1712 DlOdOl‘um
623 1684 786 1711 Tarsensem
797 1703 805 1716 ν
822 1683 950 1710 Τὴθοάο·
1003 1691 1077 1719 notis
1093 1690 1127 1718 ad
1142 1699 1160 1718 n
1173 1695 1278 1725 partem
1289 1690 1410 1725 Operum
1427 1689 1504 1717 Marii
1523 1688 1682 1716 Mercatoris
1701 1688 1792 1716 obiter

164 1739 281 1766 rumque
301 1731 522 1766 Mopsuestenum
541 1738 596 1757 non
617 1732 758 1761 recenset,
776 1728 902 1764 quamvis
923 1736 937 1755 e

1015 1737 1047 1765 Iis
1064 1737 1098 1764 de
1107 1735 1274 1764 testimoniis
1284 1735 1417 1763 locutum.
1431 1734 1518 1768 Quam
1531 1733 1672 1761 immerito
1686 1732 1713 1760 id
1728 1740 1791 1769 ege-

164 1777 289 1805 celebres
310 1780 404 1804 essent
425 1783 458 1804 ea
481 1779 655 1811 tempestate,
675 1778 703 1802 et
715 1782 764 1802 eos
783 1774 841 1809 ipse
862 1773 949 1809 magi-
1004 1784 1051 1815 m‘
1064 1783 1189 1811 dicemus
1203 1781 1255 1809 sub
1270 1781 1352 1809 ﬁnem
1367 1781 1401 1808 to.

163 1831 283 1855 suorum
297 1827 358 1854 loco
372 1826 497 1854 habe-rel.
515 1826 589 1853 Facti
607 1833 703 1853 causas
722 1824 813 1857 ειῙΪεΓῑ,
831 1830 862 1852 ιιι
877 1825 949 1852 ἀίκί-
1039 1829 1145 1856 XXVII.
1163 1828 1311 1862 Postquam
1333 1826 1438 1854 dictum
1461 1826 1495 1853 de
1515 1830 1639 1860 tempore
1657 1830 1686 1853 et
1699 1825 1790 1852 causis

164 1881 235 1905 mus,
251 1873 279 1899 in
292 1872 401 1907 dialogo
414 1872 441 1904 Ι,
456 1876 484 1899 et
494 1871 575 1907 epist.
593 1871 626 1899 16
635 1871 670 1899 ad
685 1871 818 1898 lrcnaaum
830 1870 949 1905 idipsum
1003 1873 1174 1909 Polymorphi
1184 1880 1232 1899 seu
1243 1872 1386 1904 Eranislw,
1404 1871 1529 1906 sequitur
1543 1870 1684 1905 deinceps,
1701 1876 1731 1897 ut
1748 1869 1791 1897 in-

164 1918 309 1946 mirantem
324 1918 357 1944 ⁵⁶.
1003 1918 1142 1950 dicentur,
1156 1925 1217 1952 quae
1228 1916 1400 1944 observanda
1410 1917 1438 1944 in
1451 1917 1495 1944 his
1507 1915 1622 1951 dialogis
1634 1915 1790 1942 videantur.

197 1963 280 1992 XXV.
295 1964 335 1991 Ex
346 1963 446 1998 quibus
460 1963 562 1990 litteris
579 1963 690 1998 alfulget
703 1963 761 1995 lux,
774 1963 804 1990 in
822 1970 875 1997 qua
893 1970 948 1989 nou
1004 1964 1074 1992 Sunt
1088 1968 1178 1991 autem
1193 1963 1244 1990 ista
1259 1963 1396 1998 praecipue
1410 1968 1516 1998 septem

162 2017 194 2036 ca
205 2013 389 2044 tantumque
398 2009 527 2041 diximus,
537 2008 652 2036 clariora
663 2008 738 2041 ﬁant,
751 2008 797 2036 sed
809 2008 861 2034 alia
873 2015 948 2042 quze-
1036 2010 1057 2037 l.
1074 2009 1265 2036 Theodoretus
1288 2016 1342 2036 non
1364 2009 1497 2044 postulat,
1519 2009 1577 2037 sive
1606 2016 1669 2037 cum
1693 2007 1792 2036 scribit

161 2055 224 2082 dam
236 2055 390 2087 videantur,
403 2059 431 2081 et
440 2055 551 2090 quidem
560 2054 642 2090 digna
658 2054 740 2081 scitu.
754 2054 781 2081 1³⁷
790 2053 948 2089 Apologia":
1003 2055 1087 2083 Leoni
1105 2054 1238 2090 pontiﬁci,
1247 2055 1304 2082 sive
1319 2062 1381 2082 cum
1393 2055 1498 2082 Renato
1510 2055 1682 2090 presbytero,
1694 2061 1727 2080 ex
1739 2053 1791 2080 hoc

162 2108 211 2134 pro
231 2099 346 2126 Diodoro
369 2103 397 2126 et
413 2099 547 2126 Theodoro
572 2099 702 2134 scriptam
725 2107 786 2127 esse
803 2104 866 2128 ante
884 2099 950 2127 Era-
1004 2101 1219 2137 librojudicium
1233 2101 1267 2128 de
1285 2109 1334 2129 sua
1354 2101 1407 2128 ﬁde
1425 2101 1548 2129 exerceri
1566 2110 1572 2127 :
1590 2104 1697 2135 poterat
1717 2099 1791 2127 enim

163 2145 265 2172 nisten.
293 2145 321 2172 2°
342 2145 439 2173 Editos
459 2153 519 2172 esse
535 2144 661 2181 Dialogor
683 2149 746 2173 ante
770 2145 907 2181 dejectum
934 2153 949 2173 e
1005 2148 1069 2175 inde
1081 2147 1216 2180 damnari,
1235 2155 1298 2175 cum
1310 2147 1511 2183 propositiones
1527 2150 1646 2182 quatuor
1660 2154 1674 2173 a
1690 2145 1792 2182 Cyrillo

161 2190 227 2218 sede
238 2190 382 2223 lrenazum,
392 2191 439 2226 qui
451 2191 573 2226 dejectus
581 2196 623 2218 est
629 2199 700 2218 anno
711 2191 772 2218 MS.
787 2191 814 2218 3°
820 2191 937 2219 Occasio

1014 2201 1134 2226 Issertas,
1149 2198 1178 2221 et
1196 2193 1230 2221 ab
1247 2193 1369 2221 Ecclesia
1385 2198 1519 2227 receptas,
1542 2192 1612 2220 Deus
1634 2201 1726 2228 passus
1743 2195 1790 2224 est,

161 2243 224 2263 nem
238 2236 379 2263 scribendi
396 2244 430 2263 ex
445 2237 619 2264 accusatione
637 2241 736 2265 ortam.
749 2237 777 2264 4°
788 2236 948 2265 Theodore-
965 2247 988 2273 ι)
1003 2248 1095 2276 passus
1104 2245 1142 2267 est
1158 2248 1247 2271 carne,
1261 2248 1354 2274 passus
1370 2244 1407 2266 est
1420 2239 1518 2271 volens,
1531 2247 1624 2274 passus
1640 2243 1677 2265 est
1693 2239 1792 2273 impas-

162 2286 221 2308 tum
238 2289 398 2309 communes
409 2290 518 2317 passum
535 2291 595 2310 esse
609 2290 671 2310 eum
680 2282 803 2310 Diodoro
815 2287 843 2310 et
858 2284 949 2310 Theo-
1001 2286 1122 2318 sibiliter,
1140 2286 1196 2313 imo
1205 2290 1233 2313 et
1245 2286 1311 2313 alias
1323 2285 1424 2319 passim
1449 2285 1554 2316 obvias,
1572 2284 1748 2311 vehementer
1764 2287 1792 2309 et

161 2327 230 2354 doro
263 2327 443 2355 adversarios.
481 2329 508 2356 5°
536 2328 632 2356 Natam
667 2329 731 2356 inde
765 2329 950 2356 accusationis
1003 2340 1073 2367 pene
1091 2331 1222 2359 iracunde
1233 2332 1383 2367 impugnet.
1399 2330 1470 2364 Quid
1484 2338 1549 2366 ergo
1563 2338 1651 2357 causze
1668 2329 1730 2361 fuit,
1742 2337 1792 2356 cur

161 2381 289 2411 causam,
310 2373 382 2408 quod
410 2378 559 2409 utrumque
581 2375 741 2409 magistrum
768 2375 947 2408 defendisset,
1003 2378 1067 2405 olim
1086 2379 1246 2406 Gennadius
1265 2380 1362 2414 scripta
1385 2378 1486 2413 fortia?
1508 2386 1557 2405 cur
1579 2378 1690 2405 Patrum
1712 2381 1791 2405 aetate

160 2419 238 2453 quasi
249 2418 344 2446 eadem
358 2420 426 2454 ipse,
441 2427 501 2455 qua:
513 2420 563 2452 illi,
578 2421 703 2453 sentiret,
715 2421 769 2448 hoc
780 2425 832 2453 est,
847 2421 947 2448 Filium
1003 2423 1154 2451 Gcntianus
1167 2423 1310 2455 llervetus,
1322 2432 1385 2459 opus
1397 2423 1465 2450 nulli
1475 2423 1554 2450 alteri
1566 2422 1793 2459 postponcndum?

161 2463 189 2491 in
202 2466 272 2492 duos
291 2464 361 2493 ﬁlios
375 2465 521 2494 divideret.
542 2466 569 2493 6'
587 2465 720 2494 Habuisse
738 2467 765 2493 in
783 2467 877 2493 animo
899 2466 949 2494 im-
986 2476 1050 2495 -cur
1064 2469 1109 2495 alii
1120 2477 1194 2496 nunc
1207 2469 1283 2496 velut
1296 2469 1432 2496 catholica:
1448 2468 1511 2503 ﬁdei
1522 2469 1648 2496 nimium
1659 2469 1790 2504 specimen

160 2514 315 2545 peratOrem
327 2511 383 2547 jam
399 2511 462 2539 inde
478 2511 513 2538 ab
525 2519 597 2539 anno
612 2513 664 2539 447
678 2512 824 2539 consilium
845 2519 948 2539 eonvo-
1000 2516 1155 2543 extollant?

159 2555 254 2582 eandm
265 2557 361 2591 synodi
378 2557 524 2592 generalis,
541 2558 588 2585 sed
608 2558 674 2585 illud
686 2558 847 2593 deposuisse
861 2558 950 2586 donec
1036 2560 1063 2588 Ξ.
1088 2561 1273 2597 Temporibus
1290 2562 1382 2589 Photii
1406 2569 1461 2588 uno
1478 2561 1631 2596 eodemque
1651 2561 1791 2588 volumine

159 2608 233 2627 anno
252 2601 314 2634 μθ,
335 2607 397 2637 post
417 2607 505 2630 motas
524 2603 558 2630 ab
570 2603 693 2639 Eutyche
716 2604 820 2636 turbas,
843 2612 950 2631 resum-
1003 2613 1086 2641 opera
1104 2607 1155 2634 tria
1171 2607 1427 2643 compingebantur,
1445 2607 1509 2633 libri
1524 2607 1654 2634 nimirum
1669 2606 1791 2641 quinque

159 2645 214 2680 psit
228 2655 234 2672 ε
248 2654 301 2680 qua
318 2647 352 2674 de
369 2656 398 2675 re
417 2648 530 2683 legenda
551 2654 593 2676 est
614 2649 729 2684 cpistola
749 2649 784 2677 ad
800 2650 946 2677 Domnum.
1003 2650 1170 2678 Theodoreti
1190 2651 1322 2679 adversus
1336 2656 1458 2679 sanctam
1472 2652 1637 2687 Ephesinam
1657 2651 1791 2687 synodum

197 2695 204 2703 '
219 2690 312 2720 XXVI.
330 2693 370 2720 Ex
388 2694 422 2720 iis
438 2702 498 2728 qua:
518 2695 550 2721 de
571 2699 694 2730 tempore
709 2695 858 2723 constituta
874 2702 947 2728 sunt,
1002 2701 1030 2724 et
1047 2701 1173 2724 sanctum
1188 2697 1332 2733 Cyrillum,
1354 2705 1498 2725 sermones
1518 2697 1656 2729 Eutherii,
1678 2702 1705 2725 et
1725 2697 1791 2724 Era-

824 2775 984 2803 SCHULZlI
1002 2776 1116 2804 NOTAE.

191 2816 288 2859 ξ’ῙῘξῐκξ
310 2825 462 2854 repugnant
488 2821 630 2859 hyputhcsi
655 2822 688 2850 de
711 2823 810 2850 callido
829 2823 1036 2851 NestOrianismi
1057 2825 1213 2853 insinuandi
1227 2827 1353 2854 consilio.
1405 2826 1428 2841 “
1442 2826 1502 2852 νίιΙ.
1520 2833 1547 2859 p.
1561 2826 1621 2853 515.
1674 2825 1695 2840 "’
1718 2824 1790 2852 Edit.

158 2853 233 2886 prior
246 2853 308 2880 hab.
332 2853 455 2888 quatuor.
495 2853 590 2884 “Vill.
604 2865 696 2892 supra,
715 2866 741 2892 p.
762 2859 822 2886 257.
862 2859 884 2875 ⁸³
897 2859 930 2887 Sc

157 2895 302 2923 suppressa
319 2893 370 2916 est.

1013 2860 1105 2888 3rcidit
1122 2860 1173 2888 ista
1185 2853 1344 2897 disputatio,
1359 2861 1401 2889 vel
1411 2862 1444 2888 ab
1460 2853 1611 2893 llart'luino,
1630 2865 1658 2887 ut
1673 2860 1789 2892 vidrtur,
