1967 3047
146 199 194 231 3η

728 200 776 230 DE
793 201 919 231 [ΑΒΗίὸ
938 202 960 230 Τ
963 201 1182 232 ΗΕΟΒΟΒΕΤΙ
1186 226 1193 232 .

1726 203 1777 236 342

142 255 239 283 nistes.
264 254 305 281 An
326 261 381 280 non
404 252 469 280 licet
489 253 562 284 inde,
585 253 645 280 sine
667 254 832 281 temeritatis
854 254 933 286 vitio,
950 257 970 284 A
986 256 1075 282 tinum
1088 255 1277 287 Calvinistam,
1292 255 1338 290 qui
1354 259 1381 282 ct
1394 255 1451 290 ipse
1467 255 1623 284 inconsulto
1642 256 1777 285 abductus

141 300 287 335 conjicere,
309 304 370 334 post
388 298 547 326 combustos
566 299 687 327 Nestorii
704 299 800 332 libros,
816 300 937 335 proscri-

144 349 244 380 ptaque
254 345 392 372 Theodori
404 348 432 372 et
442 344 553 371 Diodori
567 349 708 380 excerpta,
721 345 850 372 volumen
862 346 936 372 istud

143 392 293 423 exstitisse,
313 391 392 426 quasi
413 391 568 426 symbolum
583 390 712 418 factionis
731 391 936 426 Accpbalorum

145 437 254 465 illorum
270 437 303 470 '°,
317 445 436 472 quorum
450 437 576 464 meminit
589 437 744 470 Liberatus,
760 444 936 472 quorumque

144 483 182 509 ait
194 482 402 510 Theodorctum
418 485 501 516 caput
515 481 670 509 exstitisse?

179 528 205 555 5.
219 528 348 560 Causam,
369 535 418 555 cur
428 527 462 554 de
477 528 597 555 Diodoro
615 533 643 556 et
654 528 801 556 Theodoro
816 529 934 561 silucrit,

142 574 223 601 an‘ert
242 574 349 609 dialogo
365 574 456 608 primo
472 574 525 601 sub
537 574 631 606 finem,
651 574 697 601 ubi
711 579 773 610 post
792 575 873 602 allata
886 575 937 602 Pa-

145 625 218 647 trum
232 620 387 647 testimonia
404 619 550 647 Eranisten
563 620 699 648 allocutus
714 630 720 647 :
742 630 751 646 (
769 620 935 653 Proferrem,

145 664 234 698 inquit
254 664 288 696 δι,
306 663 357 690 tibi
373 663 588 691 fortissimorum
610 664 736 692 veritatis
749 668 936 699 propugnato-

144 717 204 736 rum
219 709 328 736 Diodori
341 714 368 736 et
381 709 518 737 Theodori
530 710 732 743 enarrationcs,
744 711 797 738 nisi
813 710 936 738 viderem

143 763 193 782 vos
209 755 316 782 infenso
338 756 366 782 in
382 755 432 783 hos
454 756 546 783 animo
568 764 639 788 esse,
662 756 886 791 Apollinarisque
907 756 935 783 in

143 800 224 835 393
246 808 293 828 eos
306 800 371 828 odio
387 805 415 828 et
431 801 630 828 malevolentia:
644 801 810 829 successisse
831 810 836 827 :
851 801 936 829 vidis-

143 852 188 872 scs
201 845 275 872 cnim
288 845 338 872 hos
351 846 435 872 etiam
453 846 561 873 cseteris
586 847 766 874 consonantia
780 847 934 882 scripsisse,

144 895 213 917 etex
223 891 317 918 divino
331 892 405 919 fonte
418 892 519 919 fluenta
531 893 668 925 hausisse,
679 893 808 927 rivosque
818 896 846 919 et
861 893 936 927 ipsos

145 943 254 971 quoque
265 936 384 971 Spiritus
401 937 537 964 exstitisse
551 946 558 964 :
572 937 620 964 sed
640 937 690 964 hos
701 924 812 972 quidem
825 924 936 972 praiter-
953 924 973 952 Β

144 981 263 1014 mittam,
279 982 344 1017 quia
362 982 534 1017 implacabile
548 983 651 1010 bellum
666 983 799 1010 adversus
814 990 862 1010 eos
873 991 935 1011 sus—

145 1027 268 1061 cepistis.
287 1037 297 1053 ι

179 1073 205 1100 4.
219 1073 407 1101 Thcodoretus
422 1073 466 1101 vel
487 1082 544 1101 non
568 1077 611 1101 est
626 1078 723 1101 auctor
748 1073 935 1109 Expositionis

145 1119 173 1146 in
190 1118 333 1146 Canticum
352 1119 535 1152 canticorum,
564 1127 625 1154 quae
648 1127 723 1147 nunc
749 1119 875 1151 habetur,
891 1120 935 1147 vel

144 1165 309 1192 sententiam
325 1165 359 1192 de
386 1165 533 1193 Theodoro
565 1165 716 1193 enormiter
745 1160 933 1197 commutavit,

145 1212 186 1238 vel
204 1211 433 1239 mendacissimus
453 1210 506 1237 fuit
520 1210 751 1245 planissimusque
777 1210 888 1243 histrio,
905 1215 935 1238 ut

143 1258 192 1292 qui
208 1257 336 1285 eumdem
352 1257 504 1289 hominem,
527 1265 602 1284 nunc
618 1266 627 1282 ί
646 1257 826 1284 fortissimum
851 1256 934 1284 fuisse

144 1302 268 1330 veritatis
298 1307 541 1337 propugnatorem,
567 1301 749 1330 consonantia
772 1309 836 1328 cum
870 1300 933 1328 fidei

144 1347 284 1382 magistris
295 1348 429 1380 locutum,
441 1355 476 1375 ex
487 1347 582 1374 divino
594 1347 668 1374 fonte
683 1347 785 1374 ﬂuenta
798 1347 933 1378 hausisse,

144 1394 234 1420 rivum
265 1393 386 1428 Spiritus
410 1393 496 1421 sancti
525 1393 664 1421 exstitisse
690 1402 699 1418 ι
722 1392 811 1425 dicat;
827 1399 901 1419 nunc
912 1393 934 1408 "

147 1448 156 1463 ι
175 1442 362 1466 contextorcm
382 1439 547 1469 fabularum,
571 1446 606 1466 ne
619 1438 737 1465 aniculis
757 1438 870 1472 quidem
890 1438 934 1465 di—

143 1491 269 1518 gnarum,
283 1483 413 1511 falsarum
428 1488 457 1512 et
472 1484 692 1519 perniciosarum
710 1483 871 1517 opinionum
885 1491 935 1510 au-

143 1532 259 1561 ctorem,
274 1529 412 1556 hominem
426 1529 584 1564 insipientis
597 1528 696 1560 cordis,
711 1528 758 1563 qui
770 1529 934 1556 calumniam

143 1575 260 1610 Spiritui
286 1579 382 1603 sancto
406 1575 498 1607 faciat,
517 1575 564 1610 qui
589 1575 647 1602 suis
671 1574 699 1601 in
723 1574 935 1609 cogitationibus

143 1624 300 1653 evanescat,
322 1621 423 1649 divinae
447 1621 599 1656 Scriptum
617 1619 935 1656 consuctudinemigno—

144 1672 211 1699 ret,»
226 1671 280 1694 etc.

180 1713 205 1741 5.
230 1713 260 1741 ln
277 1713 384 1748 dialogo
405 1713 495 1748 primo
519 1714 596 1741 locus
619 1717 662 1741 est
689 1714 723 1741 de
747 1714 932 1746 Eucliaristia,

143 1766 225 1792 quem
237 1759 446 1786 Sacramentarii
459 1759 581 1786 haeretici
589 1766 639 1793 pro
651 1766 680 1786 se
691 1759 933 1791 solentadducere,

143 1803 277 1831 Catholici
303 1812 402 1839 purum
426 1804 563 1832 haereseos
576 1804 723 1832 ostendere
744 1804 880 1832 nituntur.
896 1805 934 1832 De

146 1850 205 1885 ipso
222 1850 374 1878 disseretur
387 1849 520 1886 prolixius
544 1850 737 1878 dissertatione
761 1855 895 1885 sequente
910 1850 934 1866 “

146 1903 206 1930 cap.
219 1895 244 1922 5.

179 1942 205 1968 6.
219 1941 266 1968 Est
278 1941 362 1968 etiam
392 1941 419 1968 in
437 1940 545 1976 dialogo
573 1941 655 1969 tertio
680 1941 759 1969 locus
782 1941 817 1968 de
840 1949 932 1974 causa,

146 1993 196 2012 cur
213 1986 365 2013 moriantur
380 1990 408 2013 et
429 1986 497 2021 justi
522 1990 551 2013 et
574 1989 745 2020 peccatores.
758 1986 804 2020 qui
823 1986 933 2014 videtur

147 2031 292 2066 Pelagiano
307 2032 395 2059 errori
418 2031 452 2059 de
474 2036 586 2066 peccato
603 2032 729 2066 originali
746 2031 848 2060 favere.
881 2032 934 2060 Sed

147 2076 191 2104 hic
204 2077 306 2111 pariter
323 2078 351 2104 in
375 2077 568 2105 dissertatione
595 2081 726 2112 sequente
753 2084 813 2112 cap.
833 2078 850 2105 4
878 2082 934 2106 tra-

145 2122 275 2150 ctabitur.

182 2170 207 2196 7.
225 2169 311 2196 Tanta
338 2173 381 2197 est
402 2169 573 2205 dialogorum
600 2170 768 2198 Theodoreti
787 2178 850 2200 cum
876 2178 935 2198 ser-

146 2214 276 2241 monibus
288 2214 413 2242 Eutherii
427 2214 617 2246 consonantia,
632 2218 662 2241 ut
674 2215 756 2242 ambo
776 2215 933 2248 videantur,

147 2259 217 2287 facta
229 2260 444 2295 conspiratione,
472 2261 645 2296 impugnasse
662 2261 807 2288 nonnullas
825 2265 935 2288 senten-
952 2275 973 2301 ο

148 2306 210 2338 tias,
224 2306 325 2340 quibus
349 2306 494 2338 Catholici,
521 2311 548 2334 et
580 2306 886 2342 prmsertim-Cyrillus,
906 2307 933 2334 in

147 2351 257 2385 negotio
272 2351 470 2379 incarnationis
485 2352 519 2379 ad
534 2357 652 2379 mentem
670 2359 746 2379 suam
759 2352 933 2386 aperiendam

148 2397 189 2423 usi
203 2401 305 2423 essent.

182 2442 345 2477 Priusquam
358 2442 510 2477 imponitur
527 2443 591 2470 ﬁnis
615 2443 658 2470 his
683 2443 934 2475 observationibus,

148 2488 291 2514 tractanda
302 2492 343 2515 est
355 2496 438 2516 causa
463 2489 562 2524 nuperi
581 2490 697 2517 editoris
712 2489 832 2524 Operum
847 2490 934 2516 sancti

147 2531 256 2565 Leonis,
272 2533 319 2568 qui
342 2535 470 2568 opinatus
492 2539 535 2562 est
550 2536 696 2562 Eranisten
719 2543 735 2562 a
759 2535 934 2562 ’l‘heodoreto

147 2578 281 2612 scriptum
297 2584 360 2614 post
386 2581 534 2608 concilium
551 2581 787 2613 Chalcedonense,
812 2580 865 2608 hoc
883 2585 935 2612 est,

147 2627 209 2656 post
221 2631 323 2650 annum
343 2625 390 2652 451
401 2633 409 2658 ;
423 2633 476 2660 qua
489 2626 515 2652 in
526 2626 657 2660 opinione
669 2630 779 2653 secutus
790 2629 832 2652 cst
842 2625 936 2652 Alber-

988 300 1041 327 fuit
1056 300 1084 327 in
1099 308 1222 328 errorem
1237 309 1270 328 ex
1284 301 1318 328 iis
1337 309 1398 336 qua:
1414 301 1549 328 Baronius
1575 302 1603 328 in
1629 301 1776 329 Annalibus

987 345 1128 373 mandavit
1146 347 1261 382 scripto.

1025 401 1036 418 ‹
1056 391 1206 425 lntercidit,
1225 393 1362 420 incertum
1390 401 1445 428 quo
1465 401 1542 426 casu,
1568 393 1701 428 particula
1719 394 1776 422 hac

987 438 1069 474 hujus
1083 439 1297 466 concertationis
1309 440 1342 466 ⁵³.
1358 449 1367 465 ›

1058 504 1071 539 §
1085 504 1116 531 ll.
1132 504 1325 532 IIazreticurum
1340 505 1494 541 fabularum
1513 506 1572 533 libri
1587 508 1709 542 quinque.

1024 570 1043 596 l.
1060 570 1147 606 llujus
1159 571 1253 606 operis
1275 575 1370 606 aperta
1384 579 1521 607 nusquam
1545 573 1659 606 mentio,
1676 577 1776 608 praeter

987 623 1068 650 quam
1099 616 1128 642 in
1152 617 1305 651 quzestione
1329 617 1417 652 prima
1440 618 1470 644 in
1494 618 1646 646 Leviticum
1672 619 1706 650 ⁸⁵,
1729 619 1775 646 ubi

988 662 1180 689 Theodoretus
1207 663 1362 698 inquirens,
1390 671 1441 691 cur
1467 664 1541 691 Deus
1565 664 1618 691 sibi
1643 665 1776 692 sacriﬁcia

987 708 1082 735 otTerri
1096 709 1238 736 voluerit:
1265 718 1274 734 ι
1297 709 1334 736 De
1359 709 1414 742 bis,
1437 710 1486 742 ait,
1510 710 1629 738 diximus
1642 711 1737 748 multis
1748 711 1776 739 in

987 753 1065 785 locis,
1082 757 1140 780 tum
1171 754 1198 781 in
1216 754 1259 782 bis
1283 762 1344 789 qua:
1365 759 1462 782 contra
1482 756 1590 784 Gnaeos
1605 757 1775 792 scripsimus,

987 803 1044 826 tum
1068 800 1096 826 in
1108 799 1142 827 iis
1156 808 1217 834 qua:
1231 800 1363 828 adversus
1376 801 1504 833 haereses,
1515 811 1524 827 ι
1542 806 1595 830 etc.
1607 802 1689 839 394
1703 803 1776 830 Tan-

988 849 1044 872 tum
1053 846 1191 873 silentium
1201 846 1235 874 de
1245 850 1361 874 tractatu
1369 852 1422 874 tam
1433 848 1574 875 elaborato
1582 848 1775 880 mirumvideri

986 899 1042 918 non
1061 891 1153 922 debet.
1172 891 1195 918 si
1218 892 1301 919 modo
1329 893 1473 928 scripserit
1495 893 1687 921 Theodoretus
1716 899 1777 929 post

987 937 1389 972 conciliumChalcedonense;
1408 939 1436 966 id
1461 947 1526 966 vero
1546 947 1621 967 nunc
1644 939 1777 975 indagan-

986 984 1062 1011 dum.

1021 1029 1054 1056 II.
1070 1029 1186 1065 Scripsit
1202 1038 1269 1058 sane
1283 1035 1346 1065 post
1360 1031 1463 1059 editam
1477 1031 1600 1059 Danielis
1612 1037 1641 1059 et
1652 1032 1775 1067 Apostoli

985 1076 1203 1111 expositionem:
1222 1085 1284 1104 nam
1295 1077 1367 1104 libr-0
1382 1085 1409 1109 v,
1424 1085 1484 1112 cap.
1496 1078 1531 1104 25
1545 1087 1551 1104 :
1568 1088 1577 1103 ι
1594 1078 1667 1110 Περ,
1681 1078 1729 1110 ait,
1742 1079 1775 1106 de

986 1121 1156 1149 Antichristo
1170 1129 1186 1149 e
1205 1121 1297 1149 divina
1313 1122 1455 1157 Scriptura
1475 1123 1639 1156 didicimus;
1655 1131 1775 1151 summa-

986 1167 1034 1194 tim
1053 1171 1156 1199 autem,
1184 1176 1246 1202 qua:
1273 1168 1307 1195 ad
1324 1168 1402 1196 illum
1431 1173 1566 1204 spectant,
1593 1170 1774 1204 scripsimus,

985 1213 1116 1246 quoniam
1142 1217 1172 1240 et
1194 1213 1334 1240 Danielem
1360 1214 1533 1249 prophetam,
1563 1218 1591 1241 et
1615 1215 1775 1249 Apostolum

985 1259 1216 1293 interpretantes,
1244 1258 1378 1293 prolixius
1403 1259 1440 1286 de
1459 1260 1520 1294 ejus
1543 1259 1663 1287 adventu
1689 1260 1773 1287 locuti

984 1312 1090 1336 sumus,
1117 1308 1145 1331 et
1170 1304 1250 1332 facile
1265 1309 1309 1332 est
1333 1305 1548 1332 commentarios
1563 1305 1625 1332 illos
1640 1305 1727 1338 adire,
1751 1304 1774 1332 si

985 1350 1048 1385 quis
1056 1350 1140 1382 volet,
1158 1350 1187 1377 in
1197 1350 1287 1384 iisque
1303 1350 1435 1384 reperire,
1452 1350 1475 1377 si
1489 1349 1556 1384 quid
1569 1350 1622 1377 hoc
1635 1350 1696 1378 loco
1708 1352 1777 1385 pm-

986 1395 1164 1423 termisimus.
1181 1405 1190 1421 ›
1215 1394 1339 1422 Alterum
1355 1402 1425 1429 opus
1445 1394 1479 1421 ad
1502 1403 1605 1422 annum
1631 1395 1694 1426 ηε),
1709 1395 1776 1422 alte-

986 1447 1047 1466 rum
1064 1439 1096 1466 ad
1110 1447 1213 1466 annum
1235 1439 1287 1467 435
1309 1439 1441 1473 pertinet.
1456 1439 1574 1474 Scripsit
1599 1439 1684 1474 igitur
1710 1445 1773 1474 post

985 1494 1087 1514 annum
1103 1486 1165 1514 455.

1020 1532 1065 1559 Ill.
1090 1532 1151 1560 Non
1179 1532 1290 1567 scripsit
1314 1536 1377 1560 ante
1403 1532 1467 1559 anni
1482 1532 1535 1559 M9
1558 1532 1774 1559 linemmullam

986 1578 1058 1605 enim
1078 1578 1107 1604 in
1118 1577 1220 1605 litteris
1235 1577 1268 1604 ad
1281 1582 1406 1605 sanctum
1420 1578 1541 1605 Leonem
1559 1578 1593 1605 de
1608 1577 1687 1605 libris
1701 1577 1775 1604 hisce

988 1623 1157 1650 mentionem
1176 1622 1251 1655 facit,
1263 1622 1386 1649 facturus
1397 1624 1502 1657 utique,
1515 1622 1538 1649 si
1547 1621 1694 1656 compositi
1711 1625 1777 1648 tunc

988 1668 1122 1701 fuissent;
1137 1667 1273 1702 siquidem
1292 1667 1320 1694 in
1344 1667 1443 1702 quinto
1466 1666 1639 1702 apertissime
1659 1666 1771 1694 catholi-

988 1721 1048 1741 cam
1058 1713 1092 1740 de
1103 1713 1291 1740 incarnatione
1303 1712 1384 1740 fidem
1397 1711 1552 1747 proﬁtetur,
1566 1715 1596 1739 ut
1606 1719 1668 1739 mox
1680 1718 1776 1738 sumus

988 1758 1139 1787 ostensuri.

1024 1805 1140 1839 Scripsit
1149 1808 1211 1839 post
1218 1803 1396 1838 compositam
1403 1803 1606 1830 ecclesiasticam
1614 1802 1775 1833 Historiam,

987 1858 1050 1878 nam
1071 1850 1120 1877 lib.
1136 1858 1172 1882 tv,
1189 1857 1249 1884 cap.
1265 1849 1290 1881 l,
1302 1856 1364 1876 cum
1379 1848 1412 1876 de
1425 1848 1491 1876 Ario
1504 1847 1650 1880 scriberet,
1663 1848 1776 1883 ejusque

988 1901 1104 1923 mortem
1122 1895 1243 1922 breviter
1255 1899 1384 1922 narraret
1397 1903 1404 1928 ;
1423 1904 1431 1920 ι
1452 1894 1504 1922 Sed
1518 1901 1581 1921 cum
1593 1893 1661 1925 haec,
1675 1893 1773 1928 inquit.

990 1943 1018 1970 in
1031 1942 1206 1970 ecclesiastica
1219 1941 1339 1968 Historia
1351 1940 1462 1975 copiose
1488 1939 1708 1974 conscripserim,
1728 1946 1776 1966 su-

988 1995 1190 2023 pervacaneum
1205 1990 1271 2022 puto
1289 1986 1334 2013 hic
1351 1986 1453 2013 dicere.
1473 1994 1483 2010 ι
1505 1985 1537 2012 lCt
1556 1993 1616 2020 cap.
1628 1985 1656 2016 2,
1672 1984 1720 2012 ubi
1742 1984 1776 2012 dc

988 2033 1112 2061 Eudoxio
1123 2040 1214 2060 sermo
1233 2037 1275 2059 est
1288 2042 1293 2058 :
1314 2041 1322 2057 ι
1332 2030 1439 2058 Horum
1453 2031 1577 2058 omnium
1591 2030 1618 2058 in
1636 2037 1719 2065 opere
1730 2029 1777 2056 illo

989 2078 1111 2106 memini.
1131 2088 1141 2103 ι
1155 2078 1272 2112 Scripsit
1282 2084 1348 2112 ergo
1360 2082 1421 2112 post
1432 2084 1535 2104 annum
1550 2076 1616 2103 450.

1023 2125 1067 2152 IV.
1079 2118 1139 2151 Non
1161 2123 1272 2158 scripsit
1297 2127 1359 2151 ante
1380 2123 1526 2150 concilium
1539 2121 1774 2152 Chalcedonensc,

989 2171 1011 2198 si
1024 2170 1115 2205 quarti
1139 2170 1203 2197 libri
1225 2173 1308 2204 caput
1326 2168 1550 2203 ultimum,un
1574 2167 1610 2195 ad
1633 2167 1775 2202 Eutychen

989 2217 1120 2252 pertinet,
1137 2215 1344 2251 supposititium
1359 2223 1416 2242 non
1426 2218 1486 2241 est:
1504 2214 1538 2240 lis
1553 2212 1626 2240 enim
1642 2212 1706 2240 inde
1720 2215 1775 2239 tota

988 2261 1068 2289 facile
1086 2260 1236 2288 deciditur.
1268 2260 1335 2287 Nam
1355 2258 1544 2286 Thcodoretus
1564 2258 1592 2284 in
1615 2257 1776 2285 Prsefstionc

989 2307 1074 2342 totius
1086 2306 1179 2342 operis
1192 2305 1319 2341 spondet,
1334 2313 1364 2332 se
1384 2314 1393 2329 ‹
1420 2303 1448 2330 in
1471 2307 1570 2338 quarto
1596 2303 1668 2330 libro
1681 2310 1777 2330 recen-

989 2341 1074 2380 tiores
1084 2341 1204 2380 hiereses
1217 2352 1467 2378 demonstraturum
1481 2349 1538 2376 Arii
1557 2353 1583 2376 et
1597 2348 1735 2381 Eunomii,
1748 2352 1777 2375 et

989 2403 1126 2434 quotquot
1143 2402 1204 2433 post
1217 2397 1278 2424 illas
1294 2399 1479 2428 emerserunt,
1494 2402 1581 2430 usque
1596 2395 1630 2421 ad
1652 2394 1775 2422 ultimam

990 2445 1071 2477 hanc,
1085 2451 1167 2479 quam
1180 2442 1314 2470 Dominus
1339 2441 1487 2475 derepente
1502 2439 1626 2467 funditus
1640 2439 1776 2474 exstirpa»

990 2490 1038 2517 vit.
1056 2499 1065 2515 ι
1080 2489 1186 2522 Quibus
1197 2487 1291 2516 verbis
1301 2486 1389 2514 videri
1407 2490 1498 2521 potest
1513 2485 1647 2512 indicasse
1660 2484 1775 2512 bteresin

990 2533 1198 2569 Eutycbianam,
1209 2540 1291 2568 quam
1304 2531 1428 2559 ultimam
1444 2531 1568 2558 omnium
1581 2530 1661 2558 initio
1679 2530 1777 2565 capitis

989 2580 1089 2607 decimi
1102 2579 1175 2607 tertii
1193 2579 1317 2607 nominat
1329 2579 1363 2609 ⁵⁸,
1381 2585 1517 2612 quamque
1535 2576 1638 2612 passim
1662 2576 1692 2603 in
1716 2576 1777 2611 epi-

989 2626 1067 2652 stolis
1075 2632 1173 2652 novam
1184 2623 1299 2652 hacresin
1308 2625 1397 2654 vocat,
1404 2629 1455 2649 nec
1463 2621 1516 2649 alio
1527 2620 1637 2649 nomine
1648 2620 1775 2655 appellat.

820 2713 980 2742 SCllULZiI
1000 2713 1116 2741 NOTIE.

183 2781 279 2818 "fil/id.
293 2789 384 2816 supra,
395 2790 421 2817 p.
432 2782 489 2818 169.
512 2783 531 2798 ’⁵³
542 2782 603 2809 Vid.
614 2787 632 2809 t.
643 2783 685 2814 ιν,
700 2783 781 2817 13.1.8.
803 2783 825 2798 ⁸³
839 2782 1068 2818 Vid.Thcodoreti
1083 2781 1323 2818 Prmfat,ad_Qat|t.
1337 2779 1450 2818 cantio,
1462 2783 1592 2818 etsupra.
1603 2786 1629 2818 ιχ.
1639 2777 1692 2818 Ξϐίξ
1700 2785 1776 2818 seqq.

147 2815 254 2857 ρὶεε.
268 2814 403 2857 sequente:
419 2817 589 2857 Ambiguitas
601 2818 687 2857 estin
698 2814 740 2844 his
755 2818 857 2857 verbis,
879 2817 1017 2857 siquidem
1032 2816 1240 2857 in_edit.‘priori
1258 2815 1300 2857 bis
1312 2816 1475 2857 posituscst
1487 2814 1777 2857 titiniusdisLSLIertLim.

147 2849 214 2877 Vide
229 2849 320 2878 autem
344 2851 416 2878 illam

430 2859 491 2886 qum.
502 2850 540 2878 in.
552 2852 603 2879 hac
621 2852 743 2880 editione
756 2853 866 2879 nomine
880 2850 1082 2880 dissertationis
1100 2850 1187 2878 tertias
1205 2850 1376 2886 inscribitur.

1417 2849 1439 2865 "
1453 2849 1609 2876 Harduinus
1629 2847 1682 2873 hoc
1697 2847 1778 2873 scho-

147 2885 206 2922 Ιῐμει
230 2886 356 2922 ξυῦὶβείι-
395 2887 418 2903 ⁸⁵
434 2882 493 2915 Vid.
513 2887 595 2915 etiam
615 2895 708 2922 supra,
726 2895 753 2922 p.
779 2887 842 2920 256,
857 2888 944 2915 schol.
961 2888 986 2916 5.
1025 2889 1047 2904 σθ
1065 2887 1137 2915 Edit.
1156 2886 1232 2921 prior
1249 2885 1369 2913 habebat
1392 2884 1547 2911 duodecimi.
1573 2883 1701 2910 Erl-orem
1723 2882 1778 2917 jam

148 2919 218 2948 vidit
233 2919 367 2949 Oudinus.
