1967 3047
203 193 258 226 3η

760 191 948 221 GARNEHH
971 188 1220 220 DlSSERTATlO
1238 187 1267 217 ll

1774 187 1828 219 344

207 250 270 277 llaec
294 257 360 277 vero
375 254 436 284 post
459 248 605 277 concilium
620 248 843 280 Chalcedonense
859 247 990 275 radicitus
1005 249 1026 277 Α
1042 245 1147 273 habens
1162 252 1276 280 regnum
1290 244 1440 278 caelorum;
1455 249 1512 272 tum
1529 243 1720 271 hereticorum
1734 252 1830 273 rursus

205 295 299 322 evulsa
312 294 386 322 credi
399 294 487 329 potuit
500 301 516 320 a
532 293 717 321 Theodoreto.

243 340 273 367 ν.
299 340 381 374 Atqui
408 339 534 366 ultimum
561 339 614 366 hoc
637 339 700 365 libri
720 338 811 373 quarti
827 341 918 372 caput,
935 345 990 364 non

207 384 320 419 perinde
338 392 369 411 ac
384 384 576 411 duodecimum
589 385 623 416 ³⁷,
640 384 714 419 quod
736 384 770 411 de
785 383 913 411 Nestorio
937 387 989 415 est,

205 430 410 465 supposititium
422 437 492 462 esse,
509 430 606 458 exinde
622 430 758 464 quispiam
772 429 935 457 concludat:

241 475 265 501 'l.
281 474 359 507 Quod
386 475 480 507 verba,
508 483 563 502 non
591 479 694 502 tantum
708 474 809 509 quibus
835 474 989 506 inchoatur,

205 520 252 547 scd
272 520 355 547 etiam
371 521 472 556 quibus
495 520 599 553 ﬁnitur,
625 521 776 556 prmfationi
793 521 878 548 totius
900 519 991 555 operis

205 566 327 601 apprime
346 567 539 602 respondeant.
567 576 576 593 ε
592 566 644 594 Sed
672 575 735 594 cum
749 566 801 594 hac
817 566 849 593 de
862 573 891 592 re
905 565 989 592 multa

205 619 276 647 saepe
302 612 469 647 scripserim,
489 619 722 647 supervacaneum
737 612 766 638 in
789 618 912 646 praesens
925 610 991 638 duxi

206 666 361 686 sermonem
386 659 538 693 producere
560 667 566 684 :
586 658 738 692 praesertim
764 665 825 684 cum
851 657 878 683 in
894 656 991 691 quinto

206 704 278 743 libro
300 704 335 732 de
362 704 406 731 his
429 705 523 736 etiam,
552 704 574 731 si
592 704 665 731 Deus
689 703 773 734 volet,
790 703 914 730 dicturus
927 702 989 730 sim.

207 749 276 776 Huic
287 757 351 784 ergo
366 749 438 776 libro
449 753 547 784 quarto
564 748 646 782 tinem
664 749 816 783 imponens,
829 748 992 783 evangelicae

205 794 337 823 doctrina:
352 795 536 830 prmstantiam
563 802 614 829 pro
624 793 731 820 viribus
744 792 889 820 ostendere
909 800 992 820 cona-

207 840 267 867 bor.
282 849 291 865 ›
315 840 446 875 Spectant
468 840 541 867 enim
567 843 662 875 aperte
675 839 761 867 multa
782 839 839 866 haec
850 838 883 866 ad
897 838 992 866 Erani-

205 891 276 916 sten,
289 886 395 920 aliaque
406 890 500 913 contra
513 885 722 920 Apollinaristas
738 885 850 920 scripta.

1042 291 1088 325 qui
1100 291 1235 324 tramites,
1251 290 1295 323 iis,
1310 290 1358 326 qui
1388 297 1437 325 per
1465 290 1526 317 illos
1548 290 1691 322 incedunt,
1714 290 1829 317 exitium

1042 335 1203 363 atterentes.
1215 345 1224 361 ι

1078 381 1117 408 ita
1138 380 1249 415 quidem
1273 380 1479 413 Theodoretus;
1501 380 1550 408 sed
1574 379 1627 407 fuit
1645 380 1717 407 aliud
1735 388 1830 408 revera

1042 426 1185 460 utriusque
1202 426 1384 461 propositum.
1403 426 1518 453 Volebat
1544 433 1642 461 nempe
1671 426 1829 461 Sporacius,

1042 471 1255 505 Theodoretum,
1269 471 1333 498 dum
1347 471 1482 499 adversus
1496 479 1593 499 omnes
1615 472 1735 499 haereses
1759 472 1829 499 scri-

1042 516 1130 549 beret,
1156 524 1240 551 opere
1269 517 1330 552 ipso
1343 517 1509 545 calumniam
1531 517 1675 552 repellere,
1700 526 1782 553 quam
1813 526 1830 546 a

1041 563 1136 589 multis
1155 562 1326 598 patiebatur,
1352 563 1431 598 quasi
1457 563 1637 591 orthodoxam
1661 563 1742 592 ﬁdem
1774 572 1830 592 non

1042 608 1149 635 sincere
1164 613 1346 643 sequeretur;
1361 609 1552 636 Theodoretus
1576 617 1642 636 vero
1657 610 1690 642 δ’,
1711 613 1740 636 ιιι
1769 614 1831 636 erat

1039 661 1113 689 aegro
1125 653 1218 681 animo
1242 654 1376 682 adversus
1391 654 1540 691 Cyrilliana
1566 655 1666 690 capita,
1680 655 1778 682 callide
1801 659 1832 681 et

1041 699 1149 726 occulte
1161 699 1318 732 haeresewn,
1330 707 1398 734 quas
1410 703 1584 732 memoraret,
1601 699 1770 734 expositione
1783 707 1830 726 os-

1042 744 1155 772 tendere
1169 744 1344 776 moliebatur,
1366 744 1469 779 quibus
1489 752 1523 772 ex
1539 744 1663 772 fontibus
1679 749 1739 771 orta
1754 743 1832 771 vide-

1042 794 1119 817 retur
1146 790 1260 818 haeresis
1284 790 1315 817 de
1327 798 1380 817 una
1407 794 1516 823 natura,
1538 798 1620 825 quam
1646 789 1674 816 in
1690 789 1829 825 capitulis,

1041 839 1154 870 propter
1184 835 1326 871 ambiguas
1350 835 1483 870 quasdam
1511 840 1539 863 et
1554 835 1715 870 flexiloquas
1737 843 1830 868 voces,

1042 879 1125 907 etiam
1140 884 1203 914 post
1220 879 1316 915 Cyrilli
1340 879 1539 914 expositionem
1564 878 1658 906 videre
1683 878 1737 905 sibi
1754 878 1831 905 vide-

240 932 320 967 395
374 932 451 965 Quod
463 933 520 960 ha-c
528 916 585 968 ipsa
594 932 678 960 verba
686 916 810 959 maximae
820 931 882 959 libri
898 931 988 966 quinti
1009 916 1027 944 Β
1042 924 1135 952 hall"-

206 978 276 1012 parti
287 983 449 1006 consonent.

241 1023 267 1050 3.
286 1023 365 1057 Quod
388 1024 422 1051 ad
438 1024 555 1052 hmresin
579 1024 815 1057 Mcssalianorum,
836 1023 870 1051 de
889 1023 990 1059 quibus

206 1069 296 1104 agitur
316 1069 405 1105 capite
426 1070 572 1098 undecimo
588 1071 621 1103 “,
648 1069 849 1098 accommodari
877 1069 990 1096 minime

206 1114 332 1141 valeant:
353 1122 405 1141 nec
419 1115 492 1142 enim
517 1114 550 1142 de
568 1115 619 1142 ista
642 1114 707 1142 fecit
724 1114 791 1142 alias
811 1113 988 1146 mentionem,

207 1165 280 1187 certe
292 1169 343 1187 non
352 1160 434 1187 multa
446 1168 516 1195 saepe
526 1161 640 1195 scripsit.

242 1206 286 1233 Vl.
310 1206 365 1233 Has
385 1214 435 1241 ego
462 1210 517 1234 tres
541 1206 662 1234 rationes
678 1205 776 1241 probo,
807 1205 924 1241 ideoque
953 1206 990 1233 ita

207 1251 412 1279 subducendam
427 1252 562 1279 rationem
583 1257 660 1286 puto.
674 1253 749 1287 Opus
761 1251 834 1278 istud
857 1250 989 1286 scriptum

205 1301 246 1324 est
266 1301 326 1332 post
336 1298 523 1332 exstirpatam,
540 1300 570 1324 ut
589 1297 701 1331 quidem
723 1297 897 1324 Theodoreto
911 1297 990 1324 vide-

207 1341 298 1373 hatur,
309 1342 426 1369 hreresin
440 1341 655 1378 Eutychianam;
672 1342 756 1377 igitur
769 1346 831 1377 post
842 1341 990 1369 concilium

205 1389 438 1422 Chalcedonense,
464 1390 538 1425 quod
569 1398 640 1418 anno
654 1390 716 1423 451,
729 1390 773 1418 die
787 1391 800 1418 1
828 1390 991 1418 Novembris

207 1435 362 1463 absolutum
374 1440 425 1463 est.
600 1466 604 1469 ,

243 1480 298 1507 Vll.
314 1480 476 1516 lnseriptum
497 1485 539 1508 est
555 1481 695 1517 Sporacio,
718 1482 765 1517 qui
781 1486 870 1509 tamen
894 1483 990 1510 consul

207 1534 262 1553 non
270 1526 381 1554 dicitur.
396 1527 456 1554 Non
474 1527 557 1563 igitur
570 1527 675 1555 editum
700 1532 742 1555 est
761 1536 834 1555 anno
849 1528 912 1561 452,
935 1536 990 1563 quo

1077 981 1160 1016 396
1189 981 1233 1008 XI.
1249 981 1318 1009 Cum
1336 986 1461 1009 recenset
1483 981 1512 1008 in
1534 980 1697 1009 Praefatione
1717 979 1829 1007 nomina

1043 1033 1186 1055 auctorum
1201 1028 1233 1061 ",
1247 1035 1279 1055 ex
1291 1028 1393 1062 quibus
1410 1028 1536 1063 profecit,
1559 1027 1648 1054 Latini
1661 1027 1762 1054 nullius
1773 1034 1830 1054 me-

1043 1073 1133 1106 minit,
1149 1073 1196 1100 sed
1213 1081 1301 1108 neque
1314 1073 1400 1101 Graeci
1413 1073 1577 1108 Epiphanii;
1602 1080 1664 1100 cum
1688 1078 1778 1100 tamen
1802 1077 1830 1099 ct

1043 1119 1082 1146 illi
1098 1127 1151 1146 non
1166 1120 1314 1152 incuriose,
1327 1124 1354 1147 et
1369 1119 1420 1147 iste
1437 1119 1646 1154 diligentissime
1662 1118 1696 1146 de
1715 1118 1830 1145 haeresi-

1043 1165 1096 1193 bus
1105 1166 1256 1201 scripserit.
1280 1167 1317 1194 De
1340 1166 1445 1193 Latinis
1468 1166 1537 1192 nihil
1562 1165 1710 1192 admodum
1725 1164 1828 1192 miror:

1043 1216 1192 1246 potuerunt
1216 1213 1289 1239 enim
1316 1212 1437 1247 ipsorum
1453 1211 1517 1239 libri
1532 1219 1586 1238 non
1600 1219 1661 1239 esse
1675 1211 1701 1237 in
1717 1209 1829 1238 Oriente

1043 1257 1166 1291 vulgati:
1183 1257 1216 1284 de
1228 1258 1393 1293 Epiphanio,
1409 1258 1487 1293 cujus
1509 1261 1570 1285 erat
1586 1261 1614 1284 et
1630 1264 1730 1284 nomen
1759 1256 1830 1284 cele-

1043 1302 1130 1334 brius,
1146 1306 1174 1330 et
1184 1311 1253 1337 opus
1269 1304 1420 1338 vulgatum,
1436 1304 1522 1339 major
1530 1311 1574 1330 me
1586 1302 1731 1330 admiratio
1745 1301 1828 1336 capit.

1043 1347 1083 1375 An
1096 1355 1160 1375 cum
1174 1349 1285 1376 laudare
1298 1349 1398 1382 noluit,
1414 1350 1459 1376 cui
1486 1356 1548 1377 cum
1570 1348 1765 1384 Chrysostomo
1779 1355 1830 1374 ne»

1043 1394 1147 1429 gotium
1161 1394 1251 1422 fuerat
1264 1395 1342 1422 valde
1357 1395 1455 1430 grave?
1479 1394 1668 1422 Theodoretus
1688 1393 1760 1421 enim
1778 1393 1830 1420 mi-

1044 1447 1107 1466 rum
1115 1444 1248 1475 quantum
1263 1440 1488 1475 Chrysoslomum
1502 1439 1597 1467 coluit.

1078 1486 1136 1514 Xll.
1156 1486 1246 1520 Quaeri
1259 1490 1359 1522 potest,
1377 1494 1427 1514 cur
1448 1486 1641 1513 Theodoretus
1665 1493 1700 1512 ne
1715 1484 1830 1511 verbum

1043 1533 1155 1567 quidem
1171 1540 1257 1560 unum
1281 1532 1377 1560 fecerit
1391 1532 1425 1560 de
1448 1532 1602 1567 Pelagianis
1612 1531 1644 1564 “,
1671 1530 1831 1565 Pelagiano-

207 1579 279 1599 anno
301 1572 449 1606 Sporacius
471 1572 643 1600 consulatum
656 1572 750 1607 gessit,
769 1572 816 1600 sed
843 1580 914 1599 anno
926 1580 990 1599 con-
1005 1595 1026 1623 ϐ
1044 1586 1161 1613 rumque
1176 1578 1329 1610 erroribus,
1345 1577 1403 1605 sive
1419 1578 1467 1613 qui
1495 1577 1610 1613 gratiam
1627 1576 1686 1609 Dei,
1712 1576 1770 1603 sive
1782 1575 1830 1610 qui

207 1622 348 1652 sequente,
366 1622 396 1646 ut
412 1626 493 1653 quam
509 1618 650 1650 citissime,
667 1618 693 1645 id
705 1622 757 1651 est,
769 1626 839 1645 anno
851 1618 903 1645 455
923 1618 955 1644 ⁸⁸.

244 1664 309 1691 Vill.
323 1663 400 1697 Quod
414 1664 436 1691 si
454 1672 486 1692 ea
499 1664 627 1699 temporis
650 1667 713 1690 nota
735 1668 852 1696 constat,
876 1669 906 1691 ut
917 1669 992 1692 certe

207 1709 298 1740 debet,
318 1717 489 1744 consequens
509 1713 560 1740 est,
575 1713 606 1736 ut
623 1709 807 1743 expositiones
827 1709 992 1736 Theodoreti

209 1755 235 1781 in
247 1755 443 1782 Octateuchum
458 1754 491 1782 ad
506 1754 655 1789 posteriora
669 1755 759 1781 adhuc
769 1759 893 1789 tempora
907 1755 992 1790 perti-

210 1804 301 1833 neant,
319 1807 381 1827 cum
395 1800 422 1827 in
434 1800 473 1827 iis
481 1808 550 1835 opus
562 1800 634 1827 istud
650 1800 759 1827 citetur.

243 1845 307 1873 ‘IX.
323 1845 486 1880 Sporacius,
501 1846 544 1872 cui
570 1854 641 1880 opus
666 1845 837 1879 inscribitur,
862 1846 914 1873 fuit
941 1846 992 1874 do-

209 1892 385 1919 mesticorum
396 1899 498 1923 comes,
512 1892 570 1926 quil
587 1896 617 1918 ut
631 1892 822 1920 Theodoretus
850 1893 946 1920 scribit
958 1893 991 1925 °°,

213 1946 221 1961 ι
236 1944 298 1964 cum
314 1943 378 1971 sago
402 1940 429 1963 et
444 1936 552 1971 cingulo
580 1941 714 1969 uteretur,
746 1937 925 1972 militiamque
941 1938 993 1966 sibi

209 1981 380 2009 commissam
389 1986 506 2017 gereret,
531 1987 558 2009 et
579 1982 679 2016 palatio
692 1983 751 2017 ejus
773 1990 855 2010 causa
872 1983 993 2010 assidere

209 2030 370 2062 cogeretur;
386 2035 479 2054 rerum
505 2031 594 2054 tamen
618 2028 774 2055 divinarum
797 2028 992 2063 cognitionem,

210 2073 388 2107 veritatisque
401 2072 554 2100 doctrinam
565 2072 758 2108 anteponebat.
777 2082 785 2099 ›
801 2073 867 2100 Eam
881 2074 916 2101 ob
934 2082 993 2101 rem

209 2127 281 2146 anno
302 2118 351 2146 451
374 2126 389 2146 a
419 2118 558 2146 Marciano
584 2118 749 2153 imperatore
777 2119 811 2146 ad
826 2115 993 2148 'eoncilium

208 2165 432 2193 Chalcedonense
446 2165 540 2200 iudex,
567 2172 629 2192 cum
654 2165 716 2193 aliis
733 2165 936 2200 illustrissimis,
952 2168 993 2195 le-

209 2215 351 2247 gatusest;
365 2219 437 2239 anno
448 2211 510 2242 452.
523 2211 569 2245 qui
580 2211 719 2246 proximus
731 2220 746 2238 a
759 2213 876 2240 concilio
886 2213 991 2246 habito,

1042 1628 1184 1660 peccatum
1211 1623 1325 1659 originis
1353 1627 1521 1658 oppugnant.
1543 1623 1638 1658 Neque
1659 1621 1734 1649 enim
1756 1621 1829 1653 illos,

1042 1671 1117 1707 quod
1133 1679 1188 1699 non
1203 1671 1306 1698 nemini
1319 1671 1394 1698 venit
1407 1670 1434 1697 in
1445 1675 1575 1703 mentem,
1585 1674 1631 1696 aut
1641 1668 1829 1700 Euchitarum,

1042 1722 1089 1744 aut
1123 1716 1346 1744 Messalianorum
1375 1716 1488 1743 nomine
1523 1719 1665 1743 memorat.
1693 1714 1735 1742 An
1766 1712 1830 1748 quia

1042 1763 1134 1798 ignota
1157 1762 1209 1797 ipsi
1224 1762 1278 1789 fuit
1296 1761 1452 1789 istiusmodi
1474 1761 1606 1788 hmresis?
1633 1767 1682 1787 cur
1707 1767 1774 1794 ergo
1802 1758 1830 1785 in

1042 1808 1160 1835 concilio
1177 1807 1326 1842 Ephesino,
1343 1806 1387 1834 eui
1401 1806 1537 1838 interfuit,
1564 1805 1650 1832 altera
1668 1813 1731 1841 pars
1749 1803 1830 1831 alteri

1043 1853 1238 1881 Caelestianam
1254 1853 1372 1880 haeresin
1393 1852 1512 1887 objecit?
1524 1852 1566 1879 An
1589 1851 1652 1886 quia
1673 1850 1741 1877 nihil
1766 1849 1830 1877 inde

1043 1903 1185 1927 turbarum
1207 1898 1234 1926 in
1250 1898 1363 1926 Oriente
1378 1898 1545 1925 concitatum
1560 1897 1638 1925 erat?
1652 1896 1725 1923 unde
1747 1895 1830 1931 igitur

1042 1945 1209 1972 invidiosum
1229 1944 1280 1971 fuit
1292 1945 1319 1971 in
1335 1944 1447 1972 Oriente
1468 1943 1695 1971 leestianorum
1710 1942 1830 1968 nomen?

1042 1990 1147 2017 Deinde
1162 1990 1252 2017 nullos
1267 1990 1294 2016 in
1309 1989 1421 2017 Oriente
1436 1994 1527 2016 motus
1541 1989 1714 2016 conciverant
1740 1988 1830 2014 Dona-

1046 2035 1135 2067 tistze;
1150 2035 1249 2061 horum
1264 2039 1354 2061 tamen
1369 2034 1473 2061 mentio
1489 2033 1518 2060 [it
1532 2034 1558 2060 in
1571 2033 1642 2060 libro
1656 2035 1764 2067 quarto.
1779 2032 1830 2059 De-

1043 2081 1128 2115 nique
1144 2088 1199 2107 non
1220 2079 1376 2107 mediocres
1400 2077 1605 2114 Hierosolymis,
1629 2078 1742 2113 Ephesi,
1758 2077 1831 2105 Con-

1043 2126 1231 2160 stantinopoli,
1247 2125 1410 2157 Antiochiae,
1426 2126 1453 2152 in
1467 2124 1563 2153 Cilicia
1577 2124 1711 2152 tumultus
1724 2131 1739 2151 a
1756 2123 1831 2150 Pela-

1043 2171 1132 2207 gianis
1153 2170 1380 2205 leestianisque
1405 2170 1468 2197 facti
1484 2175 1558 2202 sunt,
1588 2177 1638 2198 nec
1659 2169 1698 2196 illi
1717 2173 1830 2204 propter

1043 2218 1166 2245 locorum
1183 2216 1363 2249 vicinitatem,
1389 2216 1493 2243 homini
1509 2223 1600 2243 rerum
1616 2215 1726 2243 curioso
1747 2215 1830 2242 latere

209 2257 472 2293 gessitordinarium
482 2265 544 2285 cum
557 2257 709 2285 llcrculano
726 2259 908 2286 consulatum.
926 2259 992 2294 Ejus
1009 2268 1029 2294 ο
1044 2261 1255 2298 potuerunt.An
1267 2261 1341 2297 quod
1367 2262 1442 2289 nulla
1454 2261 1505 2288 fuit
1521 2261 1549 2288 in
1564 2261 1676 2289 Oriente
1700 2260 1829 2296 synodus,

210 2303 313 2330 mentio
324 2303 353 2330 fit
363 2303 390 2329 in
405 2303 480 2341 Actis
500 2303 628 2330 Matronae
653 2302 797 2338 Pergensis
816 2304 886 2338 apud
908 2304 992 2331 Meta-

210 2349 341 2384 phrasten
357 2348 402 2376 die
414 2349 430 2376 8
439 2349 611 2376 Novembris.

245 2393 278 2421 Χ.
291 2394 372 2429 Cupit
385 2394 440 2427 ille,
456 2394 529 2429 quod
549 2394 575 2421 in
585 2394 705 2422 llistoria
717 2394 779 2421 vitae
793 2394 896 2421 dictum
909 2398 961 2426 est,
977 2402 993 2421 a

211 2440 385 2468 Theodoreto
398 2441 431 2473 “,
459 2451 468 2466 ‹
489 2441 571 2472 scire,
589 2448 650 2475 quae
667 2440 798 2475 utrinque
821 2445 897 2467 extra
921 2440 992 2467 viam

211 2490 313 2513 rectam
327 2491 432 2513 novata;
455 2494 470 2513 a
484 2486 645 2521 quibusdam
671 2485 726 2512 sint
746 2486 859 2518 semitm,
877 2493 992 2520 quarum

211 2532 274 2560 finis
288 2536 330 2559 est
344 2532 504 2558 barathrum
516 2531 691 2566 perditionis.
707 2530 878 2558 Desiderium
899 2535 992 2559 autem

210 2578 263 2604 hoc
275 2582 394 2612 ceperat.
409 2586 465 2604 non
491 2581 521 2604 ut
545 2578 663 2612 pessime
683 2577 824 2608 conﬁctas,
847 2581 876 2604 et
891 2581 992 2605 tetrum

210 2621 345 2655 spirantes
356 2622 470 2649 odorem
487 2622 593 2649 fahulas
607 2621 729 2654 audiret;
742 2621 789 2648 sed
803 2625 833 2648 ut
859 2629 916 2655 eos,
944 2623 991 2657 qui

212 2666 348 2698 nesciunt,
364 2667 486 2699 doceret,
499 2672 557 2694 tum
568 2675 693 2702 quamam
715 2667 750 2694 sit
763 2668 805 2694 via
820 2667 904 2703 regia,
924 2676 992 2703 apo-

211 2711 314 2739 stolicis
333 2713 556 2748 propheticisque
586 2718 682 2741 ornata
711 2714 843 2749 vestigiis,
863 2719 890 2741 et
912 2713 992 2742 ﬁnem

1045 2308 1073 2335 in
1088 2315 1140 2342 qua
1157 2314 1243 2342 genus
1266 2306 1340 2334 istud
1367 2306 1557 2333 btereticorum
1580 2305 1755 2332 anathemate
1766 2311 1831 2338 per-

1045 2354 1151 2380 culsum
1165 2353 1220 2380 sit?
1243 2351 1326 2387 Atqui
1343 2352 1503 2379 damnatum
1525 2355 1568 2378 est
1587 2350 1704 2384 Diospoli
1731 2349 1758 2376 in
1783 2349 1832 2376 Pa-

1045 2392 1161 2429 lzestina,
1177 2397 1331 2425 Antiochia:
1357 2397 1384 2424 in
1412 2396 1501 2431 Syria,
1529 2396 1662 2423 Anazarbi
1687 2395 1715 2422 in
1736 2393 1831 2421 Cilicia

1046 2443 1178 2476 secunda,
1197 2442 1437 2477 Constantinopoli
1456 2442 1485 2469 in
1504 2442 1574 2469 urbe
1587 2441 1672 2476 regia,
1686 2440 1786 2475 Ephesi
1804 2441 1831 2467 in

1045 2489 1165 2523 generali
1182 2488 1297 2524 synodo.
1314 2489 1355 2515 An
1378 2488 1453 2523 quod
1465 2487 1621 2515 Cwlestiani
1647 2494 1664 2513 a
1686 2486 1833 2513 Theodoro

1045 2534 1238 2568 Mopsuestcno
1256 2533 1391 2569 originem
1421 2534 1565 2566 ducerent,
1590 2532 1765 2566 Nestoriique
1782 2539 1831 2566 pa-

1045 2579 1162 2606 trocinio
1179 2579 1219 2606 usi
1235 2584 1338 2612 essent,
1359 2584 1388 2606 et
1408 2587 1440 2606 ea
1464 2579 1606 2610 docerent,
1626 2577 1777 2612 praesertim
1798 2576 1831 2603 de

1045 2628 1158 2658 peccato
1169 2624 1293 2658 originis,
1319 2623 1449 2658 aquibus
1475 2622 1666 2650 Theodoretus
1699 2620 1757 2655 ipse
1776 2628 1831 2647 non

1046 2669 1224 2697 abhorreret?
1235 2670 1388 2697 Probabilis
1399 2677 1490 2701 causa,
1504 2676 1558 2703 qua
1571 2673 1647 2703 parte
1655 2666 1830 2694 Theodorum

1045 2719 1073 2742 ct
1089 2715 1246 2743 Nestorium
1267 2719 1390 2750 spectat;
1410 2715 1458 2742 sed
1475 2722 1530 2750 qua
1546 2713 1748 2741 Theodoretum
1766 2711 1831 2739 atti-

875 2789 1034 2818 SCIIUIZII
1053 2789 1167 2819 NOTAE.

246 2834 269 2850 ⁸⁷
285 2833 358 2862 Edil.
374 2834 451 2868 prior
474 2834 592 2862 habebat
614 2834 789 2862 undecimum.
827 2836 849 2852 ⁵⁸
864 2836 938 2864 Edit.

210 2869 272 2895 200.
311 2870 333 2885 ⁶⁰
348 2869 413 2896 Vide
427 2874 445 2896 t.
458 2869 503 2900 ιν,
519 2877 546 2903 p.
562 2869 624 2897 285.
661 2870 681 2885 "
701 2870 752 2900 11)..

961 2836 1036 2878 prior
1059 2836 1123 2864 hab.
1147 2838 1254 2878 decimo.
1421 2846 1515 2878 supra,
1539 2839 1654 2878 12-951.
1669 2837 1754 2878 fide

775 2878 800 2909 ης
820 2870 881 2898 280.
908 2871 943 2909 _"
956 2871 1123 2909 \iid.sllpra,
1138 2881 1163 2908 p.
1181 2873 1241 2900 200.
1282 2874 1303 2890 ⁸³
1321 2874 1380 2901 Vid.
1396 2878 1414 2901 t.
1431 2870 1475 2907 IV,
1491 2882 1517 2909 p.
1535 2870 1596 2901 2'82.
1631 2873 1651 2889 ""
1669 2873 1728 2900 \‘id.
1749 2870 1829 2904 infra,

1310 2839 1332 2854 ”
1344 2839 1404 2866 Vid.
1421 2846 1515 2873 supra,
1539 2846 1567 2873 τι.
1592 2839 1654 2866 251.
1676 2837 1753 2873 Vide
1769 2843 1829 2873 pag.

212 2904 276 2932 diss.
301 2904 394 2940 5,1'ap
422 2904 446 2937 5,
462 2907 489 2931 et
505 2904 577 2932 Frid.
601 2904 757 2938 Sranhcmii
780 2905 847 2940 Opp.
869 2909 887 2933 t.
908 2906 929 2939 l,
945 2914 971 2942 p.
987 2906 1049 2934 982.
