  <div class='ocr_page' id='page_1' title='image "/cluster/home/n/w/nwhite01/storage/ocr_20150623/84/njp.32101010943783/178.png"; bbox 0 0 1967 3047; ppageno 0'>
   <div class='ocr_carea' id='block_1_1' title="bbox 115 186 170 218">
    <p class='ocr_par' dir='ltr' id='par_1_1' title="bbox 115 186 170 218">
     <span class='ocr_line' id='line_1_1' title="bbox 115 186 170 218; baseline 0 -1"><span class='ocrx_word' id='word_1_1' title='bbox 115 186 170 218; x_wconf 71' lang='grc'><strong>,345</strong></span> 
     </span>
    </p>
   </div>
   <div class='ocr_carea' id='block_1_2' title="bbox 703 195 1171 229">
    <p class='ocr_par' dir='ltr' id='par_1_2' title="bbox 703 195 1171 229">
     <span class='ocr_line' id='line_1_2' title="bbox 703 195 1171 229; baseline 0.009 -4"><span class='ocrx_word' id='word_1_2' title='bbox 703 195 750 225; x_wconf 84' lang='lat' dir='ltr'><strong>DE</strong></span> <span class='ocrx_word' id='word_1_3' title='bbox 771 197 897 227; x_wconf 81' lang='lat' dir='ltr'><strong>LIBRIS</strong></span> <span class='ocrx_word' id='word_1_4' title='bbox 916 197 967 227; x_wconf 86' lang='grc' dir='ltr'><strong>ΤΗ</strong></span> <span class='ocrx_word' id='word_1_5' title='bbox 970 198 1159 229; x_wconf 77' lang='lat' dir='ltr'><strong>EODORETI</strong></span> <span class='ocrx_word' id='word_1_6' title='bbox 1163 222 1171 229; x_wconf 88' lang='lat'><strong>.</strong></span> 
     </span>
    </p>
   </div>
   <div class='ocr_carea' id='block_1_3' title="bbox 1693 205 1746 238">
    <p class='ocr_par' dir='ltr' id='par_1_3' title="bbox 1693 205 1746 238">
     <span class='ocr_line' id='line_1_3' title="bbox 1693 205 1746 238; baseline 0.019 -1"><span class='ocrx_word' id='word_1_7' title='bbox 1693 205 1746 238; x_wconf 68' lang='lat'><strong>346</strong></span> 
     </span>
    </p>
   </div>
   <div class='ocr_carea' id='block_1_4' title="bbox 117 241 1744 294">
    <p class='ocr_par' dir='ltr' id='par_1_4' title="bbox 117 241 1744 294">
     <span class='ocr_line' id='line_1_4' title="bbox 117 241 1744 294; baseline 0.014 -28"><span class='ocrx_word' id='word_1_8' title='bbox 117 246 176 271; x_wconf 78' lang='lat' dir='ltr'><strong>net,</strong></span> <span class='ocrx_word' id='word_1_9' title='bbox 203 241 381 277; x_wconf 82' lang='lat' dir='ltr'><strong>disceptanda</strong></span> <span class='ocrx_word' id='word_1_10' title='bbox 401 243 563 280; x_wconf 77' lang='lat' dir='ltr'><strong>diligentius</strong></span> <span class='ocrx_word' id='word_1_11' title='bbox 589 247 617 274; x_wconf 91' lang='lat' dir='ltr'><strong>in</strong></span> <span class='ocrx_word' id='word_1_12' title='bbox 645 248 840 279; x_wconf 73' lang='lat' dir='ltr'><strong>dissertatione</strong></span> <span class='ocrx_word' id='word_1_13' title='bbox 868 252 902 279; x_wconf 89' lang='lat' dir='ltr'><strong>de</strong></span> <span class='ocrx_word' id='word_1_14' title='bbox 917 255 940 283; x_wconf 76' lang='grc' dir='ltr'><strong>Α</strong></span> <span class='ocrx_word' id='word_1_15' title='bbox 955 257 985 280; x_wconf 87' lang='lat' dir='ltr'><strong>ut</strong></span> <span class='ocrx_word' id='word_1_16' title='bbox 1002 261 1035 280; x_wconf 81' lang='lat' dir='ltr'><strong>ex</strong></span> <span class='ocrx_word' id='word_1_17' title='bbox 1051 254 1134 282; x_wconf 83' lang='lat' dir='ltr'><strong>allato</strong></span> <span class='ocrx_word' id='word_1_18' title='bbox 1149 254 1306 284; x_wconf 87' lang='lat' dir='ltr'><strong>testimonio</strong></span> <span class='ocrx_word' id='word_1_19' title='bbox 1325 261 1441 285; x_wconf 86' lang='lat' dir='ltr'><strong>constat.</strong></span> <span class='ocrx_word' id='word_1_20' title='bbox 1466 257 1539 294; x_wconf 74' lang='lat' dir='ltr'><strong>Ergo</strong></span> <span class='ocrx_word' id='word_1_21' title='bbox 1560 263 1624 287; x_wconf 81' lang='lat' dir='ltr'><strong>ante</strong></span> <span class='ocrx_word' id='word_1_22' title='bbox 1641 268 1744 288; x_wconf 91' lang='lat' dir='ltr'><strong>annum</strong></span> 
     </span>
    </p>
   </div>
   <div class='ocr_carea' id='block_1_5' title="bbox 117 286 283 321">
    <p class='ocr_par' dir='ltr' id='par_1_5' title="bbox 117 286 283 321">
     <span class='ocr_line' id='line_1_5' title="bbox 117 286 283 321; baseline 0.006 -8"><span class='ocrx_word' id='word_1_23' title='bbox 117 286 205 321; x_wconf 80' lang='lat' dir='ltr'><strong>ipsius</strong></span> <span class='ocrx_word' id='word_1_24' title='bbox 219 287 283 314; x_wconf 82' lang='lat' dir='ltr'><strong>fide.</strong></span> 
     </span>
    </p>
   </div>
   <div class='ocr_carea' id='block_1_6' title="bbox 152 331 905 376">
    <p class='ocr_par' dir='ltr' id='par_1_6' title="bbox 152 331 905 376">
     <span class='ocr_line' id='line_1_6' title="bbox 152 331 905 376; baseline 0.015 -18"><span class='ocrx_word' id='word_1_25' title='bbox 152 331 222 360; x_wconf 77' lang='lat' dir='ltr'><strong>Xlll.</strong></span> <span class='ocrx_word' id='word_1_26' title='bbox 247 332 299 360; x_wconf 87' lang='lat' dir='ltr'><strong>Sed</strong></span> <span class='ocrx_word' id='word_1_27' title='bbox 315 341 365 361; x_wconf 91' lang='lat' dir='ltr'><strong>cur</strong></span> <span class='ocrx_word' id='word_1_28' title='bbox 377 335 460 363; x_wconf 89' lang='lat' dir='ltr'><strong>etiam</strong></span> <span class='ocrx_word' id='word_1_29' title='bbox 477 337 667 367; x_wconf 88' lang='lat' dir='ltr'><strong>Thcodoretus</strong></span> <span class='ocrx_word' id='word_1_30' title='bbox 684 340 712 367; x_wconf 92' lang='lat' dir='ltr'><strong>in</strong></span> <span class='ocrx_word' id='word_1_31' title='bbox 734 349 817 376; x_wconf 86' lang='lat' dir='ltr'><strong>opere</strong></span> <span class='ocrx_word' id='word_1_32' title='bbox 847 346 905 369; x_wconf 87' lang='lat' dir='ltr'><strong>toto</strong></span> 
     </span>
    </p>
   </div>
   <div class='ocr_carea' id='block_1_7' title="bbox 115 376 902 420">
    <p class='ocr_par' dir='ltr' id='par_1_7' title="bbox 115 376 902 420">
     <span class='ocr_line' id='line_1_7' title="bbox 115 376 902 420; baseline 0.014 -18"><span class='ocrx_word' id='word_1_33' title='bbox 115 383 207 410; x_wconf 86' lang='lat' dir='ltr'><strong>neque</strong></span> <span class='ocrx_word' id='word_1_34' title='bbox 233 376 360 412; x_wconf 77' lang='lat' dir='ltr'><strong>Origenis</strong></span> <span class='ocrx_word' id='word_1_35' title='bbox 382 381 519 415; x_wconf 93' lang='lat' dir='ltr'><strong>meminit,</strong></span> <span class='ocrx_word' id='word_1_36' title='bbox 551 391 640 418; x_wconf 87' lang='lat' dir='ltr'><strong>neque</strong></span> <span class='ocrx_word' id='word_1_37' title='bbox 675 380 902 420; x_wconf 76' lang='lat' dir='ltr'><strong>Oiigeuistarum,</strong></span> 
     </span>
    </p>
   </div>
   <div class='ocr_carea' id='block_1_8' title="bbox 114 425 904 465">
    <p class='ocr_par' dir='ltr' id='par_1_8' title="bbox 114 425 904 465">
     <span class='ocr_line' id='line_1_8' title="bbox 114 425 904 465; baseline 0.016 -18"><span class='ocrx_word' id='word_1_38' title='bbox 114 429 234 456; x_wconf 89' lang='lat' dir='ltr'><strong>quorum</strong></span> <span class='ocrx_word' id='word_1_39' title='bbox 249 427 339 450; x_wconf 88' lang='lat' dir='ltr'><strong>tamen</strong></span> <span class='ocrx_word' id='word_1_40' title='bbox 350 425 456 453; x_wconf 76' lang='lat' dir='ltr'><strong>sciebat</strong></span> <span class='ocrx_word' id='word_1_41' title='bbox 464 434 574 455; x_wconf 87' lang='lat' dir='ltr'><strong>errores</strong></span> <span class='ocrx_word' id='word_1_42' title='bbox 583 437 598 455; x_wconf 92' lang='lat' dir='ltr'><strong>a</strong></span> <span class='ocrx_word' id='word_1_43' title='bbox 612 429 765 465; x_wconf 90' lang='lat' dir='ltr'><strong>Theophilo</strong></span> <span class='ocrx_word' id='word_1_44' title='bbox 782 431 904 459; x_wconf 78' lang='lat' dir='ltr'><strong>Alexan-</strong></span> 
     </span>
    </p>
   </div>
   <div class='ocr_carea' id='block_1_9' title="bbox 117 466 905 507">
    <p class='ocr_par' dir='ltr' id='par_1_9' title="bbox 117 466 905 507">
     <span class='ocr_line' id='line_1_9' title="bbox 117 466 905 507; baseline 0.015 -15"><span class='ocrx_word' id='word_1_45' title='bbox 117 466 210 498; x_wconf 92' lang='lat' dir='ltr'><strong>drino,</strong></span> <span class='ocrx_word' id='word_1_46' title='bbox 222 467 250 494; x_wconf 92' lang='lat' dir='ltr'><strong>in</strong></span> <span class='ocrx_word' id='word_1_47' title='bbox 262 468 384 497; x_wconf 88' lang='lat' dir='ltr'><strong>homiliis</strong></span> <span class='ocrx_word' id='word_1_48' title='bbox 401 471 593 506; x_wconf 81' lang='lat' dir='ltr'><strong>paschalibus;</strong></span> <span class='ocrx_word' id='word_1_49' title='bbox 613 473 647 500; x_wconf 92' lang='lat' dir='ltr'><strong>ab</strong></span> <span class='ocrx_word' id='word_1_50' title='bbox 660 475 812 507; x_wconf 82' lang='lat' dir='ltr'><strong>Anastasio,</strong></span> <span class='ocrx_word' id='word_1_51' title='bbox 829 484 905 503; x_wconf 93' lang='lat' dir='ltr'><strong>sum-</strong></span> 
     </span>
    </p>
   </div>
   <div class='ocr_carea' id='block_1_10' title="bbox 115 513 903 554">
    <p class='ocr_par' dir='ltr' id='par_1_10' title="bbox 115 513 903 554">
     <span class='ocr_line' id='line_1_10' title="bbox 115 513 903 554; baseline 0.014 -16"><span class='ocrx_word' id='word_1_52' title='bbox 115 520 163 539; x_wconf 90' lang='lat' dir='ltr'><strong>mo</strong></span> <span class='ocrx_word' id='word_1_53' title='bbox 176 513 317 547; x_wconf 82' lang='lat' dir='ltr'><strong>pontiﬁce,</strong></span> <span class='ocrx_word' id='word_1_54' title='bbox 336 515 364 542; x_wconf 94' lang='lat' dir='ltr'><strong>in</strong></span> <span class='ocrx_word' id='word_1_55' title='bbox 390 515 492 544; x_wconf 89' lang='lat' dir='ltr'><strong>litteris</strong></span> <span class='ocrx_word' id='word_1_56' title='bbox 515 517 548 544; x_wconf 91' lang='lat' dir='ltr'><strong>ad</strong></span> <span class='ocrx_word' id='word_1_57' title='bbox 569 517 709 546; x_wconf 84' lang='lat' dir='ltr'><strong>Orientem</strong></span> <span class='ocrx_word' id='word_1_58' title='bbox 740 520 847 554; x_wconf 85' lang='lat' dir='ltr'><strong>missis;</strong></span> <span class='ocrx_word' id='word_1_59' title='bbox 869 522 903 549; x_wconf 88' lang='lat' dir='ltr'><strong>ab</strong></span> 
     </span>
    </p>
   </div>
   <div class='ocr_carea' id='block_1_11' title="bbox 115 557 904 597">
    <p class='ocr_par' dir='ltr' id='par_1_11' title="bbox 115 557 904 597">
     <span class='ocr_line' id='line_1_11' title="bbox 115 557 904 597; baseline 0.013 -13"><span class='ocrx_word' id='word_1_60' title='bbox 115 557 342 592; x_wconf 79' lang='lat' dir='ltr'><strong>imperatoribus,</strong></span> <span class='ocrx_word' id='word_1_61' title='bbox 359 559 387 588; x_wconf 93' lang='lat' dir='ltr'><strong>in</strong></span> <span class='ocrx_word' id='word_1_62' title='bbox 398 561 497 589; x_wconf 86' lang='lat' dir='ltr'><strong>edictis</strong></span> <span class='ocrx_word' id='word_1_63' title='bbox 509 570 559 597; x_wconf 88' lang='lat' dir='ltr'><strong>per</strong></span> <span class='ocrx_word' id='word_1_64' title='bbox 573 567 660 591; x_wconf 90' lang='lat' dir='ltr'><strong>totum</strong></span> <span class='ocrx_word' id='word_1_65' title='bbox 679 565 830 593; x_wconf 85' lang='lat' dir='ltr'><strong>Romanum</strong></span> <span class='ocrx_word' id='word_1_66' title='bbox 853 566 904 593; x_wconf 93' lang='lat' dir='ltr'><strong>im-</strong></span> 
     </span>
    </p>
   </div>
   <div class='ocr_carea' id='block_1_12' title="bbox 113 602 902 643">
    <p class='ocr_par' dir='ltr' id='par_1_12' title="bbox 113 602 902 643">
     <span class='ocr_line' id='line_1_12' title="bbox 113 602 902 643; baseline 0.013 -15"><span class='ocrx_word' id='word_1_67' title='bbox 113 602 223 636; x_wconf 80' lang='lat' dir='ltr'><strong>perium</strong></span> <span class='ocrx_word' id='word_1_68' title='bbox 236 604 397 639; x_wconf 86' lang='lat' dir='ltr'><strong>propositis.</strong></span> <span class='ocrx_word' id='word_1_69' title='bbox 430 613 491 634; x_wconf 89' lang='lat' dir='ltr'><strong>esse</strong></span> <span class='ocrx_word' id='word_1_70' title='bbox 507 609 694 643; x_wconf 82' lang='lat' dir='ltr'><strong>proscriptos?</strong></span> <span class='ocrx_word' id='word_1_71' title='bbox 713 610 814 637; x_wconf 89' lang='lat' dir='ltr'><strong>Verum</strong></span> <span class='ocrx_word' id='word_1_72' title='bbox 834 611 902 638; x_wconf 87' lang='lat' dir='ltr'><strong>nihil</strong></span> 
     </span>
    </p>
   </div>
   <div class='ocr_carea' id='block_1_13' title="bbox 113 647 902 690">
    <p class='ocr_par' dir='ltr' id='par_1_13' title="bbox 113 647 902 690">
     <span class='ocr_line' id='line_1_13' title="bbox 113 647 902 690; baseline 0.014 -17"><span class='ocrx_word' id='word_1_73' title='bbox 113 647 237 680; x_wconf 90' lang='lat' dir='ltr'><strong>illorum,</strong></span> <span class='ocrx_word' id='word_1_74' title='bbox 256 649 328 677; x_wconf 84' lang='lat' dir='ltr'><strong>sicut</strong></span> <span class='ocrx_word' id='word_1_75' title='bbox 344 654 372 678; x_wconf 88' lang='lat' dir='ltr'><strong>et</strong></span> <span class='ocrx_word' id='word_1_76' title='bbox 383 651 603 686; x_wconf 71' lang='lat' dir='ltr'><strong>Pelagianorum,</strong></span> <span class='ocrx_word' id='word_1_77' title='bbox 627 654 784 683; x_wconf 90' lang='lat' dir='ltr'><strong>meminisse</strong></span> <span class='ocrx_word' id='word_1_78' title='bbox 801 656 902 690; x_wconf 89' lang='lat' dir='ltr'><strong>prode—</strong></span> 
     </span>
    </p>
   </div>
   <div class='ocr_carea' id='block_1_14' title="bbox 113 693 903 735">
    <p class='ocr_par' dir='ltr' id='par_1_14' title="bbox 113 693 903 735">
     <span class='ocr_line' id='line_1_14' title="bbox 113 693 903 735; baseline 0.013 -16"><span class='ocrx_word' id='word_1_79' title='bbox 113 697 158 720; x_wconf 87' lang='lat' dir='ltr'><strong>rat</strong></span> <span class='ocrx_word' id='word_1_80' title='bbox 178 693 212 721; x_wconf 78' lang='lat' dir='ltr'><strong>ad</strong></span> <span class='ocrx_word' id='word_1_81' title='bbox 231 693 400 728; x_wconf 85' lang='lat' dir='ltr'><strong>institutum,</strong></span> <span class='ocrx_word' id='word_1_82' title='bbox 416 697 490 732; x_wconf 92' lang='lat' dir='ltr'><strong>quod</strong></span> <span class='ocrx_word' id='word_1_83' title='bbox 503 697 634 731; x_wconf 81' lang='lat' dir='ltr'><strong>diximus,</strong></span> <span class='ocrx_word' id='word_1_84' title='bbox 651 700 782 735; x_wconf 79' lang='lat' dir='ltr'><strong>carpendi</strong></span> <span class='ocrx_word' id='word_1_85' title='bbox 797 701 903 730; x_wconf 76' lang='lat' dir='ltr'><strong>scilicet</strong></span> 
     </span>
    </p>
   </div>
   <div class='ocr_carea' id='block_1_15' title="bbox 111 738 901 781">
    <p class='ocr_par' dir='ltr' id='par_1_15' title="bbox 111 738 901 781">
     <span class='ocr_line' id='line_1_15' title="bbox 111 738 901 781; baseline 0.013 -17"><span class='ocrx_word' id='word_1_86' title='bbox 111 738 232 771; x_wconf 85' lang='lat' dir='ltr'><strong>occulte,</strong></span> <span class='ocrx_word' id='word_1_87' title='bbox 251 743 280 766; x_wconf 89' lang='lat' dir='ltr'><strong>et</strong></span> <span class='ocrx_word' id='word_1_88' title='bbox 295 739 322 766; x_wconf 92' lang='lat' dir='ltr'><strong>in</strong></span> <span class='ocrx_word' id='word_1_89' title='bbox 338 740 472 768; x_wconf 83' lang='lat' dir='ltr'><strong>invidiam</strong></span> <span class='ocrx_word' id='word_1_90' title='bbox 491 743 609 770; x_wconf 89' lang='lat' dir='ltr'><strong>vocandi</strong></span> <span class='ocrx_word' id='word_1_91' title='bbox 632 744 779 780; x_wconf 87' lang='lat' dir='ltr'><strong>Cyrilliana</strong></span> <span class='ocrx_word' id='word_1_92' title='bbox 800 746 901 781; x_wconf 85' lang='lat' dir='ltr'><strong>capita,</strong></span> 
     </span>
    </p>
   </div>
   <div class='ocr_carea' id='block_1_16' title="bbox 112 784 899 821">
    <p class='ocr_par' dir='ltr' id='par_1_16' title="bbox 112 784 899 821">
     <span class='ocr_line' id='line_1_16' title="bbox 112 784 899 821; baseline 0.014 -13"><span class='ocrx_word' id='word_1_93' title='bbox 112 786 253 818; x_wconf 81' lang='lat' dir='ltr'><strong>tutamque</strong></span> <span class='ocrx_word' id='word_1_94' title='bbox 266 784 298 811; x_wconf 83' lang='lat' dir='ltr'><strong>de</strong></span> <span class='ocrx_word' id='word_1_95' title='bbox 311 794 365 813; x_wconf 84' lang='lat' dir='ltr'><strong>una</strong></span> <span class='ocrx_word' id='word_1_96' title='bbox 377 790 435 821; x_wconf 73' lang='lat' dir='ltr'><strong>post</strong></span> <span class='ocrx_word' id='word_1_97' title='bbox 448 788 593 815; x_wconf 81' lang='lat' dir='ltr'><strong>unitionem</strong></span> <span class='ocrx_word' id='word_1_98' title='bbox 605 794 703 817; x_wconf 85' lang='lat' dir='ltr'><strong>natura</strong></span> <span class='ocrx_word' id='word_1_99' title='bbox 714 791 899 819; x_wconf 86' lang='lat' dir='ltr'><strong>sententiam:</strong></span> 
     </span>
    </p>
   </div>
   <div class='ocr_carea' id='block_1_17' title="bbox 112 829 901 872">
    <p class='ocr_par' dir='ltr' id='par_1_17' title="bbox 112 829 901 872">
     <span class='ocr_line' id='line_1_17' title="bbox 112 829 901 872; baseline 0.013 -17"><span class='ocrx_word' id='word_1_100' title='bbox 112 829 192 863; x_wconf 79' lang='lat' dir='ltr'><strong>cujus</strong></span> <span class='ocrx_word' id='word_1_101' title='bbox 214 831 361 858; x_wconf 62' lang='lat' dir='ltr'><strong>sententia:</strong></span> <span class='ocrx_word' id='word_1_102' title='bbox 381 831 451 860; x_wconf 87' lang='lat' dir='ltr'><strong>duas</strong></span> <span class='ocrx_word' id='word_1_103' title='bbox 465 839 559 867; x_wconf 89' lang='lat' dir='ltr'><strong>partes</strong></span> <span class='ocrx_word' id='word_1_104' title='bbox 586 835 743 864; x_wconf 85' lang='lat' dir='ltr'><strong>discernere</strong></span> <span class='ocrx_word' id='word_1_105' title='bbox 760 845 901 872; x_wconf 83' lang='lat' dir='ltr'><strong>nunquam</strong></span> 
     </span>
    </p>
   </div>
   <div class='ocr_carea' id='block_1_18' title="bbox 110 873 898 917">
    <p class='ocr_par' dir='ltr' id='par_1_18' title="bbox 110 873 898 917">
     <span class='ocr_line' id='line_1_18' title="bbox 110 873 898 917; baseline 0.014 -17"><span class='ocrx_word' id='word_1_106' title='bbox 110 873 150 901; x_wconf 85' lang='lat' dir='ltr'><strong>ita</strong></span> <span class='ocrx_word' id='word_1_107' title='bbox 166 875 264 908; x_wconf 83' lang='lat' dir='ltr'><strong>valuit,</strong></span> <span class='ocrx_word' id='word_1_108' title='bbox 279 880 309 902; x_wconf 91' lang='lat' dir='ltr'><strong>ut</strong></span> <span class='ocrx_word' id='word_1_109' title='bbox 321 877 496 911; x_wconf 84' lang='lat' dir='ltr'><strong>catholicam,</strong></span> <span class='ocrx_word' id='word_1_110' title='bbox 512 887 573 915; x_wconf 70' lang='lat' dir='ltr'><strong>qua:</strong></span> <span class='ocrx_word' id='word_1_111' title='bbox 588 881 693 916; x_wconf 83' lang='lat' dir='ltr'><strong>Cyrilli,</strong></span> <span class='ocrx_word' id='word_1_112' title='bbox 706 883 740 910; x_wconf 89' lang='lat' dir='ltr'><strong>ab</strong></span> <span class='ocrx_word' id='word_1_113' title='bbox 759 883 898 917; x_wconf 63' lang='lat' dir='ltr'><strong>haeretica,</strong></span> 
     </span>
    </p>
   </div>
   <div class='ocr_carea' id='block_1_19' title="bbox 108 919 844 964">
    <p class='ocr_par' dir='ltr' id='par_1_19' title="bbox 108 919 844 964">
     <span class='ocr_line' id='line_1_19' title="bbox 108 919 844 964; baseline 0.014 -18"><span class='ocrx_word' id='word_1_114' title='bbox 108 919 191 954; x_wconf 80' lang='lat'><strong>397</strong></span> <span class='ocrx_word' id='word_1_115' title='bbox 216 928 277 955; x_wconf 62' lang='lat' dir='ltr'><strong>qua:</strong></span> <span class='ocrx_word' id='word_1_116' title='bbox 285 921 445 956; x_wconf 85' lang='lat' dir='ltr'><strong>Apollinarii</strong></span> <span class='ocrx_word' id='word_1_117' title='bbox 458 929 506 951; x_wconf 90' lang='lat' dir='ltr'><strong>aut</strong></span> <span class='ocrx_word' id='word_1_118' title='bbox 524 925 665 961; x_wconf 82' lang='lat' dir='ltr'><strong>Eutychis,</strong></span> <span class='ocrx_word' id='word_1_119' title='bbox 678 928 844 964; x_wconf 72' lang='lat' dir='ltr'><strong>seiungeret.</strong></span> 
     </span>
    </p>
   </div>
   <div class='ocr_carea' id='block_1_20' title="bbox 145 965 899 1009">
    <p class='ocr_par' dir='ltr' id='par_1_20' title="bbox 145 965 899 1009">
     <span class='ocr_line' id='line_1_20' title="bbox 145 965 899 1009; baseline 0.016 -17"><span class='ocrx_word' id='word_1_120' title='bbox 145 965 214 994; x_wconf 78' lang='lat' dir='ltr'><strong>XIV.</strong></span> <span class='ocrx_word' id='word_1_121' title='bbox 228 967 303 1002; x_wconf 91' lang='lat' dir='ltr'><strong>Opus</strong></span> <span class='ocrx_word' id='word_1_122' title='bbox 315 968 367 996; x_wconf 89' lang='lat' dir='ltr'><strong>hoc</strong></span> <span class='ocrx_word' id='word_1_123' title='bbox 377 977 450 997; x_wconf 91' lang='lat' dir='ltr'><strong>anno</strong></span> <span class='ocrx_word' id='word_1_124' title='bbox 463 971 531 998; x_wconf 73' lang='grc'>1545</span> <span class='ocrx_word' id='word_1_125' title='bbox 539 973 651 1006; x_wconf 90' lang='lat' dir='ltr'><strong>prodiit,</strong></span> <span class='ocrx_word' id='word_1_126' title='bbox 665 975 784 1009; x_wconf 91' lang='lat' dir='ltr'><strong>primum</strong></span> <span class='ocrx_word' id='word_1_127' title='bbox 807 975 899 1004; x_wconf 66' lang='lat' dir='ltr'><strong>Graece</strong></span> 
     </span>
    </p>
   </div>
   <div class='ocr_carea' id='block_1_21' title="bbox 108 1010 899 1051">
    <p class='ocr_par' dir='ltr' id='par_1_21' title="bbox 108 1010 899 1051">
     <span class='ocr_line' id='line_1_21' title="bbox 108 1010 899 1051; baseline 0.016 -15"><span class='ocrx_word' id='word_1_128' title='bbox 108 1010 205 1038; x_wconf 60' lang='lat' dir='ltr'><strong>Romae</strong></span> <span class='ocrx_word' id='word_1_129' title='bbox 223 1011 375 1048; x_wconf 79' lang='lat' dir='ltr'><strong>Ardingelli</strong></span> <span class='ocrx_word' id='word_1_130' title='bbox 402 1014 556 1044; x_wconf 84' lang='lat' dir='ltr'><strong>Cardinalis</strong></span> <span class='ocrx_word' id='word_1_131' title='bbox 571 1024 655 1051; x_wconf 82' lang='lat' dir='ltr'><strong>cura;</strong></span> <span class='ocrx_word' id='word_1_132' title='bbox 677 1020 777 1048; x_wconf 81' lang='lat' dir='ltr'><strong>deinde</strong></span> <span class='ocrx_word' id='word_1_133' title='bbox 803 1021 899 1049; x_wconf 86' lang='lat' dir='ltr'><strong>Latine</strong></span> 
     </span>
    </p>
   </div>
   <div class='ocr_carea' id='block_1_22' title="bbox 108 1056 898 1096">
    <p class='ocr_par' dir='ltr' id='par_1_22' title="bbox 108 1056 898 1096">
     <span class='ocr_line' id='line_1_22' title="bbox 108 1056 898 1096; baseline 0.015 -13"><span class='ocrx_word' id='word_1_134' title='bbox 108 1056 245 1085; x_wconf 84' lang='lat' dir='ltr'><strong>Gentiano</strong></span> <span class='ocrx_word' id='word_1_135' title='bbox 267 1058 385 1087; x_wconf 85' lang='lat' dir='ltr'><strong>Herveto</strong></span> <span class='ocrx_word' id='word_1_136' title='bbox 401 1060 562 1096; x_wconf 85' lang='lat' dir='ltr'><strong>interprete.</strong></span> <span class='ocrx_word' id='word_1_137' title='bbox 587 1063 686 1093; x_wconf 86' lang='lat' dir='ltr'><strong>Latino</strong></span> <span class='ocrx_word' id='word_1_138' title='bbox 710 1073 838 1094; x_wconf 84' lang='lat' dir='ltr'><strong>sermone</strong></span> <span class='ocrx_word' id='word_1_139' title='bbox 855 1067 898 1095; x_wconf 93' lang='lat' dir='ltr'><strong>in-</strong></span> 
     </span>
    </p>
   </div>
   <div class='ocr_carea' id='block_1_23' title="bbox 110 1106 898 1147">
    <p class='ocr_par' dir='ltr' id='par_1_23' title="bbox 110 1106 898 1147">
     <span class='ocr_line' id='line_1_23' title="bbox 110 1106 898 1147; baseline 0.016 -18"><span class='ocrx_word' id='word_1_140' title='bbox 110 1107 278 1138; x_wconf 87' lang='lat' dir='ltr'><strong>terpretatus</strong></span> <span class='ocrx_word' id='word_1_141' title='bbox 293 1110 336 1133; x_wconf 89' lang='lat' dir='ltr'><strong>est</strong></span> <span class='ocrx_word' id='word_1_142' title='bbox 356 1106 515 1135; x_wconf 81' lang='lat' dir='ltr'><strong>Victorinus</strong></span> <span class='ocrx_word' id='word_1_143' title='bbox 530 1108 687 1145; x_wconf 73' lang='lat' dir='ltr'><strong>Strigolius,</strong></span> <span class='ocrx_word' id='word_1_144' title='bbox 704 1112 818 1147; x_wconf 86' lang='lat' dir='ltr'><strong>ejusque</strong></span> <span class='ocrx_word' id='word_1_145' title='bbox 834 1121 898 1141; x_wconf 89' lang='lat' dir='ltr'><strong>ver-</strong></span> 
     </span>
    </p>
   </div>
   <div class='ocr_carea' id='block_1_24' title="bbox 109 1148 898 1194">
    <p class='ocr_par' dir='ltr' id='par_1_24' title="bbox 109 1148 898 1194">
     <span class='ocr_line' id='line_1_24' title="bbox 109 1148 898 1194; baseline 0.016 -20"><span class='ocrx_word' id='word_1_146' title='bbox 109 1148 188 1176; x_wconf 81' lang='lat' dir='ltr'><strong>sione</strong></span> <span class='ocrx_word' id='word_1_147' title='bbox 217 1157 284 1177; x_wconf 87' lang='lat' dir='ltr'><strong>usus</strong></span> <span class='ocrx_word' id='word_1_148' title='bbox 309 1155 351 1178; x_wconf 90' lang='lat' dir='ltr'><strong>est</strong></span> <span class='ocrx_word' id='word_1_149' title='bbox 369 1151 476 1180; x_wconf 81' lang='lat' dir='ltr'><strong>Marcus</strong></span> <span class='ocrx_word' id='word_1_150' title='bbox 505 1153 665 1184; x_wconf 85' lang='lat' dir='ltr'><strong>Beumlerus</strong></span> <span class='ocrx_word' id='word_1_151' title='bbox 693 1157 722 1184; x_wconf 91' lang='lat' dir='ltr'><strong>in</strong></span> <span class='ocrx_word' id='word_1_152' title='bbox 737 1166 786 1185; x_wconf 91' lang='lat' dir='ltr'><strong>sua</strong></span> <span class='ocrx_word' id='word_1_153' title='bbox 812 1158 898 1194; x_wconf 79' lang='lat' dir='ltr'><strong>logica</strong></span> 
     </span>
    </p>
   </div>
   <div class='ocr_carea' id='block_1_25' title="bbox 109 1195 899 1238">
    <p class='ocr_par' dir='ltr' id='par_1_25' title="bbox 109 1195 899 1238">
     <span class='ocr_line' id='line_1_25' title="bbox 109 1195 899 1238; baseline 0.016 -18"><span class='ocrx_word' id='word_1_154' title='bbox 109 1195 233 1229; x_wconf 82' lang='lat' dir='ltr'><strong>synopsi,</strong></span> <span class='ocrx_word' id='word_1_155' title='bbox 255 1203 310 1230; x_wconf 86' lang='lat' dir='ltr'><strong>qua</strong></span> <span class='ocrx_word' id='word_1_156' title='bbox 330 1197 452 1233; x_wconf 83' lang='lat' dir='ltr'><strong>singulas</strong></span> <span class='ocrx_word' id='word_1_157' title='bbox 477 1199 560 1227; x_wconf 89' lang='lat' dir='ltr'><strong>trium</strong></span> <span class='ocrx_word' id='word_1_158' title='bbox 581 1201 751 1238; x_wconf 73' lang='lat' dir='ltr'><strong>dialogorum</strong></span> <span class='ocrx_word' id='word_1_159' title='bbox 777 1205 899 1233; x_wconf 84' lang='lat' dir='ltr'><strong>rationes</strong></span> 
     </span>
    </p>
   </div>
   <div class='ocr_carea' id='block_1_26' title="bbox 107 1238 898 1280">
    <p class='ocr_par' dir='ltr' id='par_1_26' title="bbox 107 1238 898 1280">
     <span class='ocr_line' id='line_1_26' title="bbox 107 1238 898 1280; baseline 0.016 -15"><span class='ocrx_word' id='word_1_160' title='bbox 107 1238 143 1266; x_wconf 83' lang='lat' dir='ltr'><strong>ad</strong></span> <span class='ocrx_word' id='word_1_161' title='bbox 158 1239 274 1267; x_wconf 82' lang='lat' dir='ltr'><strong>formam</strong></span> <span class='ocrx_word' id='word_1_162' title='bbox 287 1241 483 1277; x_wconf 81' lang='lat' dir='ltr'><strong>syliogtsticam</strong></span> <span class='ocrx_word' id='word_1_163' title='bbox 496 1245 596 1280; x_wconf 77' lang='lat' dir='ltr'><strong>exegit,</strong></span> <span class='ocrx_word' id='word_1_164' title='bbox 609 1251 639 1274; x_wconf 87' lang='lat' dir='ltr'><strong>ut</strong></span> <span class='ocrx_word' id='word_1_165' title='bbox 652 1255 746 1275; x_wconf 89' lang='lat' dir='ltr'><strong>earum</strong></span> <span class='ocrx_word' id='word_1_166' title='bbox 762 1249 818 1276; x_wconf 87' lang='lat' dir='ltr'><strong>vim</strong></span> <span class='ocrx_word' id='word_1_167' title='bbox 839 1258 898 1277; x_wconf 86' lang='lat' dir='ltr'><strong>ma-</strong></span> 
     </span>
    </p>
   </div>
   <div class='ocr_carea' id='block_1_27' title="bbox 107 1285 898 1330">
    <p class='ocr_par' dir='ltr' id='par_1_27' title="bbox 107 1285 898 1330">
     <span class='ocr_line' id='line_1_27' title="bbox 107 1285 898 1330; baseline 0.014 -18"><span class='ocrx_word' id='word_1_168' title='bbox 107 1285 236 1314; x_wconf 81' lang='lat' dir='ltr'><strong>nifestius</strong></span> <span class='ocrx_word' id='word_1_169' title='bbox 255 1288 264 1297; x_wconf 89' lang='lat'><strong>&#39;</strong></span> <span class='ocrx_word' id='word_1_170' title='bbox 279 1288 448 1317; x_wconf 88' lang='lat' dir='ltr'><strong>ostenderet.</strong></span> <span class='ocrx_word' id='word_1_171' title='bbox 463 1289 541 1318; x_wconf 93' lang='lat' dir='ltr'><strong>Hunc</strong></span> <span class='ocrx_word' id='word_1_172' title='bbox 565 1292 688 1320; x_wconf 86' lang='lat' dir='ltr'><strong>laborem</strong></span> <span class='ocrx_word' id='word_1_173' title='bbox 712 1295 842 1330; x_wconf 89' lang='lat' dir='ltr'><strong>suscepit,</strong></span> <span class='ocrx_word' id='word_1_174' title='bbox 869 1301 898 1323; x_wconf 94' lang='lat' dir='ltr'><strong>ut</strong></span> 
     </span>
    </p>
   </div>
   <div class='ocr_carea' id='block_1_28' title="bbox 107 1330 897 1376">
    <p class='ocr_par' dir='ltr' id='par_1_28' title="bbox 107 1330 897 1376">
     <span class='ocr_line' id='line_1_28' title="bbox 107 1330 897 1376; baseline 0.014 -19"><span class='ocrx_word' id='word_1_175' title='bbox 107 1330 291 1365; x_wconf 87' lang='lat' dir='ltr'><strong>Ubiquitariis</strong></span> <span class='ocrx_word' id='word_1_176' title='bbox 309 1333 425 1368; x_wconf 85' lang='lat' dir='ltr'><strong>aliisque</strong></span> <span class='ocrx_word' id='word_1_177' title='bbox 452 1335 600 1370; x_wconf 68' lang='lat' dir='ltr'><strong>haereticis,</strong></span> <span class='ocrx_word' id='word_1_178' title='bbox 625 1337 804 1374; x_wconf 82' lang='lat' dir='ltr'><strong>Zuinglianus</strong></span> <span class='ocrx_word' id='word_1_179' title='bbox 839 1341 897 1376; x_wconf 86' lang='lat' dir='ltr'><strong>ipse</strong></span> 
     </span>
    </p>
   </div>
   <div class='ocr_carea' id='block_1_29' title="bbox 107 1376 897 1414">
    <p class='ocr_par' dir='ltr' id='par_1_29' title="bbox 107 1376 897 1414">
     <span class='ocr_line' id='line_1_29' title="bbox 107 1376 897 1414; baseline 0.015 -12"><span class='ocrx_word' id='word_1_180' title='bbox 107 1376 150 1403; x_wconf 86' lang='lat' dir='ltr'><strong>vel</strong></span> <span class='ocrx_word' id='word_1_181' title='bbox 162 1376 347 1411; x_wconf 84' lang='lat' dir='ltr'><strong>Lutlteranus,</strong></span> <span class='ocrx_word' id='word_1_182' title='bbox 359 1379 563 1409; x_wconf 88' lang='lat' dir='ltr'><strong>Theodoretum</strong></span> <span class='ocrx_word' id='word_1_183' title='bbox 587 1388 634 1410; x_wconf 86' lang='lat' dir='ltr'><strong>aut</strong></span> <span class='ocrx_word' id='word_1_184' title='bbox 647 1383 674 1410; x_wconf 91' lang='lat' dir='ltr'><strong>in</strong></span> <span class='ocrx_word' id='word_1_185' title='bbox 687 1392 767 1412; x_wconf 88' lang='lat' dir='ltr'><strong>suum</strong></span> <span class='ocrx_word' id='word_1_186' title='bbox 786 1393 897 1414; x_wconf 87' lang='lat' dir='ltr'><strong>sensum</strong></span> 
     </span>
    </p>
   </div>
   <div class='ocr_carea' id='block_1_30' title="bbox 108 1421 772 1458">
    <p class='ocr_par' dir='ltr' id='par_1_30' title="bbox 108 1421 772 1458">
     <span class='ocr_line' id='line_1_30' title="bbox 108 1421 772 1458; baseline 0.015 -10"><span class='ocrx_word' id='word_1_187' title='bbox 108 1421 282 1450; x_wconf 86' lang='lat' dir='ltr'><strong>trahentibus</strong></span> <span class='ocrx_word' id='word_1_188' title='bbox 304 1428 350 1450; x_wconf 89' lang='lat' dir='ltr'><strong>aut</strong></span> <span class='ocrx_word' id='word_1_189' title='bbox 365 1425 599 1455; x_wconf 85' lang='lat' dir='ltr'><strong>calumniantibus</strong></span> <span class='ocrx_word' id='word_1_190' title='bbox 614 1429 772 1458; x_wconf 86' lang='lat' dir='ltr'><strong>obsisteret.</strong></span> 
     </span>
    </p>
   </div>
   <div class='ocr_carea' id='block_1_31' title="bbox 223 1495 776 1531">
    <p class='ocr_par' dir='ltr' id='par_1_31' title="bbox 223 1495 776 1531">
     <span class='ocr_line' id='line_1_31' title="bbox 223 1495 776 1531; baseline 0.014 -9"><span class='ocrx_word' id='word_1_191' title='bbox 223 1495 236 1531; x_wconf 59' lang='grc' dir='ltr'>ᾗ</span> <span class='ocrx_word' id='word_1_192' title='bbox 250 1496 292 1523; x_wconf 89' lang='lat' dir='ltr'><strong>lll.</strong></span> <span class='ocrx_word' id='word_1_193' title='bbox 305 1496 442 1525; x_wconf 78' lang='lat' dir='ltr'><strong>Orationes</strong></span> <span class='ocrx_word' id='word_1_194' title='bbox 457 1499 544 1527; x_wconf 82' lang='lat' dir='ltr'><strong>decem</strong></span> <span class='ocrx_word' id='word_1_195' title='bbox 555 1500 587 1527; x_wconf 84' lang='lat' dir='ltr'><strong>de</strong></span> <span class='ocrx_word' id='word_1_196' title='bbox 599 1501 776 1530; x_wconf 77' lang='lat' dir='ltr'><strong>Providentia.</strong></span> 
     </span>
    </p>
   </div>
   <div class='ocr_carea' id='block_1_32' title="bbox 143 1563 893 1603">
    <p class='ocr_par' dir='ltr' id='par_1_32' title="bbox 143 1563 893 1603">
     <span class='ocr_line' id='line_1_32' title="bbox 143 1563 893 1603; baseline 0.011 -13"><span class='ocrx_word' id='word_1_197' title='bbox 143 1563 164 1591; x_wconf 92' lang='lat' dir='ltr'><strong>l.</strong></span> <span class='ocrx_word' id='word_1_198' title='bbox 183 1564 256 1591; x_wconf 83' lang='lat' dir='ltr'><strong>Nihil</strong></span> <span class='ocrx_word' id='word_1_199' title='bbox 278 1565 330 1593; x_wconf 89' lang='lat' dir='ltr'><strong>hac</strong></span> <span class='ocrx_word' id='word_1_200' title='bbox 351 1567 571 1600; x_wconf 79' lang='lat' dir='ltr'><strong>elucubratione,</strong></span> <span class='ocrx_word' id='word_1_201' title='bbox 589 1577 650 1603; x_wconf 63' lang='lat' dir='ltr'><strong>quae</strong></span> <span class='ocrx_word' id='word_1_202' title='bbox 672 1569 767 1597; x_wconf 82' lang='lat' dir='ltr'><strong>decem</strong></span> <span class='ocrx_word' id='word_1_203' title='bbox 789 1578 893 1598; x_wconf 86' lang='lat' dir='ltr'><strong>sermo—</strong></span> 
     </span>
    </p>
   </div>
   <div class='ocr_carea' id='block_1_33' title="bbox 106 1609 892 1649">
    <p class='ocr_par' dir='ltr' id='par_1_33' title="bbox 106 1609 892 1649">
     <span class='ocr_line' id='line_1_33' title="bbox 106 1609 892 1649; baseline 0.01 -13"><span class='ocrx_word' id='word_1_204' title='bbox 106 1609 190 1637; x_wconf 88' lang='lat' dir='ltr'><strong>nibus</strong></span> <span class='ocrx_word' id='word_1_205' title='bbox 204 1609 368 1645; x_wconf 80' lang='lat' dir='ltr'><strong>absolvitur,</strong></span> <span class='ocrx_word' id='word_1_206' title='bbox 382 1617 430 1639; x_wconf 91' lang='lat' dir='ltr'><strong>aut</strong></span> <span class='ocrx_word' id='word_1_207' title='bbox 443 1613 618 1648; x_wconf 85' lang='lat' dir='ltr'><strong>eloquentius</strong></span> <span class='ocrx_word' id='word_1_208' title='bbox 633 1619 681 1641; x_wconf 91' lang='lat' dir='ltr'><strong>aut</strong></span> <span class='ocrx_word' id='word_1_209' title='bbox 691 1615 892 1649; x_wconf 85' lang='lat' dir='ltr'><strong>admirabilius,</strong></span> 
     </span>
    </p>
   </div>
   <div class='ocr_carea' id='block_1_34' title="bbox 106 1655 894 1694">
    <p class='ocr_par' dir='ltr' id='par_1_34' title="bbox 106 1655 894 1694">
     <span class='ocr_line' id='line_1_34' title="bbox 106 1655 894 1694; baseline 0.009 -12"><span class='ocrx_word' id='word_1_210' title='bbox 106 1663 162 1682; x_wconf 91' lang='lat' dir='ltr'><strong>non</strong></span> <span class='ocrx_word' id='word_1_211' title='bbox 179 1655 268 1684; x_wconf 91' lang='lat' dir='ltr'><strong>dicam</strong></span> <span class='ocrx_word' id='word_1_212' title='bbox 282 1665 298 1684; x_wconf 92' lang='lat' dir='ltr'><strong>a</strong></span> <span class='ocrx_word' id='word_1_213' title='bbox 313 1657 498 1692; x_wconf 85' lang='lat' dir='ltr'><strong>Theodoreto,</strong></span> <span class='ocrx_word' id='word_1_214' title='bbox 511 1660 558 1687; x_wconf 81' lang='lat' dir='ltr'><strong>sed</strong></span> <span class='ocrx_word' id='word_1_215' title='bbox 571 1660 605 1688; x_wconf 85' lang='lat' dir='ltr'><strong>ab</strong></span> <span class='ocrx_word' id='word_1_216' title='bbox 619 1660 674 1688; x_wconf 88' lang='lat' dir='ltr'><strong>alio</strong></span> <span class='ocrx_word' id='word_1_217' title='bbox 684 1661 748 1694; x_wconf 92' lang='lat' dir='ltr'><strong>ullo,</strong></span> <span class='ocrx_word' id='word_1_218' title='bbox 763 1661 894 1690; x_wconf 80' lang='lat' dir='ltr'><strong>felicioris</strong></span> 
     </span>
    </p>
   </div>
   <div class='ocr_carea' id='block_1_35' title="bbox 105 1701 893 1742">
    <p class='ocr_par' dir='ltr' id='par_1_35' title="bbox 105 1701 893 1742">
     <span class='ocr_line' id='line_1_35' title="bbox 105 1701 893 1742; baseline 0.01 -14"><span class='ocrx_word' id='word_1_219' title='bbox 105 1701 189 1728; x_wconf 88' lang='lat' dir='ltr'><strong>etiam</strong></span> <span class='ocrx_word' id='word_1_220' title='bbox 206 1702 317 1731; x_wconf 62' lang='lat' dir='ltr'><strong>Graeciaa</strong></span> <span class='ocrx_word' id='word_1_221' title='bbox 330 1704 476 1739; x_wconf 87' lang='lat' dir='ltr'><strong>scriptore,</strong></span> <span class='ocrx_word' id='word_1_222' title='bbox 487 1705 515 1732; x_wconf 92' lang='lat' dir='ltr'><strong>in</strong></span> <span class='ocrx_word' id='word_1_223' title='bbox 535 1706 606 1734; x_wconf 89' lang='lat' dir='ltr'><strong>hanc</strong></span> <span class='ocrx_word' id='word_1_224' title='bbox 624 1715 681 1734; x_wconf 88' lang='lat' dir='ltr'><strong>rem</strong></span> <span class='ocrx_word' id='word_1_225' title='bbox 706 1708 810 1735; x_wconf 92' lang='lat' dir='ltr'><strong>editum</strong></span> <span class='ocrx_word' id='word_1_226' title='bbox 830 1713 871 1736; x_wconf 86' lang='lat' dir='ltr'><strong>est</strong></span> <span class='ocrx_word' id='word_1_227' title='bbox 886 1717 893 1742; x_wconf 90' lang='lat'><strong>;</strong></span> 
     </span>
    </p>
   </div>
   <div class='ocr_carea' id='block_1_36' title="bbox 107 1747 893 1789">
    <p class='ocr_par' dir='ltr' id='par_1_36' title="bbox 107 1747 893 1789">
     <span class='ocr_line' id='line_1_36' title="bbox 107 1747 893 1789; baseline 0.01 -15"><span class='ocrx_word' id='word_1_228' title='bbox 107 1752 139 1775; x_wconf 89' lang='lat' dir='ltr'><strong>ut</strong></span> <span class='ocrx_word' id='word_1_229' title='bbox 162 1747 190 1775; x_wconf 90' lang='lat' dir='ltr'><strong>in</strong></span> <span class='ocrx_word' id='word_1_230' title='bbox 208 1748 266 1784; x_wconf 84' lang='lat' dir='ltr'><strong>ipsa</strong></span> <span class='ocrx_word' id='word_1_231' title='bbox 290 1750 412 1778; x_wconf 87' lang='lat' dir='ltr'><strong>voluisse</strong></span> <span class='ocrx_word' id='word_1_232' title='bbox 449 1752 576 1780; x_wconf 91' lang='lat' dir='ltr'><strong>videatur</strong></span> <span class='ocrx_word' id='word_1_233' title='bbox 612 1757 709 1781; x_wconf 83' lang='lat' dir='ltr'><strong>auctor</strong></span> <span class='ocrx_word' id='word_1_234' title='bbox 736 1755 893 1789; x_wconf 84' lang='lat' dir='ltr'><strong>ostendere,</strong></span> 
     </span>
    </p>
   </div>
   <div class='ocr_carea' id='block_1_37' title="bbox 105 1795 895 1834">
    <p class='ocr_par' dir='ltr' id='par_1_37' title="bbox 105 1795 895 1834">
     <span class='ocr_line' id='line_1_37' title="bbox 105 1795 895 1834; baseline 0.01 -15"><span class='ocrx_word' id='word_1_235' title='bbox 105 1798 239 1828; x_wconf 89' lang='lat' dir='ltr'><strong>quantum</strong></span> <span class='ocrx_word' id='word_1_236' title='bbox 254 1795 282 1830; x_wconf 84' lang='lat' dir='ltr'><strong>in</strong></span> <span class='ocrx_word' id='word_1_237' title='bbox 302 1799 361 1823; x_wconf 87' lang='lat' dir='ltr'><strong>arte</strong></span> <span class='ocrx_word' id='word_1_238' title='bbox 374 1797 495 1824; x_wconf 84' lang='lat' dir='ltr'><strong>oratoria</strong></span> <span class='ocrx_word' id='word_1_239' title='bbox 509 1798 624 1830; x_wconf 86' lang='lat' dir='ltr'><strong>valeret,</strong></span> <span class='ocrx_word' id='word_1_240' title='bbox 638 1806 774 1834; x_wconf 87' lang='lat' dir='ltr'><strong>quamque</strong></span> <span class='ocrx_word' id='word_1_241' title='bbox 801 1804 895 1834; x_wconf 88' lang='lat' dir='ltr'><strong>posset</strong></span> 
     </span>
    </p>
   </div>
   <div class='ocr_carea' id='block_1_38' title="bbox 106 1839 896 1877">
    <p class='ocr_par' dir='ltr' id='par_1_38' title="bbox 106 1839 896 1877">
     <span class='ocr_line' id='line_1_38' title="bbox 106 1839 896 1877; baseline 0.01 -12"><span class='ocrx_word' id='word_1_242' title='bbox 106 1839 341 1873; x_wconf 86' lang='lat' dir='ltr'><strong>eloquentissimis</strong></span> <span class='ocrx_word' id='word_1_243' title='bbox 351 1841 507 1877; x_wconf 91' lang='lat' dir='ltr'><strong>quibusque</strong></span> <span class='ocrx_word' id='word_1_244' title='bbox 527 1843 659 1870; x_wconf 88' lang='lat' dir='ltr'><strong>invidiam</strong></span> <span class='ocrx_word' id='word_1_245' title='bbox 675 1852 785 1872; x_wconf 85' lang='lat' dir='ltr'><strong>movere</strong></span> <span class='ocrx_word' id='word_1_246' title='bbox 801 1853 808 1871; x_wconf 90' lang='lat'>:</span> <span class='ocrx_word' id='word_1_247' title='bbox 827 1846 896 1873; x_wconf 89' lang='lat' dir='ltr'><strong>scri-</strong></span> 
     </span>
    </p>
   </div>
   <div class='ocr_carea' id='block_1_39' title="bbox 107 1883 728 1921">
    <p class='ocr_par' dir='ltr' id='par_1_39' title="bbox 107 1883 728 1921">
     <span class='ocr_line' id='line_1_39' title="bbox 107 1883 728 1921; baseline 0.01 -11"><span class='ocrx_word' id='word_1_248' title='bbox 107 1883 184 1911; x_wconf 86' lang='lat' dir='ltr'><strong>benti</strong></span> <span class='ocrx_word' id='word_1_249' title='bbox 196 1884 287 1912; x_wconf 80' lang='lat' dir='ltr'><strong>forsan</strong></span> <span class='ocrx_word' id='word_1_250' title='bbox 302 1885 454 1921; x_wconf 77' lang='lat' dir='ltr'><strong>indignatio</strong></span> <span class='ocrx_word' id='word_1_251' title='bbox 472 1894 520 1914; x_wconf 88' lang='lat' dir='ltr'><strong>sua</strong></span> <span class='ocrx_word' id='word_1_252' title='bbox 532 1888 660 1915; x_wconf 78' lang='lat' dir='ltr'><strong>auxiliata</strong></span> <span class='ocrx_word' id='word_1_253' title='bbox 677 1894 728 1916; x_wconf 88' lang='lat' dir='ltr'><strong>est.</strong></span> 
     </span>
    </p>
   </div>
   <div class='ocr_carea' id='block_1_40' title="bbox 142 1930 891 1970">
    <p class='ocr_par' dir='ltr' id='par_1_40' title="bbox 142 1930 891 1970">
     <span class='ocr_line' id='line_1_40' title="bbox 142 1930 891 1970; baseline 0.008 -13"><span class='ocrx_word' id='word_1_254' title='bbox 142 1930 176 1957; x_wconf 89' lang='lat' dir='ltr'><strong>ll.</strong></span> <span class='ocrx_word' id='word_1_255' title='bbox 191 1930 266 1958; x_wconf 89' lang='lat' dir='ltr'><strong>Hauc</strong></span> <span class='ocrx_word' id='word_1_256' title='bbox 279 1931 331 1958; x_wconf 92' lang='lat' dir='ltr'><strong>sibi</strong></span> <span class='ocrx_word' id='word_1_257' title='bbox 351 1932 476 1960; x_wconf 88' lang='lat' dir='ltr'><strong>vindicat</strong></span> <span class='ocrx_word' id='word_1_258' title='bbox 488 1933 679 1961; x_wconf 86' lang='lat' dir='ltr'><strong>Theodoretus</strong></span> <span class='ocrx_word' id='word_1_259' title='bbox 691 1935 807 1970; x_wconf 90' lang='lat' dir='ltr'><strong>cpistola</strong></span> <span class='ocrx_word' id='word_1_260' title='bbox 831 1936 891 1963; x_wconf 79' lang='lat' dir='ltr'><strong>U5.</strong></span> 
     </span>
    </p>
   </div>
   <div class='ocr_carea' id='block_1_41' title="bbox 110 1975 894 2015">
    <p class='ocr_par' dir='ltr' id='par_1_41' title="bbox 110 1975 894 2015">
     <span class='ocr_line' id='line_1_41' title="bbox 110 1975 894 2015; baseline 0.008 -13"><span class='ocrx_word' id='word_1_261' title='bbox 110 1985 119 2000; x_wconf 77' lang='grc' dir='ltr'><strong>ε</strong></span> <span class='ocrx_word' id='word_1_262' title='bbox 135 1975 237 2010; x_wconf 85' lang='lat' dir='ltr'><strong>Scripsi</strong></span> <span class='ocrx_word' id='word_1_263' title='bbox 251 1977 375 2011; x_wconf 59' lang='lat' dir='ltr'><strong>quaedam</strong></span> <span class='ocrx_word' id='word_1_264' title='bbox 387 1978 520 2006; x_wconf 80' lang='lat' dir='ltr'><strong>adversus</strong></span> <span class='ocrx_word' id='word_1_265' title='bbox 531 1979 630 2015; x_wconf 82' lang='lat' dir='ltr'><strong>Magos,</strong></span> <span class='ocrx_word' id='word_1_266' title='bbox 649 1981 695 2015; x_wconf 90' lang='lat' dir='ltr'><strong>qui</strong></span> <span class='ocrx_word' id='word_1_267' title='bbox 710 1986 775 2008; x_wconf 89' lang='lat' dir='ltr'><strong>sunt</strong></span> <span class='ocrx_word' id='word_1_268' title='bbox 787 1981 814 2008; x_wconf 83' lang='lat' dir='ltr'><strong>ir.</strong></span> <span class='ocrx_word' id='word_1_269' title='bbox 830 1982 894 2009; x_wconf 82' lang='lat' dir='ltr'><strong>Pe:-</strong></span> 
     </span>
    </p>
   </div>
   <div class='ocr_carea' id='block_1_42' title="bbox 107 2023 894 2059">
    <p class='ocr_par' dir='ltr' id='par_1_42' title="bbox 107 2023 894 2059">
     <span class='ocr_line' id='line_1_42' title="bbox 107 2023 894 2059; baseline 0.006 -9"><span class='ocrx_word' id='word_1_270' title='bbox 107 2023 179 2055; x_wconf 90' lang='lat' dir='ltr'><strong>side,</strong></span> <span class='ocrx_word' id='word_1_271' title='bbox 197 2024 251 2051; x_wconf 89' lang='lat' dir='ltr'><strong>alia</strong></span> <span class='ocrx_word' id='word_1_272' title='bbox 262 2024 296 2051; x_wconf 91' lang='lat' dir='ltr'><strong>de</strong></span> <span class='ocrx_word' id='word_1_273' title='bbox 309 2025 438 2053; x_wconf 84' lang='lat' dir='ltr'><strong>universa</strong></span> <span class='ocrx_word' id='word_1_274' title='bbox 456 2026 640 2059; x_wconf 83' lang='lat' dir='ltr'><strong>Providentia,</strong></span> <span class='ocrx_word' id='word_1_275' title='bbox 659 2037 668 2053; x_wconf 73' lang='grc' dir='ltr'><strong><em>ι</em></strong></span> <span class='ocrx_word' id='word_1_276' title='bbox 695 2032 748 2055; x_wconf 87' lang='lat' dir='ltr'><strong>etc.</strong></span> <span class='ocrx_word' id='word_1_277' title='bbox 766 2029 894 2056; x_wconf 82' lang='lat' dir='ltr'><strong>Vindicat</strong></span> 
     </span>
    </p>
   </div>
   <div class='ocr_carea' id='block_1_43' title="bbox 105 2069 892 2106">
    <p class='ocr_par' dir='ltr' id='par_1_43' title="bbox 105 2069 892 2106">
     <span class='ocr_line' id='line_1_43' title="bbox 105 2069 892 2106; baseline 0.01 -11"><span class='ocrx_word' id='word_1_278' title='bbox 105 2069 188 2096; x_wconf 86' lang='lat' dir='ltr'><strong>etiam</strong></span> <span class='ocrx_word' id='word_1_279' title='bbox 205 2069 232 2096; x_wconf 94' lang='lat' dir='ltr'><strong>in</strong></span> <span class='ocrx_word' id='word_1_280' title='bbox 248 2071 446 2098; x_wconf 85' lang='lat' dir='ltr'><strong>commentario</strong></span> <span class='ocrx_word' id='word_1_281' title='bbox 468 2072 567 2099; x_wconf 89' lang='lat' dir='ltr'><strong>Psalmi</strong></span> <span class='ocrx_word' id='word_1_282' title='bbox 588 2081 668 2105; x_wconf 78' lang='lat' dir='ltr'><strong>vau,</strong></span> <span class='ocrx_word' id='word_1_283' title='bbox 694 2074 751 2106; x_wconf 88' lang='lat' dir='ltr'><strong>ubi,</strong></span> <span class='ocrx_word' id='word_1_284' title='bbox 773 2083 835 2102; x_wconf 90' lang='lat' dir='ltr'><strong>cum</strong></span> <span class='ocrx_word' id='word_1_285' title='bbox 858 2076 892 2103; x_wconf 88' lang='lat' dir='ltr'><strong>dc</strong></span> 
     </span>
    </p>
   </div>
   <div class='ocr_carea' id='block_1_44' title="bbox 105 2115 890 2156">
    <p class='ocr_par' dir='ltr' id='par_1_44' title="bbox 105 2115 890 2156">
     <span class='ocr_line' id='line_1_44' title="bbox 105 2115 890 2156; baseline 0.009 -15"><span class='ocrx_word' id='word_1_286' title='bbox 105 2115 206 2149; x_wconf 85' lang='lat' dir='ltr'><strong>injusta</strong></span> <span class='ocrx_word' id='word_1_287' title='bbox 222 2120 309 2144; x_wconf 89' lang='lat' dir='ltr'><strong>morte</strong></span> <span class='ocrx_word' id='word_1_288' title='bbox 335 2116 446 2144; x_wconf 87' lang='lat' dir='ltr'><strong>Christo</strong></span> <span class='ocrx_word' id='word_1_289' title='bbox 457 2117 531 2145; x_wconf 89' lang='lat' dir='ltr'><strong>illata</strong></span> <span class='ocrx_word' id='word_1_290' title='bbox 552 2127 602 2154; x_wconf 87' lang='lat' dir='ltr'><strong>per</strong></span> <span class='ocrx_word' id='word_1_291' title='bbox 621 2119 760 2147; x_wconf 90' lang='lat' dir='ltr'><strong>diabolum</strong></span> <span class='ocrx_word' id='word_1_292' title='bbox 778 2126 890 2156; x_wconf 82' lang='lat' dir='ltr'><strong>ageret:</strong></span> 
     </span>
    </p>
   </div>
   <div class='ocr_carea' id='block_1_45' title="bbox 109 2159 891 2200">
    <p class='ocr_par' dir='ltr' id='par_1_45' title="bbox 109 2159 891 2200">
     <span class='ocr_line' id='line_1_45' title="bbox 109 2159 891 2200; baseline 0.008 -14"><span class='ocrx_word' id='word_1_293' title='bbox 109 2168 119 2184; x_wconf 86' lang='grc'><em>‹</em></span> <span class='ocrx_word' id='word_1_294' title='bbox 137 2159 208 2192; x_wconf 70' lang='lat' dir='ltr'><strong>Haec,</strong></span> <span class='ocrx_word' id='word_1_295' title='bbox 235 2160 334 2195; x_wconf 83' lang='lat' dir='ltr'><strong>inquit,</strong></span> <span class='ocrx_word' id='word_1_296' title='bbox 359 2161 494 2196; x_wconf 71' lang='lat' dir='ltr'><strong>iniustitia</strong></span> <span class='ocrx_word' id='word_1_297' title='bbox 518 2162 592 2190; x_wconf 88' lang='lat' dir='ltr'><strong>illius</strong></span> <span class='ocrx_word' id='word_1_298' title='bbox 608 2163 719 2198; x_wconf 88' lang='lat' dir='ltr'><strong>quidem</strong></span> <span class='ocrx_word' id='word_1_299' title='bbox 744 2165 891 2200; x_wconf 89' lang='lat' dir='ltr'><strong>imperium</strong></span> 
     </span>
    </p>
   </div>
   <div class='ocr_carea' id='block_1_46' title="bbox 104 2206 892 2245">
    <p class='ocr_par' dir='ltr' id='par_1_46' title="bbox 104 2206 892 2245">
     <span class='ocr_line' id='line_1_46' title="bbox 104 2206 892 2245; baseline 0.01 -15"><span class='ocrx_word' id='word_1_300' title='bbox 104 2206 214 2237; x_wconf 88' lang='lat' dir='ltr'><strong>evertit,</strong></span> <span class='ocrx_word' id='word_1_301' title='bbox 232 2206 390 2234; x_wconf 87' lang='lat' dir='ltr'><strong>hominibus</strong></span> <span class='ocrx_word' id='word_1_302' title='bbox 404 2211 495 2234; x_wconf 88' lang='lat' dir='ltr'><strong>autem</strong></span> <span class='ocrx_word' id='word_1_303' title='bbox 514 2207 618 2236; x_wconf 88' lang='lat' dir='ltr'><strong>inferos</strong></span> <span class='ocrx_word' id='word_1_304' title='bbox 634 2211 777 2242; x_wconf 86' lang='lat' dir='ltr'><strong>reseravit,</strong></span> <span class='ocrx_word' id='word_1_305' title='bbox 789 2219 892 2245; x_wconf 78' lang='lat' dir='ltr'><strong>quem-</strong></span> 
     </span>
    </p>
   </div>
   <div class='ocr_carea' id='block_1_47' title="bbox 955 299 1744 340">
    <p class='ocr_par' dir='ltr' id='par_1_47' title="bbox 955 299 1744 340">
     <span class='ocr_line' id='line_1_47' title="bbox 955 299 1744 340; baseline 0.011 -16"><span class='ocrx_word' id='word_1_306' title='bbox 955 299 1018 330; x_wconf 75' lang='grc'><strong>455,</strong></span> <span class='ocrx_word' id='word_1_307' title='bbox 1031 307 1086 334; x_wconf 90' lang='lat' dir='ltr'><strong>quo</strong></span> <span class='ocrx_word' id='word_1_308' title='bbox 1099 307 1171 326; x_wconf 88' lang='lat' dir='ltr'><strong>anno</strong></span> <span class='ocrx_word' id='word_1_309' title='bbox 1183 299 1374 335; x_wconf 85' lang='lat' dir='ltr'><strong>interpretatio</strong></span> <span class='ocrx_word' id='word_1_310' title='bbox 1388 302 1514 331; x_wconf 86' lang='lat' dir='ltr'><strong>Psalterii</strong></span> <span class='ocrx_word' id='word_1_311' title='bbox 1525 305 1676 340; x_wconf 85' lang='lat' dir='ltr'><strong>composita</strong></span> <span class='ocrx_word' id='word_1_312' title='bbox 1691 312 1744 334; x_wconf 88' lang='lat' dir='ltr'><strong>est.</strong></span> 
     </span>
    </p>
   </div>
   <div class='ocr_carea' id='block_1_48' title="bbox 956 343 1744 386">
    <p class='ocr_par' dir='ltr' id='par_1_48' title="bbox 956 343 1744 386">
     <span class='ocr_line' id='line_1_48' title="bbox 956 343 1744 386; baseline 0.013 -17"><span class='ocrx_word' id='word_1_313' title='bbox 956 343 1078 371; x_wconf 85' lang='lat' dir='ltr'><strong>Pertinet</strong></span> <span class='ocrx_word' id='word_1_314' title='bbox 1090 345 1174 379; x_wconf 77' lang='lat' dir='ltr'><strong>igitur</strong></span> <span class='ocrx_word' id='word_1_315' title='bbox 1190 346 1225 373; x_wconf 88' lang='lat' dir='ltr'><strong>ad</strong></span> <span class='ocrx_word' id='word_1_316' title='bbox 1237 354 1298 373; x_wconf 91' lang='lat' dir='ltr'><strong>eam</strong></span> <span class='ocrx_word' id='word_1_317' title='bbox 1320 347 1434 375; x_wconf 87' lang='lat' dir='ltr'><strong>classem</strong></span> <span class='ocrx_word' id='word_1_318' title='bbox 1456 349 1601 382; x_wconf 90' lang='lat' dir='ltr'><strong>librorum,</strong></span> <span class='ocrx_word' id='word_1_319' title='bbox 1624 359 1694 386; x_wconf 83' lang='lat' dir='ltr'><strong>quos</strong></span> <span class='ocrx_word' id='word_1_320' title='bbox 1716 352 1744 380; x_wconf 92' lang='lat' dir='ltr'><strong>in</strong></span> 
     </span>
    </p>
   </div>
   <div class='ocr_carea' id='block_1_49' title="bbox 955 389 1744 425">
    <p class='ocr_par' dir='ltr' id='par_1_49' title="bbox 955 389 1744 425">
     <span class='ocr_line' id='line_1_49' title="bbox 955 389 1744 425; baseline 0.013 -10"><span class='ocrx_word' id='word_1_321' title='bbox 955 389 1071 424; x_wconf 86' lang='lat' dir='ltr'><strong>epistola</strong></span> <span class='ocrx_word' id='word_1_322' title='bbox 1109 391 1143 418; x_wconf 89' lang='lat' dir='ltr'><strong>ad</strong></span> <span class='ocrx_word' id='word_1_323' title='bbox 1180 396 1305 419; x_wconf 90' lang='lat' dir='ltr'><strong>sanctum</strong></span> <span class='ocrx_word' id='word_1_324' title='bbox 1332 392 1453 421; x_wconf 88' lang='lat' dir='ltr'><strong>Leonem</strong></span> <span class='ocrx_word' id='word_1_325' title='bbox 1483 394 1674 424; x_wconf 86' lang='lat' dir='ltr'><strong>Theodoretus</strong></span> <span class='ocrx_word' id='word_1_326' title='bbox 1705 398 1744 425; x_wconf 86' lang='lat' dir='ltr'><strong>ait</strong></span> 
     </span>
    </p>
   </div>
   <div class='ocr_carea' id='block_1_50' title="bbox 954 437 1743 472">
    <p class='ocr_par' dir='ltr' id='par_1_50' title="bbox 954 437 1743 472">
     <span class='ocr_line' id='line_1_50' title="bbox 954 437 1743 472; baseline 0.013 -11"><span class='ocrx_word' id='word_1_327' title='bbox 954 441 983 461; x_wconf 86' lang='lat' dir='ltr'><strong>se</strong></span> <span class='ocrx_word' id='word_1_328' title='bbox 995 439 1058 463; x_wconf 89' lang='lat' dir='ltr'><strong>ante</strong></span> <span class='ocrx_word' id='word_1_329' title='bbox 1071 443 1158 464; x_wconf 85' lang='lat' dir='ltr'><strong>annos</strong></span> <span class='ocrx_word' id='word_1_330' title='bbox 1177 437 1335 472; x_wconf 84' lang='lat' dir='ltr'><strong>quindecim</strong></span> <span class='ocrx_word' id='word_1_331' title='bbox 1360 439 1403 466; x_wconf 86' lang='lat' dir='ltr'><strong>vel</strong></span> <span class='ocrx_word' id='word_1_332' title='bbox 1425 441 1507 468; x_wconf 88' lang='lat' dir='ltr'><strong>etiam</strong></span> <span class='ocrx_word' id='word_1_333' title='bbox 1527 441 1680 470; x_wconf 89' lang='lat' dir='ltr'><strong>octodecim</strong></span> <span class='ocrx_word' id='word_1_334' title='bbox 1703 443 1743 471; x_wconf 82' lang='lat' dir='ltr'><strong>fe-</strong></span> 
     </span>
    </p>
   </div>
   <div class='ocr_carea' id='block_1_51' title="bbox 954 479 1035 507">
    <p class='ocr_par' dir='ltr' id='par_1_51' title="bbox 954 479 1035 507">
     <span class='ocr_line' id='line_1_51' title="bbox 954 479 1035 507; baseline 0.012 -1"><span class='ocrx_word' id='word_1_335' title='bbox 954 479 1035 507; x_wconf 80' lang='lat' dir='ltr'><strong>cisse.</strong></span> 
     </span>
    </p>
   </div>
   <div class='ocr_carea' id='block_1_52' title="bbox 990 524 1742 566">
    <p class='ocr_par' dir='ltr' id='par_1_52' title="bbox 990 524 1742 566">
     <span class='ocr_line' id='line_1_52' title="bbox 990 524 1742 566; baseline 0.015 -15"><span class='ocrx_word' id='word_1_336' title='bbox 990 525 1021 551; x_wconf 89' lang='lat' dir='ltr'><strong>V.</strong></span> <span class='ocrx_word' id='word_1_337' title='bbox 1043 524 1133 558; x_wconf 85' lang='lat' dir='ltr'><strong>Quare</strong></span> <span class='ocrx_word' id='word_1_338' title='bbox 1145 527 1221 554; x_wconf 90' lang='lat' dir='ltr'><strong>credi</strong></span> <span class='ocrx_word' id='word_1_339' title='bbox 1235 528 1334 555; x_wconf 88' lang='lat' dir='ltr'><strong>merito</strong></span> <span class='ocrx_word' id='word_1_340' title='bbox 1349 533 1438 564; x_wconf 87' lang='lat' dir='ltr'><strong>potest</strong></span> <span class='ocrx_word' id='word_1_341' title='bbox 1447 531 1578 566; x_wconf 87' lang='lat' dir='ltr'><strong>scriptus,</strong></span> <span class='ocrx_word' id='word_1_342' title='bbox 1601 534 1696 561; x_wconf 85' lang='lat' dir='ltr'><strong>saltem</strong></span> <span class='ocrx_word' id='word_1_343' title='bbox 1708 542 1742 562; x_wconf 83' lang='lat' dir='ltr'><strong>ex</strong></span> 
     </span>
    </p>
   </div>
   <div class='ocr_carea' id='block_1_53' title="bbox 953 571 1740 613">
    <p class='ocr_par' dir='ltr' id='par_1_53' title="bbox 953 571 1740 613">
     <span class='ocr_line' id='line_1_53' title="bbox 953 571 1740 613; baseline 0.014 -18"><span class='ocrx_word' id='word_1_344' title='bbox 953 573 1041 604; x_wconf 86' lang='lat' dir='ltr'><strong>parte,</strong></span> <span class='ocrx_word' id='word_1_345' title='bbox 1054 571 1146 597; x_wconf 86' lang='lat' dir='ltr'><strong>statim</strong></span> <span class='ocrx_word' id='word_1_346' title='bbox 1163 577 1225 606; x_wconf 87' lang='lat' dir='ltr'><strong>post</strong></span> <span class='ocrx_word' id='word_1_347' title='bbox 1249 573 1383 608; x_wconf 85' lang='lat' dir='ltr'><strong>synodum</strong></span> <span class='ocrx_word' id='word_1_348' title='bbox 1403 574 1580 609; x_wconf 88' lang='lat' dir='ltr'><strong>Ephesinam,</strong></span> <span class='ocrx_word' id='word_1_349' title='bbox 1597 584 1740 613; x_wconf 85' lang='lat' dir='ltr'><strong>postquam</strong></span> 
     </span>
    </p>
   </div>
   <div class='ocr_carea' id='block_1_54' title="bbox 953 615 1741 657">
    <p class='ocr_par' dir='ltr' id='par_1_54' title="bbox 953 615 1741 657">
     <span class='ocr_line' id='line_1_54' title="bbox 953 615 1741 657; baseline 0.011 -15"><span class='ocrx_word' id='word_1_350' title='bbox 953 615 1127 650; x_wconf 87' lang='lat' dir='ltr'><strong>imperatoris</strong></span> <span class='ocrx_word' id='word_1_351' title='bbox 1144 618 1271 645; x_wconf 85' lang='lat' dir='ltr'><strong>mandato</strong></span> <span class='ocrx_word' id='word_1_352' title='bbox 1296 618 1450 648; x_wconf 87' lang='lat' dir='ltr'><strong>Orientales</strong></span> <span class='ocrx_word' id='word_1_353' title='bbox 1474 621 1596 657; x_wconf 89' lang='lat' dir='ltr'><strong>episcopi</strong></span> <span class='ocrx_word' id='word_1_354' title='bbox 1622 624 1655 650; x_wconf 85' lang='lat' dir='ltr'><strong>ad</strong></span> <span class='ocrx_word' id='word_1_355' title='bbox 1678 632 1741 652; x_wconf 89' lang='lat' dir='ltr'><strong>suas</strong></span> 
     </span>
    </p>
   </div>
   <div class='ocr_carea' id='block_1_55' title="bbox 952 661 1741 697">
    <p class='ocr_par' dir='ltr' id='par_1_55' title="bbox 952 661 1741 697">
     <span class='ocr_line' id='line_1_55' title="bbox 952 661 1741 697; baseline 0.011 -9"><span class='ocrx_word' id='word_1_356' title='bbox 952 661 1053 697; x_wconf 77' lang='lat' dir='ltr'><strong>singuli</strong></span> <span class='ocrx_word' id='word_1_357' title='bbox 1077 669 1250 691; x_wconf 85' lang='lat' dir='ltr'><strong>recesserunt</strong></span> <span class='ocrx_word' id='word_1_358' title='bbox 1266 665 1422 693; x_wconf 88' lang='lat' dir='ltr'><strong>Ecclesias:</strong></span> <span class='ocrx_word' id='word_1_359' title='bbox 1448 671 1514 695; x_wconf 90' lang='lat' dir='ltr'><strong>tunc</strong></span> <span class='ocrx_word' id='word_1_360' title='bbox 1537 669 1610 696; x_wconf 91' lang='lat' dir='ltr'><strong>enim</strong></span> <span class='ocrx_word' id='word_1_361' title='bbox 1631 670 1741 697; x_wconf 92' lang='lat' dir='ltr'><strong>videtur</strong></span> 
     </span>
    </p>
   </div>
   <div class='ocr_carea' id='block_1_56' title="bbox 953 707 1738 750">
    <p class='ocr_par' dir='ltr' id='par_1_56' title="bbox 953 707 1738 750">
     <span class='ocr_line' id='line_1_56' title="bbox 953 707 1738 750; baseline 0.01 -16"><span class='ocrx_word' id='word_1_362' title='bbox 953 707 1145 736; x_wconf 85' lang='lat' dir='ltr'><strong>Thcodoretus</strong></span> <span class='ocrx_word' id='word_1_363' title='bbox 1169 717 1257 742; x_wconf 87' lang='lat' dir='ltr'><strong>suam,</strong></span> <span class='ocrx_word' id='word_1_364' title='bbox 1287 710 1322 738; x_wconf 90' lang='lat' dir='ltr'><strong>ob</strong></span> <span class='ocrx_word' id='word_1_365' title='bbox 1348 719 1392 739; x_wconf 91' lang='lat' dir='ltr'><strong>res</strong></span> <span class='ocrx_word' id='word_1_366' title='bbox 1408 717 1503 740; x_wconf 90' lang='lat' dir='ltr'><strong>contra</strong></span> <span class='ocrx_word' id='word_1_367' title='bbox 1522 718 1616 741; x_wconf 89' lang='lat' dir='ltr'><strong>votum</strong></span> <span class='ocrx_word' id='word_1_368' title='bbox 1639 720 1738 750; x_wconf 73' lang='lat' dir='ltr'><strong>gestas,</strong></span> 
     </span>
    </p>
   </div>
   <div class='ocr_carea' id='block_1_57' title="bbox 952 752 1740 793">
    <p class='ocr_par' dir='ltr' id='par_1_57' title="bbox 952 752 1740 793">
     <span class='ocr_line' id='line_1_57' title="bbox 952 752 1740 793; baseline 0.013 -14"><span class='ocrx_word' id='word_1_369' title='bbox 952 752 1039 780; x_wconf 88' lang='lat' dir='ltr'><strong>animi</strong></span> <span class='ocrx_word' id='word_1_370' title='bbox 1063 754 1255 789; x_wconf 74' lang='lat' dir='ltr'><strong>aegritudinem</strong></span> <span class='ocrx_word' id='word_1_371' title='bbox 1282 756 1377 784; x_wconf 86' lang='lat' dir='ltr'><strong>verbis</strong></span> <span class='ocrx_word' id='word_1_372' title='bbox 1403 757 1538 793; x_wconf 83' lang='lat' dir='ltr'><strong>factisque</strong></span> <span class='ocrx_word' id='word_1_373' title='bbox 1567 760 1651 787; x_wconf 87' lang='lat' dir='ltr'><strong>solari</strong></span> <span class='ocrx_word' id='word_1_374' title='bbox 1691 769 1740 789; x_wconf 92' lang='lat' dir='ltr'><strong>co-</strong></span> 
     </span>
    </p>
   </div>
   <div class='ocr_carea' id='block_1_58' title="bbox 951 803 1043 827">
    <p class='ocr_par' dir='ltr' id='par_1_58' title="bbox 951 803 1043 827">
     <span class='ocr_line' id='line_1_58' title="bbox 951 803 1043 827; baseline 0 -1"><span class='ocrx_word' id='word_1_375' title='bbox 951 803 1043 827; x_wconf 84' lang='lat' dir='ltr'><strong>natus.</strong></span> 
     </span>
    </p>
   </div>
   <div class='ocr_carea' id='block_1_59' title="bbox 986 845 1740 886">
    <p class='ocr_par' dir='ltr' id='par_1_59' title="bbox 986 845 1740 886">
     <span class='ocr_line' id='line_1_59' title="bbox 986 845 1740 886; baseline 0.009 -14"><span class='ocrx_word' id='word_1_376' title='bbox 986 845 1030 872; x_wconf 90' lang='lat' dir='ltr'><strong>Vl.</strong></span> <span class='ocrx_word' id='word_1_377' title='bbox 1044 846 1113 878; x_wconf 79' lang='lat' dir='ltr'><strong>Dixi,</strong></span> <span class='ocrx_word' id='word_1_378' title='bbox 1132 846 1227 874; x_wconf 88' lang='lat' dir='ltr'><strong>saltem</strong></span> <span class='ocrx_word' id='word_1_379' title='bbox 1240 855 1273 874; x_wconf 76' lang='lat' dir='ltr'><strong>ex</strong></span> <span class='ocrx_word' id='word_1_380' title='bbox 1285 851 1372 882; x_wconf 86' lang='lat' dir='ltr'><strong>parte,</strong></span> <span class='ocrx_word' id='word_1_381' title='bbox 1391 848 1500 876; x_wconf 87' lang='lat' dir='ltr'><strong>duobus</strong></span> <span class='ocrx_word' id='word_1_382' title='bbox 1511 857 1609 885; x_wconf 85' lang='lat' dir='ltr'><strong>nempe</strong></span> <span class='ocrx_word' id='word_1_383' title='bbox 1632 856 1740 886; x_wconf 81' lang='lat' dir='ltr'><strong>postre-</strong></span> 
     </span>
    </p>
   </div>
   <div class='ocr_carea' id='block_1_60' title="bbox 952 891 1738 929">
    <p class='ocr_par' dir='ltr' id='par_1_60' title="bbox 952 891 1738 929">
     <span class='ocr_line' id='line_1_60' title="bbox 952 891 1738 929; baseline 0.009 -11"><span class='ocrx_word' id='word_1_384' title='bbox 952 891 1004 918; x_wconf 91' lang='lat' dir='ltr'><strong>mis</strong></span> <span class='ocrx_word' id='word_1_385' title='bbox 1015 892 1190 920; x_wconf 89' lang='lat' dir='ltr'><strong>sermonibus</strong></span> <span class='ocrx_word' id='word_1_386' title='bbox 1203 902 1209 919; x_wconf 92' lang='lat'><strong>:</strong></span> <span class='ocrx_word' id='word_1_387' title='bbox 1224 893 1306 928; x_wconf 76' lang='lat'><strong>398</strong></span> <span class='ocrx_word' id='word_1_388' title='bbox 1322 893 1430 929; x_wconf 89' lang='lat' dir='ltr'><strong>priores</strong></span> <span class='ocrx_word' id='word_1_389' title='bbox 1444 895 1517 922; x_wconf 91' lang='lat' dir='ltr'><strong>enim</strong></span> <span class='ocrx_word' id='word_1_390' title='bbox 1533 900 1596 924; x_wconf 84' lang='lat' dir='ltr'><strong>octo</strong></span> <span class='ocrx_word' id='word_1_391' title='bbox 1617 905 1671 924; x_wconf 94' lang='lat' dir='ltr'><strong>non</strong></span> <span class='ocrx_word' id='word_1_392' title='bbox 1685 897 1738 924; x_wconf 92' lang='lat' dir='ltr'><strong>im-</strong></span> 
     </span>
    </p>
   </div>
   <div class='ocr_carea' id='block_1_61' title="bbox 951 937 1736 976">
    <p class='ocr_par' dir='ltr' id='par_1_61' title="bbox 951 937 1736 976">
     <span class='ocr_line' id='line_1_61' title="bbox 951 937 1736 976; baseline 0.008 -13"><span class='ocrx_word' id='word_1_393' title='bbox 951 937 1132 971; x_wconf 89' lang='lat' dir='ltr'><strong>probabiliter</strong></span> <span class='ocrx_word' id='word_1_394' title='bbox 1154 939 1261 966; x_wconf 88' lang='lat' dir='ltr'><strong>censeri</strong></span> <span class='ocrx_word' id='word_1_395' title='bbox 1275 944 1390 974; x_wconf 89' lang='lat' dir='ltr'><strong>possunt</strong></span> <span class='ocrx_word' id='word_1_396' title='bbox 1413 945 1476 968; x_wconf 83' lang='lat' dir='ltr'><strong>ante</strong></span> <span class='ocrx_word' id='word_1_397' title='bbox 1505 941 1639 976; x_wconf 76' lang='lat' dir='ltr'><strong>synodum</strong></span> <span class='ocrx_word' id='word_1_398' title='bbox 1656 942 1736 975; x_wconf 84' lang='lat' dir='ltr'><strong>facti;</strong></span> 
     </span>
    </p>
   </div>
   <div class='ocr_carea' id='block_1_62' title="bbox 949 983 1739 1018">
    <p class='ocr_par' dir='ltr' id='par_1_62' title="bbox 949 983 1739 1018">
     <span class='ocr_line' id='line_1_62' title="bbox 949 983 1739 1018; baseline 0.006 -9"><span class='ocrx_word' id='word_1_399' title='bbox 949 990 1036 1018; x_wconf 86' lang='lat' dir='ltr'><strong>eaque</strong></span> <span class='ocrx_word' id='word_1_400' title='bbox 1052 983 1144 1011; x_wconf 82' lang='lat' dir='ltr'><strong>forsan</strong></span> <span class='ocrx_word' id='word_1_401' title='bbox 1156 991 1238 1012; x_wconf 87' lang='lat' dir='ltr'><strong>causa</strong></span> <span class='ocrx_word' id='word_1_402' title='bbox 1249 989 1301 1017; x_wconf 89' lang='lat' dir='ltr'><strong>est,</strong></span> <span class='ocrx_word' id='word_1_403' title='bbox 1327 993 1377 1013; x_wconf 87' lang='lat' dir='ltr'><strong>cur</strong></span> <span class='ocrx_word' id='word_1_404' title='bbox 1389 986 1416 1012; x_wconf 90' lang='lat' dir='ltr'><strong>in</strong></span> <span class='ocrx_word' id='word_1_405' title='bbox 1431 986 1545 1013; x_wconf 82' lang='lat' dir='ltr'><strong>exordio</strong></span> <span class='ocrx_word' id='word_1_406' title='bbox 1562 987 1626 1014; x_wconf 91' lang='lat' dir='ltr'><strong>noni</strong></span> <span class='ocrx_word' id='word_1_407' title='bbox 1649 987 1739 1014; x_wconf 77' lang='lat' dir='ltr'><strong>Theo—</strong></span> 
     </span>
    </p>
   </div>
   <div class='ocr_carea' id='block_1_63' title="bbox 949 1028 1738 1065">
    <p class='ocr_par' dir='ltr' id='par_1_63' title="bbox 949 1028 1738 1065">
     <span class='ocr_line' id='line_1_63' title="bbox 949 1028 1738 1065; baseline 0.006 -10"><span class='ocrx_word' id='word_1_408' title='bbox 949 1028 1063 1056; x_wconf 78' lang='lat' dir='ltr'><strong>doretus</strong></span> <span class='ocrx_word' id='word_1_409' title='bbox 1092 1034 1203 1057; x_wconf 83' lang='lat' dir='ltr'><strong>revocet</strong></span> <span class='ocrx_word' id='word_1_410' title='bbox 1228 1030 1403 1058; x_wconf 87' lang='lat' dir='ltr'><strong>auditoribus</strong></span> <span class='ocrx_word' id='word_1_411' title='bbox 1439 1031 1466 1058; x_wconf 94' lang='lat' dir='ltr'><strong>in</strong></span> <span class='ocrx_word' id='word_1_412' title='bbox 1490 1032 1651 1059; x_wconf 88' lang='lat' dir='ltr'><strong>memoriam</strong></span> <span class='ocrx_word' id='word_1_413' title='bbox 1671 1052 1678 1065; x_wconf 92' lang='lat'><strong>,</strong></span> <span class='ocrx_word' id='word_1_414' title='bbox 1702 1040 1738 1060; x_wconf 88' lang='lat' dir='ltr'><strong>ne</strong></span> 
     </span>
    </p>
   </div>
   <div class='ocr_carea' id='block_1_64' title="bbox 950 1074 1737 1111">
    <p class='ocr_par' dir='ltr' id='par_1_64' title="bbox 950 1074 1737 1111">
     <span class='ocr_line' id='line_1_64' title="bbox 950 1074 1737 1111; baseline 0.004 -10"><span class='ocrx_word' id='word_1_415' title='bbox 950 1078 1058 1108; x_wconf 86' lang='lat' dir='ltr'><strong>tempus</strong></span> <span class='ocrx_word' id='word_1_416' title='bbox 1072 1074 1215 1107; x_wconf 86' lang='lat' dir='ltr'><strong>deleverit,</strong></span> <span class='ocrx_word' id='word_1_417' title='bbox 1238 1075 1303 1110; x_wconf 89' lang='lat' dir='ltr'><strong>quid</strong></span> <span class='ocrx_word' id='word_1_418' title='bbox 1318 1077 1470 1111; x_wconf 78' lang='lat' dir='ltr'><strong>argumenti</strong></span> <span class='ocrx_word' id='word_1_419' title='bbox 1485 1081 1565 1104; x_wconf 89' lang='lat' dir='ltr'><strong>antea</strong></span> <span class='ocrx_word' id='word_1_420' title='bbox 1591 1082 1737 1106; x_wconf 83' lang='lat' dir='ltr'><strong>tractatum</strong></span> 
     </span>
    </p>
   </div>
   <div class='ocr_carea' id='block_1_65' title="bbox 949 1119 1735 1157">
    <p class='ocr_par' dir='ltr' id='par_1_65' title="bbox 949 1119 1735 1157">
     <span class='ocr_line' id='line_1_65' title="bbox 949 1119 1735 1157; baseline 0.005 -10"><span class='ocrx_word' id='word_1_421' title='bbox 949 1120 994 1147; x_wconf 88' lang='lat' dir='ltr'><strong>sit.</strong></span> <span class='ocrx_word' id='word_1_422' title='bbox 1013 1129 1022 1145; x_wconf 75' lang='grc' dir='ltr'><strong>ε</strong></span> <span class='ocrx_word' id='word_1_423' title='bbox 1042 1119 1120 1152; x_wconf 87' lang='lat' dir='ltr'><strong>Octo,</strong></span> <span class='ocrx_word' id='word_1_424' title='bbox 1151 1121 1251 1155; x_wconf 90' lang='lat' dir='ltr'><strong>inquit,</strong></span> <span class='ocrx_word' id='word_1_425' title='bbox 1267 1122 1323 1157; x_wconf 90' lang='lat' dir='ltr'><strong>jam</strong></span> <span class='ocrx_word' id='word_1_426' title='bbox 1348 1129 1490 1150; x_wconf 87' lang='lat' dir='ltr'><strong>sermones</strong></span> <span class='ocrx_word' id='word_1_427' title='bbox 1505 1123 1610 1150; x_wconf 85' lang='lat' dir='ltr'><strong>emensi</strong></span> <span class='ocrx_word' id='word_1_428' title='bbox 1630 1131 1735 1157; x_wconf 79' lang='lat' dir='ltr'><strong>sumus,</strong></span> 
     </span>
    </p>
   </div>
   <div class='ocr_carea' id='block_1_66' title="bbox 948 1164 1595 1202">
    <p class='ocr_par' dir='ltr' id='par_1_66' title="bbox 948 1164 1595 1202">
     <span class='ocr_line' id='line_1_66' title="bbox 948 1164 1595 1202; baseline 0.006 -11"><span class='ocrx_word' id='word_1_429' title='bbox 948 1164 1012 1192; x_wconf 92' lang='lat' dir='ltr'><strong>dum</strong></span> <span class='ocrx_word' id='word_1_430' title='bbox 1025 1165 1195 1200; x_wconf 76' lang='lat' dir='ltr'><strong>ingratorum</strong></span> <span class='ocrx_word' id='word_1_431' title='bbox 1206 1166 1403 1201; x_wconf 84' lang='lat' dir='ltr'><strong>blasphemiam</strong></span> <span class='ocrx_word' id='word_1_432' title='bbox 1421 1168 1570 1202; x_wconf 77' lang='lat' dir='ltr'><strong>arguimus.</strong></span> <span class='ocrx_word' id='word_1_433' title='bbox 1587 1178 1595 1194; x_wconf 87' lang='lat' dir='ltr'><strong>I</strong></span> 
     </span>
    </p>
   </div>
   <div class='ocr_carea' id='block_1_67' title="bbox 983 1210 1737 1248">
    <p class='ocr_par' dir='ltr' id='par_1_67' title="bbox 983 1210 1737 1248">
     <span class='ocr_line' id='line_1_67' title="bbox 983 1210 1737 1248; baseline 0.004 -10"><span class='ocrx_word' id='word_1_434' title='bbox 983 1210 1039 1238; x_wconf 90' lang='lat' dir='ltr'><strong>Vll.</strong></span> <span class='ocrx_word' id='word_1_435' title='bbox 1058 1211 1185 1239; x_wconf 87' lang='lat' dir='ltr'><strong>Decimus</strong></span> <span class='ocrx_word' id='word_1_436' title='bbox 1197 1216 1272 1239; x_wconf 88' lang='lat' dir='ltr'><strong>certe</strong></span> <span class='ocrx_word' id='word_1_437' title='bbox 1293 1219 1394 1244; x_wconf 84' lang='lat' dir='ltr'><strong>sermo,</strong></span> <span class='ocrx_word' id='word_1_438' title='bbox 1406 1213 1454 1248; x_wconf 92' lang='lat' dir='ltr'><strong>qui</strong></span> <span class='ocrx_word' id='word_1_439' title='bbox 1474 1213 1509 1240; x_wconf 89' lang='lat' dir='ltr'><strong>de</strong></span> <span class='ocrx_word' id='word_1_440' title='bbox 1529 1214 1660 1248; x_wconf 83' lang='lat' dir='ltr'><strong>patientia</strong></span> <span class='ocrx_word' id='word_1_441' title='bbox 1687 1214 1737 1242; x_wconf 76' lang='lat' dir='ltr'><strong>bo—</strong></span> 
     </span>
    </p>
   </div>
   <div class='ocr_carea' id='block_1_68' title="bbox 948 1257 1735 1293">
    <p class='ocr_par' dir='ltr' id='par_1_68' title="bbox 948 1257 1735 1293">
     <span class='ocr_line' id='line_1_68' title="bbox 948 1257 1735 1293; baseline 0.006 -12"><span class='ocrx_word' id='word_1_442' title='bbox 948 1261 1065 1288; x_wconf 87' lang='lat' dir='ltr'><strong>norum,</strong></span> <span class='ocrx_word' id='word_1_443' title='bbox 1083 1264 1152 1290; x_wconf 91' lang='lat' dir='ltr'><strong>quos</strong></span> <span class='ocrx_word' id='word_1_444' title='bbox 1171 1257 1265 1284; x_wconf 88' lang='lat' dir='ltr'><strong>divina</strong></span> <span class='ocrx_word' id='word_1_445' title='bbox 1285 1257 1462 1285; x_wconf 88' lang='lat' dir='ltr'><strong>Providentia</strong></span> <span class='ocrx_word' id='word_1_446' title='bbox 1487 1264 1616 1290; x_wconf 76' lang='lat' dir='ltr'><strong>exercet,</strong></span> <span class='ocrx_word' id='word_1_447' title='bbox 1645 1258 1735 1293; x_wconf 80' lang='lat' dir='ltr'><strong>deque</strong></span> 
     </span>
    </p>
   </div>
   <div class='ocr_carea' id='block_1_69' title="bbox 948 1300 1736 1336">
    <p class='ocr_par' dir='ltr' id='par_1_69' title="bbox 948 1300 1736 1336">
     <span class='ocr_line' id='line_1_69' title="bbox 948 1300 1736 1336; baseline 0.005 -9"><span class='ocrx_word' id='word_1_448' title='bbox 948 1300 1030 1328; x_wconf 86' lang='lat' dir='ltr'><strong>Verbi</strong></span> <span class='ocrx_word' id='word_1_449' title='bbox 1052 1301 1242 1329; x_wconf 88' lang='lat' dir='ltr'><strong>incarnatione</strong></span> <span class='ocrx_word' id='word_1_450' title='bbox 1265 1306 1317 1334; x_wconf 87' lang='lat' dir='ltr'><strong>est,</strong></span> <span class='ocrx_word' id='word_1_451' title='bbox 1332 1303 1453 1330; x_wconf 87' lang='lat' dir='ltr'><strong>ostendit</strong></span> <span class='ocrx_word' id='word_1_452' title='bbox 1477 1310 1531 1330; x_wconf 92' lang='lat' dir='ltr'><strong>non</strong></span> <span class='ocrx_word' id='word_1_453' title='bbox 1546 1303 1674 1336; x_wconf 88' lang='lat' dir='ltr'><strong>obscure,</strong></span> <span class='ocrx_word' id='word_1_454' title='bbox 1707 1308 1736 1332; x_wconf 89' lang='lat' dir='ltr'><strong>et</strong></span> 
     </span>
    </p>
   </div>
   <div class='ocr_carea' id='block_1_70' title="bbox 948 1348 1736 1384">
    <p class='ocr_par' dir='ltr' id='par_1_70' title="bbox 948 1348 1736 1384">
     <span class='ocr_line' id='line_1_70' title="bbox 948 1348 1736 1384; baseline 0.005 -11"><span class='ocrx_word' id='word_1_455' title='bbox 948 1351 1057 1381; x_wconf 85' lang='lat' dir='ltr'><strong>tempus</strong></span> <span class='ocrx_word' id='word_1_456' title='bbox 1074 1355 1129 1382; x_wconf 94' lang='lat' dir='ltr'><strong>quo</strong></span> <span class='ocrx_word' id='word_1_457' title='bbox 1142 1348 1200 1382; x_wconf 86' lang='lat' dir='ltr'><strong>ipse</strong></span> <span class='ocrx_word' id='word_1_458' title='bbox 1221 1348 1391 1383; x_wconf 85' lang='lat' dir='ltr'><strong>compositus</strong></span> <span class='ocrx_word' id='word_1_459' title='bbox 1404 1353 1457 1381; x_wconf 89' lang='lat' dir='ltr'><strong>cst,</strong></span> <span class='ocrx_word' id='word_1_460' title='bbox 1476 1353 1503 1376; x_wconf 91' lang='lat' dir='ltr'><strong>ct</strong></span> <span class='ocrx_word' id='word_1_461' title='bbox 1522 1349 1613 1376; x_wconf 91' lang='lat' dir='ltr'><strong>locum</strong></span> <span class='ocrx_word' id='word_1_462' title='bbox 1636 1350 1662 1376; x_wconf 90' lang='lat' dir='ltr'><strong>in</strong></span> <span class='ocrx_word' id='word_1_463' title='bbox 1679 1358 1736 1384; x_wconf 91' lang='lat' dir='ltr'><strong>quo</strong></span> 
     </span>
    </p>
   </div>
   <div class='ocr_carea' id='block_1_71' title="bbox 948 1392 1735 1430">
    <p class='ocr_par' dir='ltr' id='par_1_71' title="bbox 948 1392 1735 1430">
     <span class='ocr_line' id='line_1_71' title="bbox 948 1392 1735 1430; baseline 0.006 -12"><span class='ocrx_word' id='word_1_464' title='bbox 948 1392 1014 1419; x_wconf 91' lang='lat' dir='ltr'><strong>dicti</strong></span> <span class='ocrx_word' id='word_1_465' title='bbox 1042 1400 1158 1420; x_wconf 88' lang='lat' dir='ltr'><strong>omnes:</strong></span> <span class='ocrx_word' id='word_1_466' title='bbox 1183 1392 1272 1420; x_wconf 89' lang='lat' dir='ltr'><strong>dictos</strong></span> <span class='ocrx_word' id='word_1_467' title='bbox 1295 1394 1369 1420; x_wconf 90' lang='lat' dir='ltr'><strong>enim</strong></span> <span class='ocrx_word' id='word_1_468' title='bbox 1398 1394 1431 1421; x_wconf 91' lang='lat' dir='ltr'><strong>ad</strong></span> <span class='ocrx_word' id='word_1_469' title='bbox 1466 1395 1598 1429; x_wconf 86' lang='lat' dir='ltr'><strong>populum</strong></span> <span class='ocrx_word' id='word_1_470' title='bbox 1622 1395 1735 1430; x_wconf 69' lang='lat' dir='ltr'><strong>coniicit</strong></span> 
     </span>
    </p>
   </div>
   <div class='ocr_carea' id='block_1_72' title="bbox 948 1439 1735 1475">
    <p class='ocr_par' dir='ltr' id='par_1_72' title="bbox 948 1439 1735 1475">
     <span class='ocr_line' id='line_1_72' title="bbox 948 1439 1735 1475; baseline 0.005 -11"><span class='ocrx_word' id='word_1_471' title='bbox 948 1442 1098 1472; x_wconf 89' lang='lat' dir='ltr'><strong>utcunque,</strong></span> <span class='ocrx_word' id='word_1_472' title='bbox 1116 1439 1216 1473; x_wconf 86' lang='lat' dir='ltr'><strong>partim</strong></span> <span class='ocrx_word' id='word_1_473' title='bbox 1229 1447 1262 1466; x_wconf 78' lang='lat' dir='ltr'><strong>ex</strong></span> <span class='ocrx_word' id='word_1_474' title='bbox 1273 1439 1389 1466; x_wconf 87' lang='lat' dir='ltr'><strong>solemni</strong></span> <span class='ocrx_word' id='word_1_475' title='bbox 1402 1440 1600 1474; x_wconf 79' lang='lat' dir='ltr'><strong>gloriticatione</strong></span> <span class='ocrx_word' id='word_1_476' title='bbox 1612 1448 1665 1475; x_wconf 87' lang='lat' dir='ltr'><strong>qua</strong></span> <span class='ocrx_word' id='word_1_477' title='bbox 1679 1441 1735 1468; x_wconf 87' lang='lat' dir='ltr'><strong>sin-</strong></span> 
     </span>
    </p>
   </div>
   <div class='ocr_carea' id='block_1_73' title="bbox 947 1482 1734 1519">
    <p class='ocr_par' dir='ltr' id='par_1_73' title="bbox 947 1482 1734 1519">
     <span class='ocr_line' id='line_1_73' title="bbox 947 1482 1734 1519; baseline 0.004 -10"><span class='ocrx_word' id='word_1_478' title='bbox 947 1483 1003 1517; x_wconf 79' lang='lat' dir='ltr'><strong>guli</strong></span> <span class='ocrx_word' id='word_1_479' title='bbox 1032 1482 1176 1515; x_wconf 88' lang='lat' dir='ltr'><strong>finiuntur,</strong></span> <span class='ocrx_word' id='word_1_480' title='bbox 1202 1483 1301 1518; x_wconf 91' lang='lat' dir='ltr'><strong>partim</strong></span> <span class='ocrx_word' id='word_1_481' title='bbox 1313 1491 1347 1510; x_wconf 75' lang='lat' dir='ltr'><strong>ex</strong></span> <span class='ocrx_word' id='word_1_482' title='bbox 1373 1484 1548 1518; x_wconf 84' lang='lat' dir='ltr'><strong>peroratione</strong></span> <span class='ocrx_word' id='word_1_483' title='bbox 1566 1493 1619 1519; x_wconf 88' lang='lat' dir='ltr'><strong>qua</strong></span> <span class='ocrx_word' id='word_1_484' title='bbox 1643 1492 1734 1512; x_wconf 76' lang='lat' dir='ltr'><strong>sermo</strong></span> 
     </span>
    </p>
   </div>
   <div class='ocr_carea' id='block_1_74' title="bbox 946 1529 1735 1564">
    <p class='ocr_par' dir='ltr' id='par_1_74' title="bbox 946 1529 1735 1564">
     <span class='ocr_line' id='line_1_74' title="bbox 946 1529 1735 1564; baseline 0.003 -8"><span class='ocrx_word' id='word_1_485' title='bbox 946 1529 1117 1556; x_wconf 90' lang='lat' dir='ltr'><strong>convertitur</strong></span> <span class='ocrx_word' id='word_1_486' title='bbox 1137 1529 1171 1557; x_wconf 88' lang='lat' dir='ltr'><strong>de</strong></span> <span class='ocrx_word' id='word_1_487' title='bbox 1195 1537 1271 1557; x_wconf 92' lang='lat' dir='ltr'><strong>more</strong></span> <span class='ocrx_word' id='word_1_488' title='bbox 1289 1529 1323 1556; x_wconf 93' lang='lat' dir='ltr'><strong>ad</strong></span> <span class='ocrx_word' id='word_1_489' title='bbox 1337 1530 1512 1562; x_wconf 86' lang='lat' dir='ltr'><strong>audientem,</strong></span> <span class='ocrx_word' id='word_1_490' title='bbox 1535 1531 1634 1564; x_wconf 89' lang='lat' dir='ltr'><strong>partim</strong></span> <span class='ocrx_word' id='word_1_491' title='bbox 1656 1531 1735 1558; x_wconf 82' lang='lat' dir='ltr'><strong>deni—</strong></span> 
     </span>
    </p>
   </div>
   <div class='ocr_carea' id='block_1_75' title="bbox 947 1575 1734 1611">
    <p class='ocr_par' dir='ltr' id='par_1_75' title="bbox 947 1575 1734 1611">
     <span class='ocr_line' id='line_1_75' title="bbox 947 1575 1734 1611; baseline 0.003 -9"><span class='ocrx_word' id='word_1_492' title='bbox 947 1583 1060 1610; x_wconf 16' lang='lat' dir='ltr'><strong>quevex</strong></span> <span class='ocrx_word' id='word_1_493' title='bbox 1089 1575 1181 1608; x_wconf 91' lang='lat' dir='ltr'><strong>modo,</strong></span> <span class='ocrx_word' id='word_1_494' title='bbox 1210 1583 1264 1603; x_wconf 91' lang='lat' dir='ltr'><strong>seu-</strong></span> <span class='ocrx_word' id='word_1_495' title='bbox 1286 1576 1475 1611; x_wconf 76' lang='lat' dir='ltr'><strong>magnitudine</strong></span> <span class='ocrx_word' id='word_1_496' title='bbox 1503 1576 1629 1604; x_wconf 83' lang='lat' dir='ltr'><strong>concioni</strong></span> <span class='ocrx_word' id='word_1_497' title='bbox 1659 1585 1734 1604; x_wconf 88' lang='lat' dir='ltr'><strong>com—</strong></span> 
     </span>
    </p>
   </div>
   <div class='ocr_carea' id='block_1_76' title="bbox 945 1629 1049 1649">
    <p class='ocr_par' dir='ltr' id='par_1_76' title="bbox 945 1629 1049 1649">
     <span class='ocr_line' id='line_1_76' title="bbox 945 1629 1049 1649; baseline -0.01 0"><span class='ocrx_word' id='word_1_498' title='bbox 945 1629 1049 1649; x_wconf 87' lang='lat' dir='ltr'><strong>mensa.</strong></span> 
     </span>
    </p>
   </div>
   <div class='ocr_carea' id='block_1_77' title="bbox 980 1667 1732 1703">
    <p class='ocr_par' dir='ltr' id='par_1_77' title="bbox 980 1667 1732 1703">
     <span class='ocr_line' id='line_1_77' title="bbox 980 1667 1732 1703; baseline 0.004 -9"><span class='ocrx_word' id='word_1_499' title='bbox 980 1667 1048 1694; x_wconf 91' lang='lat' dir='ltr'><strong>Vlll.</strong></span> <span class='ocrx_word' id='word_1_500' title='bbox 1063 1667 1131 1695; x_wconf 87' lang='lat' dir='ltr'><strong>Dicti</strong></span> <span class='ocrx_word' id='word_1_501' title='bbox 1145 1672 1210 1695; x_wconf 87' lang='lat' dir='ltr'><strong>sunt</strong></span> <span class='ocrx_word' id='word_1_502' title='bbox 1221 1668 1305 1703; x_wconf 82' lang='lat' dir='ltr'><strong>igitur</strong></span> <span class='ocrx_word' id='word_1_503' title='bbox 1317 1668 1481 1700; x_wconf 66' lang='lat' dir='ltr'><strong>Antiochiae,</strong></span> <span class='ocrx_word' id='word_1_504' title='bbox 1498 1668 1525 1694; x_wconf 94' lang='lat' dir='ltr'><strong>in</strong></span> <span class='ocrx_word' id='word_1_505' title='bbox 1537 1668 1603 1695; x_wconf 90' lang='lat' dir='ltr'><strong>urbe</strong></span> <span class='ocrx_word' id='word_1_506' title='bbox 1612 1669 1732 1697; x_wconf 82' lang='lat' dir='ltr'><strong>Orientis</strong></span> 
     </span>
    </p>
   </div>
   <div class='ocr_carea' id='block_1_78' title="bbox 945 1712 1733 1747">
    <p class='ocr_par' dir='ltr' id='par_1_78' title="bbox 945 1712 1733 1747">
     <span class='ocr_line' id='line_1_78' title="bbox 945 1712 1733 1747; baseline 0.001 -8"><span class='ocrx_word' id='word_1_507' title='bbox 945 1712 1086 1747; x_wconf 88' lang='lat' dir='ltr'><strong>primaria,</strong></span> <span class='ocrx_word' id='word_1_508' title='bbox 1105 1720 1165 1747; x_wconf 67' lang='lat' dir='ltr'><strong>qua:</strong></span> <span class='ocrx_word' id='word_1_509' title='bbox 1182 1713 1245 1747; x_wconf 85' lang='lat' dir='ltr'><strong>quia</strong></span> <span class='ocrx_word' id='word_1_510' title='bbox 1268 1713 1369 1741; x_wconf 87' lang='lat' dir='ltr'><strong>litteris</strong></span> <span class='ocrx_word' id='word_1_511' title='bbox 1389 1712 1492 1740; x_wconf 60' lang='lat' dir='ltr'><strong>Graecis</strong></span> <span class='ocrx_word' id='word_1_512' title='bbox 1506 1717 1566 1740; x_wconf 86' lang='lat' dir='ltr'><strong>erat</strong></span> <span class='ocrx_word' id='word_1_513' title='bbox 1578 1714 1733 1741; x_wconf 82' lang='lat' dir='ltr'><strong>exeultissi-</strong></span> 
     </span>
    </p>
   </div>
   <div class='ocr_carea' id='block_1_79' title="bbox 944 1759 1732 1790">
    <p class='ocr_par' dir='ltr' id='par_1_79' title="bbox 944 1759 1732 1790">
     <span class='ocr_line' id='line_1_79' title="bbox 944 1759 1732 1790; baseline 0 -4"><span class='ocrx_word' id='word_1_514' title='bbox 944 1767 998 1790; x_wconf 75' lang='lat' dir='ltr'><strong>uta,</strong></span> <span class='ocrx_word' id='word_1_515' title='bbox 1011 1759 1066 1786; x_wconf 91' lang='lat' dir='ltr'><strong>imo</strong></span> <span class='ocrx_word' id='word_1_516' title='bbox 1077 1759 1233 1786; x_wconf 89' lang='lat' dir='ltr'><strong>litterarum</strong></span> <span class='ocrx_word' id='word_1_517' title='bbox 1245 1759 1308 1786; x_wconf 93' lang='lat' dir='ltr'><strong>fons</strong></span> <span class='ocrx_word' id='word_1_518' title='bbox 1321 1759 1490 1790; x_wconf 89' lang='lat' dir='ltr'><strong>uberrimus,</strong></span> <span class='ocrx_word' id='word_1_519' title='bbox 1505 1762 1642 1786; x_wconf 91' lang='lat' dir='ltr'><strong>tantarum</strong></span> <span class='ocrx_word' id='word_1_520' title='bbox 1663 1759 1732 1786; x_wconf 83' lang='lat' dir='ltr'><strong>deli-</strong></span> 
     </span>
    </p>
   </div>
   <div class='ocr_carea' id='block_1_80' title="bbox 943 1804 1730 1840">
    <p class='ocr_par' dir='ltr' id='par_1_80' title="bbox 943 1804 1730 1840">
     <span class='ocr_line' id='line_1_80' title="bbox 943 1804 1730 1840; baseline 0.001 -9"><span class='ocrx_word' id='word_1_521' title='bbox 943 1805 1048 1832; x_wconf 87' lang='lat' dir='ltr'><strong>ciarum</strong></span> <span class='ocrx_word' id='word_1_522' title='bbox 1071 1812 1182 1831; x_wconf 87' lang='lat' dir='ltr'><strong>sensum</strong></span> <span class='ocrx_word' id='word_1_523' title='bbox 1214 1804 1316 1832; x_wconf 90' lang='lat' dir='ltr'><strong>habere</strong></span> <span class='ocrx_word' id='word_1_524' title='bbox 1342 1805 1442 1839; x_wconf 86' lang='lat' dir='ltr'><strong>potuit,</strong></span> <span class='ocrx_word' id='word_1_525' title='bbox 1466 1812 1534 1838; x_wconf 91' lang='lat' dir='ltr'><strong>quas</strong></span> <span class='ocrx_word' id='word_1_526' title='bbox 1568 1804 1730 1840; x_wconf 84' lang='lat' dir='ltr'><strong>Cyrensium</strong></span> 
     </span>
    </p>
   </div>
   <div class='ocr_carea' id='block_1_81' title="bbox 944 1849 1546 1884">
    <p class='ocr_par' dir='ltr' id='par_1_81' title="bbox 944 1849 1546 1884">
     <span class='ocr_line' id='line_1_81' title="bbox 944 1849 1546 1884; baseline 0 -8"><span class='ocrx_word' id='word_1_527' title='bbox 944 1849 1050 1876; x_wconf 85' lang='lat' dir='ltr'><strong>ruditas</strong></span> <span class='ocrx_word' id='word_1_528' title='bbox 1065 1857 1097 1877; x_wconf 90' lang='lat' dir='ltr'><strong>ac</strong></span> <span class='ocrx_word' id='word_1_529' title='bbox 1109 1857 1179 1884; x_wconf 86' lang='lat' dir='ltr'><strong>pene</strong></span> <span class='ocrx_word' id='word_1_530' title='bbox 1189 1849 1331 1877; x_wconf 83' lang='lat' dir='ltr'><strong>barbaries</strong></span> <span class='ocrx_word' id='word_1_531' title='bbox 1346 1856 1400 1876; x_wconf 92' lang='lat' dir='ltr'><strong>non</strong></span> <span class='ocrx_word' id='word_1_532' title='bbox 1410 1849 1546 1883; x_wconf 80' lang='lat' dir='ltr'><strong>capiebat.</strong></span> 
     </span>
    </p>
   </div>
   <div class='ocr_carea' id='block_1_82' title="bbox 977 1894 1730 1930">
    <p class='ocr_par' dir='ltr' id='par_1_82' title="bbox 977 1894 1730 1930">
     <span class='ocr_line' id='line_1_82' title="bbox 977 1894 1730 1930; baseline -0.001 -8"><span class='ocrx_word' id='word_1_533' title='bbox 977 1895 1023 1922; x_wconf 75' lang='lat' dir='ltr'><strong>ix.</strong></span> <span class='ocrx_word' id='word_1_534' title='bbox 1042 1895 1078 1922; x_wconf 86' lang='lat' dir='ltr'><strong>De</strong></span> <span class='ocrx_word' id='word_1_535' title='bbox 1101 1895 1146 1922; x_wconf 86' lang='lat' dir='ltr'><strong>his</strong></span> <span class='ocrx_word' id='word_1_536' title='bbox 1169 1903 1219 1930; x_wconf 73' lang='lat' dir='ltr'><strong>ego</strong></span> <span class='ocrx_word' id='word_1_537' title='bbox 1239 1895 1393 1930; x_wconf 59' lang='lat' dir='ltr'><strong>praesertim</strong></span> <span class='ocrx_word' id='word_1_538' title='bbox 1416 1894 1601 1926; x_wconf 87' lang='lat' dir='ltr'><strong>sermonibus,</strong></span> <span class='ocrx_word' id='word_1_539' title='bbox 1617 1899 1730 1929; x_wconf 87' lang='lat' dir='ltr'><strong>propter</strong></span> 
     </span>
    </p>
   </div>
   <div class='ocr_carea' id='block_1_83' title="bbox 943 1940 1730 1975">
    <p class='ocr_par' dir='ltr' id='par_1_83' title="bbox 943 1940 1730 1975">
     <span class='ocr_line' id='line_1_83' title="bbox 943 1940 1730 1975; baseline 0 -7"><span class='ocrx_word' id='word_1_540' title='bbox 943 1941 1134 1968; x_wconf 84' lang='lat' dir='ltr'><strong>admirabilem</strong></span> <span class='ocrx_word' id='word_1_541' title='bbox 1149 1940 1347 1975; x_wconf 88' lang='lat' dir='ltr'><strong>eloquentiam,</strong></span> <span class='ocrx_word' id='word_1_542' title='bbox 1373 1940 1541 1974; x_wconf 87' lang='lat' dir='ltr'><strong>interpretor</strong></span> <span class='ocrx_word' id='word_1_543' title='bbox 1565 1940 1730 1968; x_wconf 86' lang='lat' dir='ltr'><strong>Theodoreti</strong></span> 
     </span>
    </p>
   </div>
   <div class='ocr_carea' id='block_1_84' title="bbox 943 1985 1729 2020">
    <p class='ocr_par' dir='ltr' id='par_1_84' title="bbox 943 1985 1729 2020">
     <span class='ocr_line' id='line_1_84' title="bbox 943 1985 1729 2020; baseline 0 -8"><span class='ocrx_word' id='word_1_544' title='bbox 943 1987 1038 2020; x_wconf 83' lang='lat' dir='ltr'><strong>verba,</strong></span> <span class='ocrx_word' id='word_1_545' title='bbox 1056 1987 1090 2014; x_wconf 89' lang='lat' dir='ltr'><strong>de</strong></span> <span class='ocrx_word' id='word_1_546' title='bbox 1115 1987 1221 2015; x_wconf 78' lang='lat' dir='ltr'><strong>Joanne</strong></span> <span class='ocrx_word' id='word_1_547' title='bbox 1246 1986 1418 2014; x_wconf 83' lang='lat' dir='ltr'><strong>Antiocheno</strong></span> <span class='ocrx_word' id='word_1_548' title='bbox 1444 1985 1508 2017; x_wconf 84' lang='lat' dir='ltr'><strong>sibi,</strong></span> <span class='ocrx_word' id='word_1_549' title='bbox 1528 1993 1591 2013; x_wconf 90' lang='lat' dir='ltr'><strong>cum</strong></span> <span class='ocrx_word' id='word_1_550' title='bbox 1614 1985 1729 2017; x_wconf 86' lang='lat' dir='ltr'><strong>diceret,</strong></span> 
     </span>
    </p>
   </div>
   <div class='ocr_carea' id='block_1_85' title="bbox 943 2030 1728 2066">
    <p class='ocr_par' dir='ltr' id='par_1_85' title="bbox 943 2030 1728 2066">
     <span class='ocr_line' id='line_1_85' title="bbox 943 2030 1728 2066; baseline -0.001 -8"><span class='ocrx_word' id='word_1_551' title='bbox 943 2032 1090 2066; x_wconf 86' lang='lat' dir='ltr'><strong>plaudente</strong></span> <span class='ocrx_word' id='word_1_552' title='bbox 1105 2040 1111 2058; x_wconf 92' lang='lat'>:</span> <span class='ocrx_word' id='word_1_553' title='bbox 1131 2041 1140 2056; x_wconf 76' lang='grc' dir='ltr'>ι</span> <span class='ocrx_word' id='word_1_554' title='bbox 1158 2031 1365 2059; x_wconf 87' lang='lat' dir='ltr'><strong>Disserentibns</strong></span> <span class='ocrx_word' id='word_1_555' title='bbox 1383 2031 1465 2058; x_wconf 85' lang='lat' dir='ltr'><strong>nobis</strong></span> <span class='ocrx_word' id='word_1_556' title='bbox 1487 2031 1528 2058; x_wconf 91' lang='lat' dir='ltr'><strong>sic</strong></span> <span class='ocrx_word' id='word_1_557' title='bbox 1548 2030 1728 2064; x_wconf 70' lang='lat' dir='ltr'><strong>afficiebatur,</strong></span> 
     </span>
    </p>
   </div>
   <div class='ocr_carea' id='block_1_86' title="bbox 943 2076 1726 2111">
    <p class='ocr_par' dir='ltr' id='par_1_86' title="bbox 943 2076 1726 2111">
     <span class='ocr_line' id='line_1_86' title="bbox 943 2076 1726 2111; baseline 0 -7"><span class='ocrx_word' id='word_1_558' title='bbox 943 2082 973 2104; x_wconf 94' lang='lat' dir='ltr'><strong>ut</strong></span> <span class='ocrx_word' id='word_1_559' title='bbox 984 2077 1079 2104; x_wconf 88' lang='lat' dir='ltr'><strong>ambas</strong></span> <span class='ocrx_word' id='word_1_560' title='bbox 1091 2085 1162 2111; x_wconf 59' lang='lat' dir='ltr'><strong>sape</strong></span> <span class='ocrx_word' id='word_1_561' title='bbox 1177 2084 1275 2104; x_wconf 89' lang='lat' dir='ltr'><strong>manus</strong></span> <span class='ocrx_word' id='word_1_562' title='bbox 1290 2085 1345 2104; x_wconf 89' lang='lat' dir='ltr'><strong>non</strong></span> <span class='ocrx_word' id='word_1_563' title='bbox 1364 2081 1480 2109; x_wconf 86' lang='lat' dir='ltr'><strong>teneret,</strong></span> <span class='ocrx_word' id='word_1_564' title='bbox 1494 2081 1521 2104; x_wconf 86' lang='lat' dir='ltr'><strong>et</strong></span> <span class='ocrx_word' id='word_1_565' title='bbox 1537 2076 1571 2104; x_wconf 90' lang='lat' dir='ltr'><strong>dc</strong></span> <span class='ocrx_word' id='word_1_566' title='bbox 1592 2076 1656 2104; x_wconf 83' lang='lat' dir='ltr'><strong>sede</strong></span> <span class='ocrx_word' id='word_1_567' title='bbox 1675 2085 1726 2104; x_wconf 87' lang='lat' dir='ltr'><strong>sua</strong></span> 
     </span>
    </p>
   </div>
   <div class='ocr_carea' id='block_1_87' title="bbox 943 2126 1238 2157">
    <p class='ocr_par' dir='ltr' id='par_1_87' title="bbox 943 2126 1238 2157">
     <span class='ocr_line' id='line_1_87' title="bbox 943 2126 1238 2157; baseline 0 -7"><span class='ocrx_word' id='word_1_568' title='bbox 943 2126 1135 2157; x_wconf 83' lang='lat' dir='ltr'><strong>consurgeret,</strong></span> <span class='ocrx_word' id='word_1_569' title='bbox 1158 2131 1167 2147; x_wconf 72' lang='grc' dir='ltr'><strong><em>ι</em></strong></span> <span class='ocrx_word' id='word_1_570' title='bbox 1184 2126 1238 2150; x_wconf 85' lang='lat' dir='ltr'><strong>etc.</strong></span> 
     </span>
    </p>
   </div>
   <div class='ocr_carea' id='block_1_88' title="bbox 977 2167 1728 2205">
    <p class='ocr_par' dir='ltr' id='par_1_88' title="bbox 977 2167 1728 2205">
     <span class='ocr_line' id='line_1_88' title="bbox 977 2167 1728 2205; baseline 0 -11"><span class='ocrx_word' id='word_1_571' title='bbox 977 2167 1012 2194; x_wconf 75' lang='grc' dir='ltr'><strong>Χ.</strong></span> <span class='ocrx_word' id='word_1_572' title='bbox 1023 2167 1209 2199; x_wconf 89' lang='lat' dir='ltr'><strong>Observanda,</strong></span> <span class='ocrx_word' id='word_1_573' title='bbox 1226 2175 1287 2202; x_wconf 78' lang='lat' dir='ltr'><strong>qua:</strong></span> <span class='ocrx_word' id='word_1_574' title='bbox 1298 2167 1325 2194; x_wconf 94' lang='lat' dir='ltr'><strong>in</strong></span> <span class='ocrx_word' id='word_1_575' title='bbox 1348 2167 1455 2195; x_wconf 88' lang='lat' dir='ltr'><strong>decimo</strong></span> <span class='ocrx_word' id='word_1_576' title='bbox 1466 2168 1566 2205; x_wconf 87' lang='lat' dir='ltr'><strong>partim</strong></span> <span class='ocrx_word' id='word_1_577' title='bbox 1579 2167 1613 2194; x_wconf 88' lang='lat' dir='ltr'><strong>dc</strong></span> <span class='ocrx_word' id='word_1_578' title='bbox 1624 2167 1728 2201; x_wconf 74' lang='lat' dir='ltr'><strong>patien~</strong></span> 
     </span>
    </p>
   </div>
   <div class='ocr_carea' id='block_1_89' title="bbox 945 2212 1727 2247">
    <p class='ocr_par' dir='ltr' id='par_1_89' title="bbox 945 2212 1727 2247">
     <span class='ocr_line' id='line_1_89' title="bbox 945 2212 1727 2247; baseline -0.003 -7"><span class='ocrx_word' id='word_1_579' title='bbox 945 2213 980 2240; x_wconf 89' lang='lat' dir='ltr'><strong>tia</strong></span> <span class='ocrx_word' id='word_1_580' title='bbox 994 2216 1152 2240; x_wconf 90' lang='lat' dir='ltr'><strong>sanctorum</strong></span> <span class='ocrx_word' id='word_1_581' title='bbox 1169 2212 1195 2239; x_wconf 94' lang='lat' dir='ltr'><strong>in</strong></span> <span class='ocrx_word' id='word_1_582' title='bbox 1207 2212 1327 2239; x_wconf 89' lang='lat' dir='ltr'><strong>ferendis</strong></span> <span class='ocrx_word' id='word_1_583' title='bbox 1337 2212 1468 2243; x_wconf 84' lang='lat' dir='ltr'><strong>adversis,</strong></span> <span class='ocrx_word' id='word_1_584' title='bbox 1485 2213 1584 2247; x_wconf 87' lang='lat' dir='ltr'><strong>partim</strong></span> <span class='ocrx_word' id='word_1_585' title='bbox 1595 2212 1629 2239; x_wconf 85' lang='lat' dir='ltr'><strong>de</strong></span> <span class='ocrx_word' id='word_1_586' title='bbox 1646 2212 1727 2239; x_wconf 88' lang='lat' dir='ltr'><strong>Verbi</strong></span> 
     </span>
    </p>
   </div>
   <div class='ocr_carea' id='block_1_90' title="bbox 105 2249 1727 2292">
    <p class='ocr_par' dir='ltr' id='par_1_90' title="bbox 105 2249 1727 2292">
     <span class='ocr_line' id='line_1_90' title="bbox 105 2249 1727 2292; baseline 0.004 -16"><span class='ocrx_word' id='word_1_587' title='bbox 105 2249 252 2278; x_wconf 87' lang='lat' dir='ltr'><strong>admodum</strong></span> <span class='ocrx_word' id='word_1_588' title='bbox 277 2251 304 2278; x_wconf 93' lang='lat' dir='ltr'><strong>in</strong></span> <span class='ocrx_word' id='word_1_589' title='bbox 325 2252 499 2280; x_wconf 89' lang='lat' dir='ltr'><strong>sermonibus</strong></span> <span class='ocrx_word' id='word_1_590' title='bbox 522 2253 557 2281; x_wconf 87' lang='lat' dir='ltr'><strong>de</strong></span> <span class='ocrx_word' id='word_1_591' title='bbox 572 2254 747 2283; x_wconf 86' lang='lat' dir='ltr'><strong>Providentia</strong></span> <span class='ocrx_word' id='word_1_592' title='bbox 765 2257 892 2291; x_wconf 86' lang='lat' dir='ltr'><strong>pluribus</strong></span> <span class='ocrx_word' id='word_1_593' title='bbox 908 2262 928 2288; x_wconf 84' lang='grc' dir='ltr'><strong>ι)</strong></span> <span class='ocrx_word' id='word_1_594' title='bbox 945 2257 1133 2285; x_wconf 86' lang='lat' dir='ltr'><strong>incarnatione</strong></span> <span class='ocrx_word' id='word_1_595' title='bbox 1150 2260 1312 2284; x_wconf 86' lang='lat' dir='ltr'><strong>tractantur.</strong></span> <span class='ocrx_word' id='word_1_596' title='bbox 1335 2257 1382 2283; x_wconf 85' lang='lat' dir='ltr'><strong>illa</strong></span> <span class='ocrx_word' id='word_1_597' title='bbox 1394 2256 1541 2291; x_wconf 79' lang='lat' dir='ltr'><strong>siquidem,</strong></span> <span class='ocrx_word' id='word_1_598' title='bbox 1569 2261 1599 2284; x_wconf 90' lang='lat' dir='ltr'><strong>ut</strong></span> <span class='ocrx_word' id='word_1_599' title='bbox 1613 2260 1727 2292; x_wconf 75' lang='lat' dir='ltr'><strong>cognata</strong></span> 
     </span>
    </p>
   </div>
   <div class='ocr_carea' id='block_1_91' title="bbox 104 2295 891 2336">
    <p class='ocr_par' dir='ltr' id='par_1_91' title="bbox 104 2295 891 2336">
     <span class='ocr_line' id='line_1_91' title="bbox 104 2295 891 2336; baseline 0.01 -15"><span class='ocrx_word' id='word_1_600' title='bbox 104 2295 197 2323; x_wconf 71' lang='lat' dir='ltr'><strong>verbis</strong></span> <span class='ocrx_word' id='word_1_601' title='bbox 209 2295 313 2323; x_wconf 90' lang='lat' dir='ltr'><strong>dictum</strong></span> <span class='ocrx_word' id='word_1_602' title='bbox 325 2301 376 2324; x_wconf 89' lang='lat' dir='ltr'><strong>est.</strong></span> <span class='ocrx_word' id='word_1_603' title='bbox 392 2307 402 2323; x_wconf 74' lang='grc' dir='ltr'><strong><em>ι</em></strong></span> <span class='ocrx_word' id='word_1_604' title='bbox 429 2298 557 2325; x_wconf 84' lang='lat' dir='ltr'><strong>Vindicat</strong></span> <span class='ocrx_word' id='word_1_605' title='bbox 580 2299 699 2335; x_wconf 91' lang='lat' dir='ltr'><strong>denique</strong></span> <span class='ocrx_word' id='word_1_606' title='bbox 725 2301 752 2328; x_wconf 92' lang='lat' dir='ltr'><strong>in</strong></span> <span class='ocrx_word' id='word_1_607' title='bbox 775 2301 891 2336; x_wconf 85' lang='lat' dir='ltr'><strong>epistola</strong></span> 
     </span>
    </p>
   </div>
   <div class='ocr_carea' id='block_1_92' title="bbox 104 2341 890 2381">
    <p class='ocr_par' dir='ltr' id='par_1_92' title="bbox 104 2341 890 2381">
     <span class='ocr_line' id='line_1_92' title="bbox 104 2341 890 2381; baseline 0.009 -14"><span class='ocrx_word' id='word_1_608' title='bbox 104 2341 156 2367; x_wconf 72' lang='lat'><strong>8‘2:</strong></span> <span class='ocrx_word' id='word_1_609' title='bbox 177 2350 186 2367; x_wconf 75' lang='grc' dir='ltr'>ι</span> <span class='ocrx_word' id='word_1_610' title='bbox 208 2341 337 2377; x_wconf 79' lang='lat' dir='ltr'><strong>Mysticus</strong></span> <span class='ocrx_word' id='word_1_611' title='bbox 357 2351 466 2378; x_wconf 87' lang='lat' dir='ltr'><strong>quoque</strong></span> <span class='ocrx_word' id='word_1_612' title='bbox 480 2344 550 2372; x_wconf 87' lang='lat' dir='ltr'><strong>liber</strong></span> <span class='ocrx_word' id='word_1_613' title='bbox 568 2352 584 2372; x_wconf 93' lang='lat' dir='ltr'><strong>a</strong></span> <span class='ocrx_word' id='word_1_614' title='bbox 600 2346 679 2372; x_wconf 87' lang='lat' dir='ltr'><strong>nobis</strong></span> <span class='ocrx_word' id='word_1_615' title='bbox 707 2347 890 2381; x_wconf 85' lang='lat' dir='ltr'><strong>conscriptus,</strong></span> 
     </span>
    </p>
   </div>
   <div class='ocr_carea' id='block_1_93' title="bbox 103 2388 890 2427">
    <p class='ocr_par' dir='ltr' id='par_1_93' title="bbox 103 2388 890 2427">
     <span class='ocr_line' id='line_1_93' title="bbox 103 2388 890 2427; baseline 0.008 -13"><span class='ocrx_word' id='word_1_616' title='bbox 103 2392 132 2415; x_wconf 84' lang='lat' dir='ltr'><strong>ct</strong></span> <span class='ocrx_word' id='word_1_617' title='bbox 147 2388 180 2415; x_wconf 92' lang='lat' dir='ltr'><strong>de</strong></span> <span class='ocrx_word' id='word_1_618' title='bbox 204 2388 378 2416; x_wconf 81' lang='lat' dir='ltr'><strong>Providentia</strong></span> <span class='ocrx_word' id='word_1_619' title='bbox 401 2389 471 2416; x_wconf 86' lang='lat' dir='ltr'><strong>liber</strong></span> <span class='ocrx_word' id='word_1_620' title='bbox 487 2389 575 2423; x_wconf 88' lang='lat' dir='ltr'><strong>alius;</strong></span> <span class='ocrx_word' id='word_1_621' title='bbox 591 2400 601 2415; x_wconf 82' lang='grc' dir='ltr'><strong>ι</strong></span> <span class='ocrx_word' id='word_1_622' title='bbox 626 2391 655 2417; x_wconf 88' lang='lat' dir='ltr'><strong>in</strong></span> <span class='ocrx_word' id='word_1_623' title='bbox 682 2398 763 2426; x_wconf 89' lang='lat' dir='ltr'><strong>quem</strong></span> <span class='ocrx_word' id='word_1_624' title='bbox 791 2400 890 2427; x_wconf 87' lang='lat' dir='ltr'><strong>nempe</strong></span> 
     </span>
    </p>
   </div>
   <div class='ocr_carea' id='block_1_94' title="bbox 104 2434 526 2470">
    <p class='ocr_par' dir='ltr' id='par_1_94' title="bbox 104 2434 526 2470">
     <span class='ocr_line' id='line_1_94' title="bbox 104 2434 526 2470; baseline 0.005 -10"><span class='ocrx_word' id='word_1_625' title='bbox 104 2441 246 2461; x_wconf 88' lang='lat' dir='ltr'><strong>sermones</strong></span> <span class='ocrx_word' id='word_1_626' title='bbox 261 2434 356 2461; x_wconf 87' lang='lat' dir='ltr'><strong>decem</strong></span> <span class='ocrx_word' id='word_1_627' title='bbox 369 2435 526 2470; x_wconf 77' lang='lat' dir='ltr'><strong>collegerat.</strong></span> 
     </span>
    </p>
   </div>
   <div class='ocr_carea' id='block_1_95' title="bbox 140 2478 890 2513">
    <p class='ocr_par' dir='ltr' id='par_1_95' title="bbox 140 2478 890 2513">
     <span class='ocr_line' id='line_1_95' title="bbox 140 2478 890 2513; baseline 0.007 -9"><span class='ocrx_word' id='word_1_628' title='bbox 140 2478 183 2504; x_wconf 93' lang='lat' dir='ltr'><strong>Ill.</strong></span> <span class='ocrx_word' id='word_1_629' title='bbox 202 2478 240 2505; x_wconf 80' lang='lat' dir='ltr'><strong>Ex</strong></span> <span class='ocrx_word' id='word_1_630' title='bbox 256 2478 298 2505; x_wconf 91' lang='lat' dir='ltr'><strong>his</strong></span> <span class='ocrx_word' id='word_1_631' title='bbox 312 2479 366 2505; x_wconf 92' lang='lat' dir='ltr'><strong>duo</strong></span> <span class='ocrx_word' id='word_1_632' title='bbox 382 2483 527 2506; x_wconf 86' lang='lat' dir='ltr'><strong>constant:</strong></span> <span class='ocrx_word' id='word_1_633' title='bbox 557 2479 684 2513; x_wconf 86' lang='lat' dir='ltr'><strong>alterum,</strong></span> <span class='ocrx_word' id='word_1_634' title='bbox 701 2481 774 2509; x_wconf 93' lang='lat' dir='ltr'><strong>hunc</strong></span> <span class='ocrx_word' id='word_1_635' title='bbox 787 2482 890 2509; x_wconf 89' lang='lat' dir='ltr'><strong>librum</strong></span> 
     </span>
    </p>
   </div>
   <div class='ocr_carea' id='block_1_96' title="bbox 104 2523 889 2560">
    <p class='ocr_par' dir='ltr' id='par_1_96' title="bbox 104 2523 889 2560">
     <span class='ocr_line' id='line_1_96' title="bbox 104 2523 889 2560; baseline 0.008 -11"><span class='ocrx_word' id='word_1_636' title='bbox 104 2523 139 2550; x_wconf 78' lang='lat' dir='ltr'><strong>ab</strong></span> <span class='ocrx_word' id='word_1_637' title='bbox 163 2530 196 2550; x_wconf 88' lang='lat' dir='ltr'><strong>eo</strong></span> <span class='ocrx_word' id='word_1_638' title='bbox 225 2523 336 2550; x_wconf 79' lang='lat' dir='ltr'><strong>differre</strong></span> <span class='ocrx_word' id='word_1_639' title='bbox 351 2544 358 2555; x_wconf 87' lang='lat'><strong>,</strong></span> <span class='ocrx_word' id='word_1_640' title='bbox 387 2525 434 2559; x_wconf 91' lang='lat' dir='ltr'><strong>qui</strong></span> <span class='ocrx_word' id='word_1_641' title='bbox 453 2525 587 2560; x_wconf 86' lang='lat' dir='ltr'><strong>mysticus</strong></span> <span class='ocrx_word' id='word_1_642' title='bbox 602 2525 703 2554; x_wconf 89' lang='lat' dir='ltr'><strong>dicitur</strong></span> <span class='ocrx_word' id='word_1_643' title='bbox 721 2536 728 2559; x_wconf 83' lang='lat'><strong>;</strong></span> <span class='ocrx_word' id='word_1_644' title='bbox 759 2528 889 2558; x_wconf 78' lang='lat' dir='ltr'><strong>alterunt.</strong></span> 
     </span>
    </p>
   </div>
   <div class='ocr_carea' id='block_1_97' title="bbox 104 2569 889 2603">
    <p class='ocr_par' dir='ltr' id='par_1_97' title="bbox 104 2569 889 2603">
     <span class='ocr_line' id='line_1_97' title="bbox 104 2569 889 2603; baseline 0.008 -8"><span class='ocrx_word' id='word_1_645' title='bbox 104 2569 236 2603; x_wconf 89' lang='lat' dir='ltr'><strong>scriptum</strong></span> <span class='ocrx_word' id='word_1_646' title='bbox 262 2569 347 2597; x_wconf 86' lang='lat' dir='ltr'><strong>fuisse</strong></span> <span class='ocrx_word' id='word_1_647' title='bbox 377 2575 440 2598; x_wconf 88' lang='lat' dir='ltr'><strong>ante</strong></span> <span class='ocrx_word' id='word_1_648' title='bbox 463 2572 677 2600; x_wconf 82' lang='lat' dir='ltr'><strong>commentarios</strong></span> <span class='ocrx_word' id='word_1_649' title='bbox 705 2572 731 2599; x_wconf 92' lang='lat' dir='ltr'><strong>in</strong></span> <span class='ocrx_word' id='word_1_650' title='bbox 753 2573 889 2601; x_wconf 86' lang='lat' dir='ltr'><strong>Psalmum</strong></span> 
     </span>
    </p>
   </div>
   <div class='ocr_carea' id='block_1_98' title="bbox 105 2623 185 2642">
    <p class='ocr_par' dir='ltr' id='par_1_98' title="bbox 105 2623 185 2642">
     <span class='ocr_line' id='line_1_98' title="bbox 105 2623 185 2642; baseline 0.013 -1"><span class='ocrx_word' id='word_1_651' title='bbox 105 2623 185 2642; x_wconf 73' lang='grc' dir='ltr'><strong>ιινιι.</strong></span> 
     </span>
    </p>
   </div>
   <div class='ocr_carea' id='block_1_99' title="bbox 139 2660 890 2696">
    <p class='ocr_par' dir='ltr' id='par_1_99' title="bbox 139 2660 890 2696">
     <span class='ocr_line' id='line_1_99' title="bbox 139 2660 890 2696; baseline 0.005 -9"><span class='ocrx_word' id='word_1_652' title='bbox 139 2660 182 2687; x_wconf 85' lang='lat' dir='ltr'><strong>IV.</strong></span> <span class='ocrx_word' id='word_1_653' title='bbox 204 2661 315 2693; x_wconf 86' lang='lat' dir='ltr'><strong>Verum,</strong></span> <span class='ocrx_word' id='word_1_654' title='bbox 327 2664 357 2688; x_wconf 83' lang='lat' dir='ltr'><strong>ut</strong></span> <span class='ocrx_word' id='word_1_655' title='bbox 374 2665 483 2696; x_wconf 86' lang='lat' dir='ltr'><strong>tempus</strong></span> <span class='ocrx_word' id='word_1_656' title='bbox 494 2661 598 2690; x_wconf 88' lang='lat' dir='ltr'><strong>certius</strong></span> <span class='ocrx_word' id='word_1_657' title='bbox 617 2666 766 2695; x_wconf 87' lang='lat' dir='ltr'><strong>statuatur,</strong></span> <span class='ocrx_word' id='word_1_658' title='bbox 785 2664 825 2691; x_wconf 86' lang='lat' dir='ltr'><strong>sic</strong></span> <span class='ocrx_word' id='word_1_659' title='bbox 846 2672 890 2691; x_wconf 84' lang='lat' dir='ltr'><strong>ra-</strong></span> 
     </span>
    </p>
   </div>
   <div class='ocr_carea' id='block_1_100' title="bbox 106 2706 891 2741">
    <p class='ocr_par' dir='ltr' id='par_1_100' title="bbox 106 2706 891 2741">
     <span class='ocr_line' id='line_1_100' title="bbox 106 2706 891 2741; baseline 0.006 -10"><span class='ocrx_word' id='word_1_660' title='bbox 106 2706 293 2733; x_wconf 89' lang='lat' dir='ltr'><strong>tiocinandum</strong></span> <span class='ocrx_word' id='word_1_661' title='bbox 305 2710 358 2734; x_wconf 86' lang='lat' dir='ltr'><strong>est.</strong></span> <span class='ocrx_word' id='word_1_662' title='bbox 373 2706 498 2741; x_wconf 88' lang='lat' dir='ltr'><strong>Scriptus</strong></span> <span class='ocrx_word' id='word_1_663' title='bbox 516 2711 559 2735; x_wconf 84' lang='lat' dir='ltr'><strong>cst</strong></span> <span class='ocrx_word' id='word_1_664' title='bbox 572 2712 646 2735; x_wconf 89' lang='lat' dir='ltr'><strong>certe</strong></span> <span class='ocrx_word' id='word_1_665' title='bbox 668 2708 740 2735; x_wconf 87' lang='lat' dir='ltr'><strong>liber</strong></span> <span class='ocrx_word' id='word_1_666' title='bbox 761 2713 825 2736; x_wconf 84' lang='lat' dir='ltr'><strong>ante</strong></span> <span class='ocrx_word' id='word_1_667' title='bbox 843 2717 891 2736; x_wconf 89' lang='lat' dir='ltr'><strong>an-</strong></span> 
     </span>
    </p>
   </div>
   <div class='ocr_carea' id='block_1_101' title="bbox 105 2751 888 2786">
    <p class='ocr_par' dir='ltr' id='par_1_101' title="bbox 105 2751 888 2786">
     <span class='ocr_line' id='line_1_101' title="bbox 105 2751 888 2786; baseline 0.005 -9"><span class='ocrx_word' id='word_1_668' title='bbox 105 2758 170 2777; x_wconf 91' lang='lat' dir='ltr'><strong>num</strong></span> <span class='ocrx_word' id='word_1_669' title='bbox 182 2751 244 2778; x_wconf 68' lang='lat'><strong>458.</strong></span> <span class='ocrx_word' id='word_1_670' title='bbox 261 2751 330 2778; x_wconf 84' lang='lat' dir='ltr'><strong>Nam</strong></span> <span class='ocrx_word' id='word_1_671' title='bbox 343 2756 505 2778; x_wconf 89' lang='lat' dir='ltr'><strong>numeratur</strong></span> <span class='ocrx_word' id='word_1_672' title='bbox 521 2760 535 2779; x_wconf 92' lang='lat' dir='ltr'><strong>a</strong></span> <span class='ocrx_word' id='word_1_673' title='bbox 549 2752 723 2781; x_wconf 88' lang='lat' dir='ltr'><strong>Theodoreto</strong></span> <span class='ocrx_word' id='word_1_674' title='bbox 745 2754 817 2781; x_wconf 85' lang='lat' dir='ltr'><strong>inter</strong></span> <span class='ocrx_word' id='word_1_675' title='bbox 830 2762 888 2786; x_wconf 85' lang='lat' dir='ltr'><strong>eos,</strong></span> 
     </span>
    </p>
   </div>
   <div class='ocr_carea' id='block_1_102' title="bbox 105 2795 891 2829">
    <p class='ocr_par' dir='ltr' id='par_1_102' title="bbox 105 2795 891 2829">
     <span class='ocr_line' id='line_1_102' title="bbox 105 2795 891 2829; baseline 0.006 -8"><span class='ocrx_word' id='word_1_676' title='bbox 105 2803 184 2829; x_wconf 85' lang='lat' dir='ltr'><strong>quos,</strong></span> <span class='ocrx_word' id='word_1_677' title='bbox 195 2803 258 2822; x_wconf 89' lang='lat' dir='ltr'><strong>cum</strong></span> <span class='ocrx_word' id='word_1_678' title='bbox 270 2803 342 2823; x_wconf 85' lang='lat' dir='ltr'><strong>anno</strong></span> <span class='ocrx_word' id='word_1_679' title='bbox 352 2795 405 2823; x_wconf 72' lang='grc'><strong>449</strong></span> <span class='ocrx_word' id='word_1_680' title='bbox 421 2795 528 2824; x_wconf 85' lang='lat' dir='ltr'><strong>litteras</strong></span> <span class='ocrx_word' id='word_1_681' title='bbox 543 2797 622 2825; x_wconf 81' lang='lat' dir='ltr'><strong>daret</strong></span> <span class='ocrx_word' id='word_1_682' title='bbox 635 2798 668 2824; x_wconf 90' lang='lat' dir='ltr'><strong>ad</strong></span> <span class='ocrx_word' id='word_1_683' title='bbox 678 2803 805 2826; x_wconf 81' lang='lat' dir='ltr'><strong>sanctum</strong></span> <span class='ocrx_word' id='word_1_684' title='bbox 820 2798 891 2826; x_wconf 91' lang='lat' dir='ltr'><strong>Leo-</strong></span> 
     </span>
    </p>
   </div>
   <div class='ocr_carea' id='block_1_103' title="bbox 106 2841 888 2879">
    <p class='ocr_par' dir='ltr' id='par_1_103' title="bbox 106 2841 888 2879">
     <span class='ocr_line' id='line_1_103' title="bbox 106 2841 888 2879; baseline 0.005 -11"><span class='ocrx_word' id='word_1_685' title='bbox 106 2848 178 2872; x_wconf 84' lang='lat' dir='ltr'><strong>nem,</strong></span> <span class='ocrx_word' id='word_1_686' title='bbox 189 2848 219 2868; x_wconf 80' lang='lat' dir='ltr'><strong>se</strong></span> <span class='ocrx_word' id='word_1_687' title='bbox 232 2845 295 2869; x_wconf 88' lang='lat' dir='ltr'><strong>ante</strong></span> <span class='ocrx_word' id='word_1_688' title='bbox 317 2841 462 2870; x_wconf 85' lang='lat' dir='ltr'><strong>duodecim</strong></span> <span class='ocrx_word' id='word_1_689' title='bbox 475 2850 562 2870; x_wconf 90' lang='lat' dir='ltr'><strong>annos</strong></span> <span class='ocrx_word' id='word_1_690' title='bbox 573 2844 759 2879; x_wconf 84' lang='lat' dir='ltr'><strong>composuisse</strong></span> <span class='ocrx_word' id='word_1_691' title='bbox 781 2845 888 2872; x_wconf 87' lang='lat' dir='ltr'><strong>asserit.</strong></span> 
     </span>
    </p>
   </div>
   <div class='ocr_carea' id='block_1_104' title="bbox 106 2885 888 2923">
    <p class='ocr_par' dir='ltr' id='par_1_104' title="bbox 106 2885 888 2923">
     <span class='ocr_line' id='line_1_104' title="bbox 106 2885 888 2923; baseline 0.001 -8"><span class='ocrx_word' id='word_1_692' title='bbox 106 2885 228 2922; x_wconf 76' lang='lat' dir='ltr'><strong>Scriptus</strong></span> <span class='ocrx_word' id='word_1_693' title='bbox 239 2895 347 2923; x_wconf 85' lang='lat' dir='ltr'><strong>quoque</strong></span> <span class='ocrx_word' id='word_1_694' title='bbox 363 2891 403 2916; x_wconf 83' lang='lat' dir='ltr'><strong>est</strong></span> <span class='ocrx_word' id='word_1_695' title='bbox 417 2893 479 2915; x_wconf 82' lang='lat' dir='ltr'><strong>ante</strong></span> <span class='ocrx_word' id='word_1_696' title='bbox 489 2888 742 2923; x_wconf 86' lang='lat' dir='ltr'><strong>interpretationem</strong></span> <span class='ocrx_word' id='word_1_697' title='bbox 756 2889 888 2923; x_wconf 83' lang='lat' dir='ltr'><strong>Psalterii,</strong></span> 
     </span>
    </p>
   </div>
   <div class='ocr_carea' id='block_1_105' title="bbox 942 2301 1726 2337">
    <p class='ocr_par' dir='ltr' id='par_1_105' title="bbox 942 2301 1726 2337">
     <span class='ocr_line' id='line_1_105' title="bbox 942 2301 1726 2337; baseline 0 -7"><span class='ocrx_word' id='word_1_698' title='bbox 942 2307 1017 2335; x_wconf 90' lang='lat' dir='ltr'><strong>sunt,</strong></span> <span class='ocrx_word' id='word_1_699' title='bbox 1036 2303 1091 2329; x_wconf 91' lang='lat' dir='ltr'><strong>imo</strong></span> <span class='ocrx_word' id='word_1_700' title='bbox 1104 2302 1161 2329; x_wconf 87' lang='lat' dir='ltr'><strong>fere</strong></span> <span class='ocrx_word' id='word_1_701' title='bbox 1178 2301 1274 2329; x_wconf 89' lang='lat' dir='ltr'><strong>eadem</strong></span> <span class='ocrx_word' id='word_1_702' title='bbox 1290 2309 1352 2329; x_wconf 89' lang='lat' dir='ltr'><strong>cum</strong></span> <span class='ocrx_word' id='word_1_703' title='bbox 1364 2302 1408 2334; x_wconf 89' lang='lat' dir='ltr'><strong>iis,</strong></span> <span class='ocrx_word' id='word_1_704' title='bbox 1420 2303 1522 2337; x_wconf 87' lang='lat' dir='ltr'><strong>quibus</strong></span> <span class='ocrx_word' id='word_1_705' title='bbox 1534 2303 1726 2330; x_wconf 87' lang='lat' dir='ltr'><strong>Thcodoretus</strong></span> 
     </span>
    </p>
   </div>
   <div class='ocr_carea' id='block_1_106' title="bbox 942 2348 1723 2384">
    <p class='ocr_par' dir='ltr' id='par_1_106' title="bbox 942 2348 1723 2384">
     <span class='ocr_line' id='line_1_106' title="bbox 942 2348 1723 2384; baseline -0.001 -7"><span class='ocrx_word' id='word_1_706' title='bbox 942 2353 1036 2384; x_wconf 85' lang='lat' dir='ltr'><strong>postea</strong></span> <span class='ocrx_word' id='word_1_707' title='bbox 1052 2348 1171 2383; x_wconf 90' lang='lat' dir='ltr'><strong>seipsum</strong></span> <span class='ocrx_word' id='word_1_708' title='bbox 1183 2356 1199 2374; x_wconf 90' lang='lat' dir='ltr'><strong>a</strong></span> <span class='ocrx_word' id='word_1_709' title='bbox 1211 2348 1342 2375; x_wconf 90' lang='lat' dir='ltr'><strong>Dioscoro</strong></span> <span class='ocrx_word' id='word_1_710' title='bbox 1363 2348 1391 2375; x_wconf 92' lang='lat' dir='ltr'><strong>in</strong></span> <span class='ocrx_word' id='word_1_711' title='bbox 1407 2348 1541 2383; x_wconf 82' lang='lat' dir='ltr'><strong>Ephesina</strong></span> <span class='ocrx_word' id='word_1_712' title='bbox 1553 2348 1657 2384; x_wconf 87' lang='lat' dir='ltr'><strong>synodo</strong></span> <span class='ocrx_word' id='word_1_713' title='bbox 1677 2356 1723 2376; x_wconf 84' lang='lat' dir='ltr'><strong>se-</strong></span> 
     </span>
    </p>
   </div>
   <div class='ocr_carea' id='block_1_107' title="bbox 941 2393 1724 2428">
    <p class='ocr_par' dir='ltr' id='par_1_107' title="bbox 941 2393 1724 2428">
     <span class='ocr_line' id='line_1_107' title="bbox 941 2393 1724 2428; baseline -0.001 -7"><span class='ocrx_word' id='word_1_714' title='bbox 941 2394 1031 2422; x_wconf 90' lang='lat' dir='ltr'><strong>cunda</strong></span> <span class='ocrx_word' id='word_1_715' title='bbox 1046 2393 1116 2421; x_wconf 84' lang='lat' dir='ltr'><strong>dura</strong></span> <span class='ocrx_word' id='word_1_716' title='bbox 1135 2401 1245 2427; x_wconf 92' lang='lat' dir='ltr'><strong>passum</strong></span> <span class='ocrx_word' id='word_1_717' title='bbox 1259 2393 1364 2420; x_wconf 84' lang='lat' dir='ltr'><strong>solatus</strong></span> <span class='ocrx_word' id='word_1_718' title='bbox 1385 2397 1438 2425; x_wconf 87' lang='lat' dir='ltr'><strong>est,</strong></span> <span class='ocrx_word' id='word_1_719' title='bbox 1455 2393 1577 2428; x_wconf 92' lang='lat' dir='ltr'><strong>produnt</strong></span> <span class='ocrx_word' id='word_1_720' title='bbox 1601 2394 1724 2421; x_wconf 87' lang='lat' dir='ltr'><strong>animum</strong></span> 
     </span>
    </p>
   </div>
   <div class='ocr_carea' id='block_1_108' title="bbox 941 2438 1728 2474">
    <p class='ocr_par' dir='ltr' id='par_1_108' title="bbox 941 2438 1728 2474">
     <span class='ocr_line' id='line_1_108' title="bbox 941 2438 1728 2474; baseline -0.001 -8"><span class='ocrx_word' id='word_1_721' title='bbox 941 2439 1062 2467; x_wconf 90' lang='lat' dir='ltr'><strong>hominis</strong></span> <span class='ocrx_word' id='word_1_722' title='bbox 1076 2439 1219 2474; x_wconf 82' lang='lat' dir='ltr'><strong>querentis</strong></span> <span class='ocrx_word' id='word_1_723' title='bbox 1230 2439 1264 2466; x_wconf 92' lang='lat' dir='ltr'><strong>de</strong></span> <span class='ocrx_word' id='word_1_724' title='bbox 1287 2438 1419 2471; x_wconf 87' lang='lat' dir='ltr'><strong>adversis,</strong></span> <span class='ocrx_word' id='word_1_725' title='bbox 1434 2446 1495 2473; x_wconf 62' lang='lat' dir='ltr'><strong>quae</strong></span> <span class='ocrx_word' id='word_1_726' title='bbox 1512 2439 1628 2474; x_wconf 88' lang='lat' dir='ltr'><strong>primam</strong></span> <span class='ocrx_word' id='word_1_727' title='bbox 1643 2446 1728 2474; x_wconf 81' lang='lat' dir='ltr'><strong>syno-</strong></span> 
     </span>
    </p>
   </div>
   <div class='ocr_carea' id='block_1_109' title="bbox 941 2484 1727 2520">
    <p class='ocr_par' dir='ltr' id='par_1_109' title="bbox 941 2484 1727 2520">
     <span class='ocr_line' id='line_1_109' title="bbox 941 2484 1727 2520; baseline -0.001 -8"><span class='ocrx_word' id='word_1_728' title='bbox 941 2485 1006 2512; x_wconf 93' lang='lat' dir='ltr'><strong>dum</strong></span> <span class='ocrx_word' id='word_1_729' title='bbox 1016 2485 1181 2520; x_wconf 85' lang='lat' dir='ltr'><strong>Ephesinam</strong></span> <span class='ocrx_word' id='word_1_730' title='bbox 1195 2488 1288 2512; x_wconf 89' lang='lat' dir='ltr'><strong>secuta</strong></span> <span class='ocrx_word' id='word_1_731' title='bbox 1307 2488 1372 2512; x_wconf 87' lang='lat' dir='ltr'><strong>sunt</strong></span> <span class='ocrx_word' id='word_1_732' title='bbox 1386 2493 1392 2510; x_wconf 92' lang='lat'>:</span> <span class='ocrx_word' id='word_1_733' title='bbox 1409 2485 1470 2514; x_wconf 90' lang='lat' dir='ltr'><strong>ista.</strong></span> <span class='ocrx_word' id='word_1_734' title='bbox 1491 2489 1522 2511; x_wconf 94' lang='lat' dir='ltr'><strong>ut</strong></span> <span class='ocrx_word' id='word_1_735' title='bbox 1530 2492 1627 2519; x_wconf 84' lang='lat' dir='ltr'><strong>parum</strong></span> <span class='ocrx_word' id='word_1_736' title='bbox 1644 2484 1727 2511; x_wconf 68' lang='grc' dir='ltr'><strong>(ηπε-</strong></span> 
     </span>
    </p>
   </div>
   <div class='ocr_carea' id='block_1_110' title="bbox 941 2528 1724 2562">
    <p class='ocr_par' dir='ltr' id='par_1_110' title="bbox 941 2528 1724 2562">
     <span class='ocr_line' id='line_1_110' title="bbox 941 2528 1724 2562; baseline -0.003 -5"><span class='ocrx_word' id='word_1_737' title='bbox 941 2533 1016 2562; x_wconf 88' lang='lat' dir='ltr'><strong>runt,</strong></span> <span class='ocrx_word' id='word_1_738' title='bbox 1025 2530 1108 2557; x_wconf 87' lang='lat' dir='ltr'><strong>etiam</strong></span> <span class='ocrx_word' id='word_1_739' title='bbox 1124 2529 1271 2557; x_wconf 90' lang='lat' dir='ltr'><strong>verborum</strong></span> <span class='ocrx_word' id='word_1_740' title='bbox 1289 2532 1420 2560; x_wconf 84' lang='lat' dir='ltr'><strong>tenore,a</strong></span> <span class='ocrx_word' id='word_1_741' title='bbox 1433 2528 1603 2557; x_wconf 86' lang='lat' dir='ltr'><strong>Nestorianis</strong></span> <span class='ocrx_word' id='word_1_742' title='bbox 1629 2528 1664 2556; x_wconf 88' lang='lat' dir='ltr'><strong>de</strong></span> <span class='ocrx_word' id='word_1_743' title='bbox 1685 2528 1724 2555; x_wconf 90' lang='lat' dir='ltr'><strong>in-</strong></span> 
     </span>
    </p>
   </div>
   <div class='ocr_carea' id='block_1_111' title="bbox 940 2574 1725 2608">
    <p class='ocr_par' dir='ltr' id='par_1_111' title="bbox 940 2574 1725 2608">
     <span class='ocr_line' id='line_1_111' title="bbox 940 2574 1725 2608; baseline -0.001 -6"><span class='ocrx_word' id='word_1_744' title='bbox 940 2575 1100 2602; x_wconf 81' lang='lat' dir='ltr'><strong>carnatione</strong></span> <span class='ocrx_word' id='word_1_745' title='bbox 1114 2574 1299 2605; x_wconf 84' lang='lat' dir='ltr'><strong>sermonibus,</strong></span> <span class='ocrx_word' id='word_1_746' title='bbox 1325 2574 1490 2606; x_wconf 88' lang='lat' dir='ltr'><strong>ostendunt,</strong></span> <span class='ocrx_word' id='word_1_747' title='bbox 1506 2574 1644 2608; x_wconf 89' lang='lat' dir='ltr'><strong>quomodo</strong></span> <span class='ocrx_word' id='word_1_748' title='bbox 1661 2578 1725 2601; x_wconf 87' lang='lat' dir='ltr'><strong>tunc</strong></span> 
     </span>
    </p>
   </div>
   <div class='ocr_carea' id='block_1_112' title="bbox 940 2618 1726 2651">
    <p class='ocr_par' dir='ltr' id='par_1_112' title="bbox 940 2618 1726 2651">
     <span class='ocr_line' id='line_1_112' title="bbox 940 2618 1726 2651; baseline -0.003 -4"><span class='ocrx_word' id='word_1_749' title='bbox 940 2620 1055 2647; x_wconf 80' lang='lat' dir='ltr'><strong>aﬂ&#39;cctus</strong></span> <span class='ocrx_word' id='word_1_750' title='bbox 1068 2621 1159 2647; x_wconf 89' lang='lat' dir='ltr'><strong>animo</strong></span> <span class='ocrx_word' id='word_1_751' title='bbox 1173 2619 1268 2651; x_wconf 88' lang='lat' dir='ltr'><strong>fuerit,</strong></span> <span class='ocrx_word' id='word_1_752' title='bbox 1285 2626 1348 2646; x_wconf 86' lang='lat' dir='ltr'><strong>cum</strong></span> <span class='ocrx_word' id='word_1_753' title='bbox 1368 2619 1513 2646; x_wconf 88' lang='lat' dir='ltr'><strong>scriberet.</strong></span> <span class='ocrx_word' id='word_1_754' title='bbox 1529 2619 1558 2646; x_wconf 93' lang='lat' dir='ltr'><strong>ld</strong></span> <span class='ocrx_word' id='word_1_755' title='bbox 1578 2623 1664 2646; x_wconf 91' lang='lat' dir='ltr'><strong>totum</strong></span> <span class='ocrx_word' id='word_1_756' title='bbox 1686 2618 1726 2646; x_wconf 84' lang='lat' dir='ltr'><strong>fa-</strong></span> 
     </span>
    </p>
   </div>
   <div class='ocr_carea' id='block_1_113' title="bbox 940 2664 1724 2700">
    <p class='ocr_par' dir='ltr' id='par_1_113' title="bbox 940 2664 1724 2700">
     <span class='ocr_line' id='line_1_113' title="bbox 940 2664 1724 2700; baseline 0 -8"><span class='ocrx_word' id='word_1_757' title='bbox 940 2665 992 2693; x_wconf 89' lang='lat' dir='ltr'><strong>cile</strong></span> <span class='ocrx_word' id='word_1_758' title='bbox 1004 2666 1121 2700; x_wconf 89' lang='lat' dir='ltr'><strong>quisque</strong></span> <span class='ocrx_word' id='word_1_759' title='bbox 1138 2665 1284 2700; x_wconf 78' lang='lat' dir='ltr'><strong>intelliget,</strong></span> <span class='ocrx_word' id='word_1_760' title='bbox 1299 2664 1347 2699; x_wconf 88' lang='lat' dir='ltr'><strong>qui</strong></span> <span class='ocrx_word' id='word_1_761' title='bbox 1365 2664 1420 2692; x_wconf 90' lang='lat' dir='ltr'><strong>alia</strong></span> <span class='ocrx_word' id='word_1_762' title='bbox 1443 2672 1506 2692; x_wconf 91' lang='lat' dir='ltr'><strong>cum</strong></span> <span class='ocrx_word' id='word_1_763' title='bbox 1522 2665 1583 2691; x_wconf 86' lang='lat' dir='ltr'><strong>aliis</strong></span> <span class='ocrx_word' id='word_1_764' title='bbox 1599 2665 1724 2692; x_wconf 82' lang='lat' dir='ltr'><strong>conferre</strong></span> 
     </span>
    </p>
   </div>
   <div class='ocr_carea' id='block_1_114' title="bbox 940 2711 1067 2739">
    <p class='ocr_par' dir='ltr' id='par_1_114' title="bbox 940 2711 1067 2739">
     <span class='ocr_line' id='line_1_114' title="bbox 940 2711 1067 2739; baseline -0.008 -1"><span class='ocrx_word' id='word_1_765' title='bbox 940 2711 1067 2739; x_wconf 85' lang='lat' dir='ltr'><strong>voluerit.</strong></span> 
     </span>
    </p>
   </div>
   <div class='ocr_carea' id='block_1_115' title="bbox 980 2763 1690 2826">
    <p class='ocr_par' dir='ltr' id='par_1_115' title="bbox 980 2763 1690 2826">
     <span class='ocr_line' id='line_1_115' title="bbox 980 2763 1690 2826; baseline 0.004 -36"><span class='ocrx_word' id='word_1_766' title='bbox 980 2763 993 2798; x_wconf 65' lang='grc' dir='ltr'><strong>ξ</strong></span> <span class='ocrx_word' id='word_1_767' title='bbox 1007 2764 1049 2791; x_wconf 86' lang='lat' dir='ltr'><strong>IV.</strong></span> <span class='ocrx_word' id='word_1_768' title='bbox 1066 2764 1102 2790; x_wconf 85' lang='lat' dir='ltr'><strong>De</strong></span> <span class='ocrx_word' id='word_1_769' title='bbox 1112 2764 1238 2791; x_wconf 75' lang='lat' dir='ltr'><strong>curandis</strong></span> <span class='ocrx_word' id='word_1_770' title='bbox 1252 2765 1430 2826; x_wconf 48' lang='lat' dir='ltr'><strong>aﬁzgggﬁus</strong></span> <span class='ocrx_word' id='word_1_771' title='bbox 1455 2765 1606 2793; x_wconf 62' lang='lat' dir='ltr'><strong>Graecorum</strong></span> <span class='ocrx_word' id='word_1_772' title='bbox 1630 2766 1690 2793; x_wconf 77' lang='lat' dir='ltr'><strong>libri</strong></span> 
     </span>
    </p>
   </div>
   <div class='ocr_carea' id='block_1_116' title="bbox 938 2843 1722 2881">
    <p class='ocr_par' dir='ltr' id='par_1_116' title="bbox 938 2843 1722 2881">
     <span class='ocr_line' id='line_1_116' title="bbox 938 2843 1722 2881; baseline 0 -9"><span class='ocrx_word' id='word_1_773' title='bbox 938 2843 944 2848; x_wconf 90' lang='grc'><em>’</em></span> <span class='ocrx_word' id='word_1_774' title='bbox 976 2845 996 2872; x_wconf 95' lang='grc'>1.</span> <span class='ocrx_word' id='word_1_775' title='bbox 1015 2845 1112 2872; x_wconf 80' lang='lat' dir='ltr'><strong>Libros</strong></span> <span class='ocrx_word' id='word_1_776' title='bbox 1127 2844 1260 2880; x_wconf 72' lang='lat' dir='ltr'><strong>ejusmodi</strong></span> <span class='ocrx_word' id='word_1_777' title='bbox 1279 2845 1423 2873; x_wconf 86' lang='lat' dir='ltr'><strong>duodecim</strong></span> <span class='ocrx_word' id='word_1_778' title='bbox 1448 2846 1571 2881; x_wconf 78' lang='lat' dir='ltr'><strong>agnoscit</strong></span> <span class='ocrx_word' id='word_1_779' title='bbox 1595 2845 1722 2872; x_wconf 81' lang='lat' dir='ltr'><strong>Theodo-</strong></span> 
     </span>
    </p>
   </div>
   <div class='ocr_carea' id='block_1_117' title="bbox 941 2891 1724 2926">
    <p class='ocr_par' dir='ltr' id='par_1_117' title="bbox 941 2891 1724 2926">
     <span class='ocr_line' id='line_1_117' title="bbox 941 2891 1724 2926; baseline 0 -9"><span class='ocrx_word' id='word_1_780' title='bbox 941 2895 1016 2918; x_wconf 81' lang='lat' dir='ltr'><strong>retus</strong></span> <span class='ocrx_word' id='word_1_781' title='bbox 1034 2891 1109 2918; x_wconf 81' lang='lat' dir='ltr'><strong>velut</strong></span> <span class='ocrx_word' id='word_1_782' title='bbox 1134 2899 1209 2923; x_wconf 79' lang='lat' dir='ltr'><strong>suos,</strong></span> <span class='ocrx_word' id='word_1_783' title='bbox 1234 2895 1291 2918; x_wconf 90' lang='lat' dir='ltr'><strong>tum</strong></span> <span class='ocrx_word' id='word_1_784' title='bbox 1317 2891 1344 2918; x_wconf 94' lang='lat' dir='ltr'><strong>in</strong></span> <span class='ocrx_word' id='word_1_785' title='bbox 1382 2891 1506 2926; x_wconf 81' lang='lat' dir='ltr'><strong>epistolis</strong></span> <span class='ocrx_word' id='word_1_786' title='bbox 1533 2891 1566 2918; x_wconf 90' lang='lat' dir='ltr'><strong>ad</strong></span> <span class='ocrx_word' id='word_1_787' title='bbox 1598 2895 1724 2918; x_wconf 83' lang='lat' dir='ltr'><strong>sanctum</strong></span> 
     </span>
    </p>
   </div>
  </div>
