1967 3047
226 222 277 254 347

229 278 347 304 Leonem
361 280 387 302 et
400 275 532 302 Renatum
545 273 579 303 ⁸⁵,
599 276 657 298 tmn
679 269 829 305 qumslione
855 268 882 294 in
909 265 1012 293 Leviti—

229 328 304 352 cum,
317 322 325 330 ‘
338 328 389 355 qua
405 319 526 345 tie-causa
543 316 612 343 Deus
625 316 673 342 sibi
688 314 821 348 sacriﬁcia
836 312 924 348 oﬁ'crri
945 318 1012 346 pra:-

231 366 336 401 ceperit,
357 363 405 391 ubi
422 367 540 398 quatuor
565 362 681 388 aliorum
702 366 817 394 operum
845 357 1013 384 mentionem

231 411 305 438 facit.
322 419 331 435 ‹
347 409 385 436 De
404 408 458 440 his,
474 407 572 442 inquit,
586 407 705 434 diximus
721 405 815 432 multis
826 405 852 431 in
864 403 942 434 locis,
957 406 1014 428 tum

232 455 259 481 in
267 454 321 485 his,
335 461 395 488 qua:
411 457 506 480 contra
521 452 630 480 Grzecos
642 450 814 485 scripsimus,
837 454 864 475 et
885 448 1016 475 adversus

233 500 360 530 hzcrescs,
376 503 431 525 tum
444 499 472 524 in
483 498 527 529 iis,
545 505 605 532 quae
622 497 756 524 adversus
768 502 870 529 magos,
885 497 1016 527 prmterca

233 545 260 572 in
278 544 500 572 enarrationibus
529 543 712 573 Psalmorum,
739 545 766 567 et
783 540 810 566 in
834 537 1016 573 Epistolarum

233 589 446 625 apostolicarum
463 587 676 616 commentariis.
694 596 702 611 ι

270 635 302 661 ll.
318 634 415 661 Mirum
430 641 498 660 vero
512 632 621 663 accidit,
636 639 725 666 neque
737 638 751 657 a
765 629 862 657 I‘hotio
872 629 904 660 “,
930 634 1019 662 neque

234 687 250 705 a
263 678 418 712 Nicephoro
430 677 567 704 reCcnscri
587 685 656 711 opus
674 681 726 703 tam
743 674 1019 709 exquisitum,totque

237 723 315 750 libris
328 722 557 756 comprehensum
573 729 579 747 :
601 721 648 748 Sed
669 720 726 747 ﬁeri
736 719 836 754 potuit,
850 722 881 746 ut
894 718 921 745 in
935 717 1022 744 mani-

237 767 289 794 bus
301 767 424 794 omnium
438 775 492 794 non
503 770 585 798 esset,
598 770 710 800 propter
726 763 895 792 reconditam
917 762 1020 789 doctri-

238 820 301 839 nam
318 812 400 847 399
410 817 569 844 externam;
582 816 609 838 et
621 811 770 846 scriptores
785 810 825 837 illi
850 809 905 836 duo
927 807 1023 835 memi-

239 858 330 885 nerint
345 859 477 884 duntaxat
491 865 617 892 operum,
635 865 696 891 quin
708 856 790 890 vulgo
804 859 868 882 nota
881 858 985 881 essent.

277 906 320 933 Ill.
330 906 441 933 Editum
453 910 495 933 est
508 910 569 932 ante
585 913 685 932 annum
700 904 762 935 4⁵58,
778 903 913 938 siquidem
927 909 1022 928 recen-

240 956 315 978 sctur
324 959 338 978 a
354 951 526 978 Theodoreto
539 950 610 977 inter
622 957 705 984 opera
720 948 865 976 duodecim
876 951 937 974 ante
945 946 1025 973 annis

240 995 390 1030 composita
401 1016 408 1027 ,
424 1003 505 1030 quam
523 995 608 1022 Leoni
629 995 724 1029 Magno
745 993 879 1020 scriberet
893 1001 899 1018 :
916 991 1026 1026 scripsit

240 1048 306 1068 vero
320 1049 392 1068 anno
404 1041 465 1067 449.

276 1086 319 1112 IV.
332 1085 409 1113 Stare
424 1085 510 1120 igitur
520 1092 574 1111 non
592 1087 681 1119 potest
691 1082 867 1110 illustrissimi
882 1081 1025 1108 Annalium

240 1130 383 1164 scriptoris
407 1129 560 1160 sententia,
585 1128 733 1163 opinantis,
760 1127 942 1162 compositum
967 1133 1027 1152 esse

242 1179 303 1209 post
315 1174 400 1209 legem
417 1173 564 1201 Theodosii
580 1173 714 1200 adversus
729 1172 845 1207 gentiles
855 1172 944 1198 datam
955 1178 1027 1197 anno

241 1219 303 1250 459,
324 1219 414 1255 pridie
433 1219 491 1246 Kal.
515 1218 596 1246 Febr.
618 1217 827 1252 Constant-imp.
855 1216 889 1244 ad
914 1215 1028 1243 Floren—

243 1263 321 1290 tium.

276 1308 308 1336 ν.
341 1307 424 1335 Suam
454 1307 617 1335 sententiam
638 1306 772 1333 Baronius
799 1313 832 1332 ex
858 1313 891 1332 eo
922 1304 1030 1332 videtur

243 1353 406 1384 t-clifecisse,
422 1353 494 1388 quod
505 1353 542 1380 ait
555 1352 746 1379 Theodoretus
764 1352 816 1378 sub
826 1351 908 1377 ﬁnem
926 1358 1029 1377 sermo-

244 1398 288 1425 nis
307 1397 437 1432 septimi,
453 1405 514 1424 cum
538 1397 697 1424 hortaretur
718 1396 844 1431 gentiles,
868 1399 899 1422 ut
922 1395 1030 1430 rejectis

244 1443 302 1470 suis
319 1442 471 1474 sacriﬁciis,
493 1441 658 1469 sacriﬁcium
681 1441 771 1468 laudis
789 1440 921 1468 oﬁ‘errent
950 1440 1005 1467 Deo
1022 1448 1030 1466 :

250 1497 259 1513 ι
277 1487 359 1515 Vobis
374 1491 404 1514 ut
422 1488 459 1514 ita
472 1487 588 1519 faciatis,
603 1487 786 1522 persuadeant
806 1494 860 1513 non
875 1486 1031 1520 principum

246 1533 330 1568 leges,
343 1540 432 1567 neque
452 1533 650 1568 suppliciorum
667 1537 770 1563 metus,
785 1531 833 1559 sed
845 1531 969 1558 veritatis
981 1539 1030 1566 po-

770 213 957 244 GARNERII
978 207 1223 241 DISSERTATIO
1245 205 1274 235 II

1028 265 1049 293 Α
1062 262 1203 293 habuisse,
1216 266 1297 294 quem
1306 259 1437 287 verteret,
1450 258 1496 281 aut
1510 250 1674 280 Theodoreti
1685 255 1795 276 sensum
1807 255 1849 273 as-

1798 191 1850 222 348

1064 311 1183 336 secutus.
1197 305 1274 339 Legit
1291 303 1364 331 enim
1379 311 1386 329 :
1403 301 1471 332 Τοὺς
1482 299 1509 326 δὲ
1526 299 1581 329 τοῖς
1596 295 1744 330 ἀλλοτρίοις
1757 294 1851 326 ἐντυγ-

1066 354 1194 388 χάνοντεις
1218 350 1307 379 πόνοις
1339 345 1501 382 παρακαλῶ,
1516 348 1658 374 etc.,cum
1682 338 1854 367 emendatior

1066 384 1153 426 i‘ulvii
1180 395 1271 424 Ursini
1301 393 1383 421 lectio
1408 391 1507 418 habeat
1525 389 1548 405 °‘
1566 389 1622 418 rei;
1640 386 1667 412 δὲ
1693 386 1749 416 τοῖς
1775 384 1853 410 ἀλλο-

1065 441 1161 477 τρίοις,
1174 444 1228 467 etc.
1240 437 1328 466 Vertit
1339 437 1421 464 etiam
1439 441 1532 462 vocem
1549 434 1620 460 hanc
1632 429 1779 464 ἀλλοτρίοις
1788 428 1855 455 alio-

1066 495 1137 518 rum,
1156 493 1218 512 cum
1232 483 1372 511 debuisset
1388 481 1488 508 alienus
1502 488 1517 506 (ι
1531 479 1591 506 vitae
1603 476 1734 512 proposito
1750 483 1758 502 :
1771 481 1854 500 excu-

1068 531 1174 559 satione
1193 529 1266 557 enim
1277 527 1468 554 Tlieodoretus
1483 525 1581 555 utitur,
1603 521 1676 556 quod
1692 521 1720 547 in
1733 517 1856 546 externis

1069 576 1170 604 litteris
1184 573 1359 610 profanisque
1371 571 1440 598 adeo
1453 571 1489 597 sit
1503 573 1627 596 versatus
1640 567 1681 593 vir
1702 565 1855 598 theologus,

1071 621 1229 652 innutritus,
1242 624 1272 647 ut
1284 620 1341 654 ipse
1353 618 1419 645 alias
1433 616 1509 647 dicit,
1523 623 1536 642 a
1546 613 1664 648 pueritia
1676 611 1762 639 sacris
1775 610 1858 636 Litte-

1072 669 1118 695 ris.
1130 668 1164 694 Et
1176 674 1242 693 vero
1256 663 1421 698 Acciajolum
1436 670 1450 688 a
1466 668 1514 688 sua
1529 659 1610 695 400
1620 656 1756 685 sententia
1769 654 1858 681 dimo—

1072 720 1135 741 vere
1147 712 1298 739 debuerant
1311 716 1370 743 quzr.
1384 710 1547 741 sequuntur.
1562 704 1631 731 Sunt
1641 702 1714 730 enim
1726 698 1858 728 solemnia

1072 759 1156 786 verba
1178 755 1297 783 hominis
1317 754 1350 781 de
1364 760 1447 787 opere
1470 759 1520 778 suo
1535 771 1541 783 ,
1570 757 1626 777 non
1652 748 1686 775 de
1710 747 1800 774 alieno
1817 745 1858 771 lo-

1073 803 1192 840 quentis.

1109 859 1154 888 lx.
1180 858 1350 894 Coniectura:
1371 854 1557 882 inﬁrmitatem
1578 851 1649 878 alius
1672 848 1764 876 forsan
1781 854 1814 873 ex
1827 852 1860 872 eo

1074 904 1220 940 probaret,
1237 890 1309 936 quod
1329 901 1441 927 alteram
1459 897 1648 924 Tbcodoretus
1671 894 1729 928 ipse
1742 890 1862 918 occasio-

1076 958 1138 977 nem
1161 947 1298 976 scribendi
1322 942 1557 973 commemorctin
1581 939 1742 968 Praefatione
1759 936 1860 971 operis.

1081 1006 1089 1022 ‹
1107 995 1310 1029 Smpenumero,
1332 990 1432 1025 inquit,
1449 987 1558 1017 accidit,
1574 989 1604 1012 ut
1627 983 1750 1011 nonnulli
1766 988 1861 1008 eorum

1077 1041 1123 1075 qui
1138 1027 1262 1074 suspensi
1279 1037 1435 1064 Gratccrum
1450 1031 1591 1068 gentilium
1608 1029 1714 1056 fabulas
1724 1027 1863 1054 admiran-

1078 1091 1133 1118 tur,
1148 1091 1255 1112 mecum
1269 1081 1431 1109 familiarius
1446 1076 1596 1112 congressi,
1612 1080 1669 1102 tum
1680 1072 1863 1100 Christianam

1079 1133 1158 1159 ﬁdem
1170 1135 1288 1158 nostram
1299 1127 1465 1157 deriderent,
1475 1126 1627 1151 asserentes
1636 1119 1704 1147 nihil
1716 1126 1767 1145 nos
1782 1116 1863 1147 aliud,

1078 1185 1160 1212 quam
1173 1182 1275 1202 lituram
1290 1171 1490 1200 credulitatem,
1505 1167 1645 1194 insinuare
1659 1164 1723 1194 illis,
1737 1169 1806 1197 quos
1821 1160 1864 1187 di-

1078 1221 1151 1249 vinis
1158 1221 1240 1247 rebus
1251 1217 1413 1246 imbuendos
1425 1214 1591 1249 accipimus;
1610 1215 1667 1237 tum
1681 1216 1746 1235 vero
1759 1211 1787 1234 et
1802 1213 1866 1240 apo.

1078 1268 1162 1295 stolos
1173 1265 1287 1293 inscitius
1298 1265 1470 1292 accusarent,
1488 1259 1621 1286 barbaros
1638 1258 1783 1290 propterea
1794 1259 1866 1278 nun-

1080 1317 1221 1348 cupantes,
1236 1309 1309 1345 quod
1328 1307 1401 1335 omni
1426 1309 1538 1333 careant
1561 1301 1726 1330 elocutionis
1749 1302 1866 1330 ornatu;

1080 1360 1146 1394 quin
1160 1364 1187 1385 et
1200 1355 1345 1384 ridiculum
1364 1361 1424 1380 esse
1440 1351 1579 1381 dicebant,
1593 1347 1666 1382 quod
1677 1347 1782 1373 honore
1798 1352 1870 1371 mar-

1082 1410 1155 1441 tyres
1172 1407 1384 1438 prosequamur;
1406 1403 1434 1426 et
1449 1396 1563 1430 insignis
1581 1393 1714 1423 stultitim,
1735 1391 1758 1418 si
1774 1390 1871 1417 viven-

1081 1455 1122 1477 tes
1133 1448 1211 1475 abiis
1223 1447 1269 1481 qui
1279 1446 1334 1473 vita
1347 1443 1432 1471 functi
1442 1446 1515 1471 stitit,
1529 1440 1614 1467 ullum
1627 1438 1679 1465 sibi
1696 1434 1868 1463 commodum

1083 1501 1240 1529 comparare
1255 1490 1431 1519 contendant.
1446 1487 1613 1522 Adjecerunt
1631 1488 1658 1511 et
1680 1483 1732 1510 alia
1745 1481 1868 1516 quzedam

1085 1526 1194 1575 generis
1208 1536 1341 1572 ejusdem,
1356 1542 1416 1569 quae
1437 1532 1495 1560 suis
1509 1530 1576 1558 locis
1592 1529 1662 1556 liber
1675 1528 1720 1555 hic
1733 1526 1869 1553 edocebit.

248 1579 342 1606 tentia.
351 1586 412 1613 quae
422 1579 505 1606 maris
512 1586 544 1606 ac
555 1583 633 1606 terra
642 1578 786 1604 incolisest
791 1577 846 1612 jam
857 1576 1008 1608 notissima.
1020 1586 1028 1601 ι

1086 1573 1141 1620 Εεο
1155 1591 1222 1611 vero
1239 1587 1266 1610 et
1277 1579 1395 1616 explicui
1415 1583 1480 1605 tunc
1496 1576 1560 1607 illis,
1575 1582 1635 1609 quae
1651 1573 1743 1601 aderri
1759 1575 1871 1606 oporte-

248 1624 302 1652 Sed
315 1632 375 1659 quae
395 1624 468 1659 leges
482 1623 638 1658 principum
659 1623 860 1657 intelligantur,
879 1629 943 1648 mox
959 1621 1034 1649 dicc-

249 1678 312 1697 mus
327 1679 334 1697 :
352 1670 432 1705 longe
443 1670 516 1696 enim
531 1674 596 1696 sunt
609 1669 683 1701 aliae,
696 1675 778 1704 quam
790 1675 851 1703 quae
862 1667 1036 1694 adducuntur

249 1723 265 1742 a
282 1714 441 1742 doctissimo
452 1713 600 1741 cardinale.

281 1760 326 1788 Vl.
342 1759 401 1792 Quo
413 1760 497 1794 igitur
516 1759 628 1786 deﬁnite
641 1763 763 1793 tempore
783 1758 894 1792 scripsit
909 1757 1037 1784 Theodo-

252 1809 328 1833 retus
338 1805 349 1831 ?
361 1804 459 1832 Audivi
470 1804 517 1839 qui
533 1804 681 1839 conjiceret
693 1804 745 1831 hoc
765 1810 834 1838 opus
848 1803 1037 1831 elucubratum

251 1857 314 1878 esse
324 1850 434 1877 circiter
444 1857 546 1876 annum
558 1849 610 1876 455
622 1869 628 1882 ,
641 1853 689 1876 aut
700 1849 766 1881 454;
776 1848 855 1883 quasi
869 1853 936 1876 tunc
947 1847 1038 1875 Theo-

253 1896 377 1928 doretus,
391 1900 535 1930 postquam
549 1895 615 1930 legit
631 1895 786 1922 elaboratos
800 1902 815 1921 a
826 1894 927 1928 Cyrillo
942 1893 1039 1921 adver-

253 1948 303 1968 sus
317 1941 455 1968 lulianum
471 1941 567 1971 libros,
579 1940 699 1967 voluerit
712 1945 741 1968 et
754 1940 811 1975 ipse
825 1939 964 1974 specimen
975 1939 1040 1966 dare

253 1986 387 2014 doctrina:
398 2005 406 2018 ,
422 1986 451 2012 in
474 1985 631 2013 refellendis
652 1985 819 2017 Graecorum,
832 1984 861 2011 id
880 1988 937 2016 est,
954 1983 1042 2018 genti-

253 2031 334 2064 lium,
349 2031 512 2066 quiJuliano
529 2031 680 2066 imperante
689 2034 892 2066 resumpserunt
909 2029 1040 2062 animum,

255 2077 388 2105 adversus
408 2077 489 2104 ﬁdem
507 2076 691 2104 Christianam
705 2076 860 2104 calumniis.

289 2123 344 2151 νη.
368 2122 445 2150 Hanc
466 2123 653 2158 conjecturam
667 2122 780 2158 juvabat
801 2121 932 2149 extremis
952 2120 1044 2148 verbis

258 2168 456 2196 Praefationis"
474 2177 481 2195 :
499 2178 508 2194 α
524 2168 622 2196 Oratos
632 2172 726 2195 autem
741 2167 833 2198 velim,
846 2167 1003 2202 quicunque
1016 2165 1044 2193 in

256 2213 374 2241 aliorum
388 2213 595 2241 lucubrationes
605 2213 762 2245 inciderint,
771 2218 813 2245 ut,
827 2212 962 2247 siquidem
973 2211 1044 2239 bene

1086 1617 1133 1658 bat
1152 1629 1185 1656 ad
1208 1627 1350 1656 maledicta
1363 1623 1503 1652 solvenda.
1518 1621 1657 1649 Nefarium
1669 1623 1760 1646 autem
1775 1622 1803 1644 et
1817 1617 1870 1643 im-

1086 1675 1162 1710 pium
1185 1681 1245 1701 esse
1267 1672 1343 1703 duxi,
1357 1671 1380 1697 si
1404 1668 1578 1705 simplicioris
1593 1671 1665 1694 notas
1686 1665 1813 1692 homines
1839 1663 1873 1689 ah

1088 1721 1197 1749 illorum
1206 1719 1262 1746 falli
1276 1716 1407 1746 versutiis
1420 1718 1540 1750 paterer.
1558 1723 1568 1739 ι

1123 1788 1157 1816 X.
1173 1786 1301 1822 Speciosa
1322 1784 1433 1820 quidem
1455 1783 1512 1809 haec
1534 1779 1684 1810 excusatio,
1709 1785 1764 1804 non
1785 1781 1873 1803 tamen

1089 1835 1276 1869 conjecturam
1296 1829 1429 1865 infringit.
1443 1835 1506 1855 cum
1527 1826 1596 1853 alius
1612 1825 1647 1852 sit
1659 1830 1730 1858 saepe
1743 1822 1790 1857 qui
1807 1829 1876 1856 prte-

1090 1868 1221 1910 tcnditur,
1233 1877 1303 1905 alius
1320 1875 1368 1911 qui
1386 1873 1510 1909 impellit,
1526 1870 1611 1898 animi
1628 1870 1752 1897 aﬁ'cctus.
1776 1868 1875 1894 Verum

1092 1927 1149 1954 haec
1162 1924 1231 1952 nihil
1248 1923 1283 1950 ad
1299 1926 1417 1956 tempus,
1438 1918 1512 1954 quod
1526 1916 1643 1944 certiore
1662 1915 1753 1948 aliqua
1771 1912 1876 1939 ratione

1092 1968 1277 2005 indagandum
1288 1971 1339 1994 est.

1125 2027 1170 2054 XI.
1187 2025 1269 2052 Praeit
1281 2030 1347 2050 vero
1356 2020 1504 2049 eardinalis
1518 2018 1661 2048 Barcinus,
1675 2023 1736 2043 cum
1754 2013 1880 2041 Theodo-

1093 2076 1182 2100 retum
1194 2069 1335 2104 scripsisse
1354 2066 1392 2094 ait
1403 2065 1547 2093 occasione
1558 2063 1626 2098 legis
1637 2070 1652 2089 a
1665 2060 1819 2091 Theodosio
1831 2058 1880 2086 ad-

1074 2127 1079 2130 '
1094 2124 1189 2146 versus
1198 2121 1316 2150 paganos
1326 2114 1387 2140 lata:
1404 2121 1409 2138 :
1424 2119 1487 2138 nam
1503 2118 1566 2138 cum
1580 2107 1694 2142 intelligi
1705 2110 1824 2141 nequeat
1838 2105 1881 2131 lcx

1095 2163 1151 2194 illa,
1165 2147 1226 2196 quin
1234 2147 1282 2186 ‘ad
1294 2147 1401 2186 'annum
1416 2156 1468 2184 459
1486 2155 1615 2186 refertur,
1630 2153 1706 2188 prior
1727 2152 1817 2186 aliqua
1837 2150 1881 2176 in-

1095 2207 1229 2244 quirenda
1240 2210 1292 2237 est,
1305 2212 1367 2232 cum
1377 2211 1430 2238 qua
1444 2200 1609 2229 Theodoreti
1624 2199 1695 2226 dicta
1707 2196 1881 2227 conveniant,

258 2258 360 2286 habent
371 2259 462 2286 omnia
472 2266 533 2293 quae
544 2258 645 2293 scripta
666 2262 740 2290 sunt,
761 2258 846 2284 Deum
861 2243 982 2288 iaudent,
996 2255 1043 2290 qui
1061 2261 1082 2288 ι)
1096 2243 1124 2282 et
1138 2261 1191 2288 qua
1204 2253 1353 2286 imperator
1368 2255 1477 2284 pcenam
1492 2247 1590 2281 capitis
1604 2243 1822 2272 sacriﬁcantibus
1833 2250 1882 2276 pa-

259 2303 329 2331 bene
340 2303 479 2331 scribendi
492 2303 649 2331 facultatem
661 2302 746 2333 dedit,
765 2302 888 2337 ipsisque
896 2301 965 2329 adeo
978 2300 1044 2327 scri-

259 2348 385 2382 ptoribus
397 2349 468 2376 bene
478 2353 641 2383 precentur;
655 2349 697 2375 sin
710 2356 776 2376 vero
788 2348 879 2382 aliqua
891 2345 1044 2374 desiderari

260 2393 416 2425 vidcantur,
431 2401 465 2420 ne
478 2394 576 2421 borum
587 2401 669 2421 causa
682 2398 780 2421 cuncta
789 2392 984 2423 condemnem,
997 2391 1046 2418 sed

259 2446 295 2466 ex
311 2438 345 2465 iis
353 2438 454 2473 potius,
465 2446 526 2472 qua:
536 2443 610 2466 recte
621 2437 722 2472 scripta
736 2438 863 2470 viderint,
872 2436 1046 2464 emolumen-

261 2491 320 2511 tum
338 2483 391 2511 sibi
406 2488 574 2518 comparent.
595 2493 604 2508 ι
717 2483 724 2488 ’

296 2527 364 2554 Vill.
381 2527 482 2555 Verum
503 2527 612 2554 inﬁrma
629 2531 672 2555 est
691 2527 849 2562 conjectura
866 2534 947 2554 :nnm
961 2531 1047 2555 totum

263 2571 350 2606 ipsius
372 2576 542 2600 momentum
554 2580 588 2600 ex
600 2580 632 2600 ea
646 2573 704 2600 sola
720 2580 786 2600 voce
803 2572 917 2606 pendet,
933 2572 1049 2600 aliorum

261 2618 475 2651 lucubrationes;
489 2618 563 2646 unde
578 2619 652 2646 enim
664 2623 797 2654 praeterea
806 2619 817 2645 ?
825 2618 860 2645 At
871 2626 927 2645 non
940 2618 1050 2646 videtur

264 2663 417 2700 Acciajolus
434 2665 580 2700 interpres,
608 2670 656 2692 aut
677 2670 818 2700 expertem
836 2664 895 2692 vitii
927 2664 1050 2691 codicem

1092 2287 1170 2335 ganis
1188 2301 1298 2325 statuat.
1314 2295 1384 2326 Sunt
1396 2298 1488 2322 autem
1506 2291 1641 2327 ejusmodi
1653 2290 1724 2321 duae,
1734 2296 1802 2323 quas
1827 2287 1885 2314 suis

1093 2344 1239 2373 Annalibus
1252 2341 1386 2369 Batonius
1406 2338 1523 2366 inseruit
1544 2346 1550 2364 :
1571 2337 1656 2364 altera
1669 2342 1741 2362 anno
1753 2333 1813 2364 4'23,
1826 2332 1859 2359 ad
1877 2332 1884 2340 '

1094 2388 1317 2424 Asclepiodotum
1344 2384 1503 2420 praefectum
1525 2382 1652 2417 przetorio
1675 2389 1682 2407 :
1703 2380 1789 2406 altera
1813 2385 1886 2404 anno

1095 2437 1157 2469 428,
1168 2436 1202 2463 ad
1218 2434 1352 2462 lsidorum
1363 2432 1457 2458 itidem
1468 2429 1628 2465 praefectum
1642 2425 1780 2462 praetorio.
1793 2424 1888 2451 Poste—

1096 2481 1194 2512 rioris,
1218 2488 1272 2514 qua
1298 2486 1353 2505 non
1381 2481 1487 2504 tantum
1511 2473 1647 2502 sacriﬁcia
1687 2470 1887 2505 prohibentur,

1098 2526 1289 2561 sedjubentur
1303 2523 1387 2550 etiam
1408 2521 1481 2552 fana,
1498 2519 1599 2553 templa
1618 2521 1645 2544 et
1661 2516 1779 2543 delubra
1800 2514 1887 2545 dirui,

1099 2559 1225 2600 meminit
1239 2569 1429 2597 Theodoretus
1450 2567 1499 2593 lib.
1513 2573 1529 2591 v
1549 2564 1648 2592 Hister.
1664 2562 1754 2589 ecclcs.
1770 2568 1829 2594 cap.
1843 2559 1888 2591 56,

1101 2619 1145 2646 his
1164 2615 1288 2644 verbis"
1303 2624 1309 2642 :
1333 2624 1341 2639 ε
1358 2614 1417 2649 ipsa
1438 2612 1572 2639 idolorum
1588 2609 1713 2639 delubra,
1734 2614 1795 2641 quae
1805 2609 1892 2632 resta-

1103 2663 1180 2694 bant,
1198 2660 1321 2688 funditus
1336 2658 1409 2686 dirui
1430 2657 1522 2692 jussit,
1547 2660 1578 2682 ut
1594 2662 1628 2682 ne
1648 2653 1721 2688 quod
1735 2650 1892 2687 posteritati

934 2739 1090 2768 SCIIULZII
1106 2737 1210 2766 NOT/E

303 2804 325 2819 ⁸⁸
337 2803 400 2831 Vid.
417 2803 509 2838 epist:
521 2802 572 2838 ηδ
584 2806 612 2828 et
624 2800 684 2827 “6.

354 2803 400 2844 rid.
417 2802 572 2844 epist.nii3
584 2806 612 2828 et
624 2800 684 2844 μϐ..
697 2800 755 2844 Lf“
765 2799 828 2844 yid".
846 2805 938 2833 supra,
958 2805 984 2838 p:
1002 2797 1055 2825 258
1074 2804 1132 2844 seq.
1170 2796 1191 2811 ⁸⁷
1210 2794 1282 2822 Edit.
1304 2793 1379 2828 prior
1398 2791 1518 2819 habebat
1538 2790 1661 2817 eriremis
1680 2787 1808 2815 sermonis
1829 2785 1896 2812 duo-

764 2842 789 2844 __
820 2833 1044 2844 .,_-n_...-.._-_:-
1072 2832 1100 2844 u.
1156 2835 1164 2844 ο
1199 2830 1232 2844 ny
1258 2837 1273 2844 π.
1309 2828 1359 2844 κατ
1422 2827 1444 2843 εδ
1458 2826 1509 2844 emt
1528 2826 1611 2844 nitar-1
1628 2824 1679 2844 icln
1702 2823 1793 2844 Im-tin.
1811 2828 1895 2844 «illam

303 2804 325 2819 ⁸⁸
337 2804 400 2831 Vid.
417 2804 499 2838 epist.
521 2804 572 2829 ita
584 2806 612 2828 et
624 2804 684 2827 tto.
734 2804 755 2815 "
770 2804 828 2826 για.
846 2805 938 2833 supra,
958 2805 984 2833 p.
1002 2804 1055 2825 255
1074 2804 1103 2824 se
1125 2816 1132 2824 .
1170 2804 1189 2811 ν’

266 2838 360 2865 decimi
380 2838 474 2865 verbis.
498 2836 551 2867 Sed
573 2839 681 2863 exstant
696 2835 748 2862 ista
764 2834 792 2861 in
811 2834 864 2861 ﬁne
876 2833 1054 2861 Praefationis.
1072 2804 1132 2859 Viii.
1153 2835 1176 2867 _t.
1199 2830 1208 2857 l

1213 2830 1243 2860 ν,
1258 2837 1284 2864 p.
1305 2823 1370 2856 1395.
1390 2863 1395 2864 γ
1422 2827 1444 2843 εδ
1458 2826 1612 2864 Sedaltera
1628 2824 1687 2864 ista.
1702 2823 1793 2854 lectio,
1811 2828 1895 2855 quam

268 2877 328 2906 post
342 2872 516 2900 Sirmondum
531 2872 557 2899 in
568 2874 662 2906 nostra
676 2877 784 2906 quoque
797 2859 1127 2904 editioneiexprchimus,
1146 2859 1270 2892 ﬁrmatui'
1293 2863 1454 2891 auctoritate
1472 2860 1607 2892 codicum,
1631 2859 1731 2894 quibus
1764 2864 1829 2884 usus
1852 2862 1897 2884 est

266 2904 436 2944 Sylburgius.
476 2908 497 2923 θ’
510 2906 569 2935 Vid.
587 2910 605 2933 t.
622 2905 666 2937 lii.
680 2904 706 2940 p.
722 2904 796 2932 1079.
