1967 3047
61 167 113 199 349

647 171 695 201 DE
712 172 841 202 ΜΒωὸ
858 171 1102 202 TIIEODORETI
1108 194 1114 200 .

1646 171 1699 202 35-0

62 223 173 258 pristini
183 223 287 251 erroris
298 224 442 260 vestigium
459 229 580 253 exstaret
595 236 600 253 :
622 227 693 255 hanc
703 227 778 255 enim
792 234 855 255 seu-
870 233 892 260 Α
907 225 970 254 inde
1001 226 1154 254 duodecim
1186 225 1312 260 partibus
1345 225 1521 254 el’ﬂoresoens
1557 226 1697 254 oonllciat.

63 269 176 296 tentiam
193 269 246 305 legi
261 270 313 297 hac.
320 270 354 298 de
366 278 395 297 re
410 271 519 306 scripta:
531 271 641 300 indidit.
662 282 671 298 ›

94 314 154 342 XII.
167 314 353 344 Gothofredus
367 317 394 343 in
415 317 490 344 notis
511 317 544 345 ad
560 318 579 345 l.
599 326 657 354 ‘xxn
669 317 707 345 De
727 319 852 354 paganis,

61 359 228 387 Theodoreti
242 361 325 388 verba
343 361 541 397 interpretatur
553 364 587 391 de
600 364 685 399 priori
708 364 778 400 lege.
799 364 854 392 Sed

62 407 103 434 vel
118 406 171 433 hoc
191 414 247 433 uno
260 407 404 440 refellitur,
422 408 493 442 quod
518 409 562 436 lex
582 409 711 437 vicesima
733 410 854 437 secunda

62 451 100 477 De
123 450 281 486 templorum
306 453 437 479 eversione
453 461 487 480 ne
502 454 617 480 verbum
639 454 751 489 quidem
764 455 854 482 conti—

62 501 134 526 neat,
147 496 181 523 de
196 505 250 531 qua
262 497 304 524 lex
319 498 458 532 posterior
473 490 527 526 tota
545 499 629 526 ferme
646 503 698 527 est.

99 540 169 568 XIII.
188 542 238 569 llis
252 550 302 577 ego
317 542 434 570 inducor
455 543 488 570 ad
505 544 686 579 opinandum,
710 544 854 580 scripsisse

64 587 268 615 'l‘licodoretum
289 587 328 614 De
353 589 479 616 curandis
498 589 650 616 Graecorum
676 590 854 625 affectionibus

62 642 133 661 anno
143 634 207 666 4‘27,
217 635 262 665 ut,
272 641 341 668 quos
357 634 415 661 suis
427 635 535 670 legibus
546 640 684 663 terruerat
692 636 853 671 imperator,

61 687 109 706 eos
139 679 247 707 ratione
271 679 305 706 ad
331 679 513 708 Christianam
544 681 627 709 fidem
651 683 856 717 superstitionis

61 725 171 760 gentilis
183 726 325 753 victricem
336 726 497 754 adduceret.

94 771 174 807 M1
190 771 259 799 XIV.
271 772 374 805 Quodsi
384 773 441 800 haec
451 773 545 808 opinio
553 781 617 801 vera
626 775 672 806 sit,
684 782 855 810 consequens

61 822 112 850 est,
129 822 159 844 ut
174 825 255 853 opus,
272 817 307 845 de
325 826 381 853 quo
392 819 494 854 agitur,
505 819 579 847 inter
593 828 626 847 ea
638 824 785 848 censeatur
794 828 855 855 quae

61 863 254 891 Theodoretus
277 868 373 891 sancto
398 864 484 892 Leoni
508 873 581 892 anno
613 865 666 893 449
695 866 806 898 scribit,
825 874 854 894 se

61 914 124 936 ante
139 917 227 936 annos
242 910 338 944 viginti
353 911 550 946 composuisse.
562 919 617 947 quo
630 915 753 948 tempore
766 913 857 940 adhuc

64 954 249 982 saecularibus
261 955 484 991 litteris‘plenus,
499 957 525 984 in
544 965 577 985 eo
591 957 679 985 voluit
694 963 857 993 argumento

62 999 178 1032 versari,
188 999 217 1026 in
232 1008 287 1035 quo
295 1006 388 1035 posset
401 1006 429 1029 et
441 1010 518 1029 suam
533 1002 662 1038 gentibus
673 1004 856 1031 eruditionem

64 1050 222 1079 ostentare,
238 1052 266 1074 et
278 1054 340 1074 cum
356 1048 473 1075 eruditis
486 1049 548 1076 aliis
558 1057 614 1076 sua:
625 1049 724 1080 aetatis,
732 1049 857 1077 eamdem

62 1092 207 1119 materiam
225 1098 343 1121 tractare
360 1094 526 1128 amantibus,
541 1095 575 1122 de
585 1095 665 1123 laude
681 1096 856 1124 contendere.

62 1137 118 1166 Sed
141 1138 175 1166 de
197 1143 320 1174 tempore
345 1139 489 1174 hactenus,
507 1149 582 1169 nunc
597 1141 631 1169 de
652 1146 814 1177 argumento
830 1146 859 1170 et

59 1184 207 1211 methodo.

96 1229 156 1257 XV.
183 1230 309 1259 Julianus
324 1232 489 1268 imperator,
515 1240 579 1260 cum
599 1233 746 1261 defecisset
765 1241 780 1261 a
803 1233 858 1262 ﬁde

58 1275 231 1308 Christiana,
247 1277 319 1304 unde
332 1278 470 1313 Apostatae
487 1286 588 1306 nomen
604 1279 656 1315 ipsi
670 1279 796 1312 adhaasit,
812 1280 860 1307 de-

58 1322 190 1350 fectionis
212 1331 310 1351 causas
331 1324 435 1359 scripto
457 1325 528 1352 libro
545 1325 679 1358 reddidit,
701 1334 858 1361 novumque

58 1368 250 1403 gentilismum
272 1369 440 1403 informavit,
456 1375 531 1398 tanto
546 1372 735 1399 nocentiorem
749 1377 855 1405 vetere,

58 1418 165 1448 quanto
180 1414 357 1442 artificiosius
368 1415 488 1450 plurium
505 1417 619 1444 deorum
632 1417 858 1445 secundariorum

59 1459 224 1494 religionem
251 1461 332 1489 unius
351 1462 474 1496 supremi
500 1462 576 1490 cultu
599 1463 858 1497 temperabat:im-

58 1504 198 1539 probabat
209 1505 284 1533 enim
299 1506 456 1534 Graecorum
471 1507 711 1543 barbarorumque
730 1512 858 1535 veterum

57 1550 183 1578 nefarias
210 1551 406 1585 absurditates,
429 1552 667 1588 Christianosque,
693 1554 748 1581 imo
765 1558 793 1581 et
809 1554 859 1582 Ju-

940 271 1034 299 XVIII.
1046 272 1164 299 Tantum
1179 279 1262 306 porro
1278 271 1422 303 doctrinae,
1436 271 1587 306 praesertim
1610 278 1701 300 exter-

906 327 957 350 ηερ,
980 318 1113 346 adversus
1139 317 1289 350 hominem,
1312 318 1363 352 qui
1388 317 1504 345 inscitiae
1529 317 1701 346 Christianos

906 364 1061 396 accusabat,
1077 372 1092 391 a
1112 363 1288 391 Theodoreto
1301 363 1468 395 adducitur,
1487 368 1518 391 ut
1535 364 1701 399 Sylburgius

907 409 1052 437 recensitis
1060 409 1170 436 curiose
1182 409 1351 440 auctoribus,
1365 408 1413 443 qui
1429 408 1590 436 nominatim
1605 409 1700 444 appel-

905 456 1008 487 lantur,
1021 459 1132 482 centum
1148 460 1176 482 et
1189 462 1298 487 novem,
1317 460 1418 490 prater
1434 462 1538 486 SZICI'OS,
1554 461 1701 482 enumera-

905 502 986 529 verit.

943 547 1012 575 XIX.
1026 547 1207 575 Partitioncm
1230 547 1315 574 totius
1340 545 1559 578 lucubrationis,
1577 546 1699 580 singula-

906 602 1022 629 rumque
1039 594 1185 621 duodecim
1203 593 1324 628 .partium
1344 595 1537 626 argumentum
1557 591 1586 618 in
1600 591 1702 618 Praefa-

907 641 981 668 tione
991 641 1094 675 prolixe
1103 640 1227 675 exponit,
1236 639 1309 674 quod
1322 637 1545 673 compendiosius
1554 637 1605 664 sub
1618 637 1700 664 finem

905 686 1034 718 exhibet,
1062 686 1109 713 ubi
1131 686 1216 712 etiam
1240 683 1362 712 ostendit
1386 683 1520 710 rationem
1541 681 1700 714 scribendi,

904 740 987 768 quam
1006 732 1102 760 tenuit.
1119 741 1127 757 ι
1143 731 1198 758 Has
1213 739 1263 765 ego
1275 729 1397 762 vobis.o
1411 729 1474 762 viri,
1486 728 1631 756 duodecim
1646 728 1703 754 dis-

906 779 1061 813 potationes
1075 777 1242 811 conscripsi,
1261 780 1287 804 et
1306 775 1426 808 ostendi,
1447 782 1573 810 quaenam
1588 774 1622 801 de
1643 774 1702 801 Deo

905 828 933 851 et
946 823 1069 854 materia,
1087 822 1236 857 mundique
1250 822 1365 854 fabrica,
1375 825 1404 849 et
1419 821 1453 848 de
1473 821 1576 848 virtute
1588 828 1620 847 ac
1635 819 1703 847 vitio

906 869 1046 896 senserint
1059 868 1146 896 Grzeci
1169 868 1341 903 philosophi,
1367 872 1394 895 et
1405 875 1533 902 quaenam
1548 866 1645 894 iisdem
1666 865 1703 892 dc

872 905 988 950 Bm
1012 913 1095 940 rebus
1111 920 1196 941 sacrae
1224 920 1276 940 nos
1291 912 1402 940 Litterae
1424 911 1579 942 docuerint,
1597 914 1625 937 et
1647 916 1704 944 quo

909 963 987 994 pacto
1005 959 1112 986 illorum
1130 958 1242 993 quidem
1263 958 1318 992 jam
1331 958 1466 984 exstincta
1485 957 1540 984 sint
1551 956 1659 986 omnia,
1675 959 1704 982 et

909 1005 1056 1032 oblivionis
1069 1003 1184 1039 caligine
1196 1003 1329 1035 involuta,
1340 1007 1435 1030 nostra
1444 1010 1508 1029 vero
1518 1002 1577 1028 haec
1587 1001 1704 1028 ﬂoreant

909 1058 941 1078 ac
953 1051 1077 1086 vigeant,
1091 1049 1301 1083 innumerisque
1323 1056 1373 1084 per
1399 1047 1520 1083 singulas
1534 1047 1661 1074 civitates
1675 1050 1704 1073 et

909 1097 1065 1132 provincias
1077 1096 1251 1124 auditoribus
1264 1095 1485 1130 frequententur,
1503 1104 1512 1120 ι
1532 1098 1587 1122 etc.

939 1143 998 1170 XX.
1013 1143 1128 1170 Ineunte
1147 1142 1292 1177 superiore
1312 1141 1412 1169 επιβουΙο
1434 1148 1449 1167 e
1467 1139 1562 1168 (ιι-προ
1574 1139 1702 1166 Latinum

908 1189 974 1217 fecit
985 1189 1123 1217 Zenobius
1137 1188 1292 1223 Acciajolus
1302 1208 1309 1220 ,
1328 1187 1460 1221 deditque
1477 1185 1550 1221 typis
1561 1184 1701 1212 edendum

907 1235 1027 1263 Henrico
1043 1235 1194 1270 Stephano,
1204 1235 1284 1269 cujus
1298 1240 1382 1268 opera
1396 1233 1518 1267 primum
1534 1230 1638 1266 prodiit
1650 1230 1703 1258 Ρι-

909 1280 983 1308 risiis
994 1287 1068 1308 anno
1084 1279 1163 1311 I519,
1184 1278 1234 1306 sed
1256 1278 1385 1305 Latinum
1405 1276 1547 1307 duntaxat.
1559 1275 1703 1310 Octoginta

909 1327 994 1355 ferme
1010 1331 1072 1362 post
1088 1333 1175 1353 annos
1194 1325 1353 1352 Friderieus
1375 1323 1538 1359 Sylburgius
1550 1323 1637 1350 textui
1653 1322 1705 1348 La-

906 1373 968 1401 tino
982 1373 1134 1408 recognito,
1147 1376 1186 1401 et.
1203 1375 1233 1398 ut
1246 1371 1370 1406 loquitur
1379 1390 1387 1402 ,
1400 1368 1561 1400 emendato,
1578 1368 1704 1396 Graecum

907 1420 1015 1448 addidit
1028 1419 1062 1447 ad
1073 1423 1192 1454 quatuor
1206 1418 1317 1446 codices
1331 1417 1441 1445 Gnaeos
1449 1419 1585 1444 exactum.
1594 1415 1709 1443 Utmm—

909 1473 962 1501 que
986 1469 1048 1500 post
1066 1464 1265 1500 quinquaginta
1279 1470 1390 1490 rursum
1412 1469 1499 1490 annos
1518 1462 1546 1488 in
1564 1460 1705 1488 collectio-

908 1518 973 1538 nem
1008 1510 1129 1546 Operum
1159 1509 1326 1536 Theodoreti
1366 1507 1532 1535 Sirmondus
1569 1505 1706 1540 eonjeeit,

908 1555 1052 1583 emendata
1067 1553 1196 1589 Acciajoli
1206 1557 1234 1581 et
1246 1552 1384 1589 Sylburgii
1400 1552 1539 1582 versione,
1551 1551 1704 1585 recisisque

58 1595 148 1628 deos,
162 1603 196 1624 ex
213 1597 272 1624 suis
284 1597 407 1632 ipsorum
426 1598 506 1625 libris
521 1599 710 1634 impugnabat,
727 1603 756 1626 ut
767 1599 858 1634 philo-
872 1590 893 1619 (ἶ
911 1600 1049 1636 Sylburgii
1062 1600 1138 1627 notis
1154 1607 1190 1627 ac
1206 1597 1448 1626 dissertationibus
1463 1606 1469 1624 :
1484 1597 1533 1624 has
1549 1597 1596 1624 ille
1606 1604 1705 1631 quam—

57 1643 184 1678 sopbicaa
198 1652 254 1672 suae
272 1645 398 1680 religioni
412 1645 502 1673 locum
518 1646 628 1674 faceret.

101 1690 172 1717 .\'Vl.
186 1690 264 1718 Hunc
278 1691 451 1725 imperatoris
461 1696 591 1728 apostata:
606 1693 719 1726 librum,
734 1693 781 1728 qui
795 1701 859 1728 pro-

57 1743 124 1773 pter
153 1737 342 1771 impietatem,
358 1745 412 1772 qua
437 1741 534 1769 scatet,
558 1746 575 1765 a
598 1738 711 1765 Petavio
737 1746 792 1765 non
818 1741 860 1765 est

57 1784 157 1811 editus
174 1782 246 1809 inter
260 1791 344 1818 opera
360 1783 461 1810 Iuliani
472 1804 479 1816 ,
496 1784 545 1811 sed
564 1784 636 1819 apud
652 1776 785 1818 Cyrillum
801 1783 860 1812 fere

57 1830 172 1864 integer
193 1829 333 1864 reperitur
350 1837 356 1856 :
375 1829 458 1862 hunc,
481 1829 609 1864 inquam,
623 1830 726 1857 librum
745 1829 861 1865 gentiles

56 1877 150 1904 veluti
164 1877 288 1912 clypeum
304 1876 661 1912 opponebanlChristianis,
674 1881 703 1904 et
712 1876 861 1904 Christiani

57 1923 130 1950 totis
144 1922 251 1949 viribus
267 1922 455 1957 impetendum
478 1926 630 1958 putarunt,
658 1923 749 1951 donec
771 1924 861 1959 genti—

58 1967 97 1994 lis
128 1967 336 2002 superstitionis
355 1967 460 2002 aliquid
482 1967 660 1994 metuendum
688 1972 860 2002 superesset;

60 2011 204 2046 superfuit
237 2019 303 2039 vero
330 2019 417 2047 usque
452 2011 487 2038 ad
520 2011 662 2039 Novellam
692 2012 860 2045 Theodosii,

60 2059 171 2086 editam
195 2066 268 2085 anno
297 2059 368 2091 459,
400 2064 428 2086 et
451 2059 621 2086 exsecutioni
655 2067 670 2086 a
702 2059 860 2094 provincia-

61 2113 127 2131 rum
163 2104 328 2139 przesidibus
357 2104 525 2131 mandatam.
565 2104 656 2137 Quare
686 2105 861 2140 septuaginta

60 2155 172 2184 septem
196 2157 333 2177 annorum
358 2150 448 2185 spatio
466 2150 493 2177 in
518 2150 571 2177 hoc
585 2155 747 2186 argumento
759 2151 860 2178 versati

61 2200 143 2229 surt,
161 2196 337 2223 sermonibus
347 2196 458 2231 quidem
470 2196 503 2223 ad
512 2197 642 2231 pop'ulum
655 2197 744 2229 multi,
763 2200 861 2224 tracta-

63 2241 142 2267 tibus
162 2248 227 2267 vero
243 2241 298 2268 duo
316 2245 431 2273 tantum,
456 2241 530 2276 quod
544 2242 655 2276 quidem
676 2243 860 2275 meminerim,

63 2286 261 2314 'fheodoretus
273 2290 301 2313 et
316 2286 436 2322 Cyrillus
479 2295 541 2314 nam
561 2287 761 2321 Nazianzenus,
782 2289 861 2316 inve—

63 2333 149 2359 clivis
162 2332 268 2360 duabus
285 2333 312 2359 in
330 2333 469 2361 lulianum
480 2354 487 2367 ,
510 2341 656 2369 personam
673 2334 760 2369 magis
779 2343 862 2370 quam

62 2377 171 2405 librum
186 2377 328 2406 insecutus
341 2384 393 2406 est.

100 2422 186 2450 XVII.
205 2423 272 2456 Quis
285 2423 363 2450 alteri
378 2429 490 2459 praestet
503 2433 517 2453 e
531 2424 639 2452 duobus
655 2426 860 2459 tractatoribus,

61 2469 203 2496 lectorum
214 2469 426 2504 estojudicium.
435 2470 510 2497 Artis
524 2474 599 2497 certe
612 2470 703 2498 minus
714 2470 798 2498 habet
808 2470 863 2507 Cy-

62 2515 160 2547 rillus,
177 2515 240 2550 plus
250 2514 441 2543 Theodoretus
458 2525 464 2542 :
484 2515 529 2543 ille
541 2516 615 2544 enim
627 2516 661 2544 ad
678 2517 801 2553 singulas
813 2518 862 2546 Ju-

60 2559 152 2587 lianei
184 2559 248 2586 libri
273 2560 424 2592 περικοπὰς
445 2561 653 2595 responsionem
674 2561 862 2597 subjungens,

59 2604 212 2631 hominem
231 2606 334 2640 pressis
356 2605 478 2640 vestigiis
492 2605 575 2632 etiam
597 2610 757 2641 evagantem
772 2607 863 2641 sequi-

60 2655 131 2682 tur;
159 2650 210 2677 iste
224 2651 347 2679 collectis
368 2652 395 2679 in
414 2652 580 2678 concinnum
610 2652 734 2680 ordinem
761 2652 861 2680 Iuliani

61 2696 294 2732 nbjeetionibus,
321 2698 445 2734 singulas
478 2698 515 2725 ita
541 2698 663 2733 repellit,
698 2702 729 2725 ut
763 2706 864 2734 corpus

911 1647 954 1674 vis
968 1646 1062 1681 plures
1074 1645 1231 1681 probasque
1250 1644 1423 1679 adiunxerat,
1441 1642 1555 1678 optabat
1577 1646 1668 1669 tamen
1691 1650 1706 1670 a

912 1692 1009 1720 Fulvio
1023 1691 1125 1720 Ursino
1144 1699 1208 1718 suas
1222 1690 1358 1725 publicari
1376 1699 1382 1716 :
1395 1689 1529 1724 plurimas
1541 1689 1616 1716 enim
1633 1687 1709 1716 fece-

911 1743 954 1766 rat
965 1742 994 1766 et
1007 1738 1146 1765 variantes
1156 1737 1299 1768 lectiones,
1315 1740 1344 1763 et
1355 1736 1539 1770 conjecturas,
1551 1738 1581 1762 ct
1593 1737 1708 1760 annota-

909 1784 1010 1816 tiones,
1023 1782 1283 1817 cumreponendum
1298 1781 1326 1808 in
1335 1781 1503 1811 bibliotheca
1513 1779 1645 1807 Vaticana
1656 1778 1707 1806 hcc

909 1837 980 1864 opus
987 1828 1104 1857 exscribi
1112 1832 1233 1860 curaret;
1247 1827 1321 1862 ipsas
1327 1835 1343 1854 e
1352 1826 1519 1854 bibliotheca
1525 1825 1655 1853 Vaticana
1664 1832 1709 1853 nc-

910 1879 1004 1911 ceptas
1019 1882 1094 1902 nune
1113 1874 1140 1901 in
1155 1873 1296 1909 publicum
1308 1873 1487 1908 proferimus.

1217 1918 1331 1947 CAPUT
1350 1918 1407 1946 VII.

931 1965 1018 2001 Opera
1036 1973 1094 2001 qua:
1107 1965 1258 2000 Appendioe
1274 1964 1336 1990 edit.
1349 1962 1484 1991 Sirmondi
1499 1963 1680 1990 continentur.

945 2012 965 2039 I.
983 2011 1113 2047 Conjeeta
1128 2015 1196 2038 sunt
1216 2009 1245 2037 in
1266 2009 1448 2044 appendicem
1465 2016 1549 2044 opera
1573 2008 1706 2043 quinque.

911 2058 1003 2086 Oratio
1031 2058 1062 2084 de
1080 2058 1227 2090 charitate;
1243 2056 1320 2083 Liber
1345 2057 1380 2083 ad
1403 2055 1561 2092 Sporacinm
1580 2055 1707 2081 adversus

910 2103 1077 2135 Nestorium;
1090 2101 1214 2136 Epistula
1228 2101 1263 2128 ad
1274 2101 1409 2128 Joannem
1422 2100 1595 2129 Germanicus
1612 2099 1710 2134 ερὶδσο-

911 2157 990 2184 pum;
999 2148 1160 2183 Argumenta
1168 2147 1293 2175 librorum
1300 2147 1391 2181 viginti
1401 2150 1501 2181 septem
1508 2144 1638 2171 adversus
1653 2143 1691 2170 Eu
1697 2158 1708 2163 -

911 2195 1057 2230 tycliianos,
1071 2198 1104 2221 et
1115 2193 1290 2229 Itsprehensio
1303 2191 1587 2220 anathematismorimi
1603 2187 1707 2223 Cyrilli.

948 2239 981 2268 Il.
993 2240 1031 2267 Ex
1040 2239 1086 2267 bis
1095 2239 1251 2267 Orationem
1263 2239 1294 2266 de
1307 2238 1448 2268 clmritate,
1462 2241 1490 2264 et
1507 2234 1660 2271 Epistulam
1673 2233 1709 2260 αιι

915 2287 1065 2322 episcopum
1091 2286 1296 2314 Germanicae"
1309 2305 1315 2317 ,
1334 2284 1362 2311 in
1379 2284 1454 2311 hunc
1471 2283 1564 2310 locum
1584 2281 1709 2316 reposuit

915 2332 1079 2360 Sirmondus
1091 2352 1097 2363 ,
1114 2331 1179 2366 quia
1200 2339 1249 2365 per
1275 2330 1411 2358 incuriam
1425 2336 1572 2363 operarum
1593 2331 1708 2362 praeter-

915 2378 1006 2404 missa:
1022 2377 1140 2404 fuerant.
1163 2375 1418 2411 Reprehensionem
1435 2372 1529 2408 Cyrilli
1554 2372 1640 2398 latere
1661 2378 1708 2397 vo-

915 2424 977 2456 luit,
992 2424 1066 2451 velut
1077 2423 1104 2450 in
1112 2427 1242 2450 extremo
1252 2420 1365 2457 angulo,
1378 2423 1525 2455 propterea
1538 2417 1611 2452 quod
1621 2416 1715 2443 Theo-

914 2469 1002 2497 doreti
1026 2468 1131 2496 nomini
1144 2466 1290 2495 ofﬁciebat.
1312 2465 1429 2500 Reliqua
1445 2464 1500 2491 duo
1514 2467 1644 2497 tanquam
1661 2468 1708 2488 su-

915 2520 1008 2552 specta
1020 2516 1120 2543 merito
1135 2519 1213 2542 extra
1226 2513 1373 2541 meliorum
1384 2511 1509 2539 ordinem
1524 2507 1630 2544 rcjecit.

950 2562 995 2590 ΠΙ.
1013 2561 1166 2589 Orationem
1182 2561 1213 2587 de
1230 2559 1360 2586 clmritate
1377 2555 1567 2584 recensuimus
1580 2562 1631 2581 suo
1647 2553 1709 2580 loc'o

917 2612 978 2643 post
995 2607 1140 2635 Historiam
1162 2606 1331 2641 religiosam;
1344 2602 1493 2638 Epistolam
1514 2601 1548 2628 ad
1560 2601 1710 2636 episcopum

917 2654 1120 2681 Germaniam“
1143 2651 1310 2679 inseruimus
1328 2650 1400 2677 inter
1418 2647 1566 2683 Epistolas,
1591 2654 1623 2673 ex
1638 2653 1708 2680 prui-

917 2700 1021 2735 scripto
1034 2699 1184 2727 Sirmondi.

752 2766 908 2795 SCIIULZII
931 2767 1045 2795 bOT/E.

109 2825 132 2841 7°
147 2824 222 2861 Edit.
238 2825 313 2861 prior
323 2825 441 2853 habebat
460 2825 583 2860 epistolas
594 2825 672 2861 duas,
686 2825 717 2852 de
730 2826 860 2853 charitute
870 2825 977 2857 scilicet,
994 2829 1017 2852 et
1037 2827 1071 2852 ml
1088 2825 1246 2861 episcopum,
1261 2827 1320 2851 emt.
1340 2823 1363 2861 _'“
1383 2822 1441 2849 Non
1462 2818 1678 2861 inter__oplstplas
1693 2825 1708 2861 ἐξ

63 2854 326 2897 Sirmondoeditas
343 2860 444 2897 inserta
457 2854 498 2897 est
517 2854 671 2897 (debuisset
682 2861 754 2888 enim
776 2866 836 2894 post
848 2854 993 2897 epistolam
1012 2861 1061 2888 ﬁt
1083 2854 1179 2897 pbni);'
1199 2860 1247 2888 sed
1271 2858 1424 2894 proximum
1450 2860 1510 2891 post
1532 2855 1593 2883 illas
1617 2854 1708 2881 locum

62 2895 191 2924 obtinuit
214 2896 243 2923 in
267 2895 343 2924 Notis
366 2895 500 2925 Garncrii.
513 2896 572 2924 Viti.
587 2903 680 2932 supra,
699 2904 725 2932 p.
739 2896 799 2930 556,
814 2900 840 2924 et
857 2901 876 2923 ι.
895 2896 938 2929 IV,
957 2905 982 2932 p.
1003 2897 1077 2924 1275.
