1967 3047
265 212 318 246 351

815 203 1003 235 GARNERII
1025 201 1276 232 DISSERTATIO
1297 201 1326 231 Ιῐ

1843 196 1899 228 352

299 268 344 296 ιν.
356 267 393 294 De
409 265 481 293 libro
498 263 622 291 adversus
638 261 805 293 Nestorium,
823 260 939 295 aliisque
954 257 1051 294 viginti
1067 258 1089 287 A
1103 257 1117 292 ς
1136 257 1156 285 Ι.
1187 256 1269 293 5.05
1295 256 1379 296 Libri
1391 254 1707 296 quinuninstoriuruut
1721 272 1728 283 ,
1765 252 1899 280 Gennadii

265 319 371 349 septem
394 316 490 339 contra
512 309 709 345 Eutychianos,
734 315 798 335 mox
812 307 955 342 dicemus,
982 306 1055 333 inter

266 357 402 394 agendum
419 356 453 383 de
469 355 617 391 suppositis
631 353 773 390 operibus.

301 403 334 430 V.
348 403 386 430 De
402 401 613 437 Reprehensione
628 399 807 435 capituiomm
816 399 838 416 ’⁸
856 398 945 426 videri
966 401 1058 433 potest

270 448 358 476 fusior
383 447 509 475 tractatio
533 447 561 474 in
591 445 710 474 secunda
735 450 812 480 parte
834 444 955 479 Operum
979 443 1057 471 Marii

265 494 347 531 403
365 493 524 521 Mercatoris
535 513 542 524 ,
559 492 606 527 qui
627 491 733 526 primus
749 490 871 518 Graecam
891 487 1058 516 Theodoreti

267 545 297 568 et
310 540 396 567 sancti
411 538 505 574 Cyrilli
522 538 556 565 de
575 537 721 564 duodecim
738 534 975 563 analhematismis
991 541 1058 562 con-

268 586 447 613 certationem
465 584 563 611 Latine
574 584 771 618 interpretatus
785 585 837 609 est.

305 630 349 658 Vl.
364 629 403 657 Eo
416 629 476 657 loco
491 628 751 659 demonstravimus,
772 635 826 662 qua
838 626 994 658 occasione,
1008 633 1058 653 cu—

268 677 314 712 jus
333 675 473 710 precibus,
488 682 544 710 quo
565 674 692 709 jubenle,
707 673 818 708 quando
829 666 853 700 ἐι
883 672 905 699 Τ
908 672 1060 699 heodoreto

272 721 452 757 reprehensio
470 721 572 755 scripta
587 721 634 752 sit,
647 727 701 754 quo
723 719 875 754 interprete
892 718 990 745 Latina
1003 717 1060 752 pri-

272 776 348 795 mum
367 767 455 800 facta;
474 771 603 802 quantam
618 773 653 792 ex
667 773 699 792 ea
710 764 903 792 Theodoretus
917 764 946 790 in
968 763 1060 798 suspi-

273 814 380 841 cionem
398 812 587 841 consensionis
601 819 664 839 cum
683 811 851 846 Apollinario
865 810 997 846 Cyrillum
1010 810 1061 837 ad-

273 859 399 891 duxerit;
413 861 543 893 quantam
560 856 679 892 Cyrillus
690 855 811 883 vicissim
829 863 863 882 ex
882 862 914 882 ea
928 854 1060 881 invidiam

273 904 427 932 Nestoriani
449 903 552 930 erroris
569 901 743 929 Theodoreto
759 900 936 932 conﬂaverit;
953 908 1009 935 quo
1028 907 1062 927 ex

275 947 575 984 ipsiusimpugnatione
587 945 712 973 Andreas
723 944 918 972 Satnosatenus
929 929 1062 971 liabulam
1078 929 1098 956 Β

275 996 445 1023 Edessenum
460 993 525 1020 odio
543 995 707 1027 prosecutus
720 991 770 1023 sit;
787 989 853 1025 quid
869 989 933 1017 inde
953 989 1062 1017 tandem

274 1045 445 1076 excerptum,
466 1044 494 1067 et
523 1038 638 1074 Vigilius
670 1038 698 1065 in
730 1035 896 1068 Constituto,
919 1040 946 1063 et
967 1035 1064 1070 quinta

275 1085 397 1121 synodus
415 1086 442 1112 in
457 1084 552 1119 quinta
565 1082 710 1110 collatione
725 1081 908 1109 damnaverit.

310 1132 366 1160 Vll.
378 1131 468 1160 Unum
481 1130 514 1157 de
524 1135 646 1165 tempore
656 1127 869 1163 conscriptionis
877 1126 1065 1155 testimonium

275 1177 442 1205 Theodoreti
460 1176 578 1207 adduco,
593 1183 626 1202 ex
639 1182 694 1209 quo
705 1178 813 1202 veteres
822 1174 915 1209 plures
925 1176 1065 1200 recentes—

275 1232 330 1259 que
351 1227 478 1251 auctores
501 1223 528 1250 in
543 1230 576 1249 eo
589 1229 696 1249 errasse
712 1217 920 1252 convincantur,
933 1219 1006 1254 quod
1021 1227 1066 1246 re-

276 1269 487 1305 prehensionem
497 1268 568 1295 hanc
579 1266 707 1301 scriptam
719 1269 843 1293 asserant
855 1269 916 1300 post
931 1265 1066 1300 synodum

277 1315 443 1350 Ephesinam
460 1322 467 1341 :
482 1321 537 1349 quo
559 1317 684 1347 tempore
695 1311 730 1339 de
755 1318 821 1347 pace
838 1311 910 1339 inter
930 1311 1068 1339 Eeclesias

277 1361 421 1397 agebatur.

314 1407 381 1435 Vlll.
399 1406 590 1434 Theodoretus
601 1404 674 1433 enim
685 1404 712 1432 in
728 1403 891 1432 Przel‘atione
907 1403 1067 1439 Pentalogii,

278 1452 337 1480 sive
362 1452 496 1479 librorum
518 1451 641 1486 quinque
661 1450 793 1478 adversus
809 1450 919 1478 beatum
937 1449 1069 1485 Cyrillum

277 1503 306 1526 et
332 1502 457 1526 sanctum
480 1496 629 1525 concilium
652 1496 822 1531 Ephesinum
840 1505 846 1523 :
865 1506 873 1521 ι
890 1495 1068 1530 Priusquam,

279 1545 369 1580 inquit
380 1545 413 1577 ",
441 1548 594 1571 conventus
616 1543 687 1578 apud
710 1543 850 1577 Ephesum
871 1542 1069 1574 celebraretur,

1316 289 1401 318 ωηιίὸ
1411 290 1538 327 suppositi
1555 289 1722 317 Theodoram.

1136 358 1157 385 Ι.
1170 357 1329 385 Gennadius
1343 357 1371 384 in
1380 356 1546 384 Theodoreti
1559 356 1648 391 elogio
1661 365 1668 382 :
1684 364 1692 380 ι
1711 354 1781 382 Sunt
1793 358 1821 382 et
1829 354 1903 389 ejus,

1107 401 1208 438 inquit,
1225 402 1321 430 decem
1337 401 1461 428 Ilistoriw
1475 400 1658 427 ecclesiarum
1670 399 1744 431 libri,
1760 406 1830 432 quos
1842 398 1907 425 imi-

1107 452 1181 476 tatus
1207 448 1357 475 Euscbium
1378 446 1576 474 Caesariensem
1593 445 1714 480 scripsit,
1744 444 1870 472 scribens
1887 451 1904 470 a

1108 493 1162 521 ﬁne
1179 493 1314 521 librorum
1336 491 1448 520 Eusebii
1473 499 1560 526 usque
1581 491 1615 518 ad
1630 497 1710 518 suum
1726 493 1851 524 tempus,
1876 489 1905 516 id

1108 543 1160 572 est,
1173 546 1188 566 a
1205 537 1396 566 vicennalibus
1413 537 1588 565 Constantini
1601 543 1688 571 usque
1704 535 1738 563 ad
1755 535 1905 570 imperium

1109 584 1210 612 Leonis
1225 584 1359 612 Senioris.
1377 594 1385 609 ι

1145 631 1178 659 ll.
1205 631 1355 666 Deceptum
1378 629 1462 657 fuisse
1486 628 1671 660 Gennadium,
1691 625 1907 655 evidentissimis

1110 677 1278 714 argumentis
1299 680 1428 704 constat:
1444 683 1506 702 nam
1527 676 1564 702 ita
1589 673 1702 709 scripsit
1730 672 1806 700 solus
1834 671 1909 698 inter

1110 729 1219 751 veteres
1235 727 1263 750 et
1281 723 1363 750 homo
1383 721 1499 749 Latinus
1518 720 1552 748 de
1564 719 1679 747 historia
1696 718 1800 746 Graeca.
1819 717 1909 744 Nemo

1111 769 1279 801 Graecorum,
1299 768 1357 796 sive
1367 767 1526 803 aequalium,
1538 767 1596 794 sive
1608 765 1794 801 posteriorum
1807 763 1908 790 memi-

1111 814 1162 846 nit,
1183 814 1234 841 etsi
1252 813 1368 840 maxime
1391 812 1509 847 quisque
1527 811 1672 842 debuerat,
1699 809 1722 837 si
1746 817 1791 836 res
1814 808 1850 835 ita
1876 815 1909 834 se

1112 859 1253 887 habuisset
1267 868 1273 886 :
1290 859 1435 889 debuerat,
1448 858 1571 892 inquam,
1585 864 1641 883 non
1652 857 1659 865 ‘
1675 859 1780 882 talltum
1795 857 1911 889 propter

1112 913 1213 933 nomen
1244 904 1383 937 auctoris,
1413 907 1471 930 toto
1500 902 1613 930 Oriente
1643 900 1833 932 celeberrimi,
1858 899 1911 927 sed

1114 952 1197 979 etiam
1221 955 1334 986 propter
1350 957 1405 981 res,
1423 957 1492 984 quas
1505 956 1577 975 unus
1589 947 1714 974 omnium
1737 946 1861 981 apprime
1881 949 1914 972 et

1114 997 1250 1028 scivisset,
1264 1000 1292 1024 et
1305 995 1416 1030 scriptis
1430 994 1598 1021 mandasset.

1149 1042 1194 1070 Ill.
1205 1042 1266 1069 Non
1280 1040 1406 1068 meminit
1419 1044 1493 1066 certe
1508 1037 1652 1073 Evagrius,
1672 1037 1798 1072 quamvis
1813 1036 1914 1063 solitus

1115 1088 1167 1116 sibi
1186 1087 1266 1114 ﬁdem
1283 1087 1373 1114 facere
1392 1086 1559 1120 scriptorum
1581 1084 1707 1119 priorum
1724 1083 1884 1110 testimonio
1904 1091 1912 1108 :

1116 1141 1171 1161 non
1186 1133 1312 1161 meminit
1325 1131 1510 1166 Theophanes
1520 1151 1527 1162 ,
1539 1137 1595 1156 non
1611 1129 1755 1157 Cedrenus
1765 1150 1772 1161 ,
1788 1136 1843 1155 non
1857 1127 1915 1155 Zo-

1116 1187 1208 1211 naras,
1223 1186 1278 1205 non
1292 1178 1418 1209 Photius,
1433 1184 1489 1204 non
1501 1175 1673 1210 Nicephorus
1683 1194 1690 1206 ,
1700 1177 1730 1200 et
1745 1173 1768 1201 si
1783 1173 1830 1208 qui
1847 1177 1917 1200 sunt

1117 1224 1163 1252 alii
1174 1224 1261 1252 Grteci
1274 1222 1415 1250 historici.

1153 1270 1197 1298 IV.
1217 1270 1273 1297 lmo
1294 1268 1428 1304 Evagrius
1453 1267 1481 1294 in
1499 1266 1668 1294 contrarium
1693 1264 1796 1299 apertis
1819 1263 1919 1290 verbis

1117 1316 1281 1344 sententiam
1295 1315 1364 1342 dixit
1377 1323 1384 1341 :
1399 1322 1461 1341 nam
1474 1311 1640 1340 Theodoreti
1663 1310 1811 1337 Historiam
1830 1308 1918 1335 tradit

1118 1362 1152 1390 ad
1181 1361 1238 1389 sola
1266 1359 1415 1388 Theodosii
1441 1359 1561 1395 junioris
1585 1362 1708 1391 tempora
1733 1354 1915 1390 pervenisse;

1119 1407 1188 1434 dixit
1200 1411 1227 1434 et
1242 1405 1424 1440 Nicephorus,
1435 1404 1482 1439 qui
1494 1403 1590 1431 eadem
1605 1409 1668 1429 cum
1681 1399 1798 1434 Evagrio
1811 1397 1916 1431 refert;

1119 1454 1189 1481 dixit
1205 1457 1232 1480 et
1253 1453 1376 1480 Photius.
1403 1460 1412 1476 ‹
1434 1449 1636 1479 Theodoretus,
1650 1447 1750 1482 inquit,
1770 1445 1918 1472 historiam

1121 1497 1260 1526 inchoavit
1282 1496 1316 1524 ab
1331 1494 1429 1523 lneresi
1452 1494 1527 1525 Arii,
1551 1491 1745 1528 pertexuitque
1760 1494 1788 1517 et
1803 1489 1861 1524 ipse
1880 1488 1919 1515 ad

1122 1543 1269 1572 Theodosii
1285 1542 1410 1570 .lunioris
1426 1545 1560 1575 tempora.
1577 1543 1605 1566 et
1621 1545 1708 1572 usque
1720 1536 1754 1564 ad
1777 1535 1921 1563 Theodori

278 1591 427 1618 duodecim
445 1589 573 1625 capitulis
595 1589 713 1617 strictim
735 1593 884 1624 aperteque
908 1588 1069 1620 restitimus,
1085 1597 1106 1626 ο
1123 1596 1276 1620 excessum,
1294 1587 1404 1623 quando
1418 1583 1658 1618 Constantinopoli
1685 1588 1825 1610 sacrorum
1846 1579 1923 1607 anti-

279 1641 312 1664 ut
324 1636 454 1672 praescius
473 1636 573 1663 horum
595 1635 674 1662 ﬁeret
694 1635 865 1666 intellectus,
880 1634 963 1662 etiam
980 1634 1074 1661 rudic-

234 1705 238 1709 .
280 1690 353 1715 rum,
373 1687 404 1710 et
426 1683 541 1710 rationis
553 1681 718 1718 expgrtium.
741 1680 810 1714 Quia
823 1689 889 1708 vero
911 1688 941 1708 se
959 1680 1074 1708 manife-

281 1731 365 1760 stum,
380 1727 427 1762 qui
438 1727 491 1754 ista
510 1726 632 1761 prodidit
645 1727 679 1759 ⁷⁸,
694 1727 721 1753 in
736 1726 855 1754 concilio
868 1726 1028 1758 declaravit,
1045 1730 1075 1754 et

281 1773 376 1808 plures
388 1781 422 1800 ex
437 1773 491 1804 his,
505 1772 552 1807 qui
563 1776 759 1804 convenerant,
774 1772 894 1807 imperiti
910 1772 1011 1807 potius,
1022 1780 1075 1800 nec

282 1819 338 1846 ulla
349 1818 483 1853 dogmatis
500 1817 598 1845 imbuti
616 1817 724 1849 notitia,
741 1818 784 1852 pia
795 1818 854 1845 haec
865 1817 989 1845 arbitrati
998 1821 1074 1851 sunt;

282 1871 375 1899 operte
391 1864 510 1899 pretium
527 1863 616 1890 visum
635 1867 687 1895 est,
712 1863 812 1890 iterum
828 1867 924 1890 contra
939 1863 1001 1896 niti,
1016 1871 1075 1891 ser—

285 1917 448 1944 monemque
472 1909 640 1941 distendere,
668 1913 696 1936 et
714 1909 849 1936 succisam
875 1909 1075 1943 blasphemiam

284 1955 472 1990 multipliciter
486 1955 639 1986 confutare,
666 1958 697 1982 ut
711 1954 903 1990 ignorantibus
918 1954 1074 1983 evidentius

284 2001 482 2037 approbemus,
501 2001 735 2036 quemadmodum
762 2001 918 2036 Evangeliis
934 2001 1077 2029 declaren-

286 2052 332 2074 tur
348 2045 473 2079 adversa,
498 2055 559 2081 quae
572 2054 645 2074 nunc
663 2047 698 2074 ab
714 2046 774 2074 istis
791 2047 910 2075 maxime
929 2047 1077 2082 proferun-

285 2097 342 2120 tur.
362 2102 371 2118 I

321 2137 369 2166 IX.
381 2138 456 2166 Nihil
471 2138 524 2165 hoc
540 2137 698 2166 testimonio
719 2138 860 2173 potentius
872 2138 906 2166 ad
919 2146 976 2166 rem
991 2138 1078 2166 conli-

285 2183 429 2217 eiendam;
458 2184 528 2211 nihil
559 2183 716 2211 evidentius
744 2183 778 2211 ad
809 2184 1078 2217 demonstrandum,

285 2235 420 2265 quantum
442 2230 543 2258 Marius
563 2229 709 2262 Mercator,
736 2230 795 2258 suis
820 2230 877 2258 sive
896 2230 1079 2258 Collectaneis

287 2277 345 2304 eive
357 2276 502 2312 Operibus,
516 2276 641 2304 attulerit
655 2277 725 2304 lucis
743 2277 777 2304 ad
788 2277 935 2304 Historiam
953 2277 1078 2304 ecclesia-
1095 2273 1118 2302 D

286 2323 394 2355 uicani,
410 2330 465 2357 qua
479 2327 556 2358 parte
573 2322 745 2359 Pelagianam
766 2328 795 2351 et
807 2323 997 2351 Nestorianam
1016 2331 1082 2351 cau-

287 2374 347 2395 sam
360 2372 469 2397 attinet.

589 2420 702 2450 CAPUT
723 2421 790 2449 Vlll.

480 2465 568 2502 Opera
585 2467 742 2494 Theodoreto
758 2467 903 2503 supposita.

325 2522 473 2559 Supposita
491 2527 555 2551 sunt
568 2524 619 2551 ista
631 2523 753 2559 quinque
781 2532 787 2550 :
813 2523 889 2551 Libri
913 2524 1044 2552 nimirum
1060 2525 1082 2552 V

291 2569 482 2604 Historiarum,
508 2570 643 2598 Gennadii
672 2574 768 2603 aetate;
788 2570 903 2605 epistola
924 2570 981 2598 sive
1011 2570 1081 2598 liber

292 2615 331 2642 De
344 2615 464 2644 [Vestorio
479 2616 514 2643 ad
528 2615 685 2651 Sporacium
695 2636 703 2647 ,
726 2616 761 2643 ab
775 2616 936 2644 hominibus
950 2617 1020 2644 sexti
1032 2624 1083 2644 saa-

292 2660 364 2693 culi;
376 2660 439 2688 libri
454 2661 513 2688 sive
526 2669 660 2688 sermones
677 2660 770 2695 viginti
797 2663 897 2695 septem
917 2660 950 2687 de
974 2661 1084 2688 diuersis

293 2705 444 2738 hminibus,
463 2713 478 2732 a
502 2705 615 2738 Photio;
631 2705 695 2732 liber
709 2705 836 2732 asceticus
851 2713 865 2732 a
881 2705 976 2733 codice
990 2705 1084 2732 Phila-

293 2751 465 2788 delphiensi;
480 2752 551 2780 liber
566 2752 603 2779 De
615 2752 746 2786 formulis,
756 2759 771 2779 a
788 2751 960 2778 Brassieano.

1124 1640 1180 1663 stes
1192 1635 1330 1663 Sisinnius
1348 1633 1410 1661 fuit.
1434 1642 1443 1659 ι

1159 1689 1192 1716 ν.
1205 1687 1395 1715 Theodoretus
1412 1685 1469 1719 ipse
1483 1682 1644 1711 clarissimis
1658 1685 1688 1709 et
1699 1677 1922 1715 expressissimls

1124 1734 1226 1766 verbis,
1240 1741 1302 1760 cum
1314 1732 1395 1759 linem
1409 1730 1537 1758 Historiae
1557 1729 1721 1764 imponeret,
1739 1734 1798 1754 eam
1812 1734 1840 1753 se
1859 1733 1926 1753 cer—

1125 1781 1161 1808 tis
1175 1785 1331 1815 temporum
1351 1777 1449 1812 spatiis
1464 1775 1603 1803 deilniisse
1622 1777 1748 1802 testatur.
1767 1782 1774 1797 ι
1791 1771 1859 1806 Ego,
1876 1771 1924 1798 in-

1125 1826 1195 1862 quit,
1205 1826 1239 1858 ",
1255 1823 1381 1852 Historia:
1397 1823 1480 1850 ﬁnem
1494 1822 1540 1849 hic
1554 1820 1668 1850 faciens,
1682 1820 1798 1846 lectores
1810 1824 1871 1849 oro,
1891 1821 1928 1844 ut

1124 1872 1248 1900 laborem
1263 1874 1388 1898 nostrum
1407 1867 1538 1904 precibus
1552 1867 1610 1894 suis
1621 1867 1810 1900 compensant.
1831 1862 1905 1895 Quin
1915 1877 1926 1883 -

1126 1926 1180 1954 que
1195 1923 1286 1945 autem
1303 1921 1331 1944 et
1347 1918 1458 1943 centum
1474 1919 1609 1941 annorum
1628 1915 1737 1946 tempus
1756 1910 1815 1937 haec
1827 1908 1927 1936 Histo-

1127 1965 1168 1993 ria
1181 1962 1382 1998 eomplectitur,
1410 1960 1445 1987 ab
1461 1959 1520 1987 Arii
1545 1957 1657 1985 vesania
1682 1955 1833 1990 incipiens,
1848 1954 1927 1981 desi-

1127 2018 1249 2045 nensque
1274 2009 1302 2036 in
1320 2007 1397 2035 obitu
1412 2004 1592 2033 laudabilium
1603 2002 1726 2029 virorum
1741 1999 1878 2027 Theodoti
1896 2003 1930 2026 et

1128 2044 1277 2084 Theodori.
1294 2064 1302 2079 ι
1318 2053 1441 2087 Uterque
1453 2050 1508 2077 fato
1521 2049 1632 2076 iunctus
1645 2050 1688 2074 est
1702 2052 1775 2073 anno
1788 2044 1849 2071 427.

1161 2111 1206 2139 Ἣ.
1216 2111 1335 2138 Tantum
1345 2106 1514 2142 vero'abest,
1528 2108 1558 2132 ut
1571 2103 1718 2130 Historiam
1732 2101 1765 2128 ad
1777 2099 1933 2135 imperium

1129 2165 1216 2193 usque
1236 2155 1337 2184 Leonis
1348 2153 1471 2182 Senioris
1483 2150 1655 2187 produxerit,
1671 2152 1701 2175 ut
1719 2147 1772 2175 nisi
1785 2145 1932 2174 inconsul—

1131 2205 1254 2233 tissimus
1282 2202 1424 2230 hominum
1439 2221 1445 2233 ,
1479 2199 1523 2226 vel
1548 2196 1804 2232 impudentissimus
1829 2194 1932 2221 audire

1130 2250 1224 2281 vellet,
1243 2247 1395 2284 producere
1420 2243 1532 2272 omnino
1544 2250 1599 2269 non
1613 2239 1752 2268 debuerit.
1765 2238 1839 2272 Quas
1852 2237 1932 2265 enirn

1133 2304 1178 2324 res
1202 2293 1402 2323 ecclesiasticas
1422 2293 1587 2326 prosecutus
1608 2285 1726 2314 fuisset?
1751 2284 1933 2312 Nestorianas

1134 2346 1209 2370 certe
1220 2361 1227 2373 ,
1244 2338 1407 2375 Ephesinas,
1420 2334 1667 2364 Chalcedonenses,
1683 2339 1714 2359 ac
1729 2330 1844 2366 proinde
1853 2337 1932 2361 suas,

1135 2385 1241 2422 Cyrilli,
1251 2374 1313 2415 ωδε,
1327 2387 1409 2417 atque
1424 2381 1507 2408 etiam
1519 2377 1632 2406 Diodori
1643 2375 1787 2403 Tarsensis
1797 2383 1829 2402 ac
1840 2374 1935 2401 Theo-

1137 2421 1197 2460 dori
1211 2428 1414 2466 Mopsuesteni;
1431 2426 1465 2454 de
1478 2425 1580 2461 quibus
1599 2423 1621 2450 si
1636 2430 1700 2450 vera
1715 2421 1883 2455 scripsisset,
1901 2428 1935 2447 se

1134 2483 1217 2513 atque
1233 2475 1337 2503 amicos
1350 2480 1445 2501 coram
1461 2471 1584 2499 omnium
1599 2467 1827 2502 consequentium
1841 2474 1935 2494 saecu-

1136 2512 1225 2551 lorum
1243 2520 1365 2549 Ecclesia
1379 2526 1456 2546 reum
1470 2516 1636 2552 peregisset;
1647 2513 1720 2549 quod
1732 2512 1936 2540 inconsiderati

1132 2572 1174 2597 est
1192 2577 1199 2595 :
1217 2567 1239 2594 si
1260 2566 1326 2592 falsa
1350 2564 1452 2598 scripto
1476 2561 1644 2592 mandasset,
1661 2559 1838 2587 reclamasset
1853 2558 1937 2585 orbis

1133 2619 1208 2642 totus
1219 2620 1309 2640 rerum
1319 2610 1456 2641 conscius,
1470 2608 1594 2642 tantique
1609 2604 1816 2633 reclamanlium
1831 2604 1938 2630 tumul~

1135 2666 1180 2688 tus
1201 2666 1264 2694 pars
1277 2657 1378 2692 aliqua,
1399 2655 1440 2682 vel
1457 2653 1600 2685 memoria,
1617 2651 1651 2679 ad
1672 2659 1722 2678 nos
1735 2657 1822 2685 usque
1835 2657 1936 2684 perve-

1137 2706 1231 2733 uisset.

1173 2750 1230 2777 Vll.
1244 2749 1271 2776 Si
1281 2749 1353 2776 ultra
1364 2746 1479 2774 Sisinnii
1487 2742 1785 2778 Constantinopolitani
1797 2746 1937 2776 tempora.

970 2817 1126 2845 SCllULlll
1148 2815 1263 2844 NOTZE.

331 2892 354 2906 "
369 2891 429 2918 Vid.
445 2898 537 2921 supra,

561 2898 587 2924 ρ.
615 2890 671 2916 I35.

298 2925 320 2940 "‘
331 2926 461 2954 Prodidit.

502 2922 615 2954 oco‘cit.
632 2925 683 2960 leg.
701 2924 822 2960 protulit.
846 2922 883 2939 ⁷⁷⁵
903 2923 964 2952 Lib.
982 2931 1008 2956 v,
1022 2930 1046 2949 c.
1066 2922 1108 2949 39.

724 2890 747 2906 ⁷³
765 2890 823 2916 Vid.
845 2893 905 2923 part
929 2897 946 2915 ιι
969 2887 1069 2922 Operul

1126 2887 1141 2914 Ι.
1167 2887 1326 2914 lllcrcaloris
1352 2885 1400 2913 liln.
1429 2893 1455 2912 ιιι
1483 2884 1526 2919 (ex
1541 2883 1609 2911 edit.
1629 2882 1724 2914 Garn.,
1744 2886 1763 2908 ι.
1783 2880 1815 2911 ΙΙ,
1833 2887 1859 2915 p.
1876 2879 1938 2915 67).
