1967 3047
65 94 114 126 353

653 90 701 119 DE
721 89 848 120 LIBRIS
866 89 1120 120 TIIEODORETI.

1624 89 1676 121 354

65 151 90 178 id
104 153 154 181 est,
171 149 242 176 ultra
265 155 367 175 annum
391 146 493 174 Clu-isti
516 145 565 172 4‘27
584 145 732 172 llistoriam
747 150 844 180 protu-
860 147 879 176 Α
896 145 962 177 cari,
985 145 1106 180 quinque
1134 145 1185 172 hos
1208 145 1293 173 libros
1313 153 1366 173 non
1387 153 1447 173 esse
1460 145 1582 173 diversos
1596 146 1678 183 5,06

64 196 145 225 lisset,
162 192 242 229 m5
267 191 329 218 inde
347 190 442 225 procul
455 189 539 216 dubio
553 190 648 224 quinta
663 189 782 224 synodus
797 188 844 216 de-

63 239 239 274 sumpsisset,
259 244 320 272 quae
342 237 465 263 facerent
489 235 637 270 plurimum
659 235 691 262 ad
712 241 821 261 causam
835 253 842 266 ,

63 293 140 321 quam
149 285 256 319 agebat.
270 282 298 310 Si
312 283 386 309 enim
401 282 474 308 lbam
491 286 519 308 et
529 281 703 308 Theodorum
716 280 844 307 damnas-

64 335 114 363 set,
133 329 321 365 praejudicium
341 327 489 354 damnandi
506 327 630 354 attulisse
650 326 807 358 diceretur;
821 325 843 352 si

64 375 237 408 defendisset,
263 381 328 401 rcus
353 373 417 400 inde
438 377 564 407 ageretur
585 379 634 399 suo
657 371 741 406 ipsius
765 370 843 398 testi-

65 422 161 448 monio.

97 466 163 494 Vlll.
175 465 238 493 Haec
252 472 314 492 eum
335 463 488 492 indubitata
509 463 573 496 sint,
592 463 781 491 contentiosus
804 467 844 491 ta-

64 518 124 538 men
136 511 235 545 aliquis
253 510 371 545 objicerc
385 513 478 544 posset
492 508 562 536 duo:
579 509 696 535 alterum
710 516 743 535 ex
755 508 845 536 Theo-

65 557 128 584 doro
143 557 266 588 Lectore,
292 563 326 583 ex
349 555 516 582 Damasceno
534 554 661 581 alterum.
684 553 844 581 Theodorus

65 601 134 629 enim
144 600 193 627 lib.
207 608 227 627 ιι
243 599 350 627 Colit-cl.
362 619 369 630 ,
387 608 396 624 ι
415 598 524 629 Petrus,
535 598 634 632 inquit,
654 597 764 633 Moggus
778 599 843 625 reli-

65 647 142 682 quias
160 645 297 673 Timothei
312 644 495 679 Salophacioli
506 643 633 671 efl‘odisse
649 643 760 675 dicitur,
771 643 843 670 idem

65 700 171 727 quoque
184 691 281 719 scribit
296 690 495 717 Theodoretus.
512 698 521 714 ι
540 689 573 715 Et
586 689 665 723 paulo
679 693 750 723 post,
773 697 782 714 ι
793 688 845 716 Ca-

64 737 217 765 lendionem
229 735 297 763 dicit
310 735 467 762 ordinatum
490 734 574 761 fuisse
596 733 842 768 Constantinopoli,

64 791 125 810 eum
139 782 305 809 Theodorito
320 780 522 808 consentiens»
541 780 724 806 Damascenus
739 786 805 806 vero
815 778 843 805 in

894 190 929 216 ab
943 190 976 216 iis
992 197 1062 224 quos
1080 190 1252 217 Theodoreto
1268 190 1370 225 juniori
1397 190 1551 217 tribuimus.
1575 191 1676 218 Verum

894 235 994 268 obstat,
1011 235 1084 270 quod
1095 236 1284 263 Theodoretus
1298 236 1391 271 junior
1405 236 1531 264 Nestorio
1549 236 1678 264 infensis-

894 281 1001 314 simus;
1028 278 1158 313 lre'naaus,
1192 286 1223 309 ut
1252 287 1359 310 constat
1392 290 1424 309 ex
1444 282 1519 310 Actis
1533 282 1678 317 Ephesium

894 327 1003 362 synodi,
1017 327 1240 355 ‘addictissimus
1257 328 1348 354 fuerit.
1368 328 1437 355 Vide
1461 336 1522 362 quae
1546 333 1678 362 sequente

894 371 1066 406 paragrapho
1082 371 1218 398 dicentur.
1238 371 1324 404 Quid,
1344 372 1367 398 si
1392 371 1561 399 Hebed-Jesu
1581 372 1676 399 Irentei

894 423 995 444 nomen
1014 424 1064 452 pro
1084 417 1247 444 Theodoreti
1260 417 1371 444 nomine
1384 417 1524 452 posuerit?

986 481 1000 517 §
1013 481 1045 508 11.
1058 481 1178 517 Epistula
1192 482 1226 509 ad
1238 481 1393 517 Sporacium
1407 482 1438 509 de
1450 482 1579 510 Nestorio,

929 547 950 573 l.
963 546 1048 580 Quem
1064 547 1166 574 librant
1186 547 1256 574 dixit
1274 547 1446 580 Sirmondus,
1465 548 1599 576 Baronius
1619 550 1678 583 epi-

894 594 990 620 stolam
1004 594 1142 626 nomiuat;
1157 593 1271 620 formam
1289 594 1334 621 ille
1351 595 1551 628 contemplatus
1565 599 1616 627 cst,
1627 595 1677 622 iste

894 637 1126 672 inscriptionem:
1152 638 1179 665 id
1202 638 1336 673 quidquid
1361 643 1413 670 est,
1445 638 1616 672 Sirmondus,
1648 644 1678 666 ut

893 688 954 711 erat
972 684 1114 719 perspicax
1130 689 1157 712 et
1175 693 1266 712 rerum
1281 685 1402 719 prudens
1416 685 1575 717 aestimator,
1589 693 1678 723 neque

894 728 967 755 inter
989 729 1120 763 epistolas
1137 729 1296 761 collocavit,
1321 732 1415 764 neque
1429 730 1525 757 ordine
1542 738 1592 758 suo
1607 732 1679 758 inter

894 772 988 805 libros,
1016 773 1063 800 sed
1090 774 1166 801 velut
1195 774 1337 809 rejiculum
1359 775 1488 809 quiddam
1513 776 1540 803 in
1558 775 1678 812 Operum

62 827 110 856 lib.
130 835 158 854 in
175 827 213 854 De
231 825 390 861 imaginibus
411 825 489 860 plura
509 824 654 859 producit,
674 826 705 850 ὲκ
721 824 770 859 τῆς
792 825 843 850 ὲκ-
860 818 878 844 ll
893 819 1061 854 Appendice.
1084 820 1185 847 Scribit
1210 824 1311 852 tamen,
1326 820 1398 855 quod
1413 821 1538 849 mirabile
1555 827 1606 854 est,
1627 822 1678 849 Ba-

63 872 279 906 κλησιιιστικῆς
292 871 435 904 Ἱστορίας
457 870 621 906 Θεοδωριτου
636 870 706 897 libro
722 870 802 897 tertio
815 874 843 897 et

64 924 170 955 quarto.

97 963 141 990 lX.
154 963 255 990 Verum
278 962 440 998 jamdudum
462 961 515 988 viri
538 961 611 988 docti
640 961 729 988 locum
749 960 846 987 Dama-

63 1009 137 1037 sceni
149 1009 340 1041 emendarunt,
359 1013 387 1035 et
404 1015 454 1043 pro
470 1007 637 1035 Theodorito
658 1006 844 1039 Theodorum,

62 1055 202 1083 Lcctorem
217 1054 354 1086 videlicet,
368 1057 551 1089 reposuerunt
567 1062 572 1079 :
596 1060 629 1080 ea
652 1053 726 1079 enim
747 1052 845 1079 Dama-

61 1108 160 1128 scenus
183 1103 327 1131 memorat,
351 1106 421 1134 quae,
447 1106 482 1126 ne
509 1098 531 1125 si
548 1098 721 1125 centenarius
736 1098 846 1132 quidem

61 1144 168 1175 fuisset,
183 1143 374 1170 Thcodoretos
390 1143 462 1170 scire
473 1142 616 1177 potuisset,
626 1146 657 1168 ut
669 1142 741 1176 quod
756 1142 847 1177 Olym-

61 1190 107 1225 pio
120 1190 219 1217 Ariano
230 1189 343 1223 contigit
358 1195 430 1215 anno
449 1188 510 1215 498.
529 1187 631 1215 Eadem
654 1187 724 1214 ratio
745 1187 847 1214 refellit

62 1235 175 1270 pariter,
191 1234 264 1269 quod
287 1242 321 1261 ex
345 1233 482 1261 Theodori
501 1232 683 1260 Collectaneis
698 1232 846 1259 adductum

61 1286 103 1308 cst
120 1290 126 1307 :
146 1280 305 1307 Timotheus
319 1280 392 1307 enim
413 1279 620 1314 Salophaciolus
633 1279 749 1306 excessit
760 1287 774 1306 e
791 1279 847 1306 vita

61 1326 172 1353 circiter
188 1333 290 1352 annum
303 1324 364 1357 -181,
380 1332 435 1359 quo
449 1329 571 1359 tempore
585 1323 736 1351 Calendion
751 1324 846 1350 Antio-

62 1372 156 1398 chena:
170 1371 299 1398 Ecclesia:
322 1370 468 1405 praefectus
485 1374 536 1397 est.
558 1369 622 1402 Quae
645 1369 668 1396 si
692 1369 848 1404 scripsisset

62 1417 264 1448 Theodoretus,
277 1415 463 1451 nonagenario
477 1415 564 1450 major
583 1415 749 1449 scripsisset.

97 1462 132 1490 Χ.
148 1463 260 1494 Verum,
270 1466 300 1489 ut
317 1470 349 1488 ne
363 1461 509 1496 scrupulus
520 1460 594 1487 ullus
603 1460 712 1493 haereat,
723 1461 848 1496 aperien-
860 1483 882 1511 α

60 1509 145 1540 dum,
163 1509 225 1543 quis
245 1508 289 1534 ille
311 1507 347 1534 sit
361 1506 552 1534 Theodoretus
576 1506 702 1533 Historia:
718 1506 846 1540 scriptor,

61 1555 142 1590 cujus
165 1553 291 1581 meminit
315 1552 476 1580 Theodorus
490 1551 598 1579 Lector.
622 1552 695 1579 Nihil
711 1560 776 1579 vero
792 1551 847 1579 dici

63 1602 156 1634 potest
171 1602 218 1625 aut
234 1598 337 1630 verius,
353 1602 401 1624 aut
411 1602 485 1625 certe
500 1597 763 1632 probabilius,quam
774 1596 847 1632 quod

62 1643 269 1671 illustrissimus
290 1643 435 1670 Annalium
464 1642 582 1677 scriptor
601 1642 685 1669 tradit
698 1642 743 1668 "z
765 1641 849 1669 exsti-

62 1689 130 1716 tisse
147 1689 254 1716 scilicet
275 1688 463 1716 Thcodoretos
487 1687 556 1714 duos
573 1696 578 1713 :
597 1687 732 1714 seniorem
751 1694 847 1720 unum,

61 1735 109 1770 qui
123 1733 252 1770 Cyrensis
262 1743 269 1767 ;
281 1735 420 1770 junioretn
435 1734 619 1769 alterum,qui
634 1734 848 1761 ecclesiasticam

59 1780 193 1816 Cyrensis
204 1780 352 1808 Historiam
369 1781 549 1808 continuavit.
571 1779 682 1807 Addidit
701 1780 795 1815 junior
813 1779 848 1806 ad

60 1826 183 1853 senioris
206 1825 353 1853 Historiam
378 1825 465 1852 libros
487 1825 619 1860 quinque,
649 1825 749 1859 quibus
772 1832 849 1852 com-

59 1872 160 1906 plexus
189 1875 231 1898 est
259 1871 394 1907 quidquid
428 1878 519 1898 rerum
543 1870 789 1898 ecclesiasticarum
814 1870 848 1897 ab

59 1922 135 1941 anno
151 1914 203 1942 427
219 1914 252 1941 ad
266 1914 366 1942 Justiui
386 1914 562 1949 imperatoris
581 1915 659 1941 initia
676 1918 781 1950 gestum
795 1919 847 1948 est;

59 1964 87 1986 et
104 1959 338 1994 quemadmodum
362 1959 407 1986 ille
430 1959 464 1986 ab
483 1959 541 1986 Arii
561 1959 682 1990 vesania,
704 1959 745 1986 sic
761 1959 812 1987 iste
832 1966 848 1987 a

58 2004 185 2031 Nestorii
199 2004 295 2031 haeresi
310 2004 419 2031 initium
434 2004 522 2030 duxit.

93 2050 143 2078 XI.
160 2051 263 2084 Quodsi
278 2051 343 2078 licet
355 2051 511 2086 conjectura
525 2050 564 2077 uti
582 2050 610 2077 in
634 2058 663 2077 re
684 2058 700 2077 a
719 2049 849 2085 tempori-

58 2096 112 2123 bus
129 2096 236 2123 nostris
252 2095 401 2123 admodum
416 2101 531 2126 remota,
549 2103 582 2122 ac
602 2100 713 2130 propter
723 2099 848 2122 veterum

894 866 999 897 ronius,
1017 864 1161 899 epistolam
1183 865 1255 892 hanc
1275 873 1325 893 suo
1346 866 1373 893 iu
1391 867 1486 894 codice
1504 868 1678 902 praepositam

894 909 978 936 fuisse
1005 910 1116 944 reliquis
1132 911 1166 942 ⁷⁸,
1191 914 1319 945 tauquam
1347 911 1513 939 Theodoreti
1539 912 1632 944 lidem,
1650 917 1680 940 et

894 953 1063 981 Nestoriana:
1094 954 1233 982 societatis
1263 955 1400 989 publicam
1430 956 1678 990 renuntiationem;

895 999 943 1026 sed
960 999 986 1026 id
1001 999 1102 1026 factum
1118 1000 1216 1034 opinor
1235 999 1269 1026 ab
1285 1000 1376 1034 aliquo
1390 1001 1541 1028 amantiore
1555 1001 1680 1030 Theodo-

896 1044 960 1076 reti,
976 1052 1057 1079 quam
1071 1044 1204 1071 veritatis.

931 1089 963 1115 ll.
983 1089 1012 1115 lu
1033 1088 1112 1115 libris
1133 1089 1249 1123 vulgatis
1271 1089 1361 1116 media
1387 1090 1430 1117 sui
1447 1095 1536 1125 parte,
1565 1091 1679 1118 totidem

895 1133 997 1165 verbis,
1012 1133 1122 1161 coniicit
1140 1139 1222 1168 caput
1242 1135 1275 1161 l2
1295 1134 1358 1161 libri
1379 1136 1468 1170 quarti
1489 1135 1680 1163 Iherelicarum

896 1178 1058 1213 fabularum,
1072 1179 1145 1213 quod
1163 1179 1333 1212 inscribitur,
1347 1180 1386 1206 De
1397 1180 1537 1213 Ncstorio;
1557 1181 1680 1217 nihilque

897 1223 979 1251 habet
992 1225 1120 1259 amplius,
1133 1228 1232 1258 praeter
1246 1225 1458 1259 disputationem
1471 1226 1603 1261 prolixam
1616 1235 1678 1255 cum

897 1268 1013 1303 ipsotuet
1030 1268 1166 1300 Nestorio,
1183 1269 1216 1296 ad
1230 1277 1310 1304 quem
1327 1270 1414 1297 oratio
1425 1272 1610 1305 convertitur;
1625 1280 1680 1307 qua

897 1314 1077 1341 conversione
1096 1314 1164 1341 nihil
1185 1319 1228 1342 est
1249 1314 1413 1343 insolentius
1426 1316 1497 1351 apud
1520 1316 1680 1346 Theodore-

897 1364 966 1387 tum.

934 1416 977 1443 111.
996 1415 1113 1452 Scripsit
1130 1424 1205 1449 vero,
1219 1418 1345 1453 quisquis
1360 1423 1401 1446 est
1418 1424 1523 1452 auctor,
1545 1426 1606 1456 post
1627 1421 1680 1449 Ne-

899 1463 1026 1495 storium,
1035 1471 1090 1490 non
1104 1463 1185 1491 modo
1196 1464 1368 1498 deportatum
1387 1464 1414 1491 in
1430 1465 1531 1497 Oasim,
1542 1466 1589 1494 sed
1598 1466 1680 1494 etiam

899 1508 926 1535 in
940 1509 1028 1536 reditu
1043 1509 1143 1536 misere
1159 1509 1322 1537 exstinctum
1339 1509 1420 1537 :l'acit
1430 1511 1503 1537 enim
1514 1512 1681 1540 mentionem

899 1554 1097 1589 deportationis
1110 1559 1139 1581 et
1159 1554 1289 1582 interitus
1308 1563 1315 1581 :
1333 1554 1443 1589 scripsit
1459 1555 1541 1590 igitur
1556 1562 1617 1591 post
1633 1565 1684 1584 an-

898 1607 964 1627 num
980 1600 1042 1632 447,
1057 1607 1112 1634 quo
1126 1607 1199 1627 anno
1223 1600 1337 1634 periisse
1361 1599 1502 1627 Nestorius
1522 1602 1624 1635 apertis
1643 1607 1683 1630 te-

899 1645 1046 1678 stimoniis,
1061 1649 1108 1673 aut
1120 1649 1193 1673 certe
1213 1646 1392 1681 argumentis,
1410 1646 1575 1674 ostenditur.

933 1691 978 1719 lV.
997 1692 1083 1719 Nemo
1095 1696 1230 1724 veterum,
1249 1691 1323 1726 quod
1343 1691 1441 1723 sciam,
1459 1691 1582 1719 meminit
1602 1692 1682 1722 istius

899 1737 1032 1772 epistolae,
1050 1741 1186 1772 quatenus
1195 1744 1209 1764 a
1218 1736 1307 1771 capite
1319 1736 1466 1764 undecimo
1477 1737 1531 1772 jam
1544 1737 1617 1765 dicto
1631 1738 1683 1765 dil-

899 1781 962 1809 l‘ert.
974 1781 1041 1808 Nam
1058 1781 1190 1809 Leontius
1207 1781 1234 1808 in
1253 1788 1336 1815 opere
1350 1780 1386 1807 De
1401 1782 1487 1812 sectis,
1504 1785 1533 1807 et
1554 1782 1682 1810 Theodo-

900 1835 947 1855 rus
962 1827 1053 1855 Abbas
1070 1827 1098 1854 in
1117 1831 1279 1863 argumento
1295 1827 1390 1862 synodi
1402 1827 1555 1861 Ephesium,
1569 1835 1600 1855 ac
1613 1828 1683 1855 Pho—
1714 1848 1718 1853 .

899 1874 956 1901 tius
970 1873 998 1900 in
1015 1872 1125 1906 Codice,
1145 1872 1330 1899 meminerunt
1347 1872 1431 1899 solius
1447 1872 1510 1899 libri
1527 1881 1554 1900 tv
1572 1873 1684 1901 ereti—

899 1927 992 1946 carum
1011 1917 1179 1953 tabularum,
1192 1917 1220 1944 in
1235 1925 1289 1952 quo
1304 1918 1403 1944 inserta
1416 1922 1467 1945 est.

932 1964 964 1992 V.
984 1965 1018 1991 Et
1031 1971 1096 1991 vero
1108 1962 1334 1998 scriptum,quod
1347 1962 1375 1989 in
1388 1962 1573 1997 Appendicem
1589 1964 1683 2000 rejecit

899 2009 1075 2042 Sirmondus,
1096 2009 1256 2036 nonnullam
1280 2008 1390 2043 quidem
1413 2007 1618 2036 declamationis
1636 2013 1685 2037 aut

899 2054 1023 2082 historia:
1037 2053 1157 2088 speciem
1169 2052 1289 2087 praefert,
1308 2053 1410 2079 nullam
1422 2053 1552 2087 epistolae.
1568 2053 1646 2086 Nam,
1658 2055 1684 2081 l'

898 2100 958 2127 Non
972 2098 1056 2126 habet
1066 2097 1246 2126 honoriﬁcam
1260 2097 1329 2130 viri,
1344 2098 1387 2125 cui
1403 2098 1549 2130 scribitur,
1563 2099 1684 2134 compelo

57 2142 205 2170 Silentium
229 2141 356 2174 Obscura,
383 2141 567 2168 ΤῘιεοάοτίῑυε
587 2141 632 2168 ille
645 2140 740 2176 junior
757 2141 779 2156 ⁷⁷
791 2147 847 2167 non
863 2146 885 2173 D
899 2144 1048 2175 lationem,
1067 2150 1148 2178 quam
1165 2142 1193 2169 in
1208 2142 1334 2177 epistolis
1354 2142 1388 2169 ad
1407 2146 1546 2177 maguates
1557 2142 1684 2170 omittere

56 2188 129 2215 alter
152 2187 263 2214 videtur
284 2194 354 2219 esse,
379 2194 461 2221 quam
479 2186 639 2212 Alindorum
660 2186 805 2220 episcopus
818 2185 846 2212 in

56 2233 205 2267 provincia
221 2232 317 2265 Carim,
328 2232 376 2267 qui
394 2239 466 2259 anno
485 2231 536 2259 536
559 2231 676 2258 concilio
693 2230 848 2258 Constanti-

58 2280 225 2314 nopolitano
247 2279 350 2306 Menum
369 2279 512 2307 interfuit:
531 2283 637 2314 tempus
648 2279 732 2311 enim,
749 2286 848 2306 nomen

56 2330 85 2352 et
102 2325 228 2352 eruditio
240 2329 404 2360 congruunt.

92 2369 155 2398 ΧΠ.
176 2370 207 2397 In
223 2371 345 2406 catalogo
359 2370 528 2398 Hebed-Jesu
546 2371 650 2398 mentio
674 2369 706 2396 ﬁt
723 2369 849 2397 Historiae

59 2416 229 2451 cujusdam,
255 2424 315 2451 quae
341 2417 464 2451 quinque
494 2416 572 2443 libris
604 2415 850 2451 comprehenderet

56 2462 229 2497 ejectionem
250 2461 386 2495 Nestorii,
408 2466 436 2489 et
457 2462 559 2493 omnia,
577 2469 637 2496 qua:
651 2461 677 2488 in
691 2461 744 2488 illis
759 2461 849 2496 regio-

53 2509 147 2536 nibus
171 2514 248 2544 gesta
265 2513 338 2536 sunt.
359 2510 461 2536 Auctor
481 2509 584 2535 dicitur
605 2508 724 2535 lremeus
739 2507 848 2543 Tyrius,

50 2554 234 2589 aequalisque
255 2553 430 2581 Theodoreto
456 2552 579 2580 innuitur
602 2551 662 2587 ipso
680 2551 851 2579 recensionis

49 2600 171 2628 ordine.
198 2599 311 2627 Venerit
330 2599 443 2626 fortasse
460 2599 488 2625 in
512 2602 631 2626 mentem
659 2597 742 2625 alicui
759 2597 850 2632 suspi-

901 2189 1093 2217 Theodoretus
1116 2195 1173 2215 non
1193 2188 1274 2215 solet.
1295 2187 1324 2214 2°
1342 2187 1423 2214 Caret
1440 2187 1527 2214 amica
1552 2187 1683 2220 clausula,

900 2242 983 2270 quam
996 2233 1189 2261 Theodoretus
1201 2233 1244 2260 vix
1265 2232 1368 2267 pariter
1384 2239 1503 2266 unquam
1521 2233 1684 2267 praetermit-

902 2281 944 2308 tit.
958 2281 985 2307 5°
999 2279 1190 2308 Praefationem
1209 2278 1332 2306 continet
1352 2277 1502 2312 prolixam,
1529 2278 1684 2313 locumque,

900 2331 931 2353 ut
943 2326 1031 2358 aiunt,
1044 2332 1229 2356 communem,
1240 2331 1295 2358 quo
1312 2323 1381 2350 nihil
1399 2323 1544 2350 absurdius
1557 2328 1686 2358 peccatur

901 2371 928 2398 in
942 2371 1119 2405 cpistolarum
1131 2373 1230 2401 artem,
1241 2367 1366 2403 religiose
1376 2375 1392 2394 a
1402 2367 1575 2394 Theodoreto
1591 2367 1686 2395 obser-

900 2420 1000 2442 vatam.
1021 2416 1049 2442 4°
1068 2414 1218 2442 Fastidiosa
1242 2414 1288 2440 illa
1313 2413 1436 2448 praelatio
1456 2412 1530 2442 aliud
1546 2412 1615 2439 nihil
1631 2417 1684 2443 est.

899 2468 981 2496 quam
1006 2460 1125 2487 imitatio
1142 2459 1266 2494 quaedam
1284 2462 1366 2493 atque
1386 2457 1561 2492 ampliﬁcatio
1579 2457 1685 2492 prologi

897 2506 970 2533 libro
985 2509 1084 2539 quarto
1104 2504 1298 2532 ereticarum
1314 2501 1465 2538 fabularum
1484 2501 1598 2537 praefixi,
1612 2503 1686 2537 quod

898 2551 1004 2587 puerile
1017 2550 1124 2578 vitium.
1141 2550 1168 2578 5°
1184 2549 1278 2577 Oratio
1289 2549 1323 2576 ad
1338 2548 1495 2576 Nestorium
1512 2548 1601 2583 ipsum
1618 2555 1685 2575 cou-

899 2597 1028 2629 vertitur,
1044 2595 1198 2632 cujusmodi
1212 2594 1285 2630 apud
1297 2593 1502 2622 Theodorctum
1521 2593 1549 2620 in
1561 2593 1687 2629 epistolis

734 2673 892 2702 SCIIULZII
912 2672 1028 2701 NOTAE.

87 2736 114 2753 "
128 2733 233 2763 Annal.
258 2739 277 2761 t.
295 2734 345 2766 Vl,
361 2742 388 2769 p.
406 2734 467 2761 653.

521 2733 543 2750 "
559 2733 621 2760 Haec
647 2733 758 2768 quidem
777 2733 933 2767 conjectura
958 2732 1048 2760 Caveo
1069 2731 1184 2767 aliisque
1209 2738 1238 2768 se
1260 2726 1546 2768 commendavit,
1566 2726 1687 2768 iunioris

51 2762 135 2799 illius
149 2769 316 2797 Theodoreti
331 2762 431 2804 sciipta
448 2769 493 2796 vix
508 2762 809 2804 potuerutit'Gennadio
824 2762 1007 2800 innotescere,
1026 2771 1056 2795 ut
1068 2768 1124 2803 jam
1140 2762 1253 2794 ‘monuit
1269 2765 1408 2793 Fabricius
1428 2763 1551 2791 Biblioth.
1566 2762 1612 2791 Cr.
1631 2762 1684 2789 vol.

51 2807 97 2839 Vl,
115 2814 145 2841 p.
162 2805 225 2833 124.
265 2805 286 2820 ⁷⁸
305 2804 364 2831 Vid.
388 2803 484 2838 supra,
500 2811 527 2839 p.
545 2803 606 2831 505.
