  <div class='ocr_page' id='page_1' title='image "/cluster/home/n/w/nwhite01/storage/ocr_20150623/84/njp.32101010943783/183.png"; bbox 0 0 1967 3047; ppageno 0'>
   <div class='ocr_carea' id='block_1_1' title="bbox 277 103 331 135">
    <p class='ocr_par' dir='ltr' id='par_1_1' title="bbox 277 103 331 135">
     <span class='ocr_line' id='line_1_1' title="bbox 277 103 331 135; baseline 0 0"><span class='ocrx_word' id='word_1_1' title='bbox 277 103 331 135; x_wconf 77' lang='lat'><strong>3:35</strong></span> 
     </span>
    </p>
   </div>
   <div class='ocr_carea' id='block_1_2' title="bbox 276 156 1102 194">
    <p class='ocr_par' dir='ltr' id='par_1_2' title="bbox 276 156 1102 194">
     <span class='ocr_line' id='line_1_2' title="bbox 276 156 1102 194; baseline 0 -8"><span class='ocrx_word' id='word_1_2' title='bbox 276 159 323 186; x_wconf 81' lang='lat' dir='ltr'><strong>vix</strong></span> <span class='ocrx_word' id='word_1_3' title='bbox 340 157 491 194; x_wconf 80' lang='lat' dir='ltr'><strong>quidquam</strong></span> <span class='ocrx_word' id='word_1_4' title='bbox 517 156 648 193; x_wconf 82' lang='lat' dir='ltr'><strong>reperias.</strong></span> <span class='ocrx_word' id='word_1_5' title='bbox 665 156 746 193; x_wconf 66' lang='lat' dir='ltr'><strong>m7</strong></span> <span class='ocrx_word' id='word_1_6' title='bbox 770 157 797 185; x_wconf 82' lang='lat'><strong>6°</strong></span> <span class='ocrx_word' id='word_1_7' title='bbox 813 156 907 185; x_wconf 82' lang='lat' dir='ltr'><strong>Scatet</strong></span> <span class='ocrx_word' id='word_1_8' title='bbox 918 157 1064 193; x_wconf 84' lang='lat' dir='ltr'><strong>phrasibus</strong></span> <span class='ocrx_word' id='word_1_9' title='bbox 1080 162 1102 190; x_wconf 77' lang='grc' dir='ltr'><strong>Α</strong></span> 
     </span>
    </p>
   </div>
   <div class='ocr_carea' id='block_1_3' title="bbox 275 202 1064 238">
    <p class='ocr_par' dir='ltr' id='par_1_3' title="bbox 275 202 1064 238">
     <span class='ocr_line' id='line_1_3' title="bbox 275 202 1064 238; baseline 0 -7"><span class='ocrx_word' id='word_1_10' title='bbox 275 211 311 231; x_wconf 81' lang='lat' dir='ltr'><strong>ex</strong></span> <span class='ocrx_word' id='word_1_11' title='bbox 331 202 462 238; x_wconf 78' lang='lat' dir='ltr'><strong>Gregorio</strong></span> <span class='ocrx_word' id='word_1_12' title='bbox 484 203 623 238; x_wconf 78' lang='lat' dir='ltr'><strong>Theologo</strong></span> <span class='ocrx_word' id='word_1_13' title='bbox 646 202 789 237; x_wconf 68' lang='lat' dir='ltr'><strong>pueriliter</strong></span> <span class='ocrx_word' id='word_1_14' title='bbox 805 202 944 238; x_wconf 75' lang='lat' dir='ltr'><strong>decerptis</strong></span> <span class='ocrx_word' id='word_1_15' title='bbox 957 223 964 236; x_wconf 84' lang='lat'><strong>,</strong></span> <span class='ocrx_word' id='word_1_16' title='bbox 990 204 1064 238; x_wconf 87' lang='lat' dir='ltr'><strong>quod</strong></span> 
     </span>
    </p>
   </div>
   <div class='ocr_carea' id='block_1_4' title="bbox 277 248 1068 284">
    <p class='ocr_par' dir='ltr' id='par_1_4' title="bbox 277 248 1068 284">
     <span class='ocr_line' id='line_1_4' title="bbox 277 248 1068 284; baseline 0 -8"><span class='ocrx_word' id='word_1_17' title='bbox 277 249 420 284; x_wconf 74' lang='lat' dir='ltr'><strong>indignum</strong></span> <span class='ocrx_word' id='word_1_18' title='bbox 450 248 634 275; x_wconf 79' lang='lat' dir='ltr'><strong>Theodoreto.</strong></span> <span class='ocrx_word' id='word_1_19' title='bbox 661 248 801 283; x_wconf 66' lang='lat' dir='ltr'><strong>Decerptte</strong></span> <span class='ocrx_word' id='word_1_20' title='bbox 821 252 886 275; x_wconf 86' lang='lat' dir='ltr'><strong>sunt</strong></span> <span class='ocrx_word' id='word_1_21' title='bbox 905 248 965 276; x_wconf 65' lang='lat' dir='ltr'><strong>ista:</strong></span> <span class='ocrx_word' id='word_1_22' title='bbox 979 249 1068 276; x_wconf 85' lang='lat' dir='ltr'><strong>mani-</strong></span> 
     </span>
    </p>
   </div>
   <div class='ocr_carea' id='block_1_5' title="bbox 278 291 1067 329">
    <p class='ocr_par' dir='ltr' id='par_1_5' title="bbox 278 291 1067 329">
     <span class='ocr_line' id='line_1_5' title="bbox 278 291 1067 329; baseline -0.001 -8"><span class='ocrx_word' id='word_1_23' title='bbox 278 295 348 322; x_wconf 77' lang='lat' dir='ltr'><strong>feste</strong></span> <span class='ocrx_word' id='word_1_24' title='bbox 377 301 411 321; x_wconf 79' lang='lat' dir='ltr'><strong>ex</strong></span> <span class='ocrx_word' id='word_1_25' title='bbox 436 293 563 321; x_wconf 74' lang='lat' dir='ltr'><strong>Oratione</strong></span> <span class='ocrx_word' id='word_1_26' title='bbox 594 294 622 320; x_wconf 79' lang='lat' dir='ltr'><strong>iu</strong></span> <span class='ocrx_word' id='word_1_27' title='bbox 650 293 828 321; x_wconf 70' lang='lat' dir='ltr'><strong>Athanasium</strong></span> <span class='ocrx_word' id='word_1_28' title='bbox 848 291 893 321; x_wconf 62' lang='lat'><strong>&quot;.&#39;</strong></span> <span class='ocrx_word' id='word_1_29' title='bbox 910 293 1012 329; x_wconf 80' lang='grc' dir='ltr'>’Δλὶην</span> <span class='ocrx_word' id='word_1_30' title='bbox 1037 293 1067 326; x_wconf 72' lang='grc' dir='ltr'>ἐξ</span> 
     </span>
    </p>
   </div>
   <div class='ocr_carea' id='block_1_6' title="bbox 275 339 1068 376">
    <p class='ocr_par' dir='ltr' id='par_1_6' title="bbox 275 339 1068 376">
     <span class='ocr_line' id='line_1_6' title="bbox 275 339 1068 376; baseline 0 -10"><span class='ocrx_word' id='word_1_31' title='bbox 275 339 360 376; x_wconf 75' lang='grc' dir='ltr'>ἄλλης</span> <span class='ocrx_word' id='word_1_32' title='bbox 371 339 493 374; x_wconf 78' lang='grc' dir='ltr'>ἀμείϐων</span> <span class='ocrx_word' id='word_1_33' title='bbox 508 339 611 374; x_wconf 79' lang='grc' dir='ltr'>χώραν,</span> <span class='ocrx_word' id='word_1_34' title='bbox 626 339 755 374; x_wconf 71' lang='grc' dir='ltr'><strong>καθάπερ</strong></span> <span class='ocrx_word' id='word_1_35' title='bbox 776 339 947 375; x_wconf 74' lang='grc' dir='ltr'><strong>Αἰγυπτιακὴ</strong></span> <span class='ocrx_word' id='word_1_36' title='bbox 960 348 1002 371; x_wconf 83' lang='grc' dir='ltr'><strong>τις</strong></span> <span class='ocrx_word' id='word_1_37' title='bbox 1017 339 1068 374; x_wconf 84' lang='grc' dir='ltr'><strong>μά-</strong></span> 
     </span>
    </p>
   </div>
   <div class='ocr_carea' id='block_1_7' title="bbox 279 385 1069 421">
    <p class='ocr_par' dir='ltr' id='par_1_7' title="bbox 279 385 1069 421">
     <span class='ocr_line' id='line_1_7' title="bbox 279 385 1069 421; baseline -0.001 -9"><span class='ocrx_word' id='word_1_38' title='bbox 279 386 337 418; x_wconf 79' lang='grc' dir='ltr'><strong>στιξ</strong></span> <span class='ocrx_word' id='word_1_39' title='bbox 353 386 384 421; x_wconf 78' lang='grc' dir='ltr'><strong>τῇ</strong></span> <span class='ocrx_word' id='word_1_40' title='bbox 405 385 510 421; x_wconf 79' lang='grc' dir='ltr'><strong>μεγάλῃ</strong></span> <span class='ocrx_word' id='word_1_41' title='bbox 535 385 590 411; x_wconf 86' lang='grc' dir='ltr'>τῶν</span> <span class='ocrx_word' id='word_1_42' title='bbox 610 385 768 420; x_wconf 67' lang='grc' dir='ltr'><strong>Ἀντιοχέων</strong></span> <span class='ocrx_word' id='word_1_43' title='bbox 787 385 920 420; x_wconf 72' lang='grc' dir='ltr'><strong>ἐνέσκηψε</strong></span> <span class='ocrx_word' id='word_1_44' title='bbox 933 385 1020 418; x_wconf 74' lang='grc' dir='ltr'>πόλει,</span> <span class='ocrx_word' id='word_1_45' title='bbox 1039 386 1069 412; x_wconf 83' lang='grc' dir='ltr'>ὲν</span> 
     </span>
    </p>
   </div>
   <div class='ocr_carea' id='block_1_8' title="bbox 277 430 1068 466">
    <p class='ocr_par' dir='ltr' id='par_1_8' title="bbox 277 430 1068 466">
     <span class='ocr_line' id='line_1_8' title="bbox 277 430 1068 466; baseline 0.003 -10"><span class='ocrx_word' id='word_1_46' title='bbox 277 430 363 465; x_wconf 75' lang='grc' dir='ltr'><strong>ταύτῃ</strong></span> <span class='ocrx_word' id='word_1_47' title='bbox 387 430 475 464; x_wconf 77' lang='grc' dir='ltr'>λόγων</span> <span class='ocrx_word' id='word_1_48' title='bbox 493 430 654 464; x_wconf 75' lang='grc' dir='ltr'><strong>ἐλευθερίων</strong></span> <span class='ocrx_word' id='word_1_49' title='bbox 676 431 794 466; x_wconf 78' lang='grc' dir='ltr'><strong>μετρίως</strong></span> <span class='ocrx_word' id='word_1_50' title='bbox 817 430 1005 466; x_wconf 80' lang='grc' dir='ltr'><strong>μετεσχηκώς.</strong></span> <span class='ocrx_word' id='word_1_51' title='bbox 1034 431 1068 458; x_wconf 76' lang='lat' dir='ltr'><strong>Et</strong></span> 
     </span>
    </p>
   </div>
   <div class='ocr_carea' id='block_1_9' title="bbox 277 475 1067 512">
    <p class='ocr_par' dir='ltr' id='par_1_9' title="bbox 277 475 1067 512">
     <span class='ocr_line' id='line_1_9' title="bbox 277 475 1067 512; baseline 0.001 -10"><span class='ocrx_word' id='word_1_52' title='bbox 277 476 358 511; x_wconf 86' lang='lat' dir='ltr'><strong>paulo</strong></span> <span class='ocrx_word' id='word_1_53' title='bbox 375 481 437 511; x_wconf 90' lang='lat' dir='ltr'><strong>post</strong></span> <span class='ocrx_word' id='word_1_54' title='bbox 448 475 471 492; x_wconf 83' lang='grc' dir='ltr'><strong>⁸ο</strong></span> <span class='ocrx_word' id='word_1_55' title='bbox 486 495 493 502; x_wconf 92' lang='grc'><em>.</em></span> <span class='ocrx_word' id='word_1_56' title='bbox 509 476 642 502; x_wconf 74' lang='grc' dir='ltr'><strong>Ἐνταῦθά</strong></span> <span class='ocrx_word' id='word_1_57' title='bbox 658 485 702 510; x_wconf 86' lang='grc' dir='ltr'><strong>μοι</strong></span> <span class='ocrx_word' id='word_1_58' title='bbox 716 477 808 502; x_wconf 76' lang='grc' dir='ltr'>λοιπὸν</span> <span class='ocrx_word' id='word_1_59' title='bbox 823 477 870 503; x_wconf 74' lang='grc' dir='ltr'><strong>καὶ</strong></span> <span class='ocrx_word' id='word_1_60' title='bbox 883 477 918 503; x_wconf 75' lang='grc' dir='ltr'><strong>τὰ</strong></span> <span class='ocrx_word' id='word_1_61' title='bbox 931 477 1067 512; x_wconf 82' lang='grc' dir='ltr'><strong>δράματα,</strong></span> 
     </span>
    </p>
   </div>
   <div class='ocr_carea' id='block_1_10' title="bbox 276 518 1068 556">
    <p class='ocr_par' dir='ltr' id='par_1_10' title="bbox 276 518 1068 556">
     <span class='ocr_line' id='line_1_10' title="bbox 276 518 1068 556; baseline 0.001 -10"><span class='ocrx_word' id='word_1_62' title='bbox 276 518 313 546; x_wconf 86' lang='grc' dir='ltr'>ὧν</span> <span class='ocrx_word' id='word_1_63' title='bbox 327 520 426 555; x_wconf 76' lang='grc' dir='ltr'><strong>μικροῦ</strong></span> <span class='ocrx_word' id='word_1_64' title='bbox 444 520 551 556; x_wconf 75' lang='grc' dir='ltr'>πλήρης</span> <span class='ocrx_word' id='word_1_65' title='bbox 567 521 640 547; x_wconf 75' lang='grc' dir='ltr'>πᾶσα</span> <span class='ocrx_word' id='word_1_66' title='bbox 652 522 687 556; x_wconf 82' lang='grc' dir='ltr'>γῆ</span> <span class='ocrx_word' id='word_1_67' title='bbox 703 529 732 547; x_wconf 81' lang='grc' dir='ltr'>τε</span> <span class='ocrx_word' id='word_1_68' title='bbox 744 521 790 547; x_wconf 76' lang='grc' dir='ltr'><strong>καὶ</strong></span> <span class='ocrx_word' id='word_1_69' title='bbox 806 521 935 547; x_wconf 80' lang='grc' dir='ltr'><strong>θάλαττα.</strong></span> <span class='ocrx_word' id='word_1_70' title='bbox 955 521 1000 552; x_wconf 84' lang='grc' dir='ltr'><strong>Ὠς</strong></span> <span class='ocrx_word' id='word_1_71' title='bbox 1013 520 1068 555; x_wconf 80' lang='grc' dir='ltr'>γὰρ</span> 
     </span>
    </p>
   </div>
   <div class='ocr_carea' id='block_1_11' title="bbox 275 566 1068 602">
    <p class='ocr_par' dir='ltr' id='par_1_11' title="bbox 275 566 1068 602">
     <span class='ocr_line' id='line_1_11' title="bbox 275 566 1068 602; baseline 0.001 -10"><span class='ocrx_word' id='word_1_72' title='bbox 275 566 322 592; x_wconf 66' lang='grc' dir='ltr'>τὸν</span> <span class='ocrx_word' id='word_1_73' title='bbox 342 566 470 601; x_wconf 79' lang='grc' dir='ltr'><strong>μέγιστον</strong></span> <span class='ocrx_word' id='word_1_74' title='bbox 481 567 583 593; x_wconf 61' lang='grc' dir='ltr'>ἐκεῖνον</span> <span class='ocrx_word' id='word_1_75' title='bbox 599 566 732 593; x_wconf 76' lang='grc' dir='ltr'><strong>κατέλαϐε</strong></span> <span class='ocrx_word' id='word_1_76' title='bbox 749 566 852 602; x_wconf 72' lang='grc' dir='ltr'>θρόνον,</span> <span class='ocrx_word' id='word_1_77' title='bbox 867 566 994 602; x_wconf 78' lang='grc' dir='ltr'>καθάπερ</span> <span class='ocrx_word' id='word_1_78' title='bbox 1007 566 1068 593; x_wconf 81' lang='grc' dir='ltr'>τινὰ</span> 
     </span>
    </p>
   </div>
   <div class='ocr_carea' id='block_1_12' title="bbox 277 612 1069 649">
    <p class='ocr_par' dir='ltr' id='par_1_12' title="bbox 277 612 1069 649">
     <span class='ocr_line' id='line_1_12' title="bbox 277 612 1069 649; baseline 0.004 -12"><span class='ocrx_word' id='word_1_79' title='bbox 277 612 423 647; x_wconf 75' lang='grc' dir='ltr'>τυραννίδα</span> <span class='ocrx_word' id='word_1_80' title='bbox 439 612 488 647; x_wconf 86' lang='grc' dir='ltr'><strong>τῆς</strong></span> <span class='ocrx_word' id='word_1_81' title='bbox 505 612 711 648; x_wconf 77' lang='grc' dir='ltr'><strong>ἀρχιερωσύνης</strong></span> <span class='ocrx_word' id='word_1_82' title='bbox 729 613 779 648; x_wconf 86' lang='grc' dir='ltr'><strong>τὴν</strong></span> <span class='ocrx_word' id='word_1_83' title='bbox 798 613 964 648; x_wconf 67' lang='grc' dir='ltr'>προστασίαν</span> <span class='ocrx_word' id='word_1_84' title='bbox 982 613 1069 649; x_wconf 71' lang='grc' dir='ltr'><strong>ἀρπά-</strong></span> 
     </span>
    </p>
   </div>
   <div class='ocr_carea' id='block_1_13' title="bbox 278 657 1068 688">
    <p class='ocr_par' dir='ltr' id='par_1_13' title="bbox 278 657 1068 688">
     <span class='ocr_line' id='line_1_13' title="bbox 278 657 1068 688; baseline 0.003 -4"><span class='ocrx_word' id='word_1_85' title='bbox 278 666 337 688; x_wconf 76' lang='grc' dir='ltr'><strong>σας.</strong></span> <span class='ocrx_word' id='word_1_86' title='bbox 361 657 402 684; x_wconf 81' lang='lat' dir='ltr'><strong>Ex</strong></span> <span class='ocrx_word' id='word_1_87' title='bbox 427 657 556 684; x_wconf 72' lang='lat' dir='ltr'><strong>Oratione</strong></span> <span class='ocrx_word' id='word_1_88' title='bbox 577 659 613 685; x_wconf 85' lang='lat' dir='ltr'><strong>ad</strong></span> <span class='ocrx_word' id='word_1_89' title='bbox 635 657 750 686; x_wconf 67' lang='lat' dir='ltr'><strong>Arianae</strong></span> <span class='ocrx_word' id='word_1_90' title='bbox 769 659 813 684; x_wconf 72' lang='grc' dir='ltr'><strong>δίε</strong></span> <span class='ocrx_word' id='word_1_91' title='bbox 836 659 911 685; x_wconf 83' lang='grc' dir='ltr'>Οἵκοι</span> <span class='ocrx_word' id='word_1_92' title='bbox 931 658 964 685; x_wconf 79' lang='grc' dir='ltr'><strong>τὰ</strong></span> <span class='ocrx_word' id='word_1_93' title='bbox 984 659 1068 686; x_wconf 75' lang='grc' dir='ltr'>πολλὰ</span> 
     </span>
    </p>
   </div>
   <div class='ocr_carea' id='block_1_14' title="bbox 277 702 1070 739">
    <p class='ocr_par' dir='ltr' id='par_1_14' title="bbox 277 702 1070 739">
     <span class='ocr_line' id='line_1_14' title="bbox 277 702 1070 739; baseline 0.004 -12"><span class='ocrx_word' id='word_1_94' title='bbox 277 702 390 736; x_wconf 75' lang='grc' dir='ltr'><strong>βιϐλίοις</strong></span> <span class='ocrx_word' id='word_1_95' title='bbox 412 703 587 738; x_wconf 76' lang='grc' dir='ltr'>προσανέχων</span> <span class='ocrx_word' id='word_1_96' title='bbox 599 723 606 733; x_wconf 84' lang='grc'><strong>.</strong></span> <span class='ocrx_word' id='word_1_97' title='bbox 626 705 672 730; x_wconf 79' lang='grc' dir='ltr'>καὶ</span> <span class='ocrx_word' id='word_1_98' title='bbox 697 703 757 730; x_wconf 83' lang='grc' dir='ltr'><strong>καθ’</strong></span> <span class='ocrx_word' id='word_1_99' title='bbox 775 704 888 739; x_wconf 81' lang='grc' dir='ltr'>ἡσυχίαν</span> <span class='ocrx_word' id='word_1_100' title='bbox 906 704 993 739; x_wconf 78' lang='grc' dir='ltr'>ἑαυτῷ</span> <span class='ocrx_word' id='word_1_101' title='bbox 1006 713 1070 738; x_wconf 78' lang='grc' dir='ltr'><strong>συγ-</strong></span> 
     </span>
    </p>
   </div>
   <div class='ocr_carea' id='block_1_15' title="bbox 275 747 1068 784">
    <p class='ocr_par' dir='ltr' id='par_1_15' title="bbox 275 747 1068 784">
     <span class='ocr_line' id='line_1_15' title="bbox 275 747 1068 784; baseline 0.004 -11"><span class='ocrx_word' id='word_1_102' title='bbox 275 747 426 782; x_wconf 80' lang='grc' dir='ltr'>γινόμενος.</span> <span class='ocrx_word' id='word_1_103' title='bbox 451 747 581 783; x_wconf 89' lang='lat' dir='ltr'><strong>Spurium</strong></span> <span class='ocrx_word' id='word_1_104' title='bbox 598 748 681 783; x_wconf 76' lang='lat' dir='ltr'><strong>igitur</strong></span> <span class='ocrx_word' id='word_1_105' title='bbox 692 752 735 776; x_wconf 85' lang='lat' dir='ltr'><strong>est</strong></span> <span class='ocrx_word' id='word_1_106' title='bbox 752 753 834 783; x_wconf 91' lang='lat' dir='ltr'><strong>atque</strong></span> <span class='ocrx_word' id='word_1_107' title='bbox 861 749 1068 784; x_wconf 86' lang='lat' dir='ltr'><strong>supposititium</strong></span> 
     </span>
    </p>
   </div>
   <div class='ocr_carea' id='block_1_16' title="bbox 278 793 840 830">
    <p class='ocr_par' dir='ltr' id='par_1_16' title="bbox 278 793 840 830">
     <span class='ocr_line' id='line_1_16' title="bbox 278 793 840 830; baseline 0.002 -10"><span class='ocrx_word' id='word_1_108' title='bbox 278 793 317 824; x_wconf 89' lang='lat' dir='ltr'><strong>id,</strong></span> <span class='ocrx_word' id='word_1_109' title='bbox 336 794 525 829; x_wconf 82' lang='lat' dir='ltr'><strong>cujuscunque</strong></span> <span class='ocrx_word' id='word_1_110' title='bbox 540 794 614 821; x_wconf 89' lang='lat' dir='ltr'><strong>modi</strong></span> <span class='ocrx_word' id='word_1_111' title='bbox 629 800 680 828; x_wconf 87' lang='lat' dir='ltr'><strong>est,</strong></span> <span class='ocrx_word' id='word_1_112' title='bbox 697 795 840 830; x_wconf 84' lang='lat' dir='ltr'><strong>scripturn.</strong></span> 
     </span>
    </p>
   </div>
   <div class='ocr_carea' id='block_1_17' title="bbox 311 838 1106 877">
    <p class='ocr_par' dir='ltr' id='par_1_17' title="bbox 311 838 1106 877">
     <span class='ocr_line' id='line_1_17' title="bbox 311 838 1106 877; baseline 0.004 -11"><span class='ocrx_word' id='word_1_113' title='bbox 311 840 354 867; x_wconf 87' lang='lat' dir='ltr'><strong>Vl.</strong></span> <span class='ocrx_word' id='word_1_114' title='bbox 375 839 427 867; x_wconf 88' lang='lat' dir='ltr'><strong>Sed</strong></span> <span class='ocrx_word' id='word_1_115' title='bbox 438 840 563 874; x_wconf 87' lang='lat' dir='ltr'><strong>spurium</strong></span> <span class='ocrx_word' id='word_1_116' title='bbox 579 847 640 868; x_wconf 89' lang='lat' dir='ltr'><strong>esse</strong></span> <span class='ocrx_word' id='word_1_117' title='bbox 658 840 746 876; x_wconf 93' lang='lat' dir='ltr'><strong>ipsum</strong></span> <span class='ocrx_word' id='word_1_118' title='bbox 767 849 877 876; x_wconf 88' lang='lat' dir='ltr'><strong>quoque</strong></span> <span class='ocrx_word' id='word_1_119' title='bbox 902 847 986 877; x_wconf 81' lang='lat' dir='ltr'><strong>caput</strong></span> <span class='ocrx_word' id='word_1_120' title='bbox 1001 842 1072 869; x_wconf 91' lang='lat' dir='ltr'><strong>duo-</strong></span> <span class='ocrx_word' id='word_1_121' title='bbox 1085 838 1106 865; x_wconf 80' lang='grc' dir='ltr'><strong><em>Β</em></strong></span> 
     </span>
    </p>
   </div>
   <div class='ocr_carea' id='block_1_18' title="bbox 276 886 1068 923">
    <p class='ocr_par' dir='ltr' id='par_1_18' title="bbox 276 886 1068 923">
     <span class='ocr_line' id='line_1_18' title="bbox 276 886 1068 923; baseline 0.004 -10"><span class='ocrx_word' id='word_1_122' title='bbox 276 886 414 913; x_wconf 88' lang='lat' dir='ltr'><strong>decimum</strong></span> <span class='ocrx_word' id='word_1_123' title='bbox 426 887 488 913; x_wconf 85' lang='lat' dir='ltr'><strong>libri</strong></span> <span class='ocrx_word' id='word_1_124' title='bbox 501 887 591 922; x_wconf 88' lang='lat' dir='ltr'><strong>quarti</strong></span> <span class='ocrx_word' id='word_1_125' title='bbox 612 887 803 915; x_wconf 64' lang='lat' dir='ltr'><strong>Harelirarum</strong></span> <span class='ocrx_word' id='word_1_126' title='bbox 820 888 983 923; x_wconf 78' lang='lat' dir='ltr'><strong>fabularum,</strong></span> <span class='ocrx_word' id='word_1_127' title='bbox 996 889 1068 916; x_wconf 87' lang='lat' dir='ltr'><strong>invi-</strong></span> 
     </span>
    </p>
   </div>
   <div class='ocr_carea' id='block_1_19' title="bbox 277 931 1068 967">
    <p class='ocr_par' dir='ltr' id='par_1_19' title="bbox 277 931 1068 967">
     <span class='ocr_line' id='line_1_19' title="bbox 277 931 1068 967; baseline 0.005 -9"><span class='ocrx_word' id='word_1_128' title='bbox 277 935 360 966; x_wconf 90' lang='lat' dir='ltr'><strong>toque</strong></span> <span class='ocrx_word' id='word_1_129' title='bbox 373 931 548 959; x_wconf 79' lang='lat' dir='ltr'><strong>&#39;l‘heodoreto</strong></span> <span class='ocrx_word' id='word_1_130' title='bbox 566 936 702 964; x_wconf 84' lang='lat' dir='ltr'><strong>assutum,</strong></span> <span class='ocrx_word' id='word_1_131' title='bbox 719 933 821 960; x_wconf 76' lang='lat' dir='ltr'><strong>invicte</strong></span> <span class='ocrx_word' id='word_1_132' title='bbox 838 933 984 962; x_wconf 88' lang='lat' dir='ltr'><strong>conﬁcitur</strong></span> <span class='ocrx_word' id='word_1_133' title='bbox 996 934 1031 967; x_wconf 83' lang='grc'><strong>⁸⁸,</strong></span> <span class='ocrx_word' id='word_1_134' title='bbox 1045 935 1068 963; x_wconf 89' lang='lat' dir='ltr'><strong>si</strong></span> 
     </span>
    </p>
   </div>
   <div class='ocr_carea' id='block_1_20' title="bbox 276 972 1068 1013">
    <p class='ocr_par' dir='ltr' id='par_1_20' title="bbox 276 972 1068 1013">
     <span class='ocr_line' id='line_1_20' title="bbox 276 972 1068 1013; baseline 0.008 -10"><span class='ocrx_word' id='word_1_135' title='bbox 276 977 456 1004; x_wconf 78' lang='lat' dir='ltr'><strong>conferantur</strong></span> <span class='ocrx_word' id='word_1_136' title='bbox 471 978 544 1005; x_wconf 86' lang='lat' dir='ltr'><strong>inter</strong></span> <span class='ocrx_word' id='word_1_137' title='bbox 556 985 596 1010; x_wconf 88' lang='lat' dir='ltr'><strong>se,</strong></span> <span class='ocrx_word' id='word_1_138' title='bbox 614 982 672 1005; x_wconf 90' lang='lat' dir='ltr'><strong>tum</strong></span> <span class='ocrx_word' id='word_1_139' title='bbox 683 986 744 1013; x_wconf 64' lang='lat' dir='ltr'><strong>qum</strong></span> <span class='ocrx_word' id='word_1_140' title='bbox 762 972 956 1008; x_wconf 71' lang='lat' dir='ltr'><strong>Thcodoretus</strong></span> <span class='ocrx_word' id='word_1_141' title='bbox 972 981 1000 1008; x_wconf 94' lang='lat' dir='ltr'><strong>in</strong></span> <span class='ocrx_word' id='word_1_142' title='bbox 1013 989 1068 1008; x_wconf 91' lang='lat' dir='ltr'><strong>uno</strong></span> 
     </span>
    </p>
   </div>
   <div class='ocr_carea' id='block_1_21' title="bbox 276 1024 1068 1060">
    <p class='ocr_par' dir='ltr' id='par_1_21' title="bbox 276 1024 1068 1060">
     <span class='ocr_line' id='line_1_21' title="bbox 276 1024 1068 1060; baseline 0.008 -11"><span class='ocrx_word' id='word_1_143' title='bbox 276 1024 428 1058; x_wconf 88' lang='lat' dir='ltr'><strong>eodemque</strong></span> <span class='ocrx_word' id='word_1_144' title='bbox 441 1031 524 1058; x_wconf 89' lang='lat' dir='ltr'><strong>opere</strong></span> <span class='ocrx_word' id='word_1_145' title='bbox 542 1024 734 1052; x_wconf 69' lang='lat' dir='ltr'><strong>erelicarum</strong></span> <span class='ocrx_word' id='word_1_146' title='bbox 744 1025 895 1060; x_wconf 79' lang='lat' dir='ltr'><strong>fabularum</strong></span> <span class='ocrx_word' id='word_1_147' title='bbox 907 1026 1000 1060; x_wconf 81' lang='lat' dir='ltr'><strong>habet,</strong></span> <span class='ocrx_word' id='word_1_148' title='bbox 1011 1031 1068 1055; x_wconf 92' lang='lat' dir='ltr'><strong>tum</strong></span> 
     </span>
    </p>
   </div>
   <div class='ocr_carea' id='block_1_22' title="bbox 275 1069 1067 1106">
    <p class='ocr_par' dir='ltr' id='par_1_22' title="bbox 275 1069 1067 1106">
     <span class='ocr_line' id='line_1_22' title="bbox 275 1069 1067 1106; baseline 0.008 -11"><span class='ocrx_word' id='word_1_149' title='bbox 275 1077 337 1103; x_wconf 72' lang='lat' dir='ltr'><strong>qua:</strong></span> <span class='ocrx_word' id='word_1_150' title='bbox 356 1069 390 1096; x_wconf 88' lang='lat' dir='ltr'><strong>de</strong></span> <span class='ocrx_word' id='word_1_151' title='bbox 412 1069 539 1097; x_wconf 88' lang='lat' dir='ltr'><strong>Nestorio</strong></span> <span class='ocrx_word' id='word_1_152' title='bbox 553 1070 746 1105; x_wconf 89' lang='lat' dir='ltr'><strong>episcopisque</strong></span> <span class='ocrx_word' id='word_1_153' title='bbox 766 1071 826 1106; x_wconf 84' lang='lat' dir='ltr'><strong>ejus</strong></span> <span class='ocrx_word' id='word_1_154' title='bbox 849 1071 1067 1106; x_wconf 87' lang='lat' dir='ltr'><strong>damuatoribus,</strong></span> 
     </span>
    </p>
   </div>
   <div class='ocr_carea' id='block_1_23' title="bbox 276 1115 810 1150">
    <p class='ocr_par' dir='ltr' id='par_1_23' title="bbox 276 1115 810 1150">
     <span class='ocr_line' id='line_1_23' title="bbox 276 1115 810 1150; baseline 0.006 -9"><span class='ocrx_word' id='word_1_155' title='bbox 276 1115 335 1150; x_wconf 78' lang='lat' dir='ltr'><strong>ipse</strong></span> <span class='ocrx_word' id='word_1_156' title='bbox 351 1120 379 1143; x_wconf 86' lang='lat' dir='ltr'><strong>et</strong></span> <span class='ocrx_word' id='word_1_157' title='bbox 394 1116 545 1143; x_wconf 87' lang='lat' dir='ltr'><strong>assumenti</strong></span> <span class='ocrx_word' id='word_1_158' title='bbox 562 1120 660 1143; x_wconf 88' lang='lat' dir='ltr'><strong>auctor</strong></span> <span class='ocrx_word' id='word_1_159' title='bbox 673 1116 810 1144; x_wconf 90' lang='lat' dir='ltr'><strong>scribunt.</strong></span> 
     </span>
    </p>
   </div>
   <div class='ocr_carea' id='block_1_24' title="bbox 311 1159 1069 1200">
    <p class='ocr_par' dir='ltr' id='par_1_24' title="bbox 311 1159 1069 1200">
     <span class='ocr_line' id='line_1_24' title="bbox 311 1159 1069 1200; baseline 0.007 -13"><span class='ocrx_word' id='word_1_160' title='bbox 311 1159 367 1187; x_wconf 77' lang='grc' dir='ltr'><strong>νη.</strong></span> <span class='ocrx_word' id='word_1_161' title='bbox 384 1159 614 1188; x_wconf 88' lang='lat' dir='ltr'><strong>Theodoretusin</strong></span> <span class='ocrx_word' id='word_1_162' title='bbox 624 1160 784 1196; x_wconf 68' lang='lat' dir='ltr'><strong>praefatione</strong></span> <span class='ocrx_word' id='word_1_163' title='bbox 795 1161 929 1190; x_wconf 91' lang='lat' dir='ltr'><strong>librorum</strong></span> <span class='ocrx_word' id='word_1_164' title='bbox 946 1163 1069 1200; x_wconf 90' lang='lat' dir='ltr'><strong>quinque</strong></span> 
     </span>
    </p>
   </div>
   <div class='ocr_carea' id='block_1_25' title="bbox 275 1205 1069 1242">
    <p class='ocr_par' dir='ltr' id='par_1_25' title="bbox 275 1205 1069 1242">
     <span class='ocr_line' id='line_1_25' title="bbox 275 1205 1069 1242; baseline 0.009 -11"><span class='ocrx_word' id='word_1_165' title='bbox 275 1205 470 1232; x_wconf 69' lang='lat' dir='ltr'><strong>Haereticarum</strong></span> <span class='ocrx_word' id='word_1_166' title='bbox 481 1206 634 1241; x_wconf 78' lang='lat' dir='ltr'><strong>fabularum</strong></span> <span class='ocrx_word' id='word_1_167' title='bbox 652 1207 812 1242; x_wconf 85' lang='lat' dir='ltr'><strong>pollicetur,</strong></span> <span class='ocrx_word' id='word_1_168' title='bbox 829 1215 858 1235; x_wconf 89' lang='lat' dir='ltr'><strong>se</strong></span> <span class='ocrx_word' id='word_1_169' title='bbox 875 1208 1008 1237; x_wconf 82' lang='lat' dir='ltr'><strong>adversus</strong></span> <span class='ocrx_word' id='word_1_170' title='bbox 1022 1218 1069 1238; x_wconf 90' lang='lat' dir='ltr'><strong>eos</strong></span> 
     </span>
    </p>
   </div>
   <div class='ocr_carea' id='block_1_26' title="bbox 275 1252 1070 1287">
    <p class='ocr_par' dir='ltr' id='par_1_26' title="bbox 275 1252 1070 1287">
     <span class='ocr_line' id='line_1_26' title="bbox 275 1252 1070 1287; baseline 0.006 -9"><span class='ocrx_word' id='word_1_171' title='bbox 275 1252 480 1286; x_wconf 80' lang='lat' dir='ltr'><strong>disputaturum</strong></span> <span class='ocrx_word' id='word_1_172' title='bbox 499 1252 527 1279; x_wconf 93' lang='lat' dir='ltr'><strong>in</strong></span> <span class='ocrx_word' id='word_1_173' title='bbox 544 1252 616 1280; x_wconf 90' lang='lat' dir='ltr'><strong>libro</strong></span> <span class='ocrx_word' id='word_1_174' title='bbox 625 1253 735 1287; x_wconf 90' lang='lat' dir='ltr'><strong>quinto,</strong></span> <span class='ocrx_word' id='word_1_175' title='bbox 744 1261 862 1287; x_wconf 90' lang='lat' dir='ltr'><strong>quorum</strong></span> <span class='ocrx_word' id='word_1_176' title='bbox 880 1254 907 1281; x_wconf 91' lang='lat' dir='ltr'><strong>in</strong></span> <span class='ocrx_word' id='word_1_177' title='bbox 919 1255 980 1282; x_wconf 84' lang='lat' dir='ltr'><strong>aliis</strong></span> <span class='ocrx_word' id='word_1_178' title='bbox 991 1263 1070 1283; x_wconf 89' lang='lat' dir='ltr'><strong>erro-</strong></span> 
     </span>
    </p>
   </div>
   <div class='ocr_carea' id='block_1_27' title="bbox 276 1297 1068 1337">
    <p class='ocr_par' dir='ltr' id='par_1_27' title="bbox 276 1297 1068 1337">
     <span class='ocr_line' id='line_1_27' title="bbox 276 1297 1068 1337; baseline 0.006 -13"><span class='ocrx_word' id='word_1_179' title='bbox 276 1305 322 1324; x_wconf 86' lang='lat' dir='ltr'><strong>res</strong></span> <span class='ocrx_word' id='word_1_180' title='bbox 340 1297 521 1332; x_wconf 76' lang='lat' dir='ltr'><strong>exposuisset.</strong></span> <span class='ocrx_word' id='word_1_181' title='bbox 551 1297 641 1330; x_wconf 85' lang='lat' dir='ltr'><strong>Quare</strong></span> <span class='ocrx_word' id='word_1_182' title='bbox 662 1298 791 1326; x_wconf 81' lang='lat' dir='ltr'><strong>hortatur</strong></span> <span class='ocrx_word' id='word_1_183' title='bbox 818 1299 921 1327; x_wconf 82' lang='lat' dir='ltr'><strong>ibidem</strong></span> <span class='ocrx_word' id='word_1_184' title='bbox 945 1309 1004 1333; x_wconf 92' lang='lat' dir='ltr'><strong>eos,</strong></span> <span class='ocrx_word' id='word_1_185' title='bbox 1020 1302 1068 1337; x_wconf 92' lang='lat' dir='ltr'><strong>qui</strong></span> 
     </span>
    </p>
   </div>
   <div class='ocr_carea' id='block_1_28' title="bbox 276 1343 1070 1380">
    <p class='ocr_par' dir='ltr' id='par_1_28' title="bbox 276 1343 1070 1380">
     <span class='ocr_line' id='line_1_28' title="bbox 276 1343 1070 1380; baseline 0.005 -10"><span class='ocrx_word' id='word_1_186' title='bbox 276 1343 375 1371; x_wconf 80' lang='lat' dir='ltr'><strong>lecturi</strong></span> <span class='ocrx_word' id='word_1_187' title='bbox 395 1347 470 1375; x_wconf 89' lang='lat' dir='ltr'><strong>sunt,</strong></span> <span class='ocrx_word' id='word_1_188' title='bbox 489 1352 498 1368; x_wconf 76' lang='grc' dir='ltr'>ι</span> <span class='ocrx_word' id='word_1_189' title='bbox 518 1347 549 1370; x_wconf 91' lang='lat' dir='ltr'><strong>ut</strong></span> <span class='ocrx_word' id='word_1_190' title='bbox 566 1343 767 1376; x_wconf 72' lang='lat' dir='ltr'><strong>&quot;haereticorum</strong></span> <span class='ocrx_word' id='word_1_191' title='bbox 788 1344 946 1380; x_wconf 77' lang='lat' dir='ltr'><strong>dogmatum</strong></span> <span class='ocrx_word' id='word_1_192' title='bbox 970 1354 1070 1374; x_wconf 92' lang='lat' dir='ltr'><strong>unum-</strong></span> 
     </span>
    </p>
   </div>
   <div class='ocr_carea' id='block_1_29' title="bbox 275 1389 1069 1430">
    <p class='ocr_par' dir='ltr' id='par_1_29' title="bbox 275 1389 1069 1430">
     <span class='ocr_line' id='line_1_29' title="bbox 275 1389 1069 1430; baseline 0.006 -14"><span class='ocrx_word' id='word_1_193' title='bbox 275 1389 403 1424; x_wconf 80' lang='lat' dir='ltr'><strong>quodque</strong></span> <span class='ocrx_word' id='word_1_194' title='bbox 423 1397 484 1417; x_wconf 91' lang='lat' dir='ltr'><strong>cum</strong></span> <span class='ocrx_word' id='word_1_195' title='bbox 502 1389 628 1417; x_wconf 83' lang='lat' dir='ltr'><strong>veritatis</strong></span> <span class='ocrx_word' id='word_1_196' title='bbox 654 1390 780 1418; x_wconf 81' lang='lat' dir='ltr'><strong>doctrina</strong></span> <span class='ocrx_word' id='word_1_197' title='bbox 801 1397 970 1426; x_wconf 82' lang='lat' dir='ltr'><strong>comparent,</strong></span> <span class='ocrx_word' id='word_1_198' title='bbox 990 1394 1069 1430; x_wconf 84' lang='lat' dir='ltr'><strong>cujus</strong></span> 
     </span>
    </p>
   </div>
   <div class='ocr_carea' id='block_1_30' title="bbox 275 1435 1069 1471">
    <p class='ocr_par' dir='ltr' id='par_1_30' title="bbox 275 1435 1069 1471">
     <span class='ocr_line' id='line_1_30' title="bbox 275 1435 1069 1471; baseline 0.006 -10"><span class='ocrx_word' id='word_1_199' title='bbox 275 1435 315 1462; x_wconf 85' lang='lat' dir='ltr'><strong>rei</strong></span> <span class='ocrx_word' id='word_1_200' title='bbox 334 1435 421 1470; x_wconf 75' lang='lat' dir='ltr'><strong>gratia</strong></span> <span class='ocrx_word' id='word_1_201' title='bbox 440 1435 554 1470; x_wconf 85' lang='lat' dir='ltr'><strong>quintus</strong></span> <span class='ocrx_word' id='word_1_202' title='bbox 581 1435 653 1462; x_wconf 90' lang='lat' dir='ltr'><strong>liber</strong></span> <span class='ocrx_word' id='word_1_203' title='bbox 676 1436 851 1471; x_wconf 86' lang='lat' dir='ltr'><strong>conscriptus</strong></span> <span class='ocrx_word' id='word_1_204' title='bbox 873 1436 930 1464; x_wconf 87' lang='lat' dir='ltr'><strong>sit:</strong></span> <span class='ocrx_word' id='word_1_205' title='bbox 959 1438 1069 1466; x_wconf 88' lang='lat' dir='ltr'><strong>visuros</strong></span> 
     </span>
    </p>
   </div>
   <div class='ocr_carea' id='block_1_31' title="bbox 275 1480 1068 1518">
    <p class='ocr_par' dir='ltr' id='par_1_31' title="bbox 275 1480 1068 1518">
     <span class='ocr_line' id='line_1_31' title="bbox 275 1480 1068 1518; baseline 0.005 -10"><span class='ocrx_word' id='word_1_206' title='bbox 275 1481 377 1516; x_wconf 84' lang='lat' dir='ltr'><strong>quippe</strong></span> <span class='ocrx_word' id='word_1_207' title='bbox 388 1481 459 1508; x_wconf 87' lang='lat' dir='ltr'><strong>hanc</strong></span> <span class='ocrx_word' id='word_1_208' title='bbox 472 1480 559 1508; x_wconf 89' lang='lat' dir='ltr'><strong>divini</strong></span> <span class='ocrx_word' id='word_1_209' title='bbox 578 1481 699 1517; x_wconf 83' lang='lat' dir='ltr'><strong>Spiritus</strong></span> <span class='ocrx_word' id='word_1_210' title='bbox 716 1482 826 1510; x_wconf 88' lang='lat' dir='ltr'><strong>oracula</strong></span> <span class='ocrx_word' id='word_1_211' title='bbox 841 1483 930 1518; x_wconf 77' lang='lat' dir='ltr'><strong>sequi,</strong></span> <span class='ocrx_word' id='word_1_212' title='bbox 946 1483 991 1511; x_wconf 89' lang='lat' dir='ltr'><strong>illa</strong></span> <span class='ocrx_word' id='word_1_213' title='bbox 1002 1492 1068 1512; x_wconf 90' lang='lat' dir='ltr'><strong>vero</strong></span> 
     </span>
    </p>
   </div>
   <div class='ocr_carea' id='block_1_32' title="bbox 275 1515 1103 1564">
    <p class='ocr_par' dir='ltr' id='par_1_32' title="bbox 275 1515 1103 1564">
     <span class='ocr_line' id='line_1_32' title="bbox 275 1515 1103 1564; baseline 0.005 -11"><span class='ocrx_word' id='word_1_214' title='bbox 275 1515 365 1561; x_wconf 64' lang='lat' dir='ltr'><strong>prava</strong></span> <span class='ocrx_word' id='word_1_215' title='bbox 374 1526 550 1561; x_wconf 76' lang='lat' dir='ltr'><strong>cogitationis</strong></span> <span class='ocrx_word' id='word_1_216' title='bbox 559 1515 668 1553; x_wconf 65' lang='lat' dir='ltr'><strong>inventa</strong></span> <span class='ocrx_word' id='word_1_217' title='bbox 676 1534 747 1554; x_wconf 81' lang='lat' dir='ltr'><strong>esse.</strong></span> <span class='ocrx_word' id='word_1_218' title='bbox 754 1536 763 1552; x_wconf 72' lang='grc' dir='ltr'>ι</span> <span class='ocrx_word' id='word_1_219' title='bbox 772 1527 853 1562; x_wconf 81' lang='lat' dir='ltr'><strong>Atqui</strong></span> <span class='ocrx_word' id='word_1_220' title='bbox 863 1515 944 1561; x_wconf 79' lang='lat' dir='ltr'><strong>lih.v,</strong></span> <span class='ocrx_word' id='word_1_221' title='bbox 952 1537 1011 1564; x_wconf 89' lang='lat' dir='ltr'><strong>cap.</strong></span> <span class='ocrx_word' id='word_1_222' title='bbox 1022 1530 1066 1563; x_wconf 81' lang='lat' dir='ltr'><strong>ll,</strong></span> <span class='ocrx_word' id='word_1_223' title='bbox 1081 1515 1103 1543; x_wconf 65' lang='grc' dir='ltr'><strong>θ</strong></span> 
     </span>
    </p>
   </div>
   <div class='ocr_carea' id='block_1_33' title="bbox 274 1571 1069 1609">
    <p class='ocr_par' dir='ltr' id='par_1_33' title="bbox 274 1571 1069 1609">
     <span class='ocr_line' id='line_1_33' title="bbox 274 1571 1069 1609; baseline 0.008 -11"><span class='ocrx_word' id='word_1_224' title='bbox 274 1572 346 1607; x_wconf 91' lang='lat' dir='ltr'><strong>quod</strong></span> <span class='ocrx_word' id='word_1_225' title='bbox 355 1577 397 1599; x_wconf 90' lang='lat' dir='ltr'><strong>est</strong></span> <span class='ocrx_word' id='word_1_226' title='bbox 405 1573 472 1608; x_wconf 80' lang='grc' dir='ltr'><strong>Περὶ</strong></span> <span class='ocrx_word' id='word_1_227' title='bbox 481 1572 531 1607; x_wconf 81' lang='grc' dir='ltr'><strong>τῆς</strong></span> <span class='ocrx_word' id='word_1_228' title='bbox 539 1571 585 1598; x_wconf 84' lang='grc' dir='ltr'><strong>τοῦ</strong></span> <span class='ocrx_word' id='word_1_229' title='bbox 600 1573 726 1609; x_wconf 75' lang='grc' dir='ltr'><strong>Σωτῆρος</strong></span> <span class='ocrx_word' id='word_1_230' title='bbox 741 1574 905 1609; x_wconf 70' lang='grc' dir='ltr'><strong>οἰκονομίας,</strong></span> <span class='ocrx_word' id='word_1_231' title='bbox 912 1575 962 1602; x_wconf 87' lang='lat' dir='ltr'><strong>etsi</strong></span> <span class='ocrx_word' id='word_1_232' title='bbox 974 1583 1069 1603; x_wconf 88' lang='lat' dir='ltr'><strong>recen—</strong></span> 
     </span>
    </p>
   </div>
   <div class='ocr_carea' id='block_1_34' title="bbox 274 1618 1068 1654">
    <p class='ocr_par' dir='ltr' id='par_1_34' title="bbox 274 1618 1068 1654">
     <span class='ocr_line' id='line_1_34' title="bbox 274 1618 1068 1654; baseline 0.005 -9"><span class='ocrx_word' id='word_1_233' title='bbox 274 1623 333 1646; x_wconf 82' lang='lat' dir='ltr'><strong>seat</strong></span> <span class='ocrx_word' id='word_1_234' title='bbox 341 1618 531 1646; x_wconf 64' lang='lat' dir='ltr'><strong>haareticorum</strong></span> <span class='ocrx_word' id='word_1_235' title='bbox 545 1618 667 1651; x_wconf 87' lang='lat' dir='ltr'><strong>nomina,</strong></span> <span class='ocrx_word' id='word_1_236' title='bbox 676 1627 794 1654; x_wconf 90' lang='lat' dir='ltr'><strong>quorum</strong></span> <span class='ocrx_word' id='word_1_237' title='bbox 802 1624 883 1647; x_wconf 81' lang='lat' dir='ltr'><strong>antea</strong></span> <span class='ocrx_word' id='word_1_238' title='bbox 891 1621 1023 1648; x_wconf 76' lang='lat' dir='ltr'><strong>retulerat</strong></span> <span class='ocrx_word' id='word_1_239' title='bbox 1034 1622 1068 1650; x_wconf 88' lang='lat' dir='ltr'><strong>de</strong></span> 
     </span>
    </p>
   </div>
   <div class='ocr_carea' id='block_1_35' title="bbox 274 1664 1068 1700">
    <p class='ocr_par' dir='ltr' id='par_1_35' title="bbox 274 1664 1068 1700">
     <span class='ocr_line' id='line_1_35' title="bbox 274 1664 1068 1700; baseline 0.004 -9"><span class='ocrx_word' id='word_1_240' title='bbox 274 1664 473 1692; x_wconf 84' lang='lat' dir='ltr'><strong>incarnationis</strong></span> <span class='ocrx_word' id='word_1_241' title='bbox 483 1664 614 1700; x_wconf 80' lang='lat' dir='ltr'><strong>mysterio</strong></span> <span class='ocrx_word' id='word_1_242' title='bbox 630 1672 740 1692; x_wconf 87' lang='lat' dir='ltr'><strong>errores</strong></span> <span class='ocrx_word' id='word_1_243' title='bbox 755 1674 762 1691; x_wconf 88' lang='lat'><strong>:</strong></span> <span class='ocrx_word' id='word_1_244' title='bbox 779 1666 898 1700; x_wconf 83' lang='lat' dir='ltr'><strong>appellat</strong></span> <span class='ocrx_word' id='word_1_245' title='bbox 909 1667 984 1694; x_wconf 89' lang='lat' dir='ltr'><strong>enim</strong></span> <span class='ocrx_word' id='word_1_246' title='bbox 1000 1667 1068 1694; x_wconf 86' lang='lat' dir='ltr'><strong>Cer-</strong></span> 
     </span>
    </p>
   </div>
   <div class='ocr_carea' id='block_1_36' title="bbox 274 1709 1068 1744">
    <p class='ocr_par' dir='ltr' id='par_1_36' title="bbox 274 1709 1068 1744">
     <span class='ocr_line' id='line_1_36' title="bbox 274 1709 1068 1744; baseline 0.003 -7"><span class='ocrx_word' id='word_1_247' title='bbox 274 1710 385 1742; x_wconf 80' lang='lat' dir='ltr'><strong>donem.</strong></span> <span class='ocrx_word' id='word_1_248' title='bbox 407 1710 584 1742; x_wconf 81' lang='lat' dir='ltr'><strong>Mareionem,</strong></span> <span class='ocrx_word' id='word_1_249' title='bbox 607 1709 760 1743; x_wconf 83' lang='lat' dir='ltr'><strong>Manetem,</strong></span> <span class='ocrx_word' id='word_1_250' title='bbox 778 1710 941 1738; x_wconf 89' lang='lat' dir='ltr'><strong>Cerinthum</strong></span> <span class='ocrx_word' id='word_1_251' title='bbox 954 1732 960 1744; x_wconf 87' lang='lat'><strong>,</strong></span> <span class='ocrx_word' id='word_1_252' title='bbox 984 1712 1068 1740; x_wconf 84' lang='lat' dir='ltr'><strong>Ebio-</strong></span> 
     </span>
    </p>
   </div>
   <div class='ocr_carea' id='block_1_37' title="bbox 274 1755 1066 1790">
    <p class='ocr_par' dir='ltr' id='par_1_37' title="bbox 274 1755 1066 1790">
     <span class='ocr_line' id='line_1_37' title="bbox 274 1755 1066 1790; baseline 0.004 -7"><span class='ocrx_word' id='word_1_253' title='bbox 274 1763 365 1788; x_wconf 68' lang='lat' dir='ltr'><strong>natos,</strong></span> <span class='ocrx_word' id='word_1_254' title='bbox 384 1755 600 1786; x_wconf 84' lang='lat' dir='ltr'><strong>Theodotianos.</strong></span> <span class='ocrx_word' id='word_1_255' title='bbox 620 1756 850 1789; x_wconf 84' lang='lat' dir='ltr'><strong>Artemonianos,</strong></span> <span class='ocrx_word' id='word_1_256' title='bbox 876 1757 1066 1790; x_wconf 83' lang='lat' dir='ltr'><strong>Photiuianos,</strong></span> 
     </span>
    </p>
   </div>
   <div class='ocr_carea' id='block_1_38' title="bbox 274 1801 1068 1838">
    <p class='ocr_par' dir='ltr' id='par_1_38' title="bbox 274 1801 1068 1838">
     <span class='ocr_line' id='line_1_38' title="bbox 274 1801 1068 1838; baseline 0.004 -9"><span class='ocrx_word' id='word_1_257' title='bbox 274 1801 381 1834; x_wconf 82' lang='lat' dir='ltr'><strong>Arium,</strong></span> <span class='ocrx_word' id='word_1_258' title='bbox 411 1802 588 1834; x_wconf 85' lang='lat' dir='ltr'><strong>Eunomium,</strong></span> <span class='ocrx_word' id='word_1_259' title='bbox 618 1806 645 1829; x_wconf 86' lang='lat' dir='ltr'><strong>et</strong></span> <span class='ocrx_word' id='word_1_260' title='bbox 676 1802 893 1838; x_wconf 61' lang='lat' dir='ltr'><strong>Apollinarium,</strong></span> <span class='ocrx_word' id='word_1_261' title='bbox 921 1811 956 1830; x_wconf 89' lang='lat' dir='ltr'><strong>ne</strong></span> <span class='ocrx_word' id='word_1_262' title='bbox 982 1805 1068 1832; x_wconf 86' lang='lat' dir='ltr'><strong>verbo</strong></span> 
     </span>
    </p>
   </div>
   <div class='ocr_carea' id='block_1_39' title="bbox 275 1846 1066 1884">
    <p class='ocr_par' dir='ltr' id='par_1_39' title="bbox 275 1846 1066 1884">
     <span class='ocr_line' id='line_1_39' title="bbox 275 1846 1066 1884; baseline 0.003 -11"><span class='ocrx_word' id='word_1_263' title='bbox 275 1846 388 1882; x_wconf 87' lang='lat' dir='ltr'><strong>quidem</strong></span> <span class='ocrx_word' id='word_1_264' title='bbox 416 1846 572 1874; x_wconf 77' lang='lat' dir='ltr'><strong>Nestorium</strong></span> <span class='ocrx_word' id='word_1_265' title='bbox 598 1851 646 1874; x_wconf 86' lang='lat' dir='ltr'><strong>aut</strong></span> <span class='ocrx_word' id='word_1_266' title='bbox 678 1852 828 1879; x_wconf 87' lang='lat' dir='ltr'><strong>memorat,</strong></span> <span class='ocrx_word' id='word_1_267' title='bbox 855 1852 902 1875; x_wconf 86' lang='lat' dir='ltr'><strong>aut</strong></span> <span class='ocrx_word' id='word_1_268' title='bbox 930 1848 1066 1884; x_wconf 81' lang='lat' dir='ltr'><strong>indigitat.</strong></span> 
     </span>
    </p>
   </div>
   <div class='ocr_carea' id='block_1_40' title="bbox 276 1892 1065 1928">
    <p class='ocr_par' dir='ltr' id='par_1_40' title="bbox 276 1892 1065 1928">
     <span class='ocr_line' id='line_1_40' title="bbox 276 1892 1065 1928; baseline 0.003 -9"><span class='ocrx_word' id='word_1_269' title='bbox 276 1892 414 1920; x_wconf 87' lang='lat' dir='ltr'><strong>Debuerat</strong></span> <span class='ocrx_word' id='word_1_270' title='bbox 428 1896 530 1924; x_wconf 88' lang='lat' dir='ltr'><strong>tamen,</strong></span> <span class='ocrx_word' id='word_1_271' title='bbox 555 1892 578 1919; x_wconf 83' lang='lat' dir='ltr'><strong>si</strong></span> <span class='ocrx_word' id='word_1_272' title='bbox 595 1892 674 1928; x_wconf 88' lang='lat' dir='ltr'><strong>prius</strong></span> <span class='ocrx_word' id='word_1_273' title='bbox 687 1892 760 1920; x_wconf 90' lang='lat' dir='ltr'><strong>inter</strong></span> <span class='ocrx_word' id='word_1_274' title='bbox 779 1893 926 1921; x_wconf 70' lang='lat' dir='ltr'><strong>haereticos</strong></span> <span class='ocrx_word' id='word_1_275' title='bbox 940 1895 1065 1921; x_wconf 86' lang='lat' dir='ltr'><strong>censuis-</strong></span> 
     </span>
    </p>
   </div>
   <div class='ocr_carea' id='block_1_41' title="bbox 274 1941 328 1966">
    <p class='ocr_par' dir='ltr' id='par_1_41' title="bbox 274 1941 328 1966">
     <span class='ocr_line' id='line_1_41' title="bbox 274 1941 328 1966; baseline -0.037 0"><span class='ocrx_word' id='word_1_276' title='bbox 274 1941 328 1966; x_wconf 86' lang='lat' dir='ltr'><strong>set.</strong></span> 
     </span>
    </p>
   </div>
   <div class='ocr_carea' id='block_1_42' title="bbox 312 1994 1065 2030">
    <p class='ocr_par' dir='ltr' id='par_1_42' title="bbox 312 1994 1065 2030">
     <span class='ocr_line' id='line_1_42' title="bbox 312 1994 1065 2030; baseline 0.001 -8"><span class='ocrx_word' id='word_1_277' title='bbox 312 1994 379 2022; x_wconf 81' lang='lat' dir='ltr'><strong>Vill.</strong></span> <span class='ocrx_word' id='word_1_278' title='bbox 397 1994 512 2027; x_wconf 88' lang='lat' dir='ltr'><strong>Deinde,</strong></span> <span class='ocrx_word' id='word_1_279' title='bbox 531 1994 664 2022; x_wconf 77' lang='lat' dir='ltr'><strong>Credibile</strong></span> <span class='ocrx_word' id='word_1_280' title='bbox 690 2002 746 2022; x_wconf 91' lang='lat' dir='ltr'><strong>non</strong></span> <span class='ocrx_word' id='word_1_281' title='bbox 774 1999 827 2027; x_wconf 86' lang='lat' dir='ltr'><strong>est,</strong></span> <span class='ocrx_word' id='word_1_282' title='bbox 849 1995 1065 2030; x_wconf 86' lang='lat' dir='ltr'><strong>Theodoretum,</strong></span> 
     </span>
    </p>
   </div>
   <div class='ocr_carea' id='block_1_43' title="bbox 274 2039 1066 2077">
    <p class='ocr_par' dir='ltr' id='par_1_43' title="bbox 274 2039 1066 2077">
     <span class='ocr_line' id='line_1_43' title="bbox 274 2039 1066 2077; baseline 0.001 -9"><span class='ocrx_word' id='word_1_283' title='bbox 274 2040 322 2076; x_wconf 92' lang='lat' dir='ltr'><strong>qui</strong></span> <span class='ocrx_word' id='word_1_284' title='bbox 338 2048 415 2068; x_wconf 88' lang='lat' dir='ltr'><strong>suam</strong></span> <span class='ocrx_word' id='word_1_285' title='bbox 434 2039 577 2076; x_wconf 80' lang='lat' dir='ltr'><strong>magniﬁce</strong></span> <span class='ocrx_word' id='word_1_286' title='bbox 591 2040 776 2075; x_wconf 75' lang='lat' dir='ltr'><strong>depraedicare</strong></span> <span class='ocrx_word' id='word_1_287' title='bbox 788 2041 886 2069; x_wconf 87' lang='lat' dir='ltr'><strong>solitus</strong></span> <span class='ocrx_word' id='word_1_288' title='bbox 899 2045 941 2069; x_wconf 90' lang='lat' dir='ltr'><strong>est</strong></span> <span class='ocrx_word' id='word_1_289' title='bbox 957 2041 984 2069; x_wconf 91' lang='lat' dir='ltr'><strong>in</strong></span> <span class='ocrx_word' id='word_1_290' title='bbox 1000 2050 1066 2077; x_wconf 89' lang='lat' dir='ltr'><strong>pro-</strong></span> 
     </span>
    </p>
   </div>
   <div class='ocr_carea' id='block_1_44' title="bbox 275 2086 1068 2122">
    <p class='ocr_par' dir='ltr' id='par_1_44' title="bbox 275 2086 1068 2122">
     <span class='ocr_line' id='line_1_44' title="bbox 275 2086 1068 2122; baseline 0.003 -9"><span class='ocrx_word' id='word_1_291' title='bbox 275 2087 367 2122; x_wconf 90' lang='lat' dir='ltr'><strong>posito</strong></span> <span class='ocrx_word' id='word_1_292' title='bbox 391 2086 510 2113; x_wconf 89' lang='lat' dir='ltr'><strong>tenendo</strong></span> <span class='ocrx_word' id='word_1_293' title='bbox 537 2086 732 2118; x_wconf 89' lang='lat' dir='ltr'><strong>constantiam,</strong></span> <span class='ocrx_word' id='word_1_294' title='bbox 764 2087 867 2122; x_wconf 91' lang='lat' dir='ltr'><strong>quique</strong></span> <span class='ocrx_word' id='word_1_295' title='bbox 898 2087 1068 2115; x_wconf 85' lang='lat' dir='ltr'><strong>conﬁdenter</strong></span> 
     </span>
    </p>
   </div>
   <div class='ocr_carea' id='block_1_45' title="bbox 275 2130 1067 2167">
    <p class='ocr_par' dir='ltr' id='par_1_45' title="bbox 275 2130 1067 2167">
     <span class='ocr_line' id='line_1_45' title="bbox 275 2130 1067 2167; baseline 0 -8"><span class='ocrx_word' id='word_1_296' title='bbox 275 2135 367 2167; x_wconf 77' lang='lat' dir='ltr'><strong>negat,</strong></span> <span class='ocrx_word' id='word_1_297' title='bbox 390 2138 420 2158; x_wconf 88' lang='lat' dir='ltr'><strong>se</strong></span> <span class='ocrx_word' id='word_1_298' title='bbox 439 2131 556 2158; x_wconf 85' lang='lat' dir='ltr'><strong>similem</strong></span> <span class='ocrx_word' id='word_1_299' title='bbox 569 2130 676 2166; x_wconf 81' lang='lat' dir='ltr'><strong>polypis</strong></span> <span class='ocrx_word' id='word_1_300' title='bbox 698 2131 1006 2167; x_wconf 72' lang='lat' dir='ltr'><strong>chamelazontibusque,</strong></span> <span class='ocrx_word' id='word_1_301' title='bbox 1033 2132 1067 2159; x_wconf 88' lang='lat' dir='ltr'><strong>ad</strong></span> 
     </span>
    </p>
   </div>
   <div class='ocr_carea' id='block_1_46' title="bbox 275 2176 1103 2213">
    <p class='ocr_par' dir='ltr' id='par_1_46' title="bbox 275 2176 1103 2213">
     <span class='ocr_line' id='line_1_46' title="bbox 275 2176 1103 2213; baseline 0.002 -9"><span class='ocrx_word' id='word_1_302' title='bbox 275 2179 283 2187; x_wconf 84' lang='lat'>&#39;</span> <span class='ocrx_word' id='word_1_303' title='bbox 299 2177 423 2213; x_wconf 83' lang='lat' dir='ltr'><strong>singula,</strong></span> <span class='ocrx_word' id='word_1_304' title='bbox 446 2177 547 2212; x_wconf 85' lang='lat' dir='ltr'><strong>quibus</strong></span> <span class='ocrx_word' id='word_1_305' title='bbox 574 2176 766 2204; x_wconf 67' lang='lat' dir='ltr'><strong>adhaerescunt</strong></span> <span class='ocrx_word' id='word_1_306' title='bbox 788 2185 918 2213; x_wconf 88' lang='lat' dir='ltr'><strong>corpora,</strong></span> <span class='ocrx_word' id='word_1_307' title='bbox 949 2177 1064 2206; x_wconf 85' lang='lat' dir='ltr'><strong>formam</strong></span> <span class='ocrx_word' id='word_1_308' title='bbox 1084 2183 1103 2209; x_wconf 83' lang='grc' dir='ltr'><strong>Ι)</strong></span> 
     </span>
    </p>
   </div>
   <div class='ocr_carea' id='block_1_47' title="bbox 274 2223 1068 2258">
    <p class='ocr_par' dir='ltr' id='par_1_47' title="bbox 274 2223 1068 2258">
     <span class='ocr_line' id='line_1_47' title="bbox 274 2223 1068 2258; baseline 0.001 -8"><span class='ocrx_word' id='word_1_309' title='bbox 274 2223 533 2256; x_wconf 85' lang='lat' dir='ltr'><strong>commutanlibus;</strong></span> <span class='ocrx_word' id='word_1_310' title='bbox 549 2223 597 2258; x_wconf 90' lang='lat' dir='ltr'><strong>qui</strong></span> <span class='ocrx_word' id='word_1_311' title='bbox 612 2223 770 2250; x_wconf 83' lang='lat' dir='ltr'><strong>Nestorium</strong></span> <span class='ocrx_word' id='word_1_312' title='bbox 787 2223 928 2251; x_wconf 84' lang='lat' dir='ltr'><strong>immensis</strong></span> <span class='ocrx_word' id='word_1_313' title='bbox 939 2224 1068 2252; x_wconf 84' lang='lat' dir='ltr'><strong>laudibus</strong></span> 
     </span>
    </p>
   </div>
   <div class='ocr_carea' id='block_1_48' title="bbox 274 2268 1069 2304">
    <p class='ocr_par' dir='ltr' id='par_1_48' title="bbox 274 2268 1069 2304">
     <span class='ocr_line' id='line_1_48' title="bbox 274 2268 1069 2304; baseline 0.003 -9"><span class='ocrx_word' id='word_1_314' title='bbox 274 2269 422 2301; x_wconf 72' lang='lat' dir='ltr'><strong>extulerat,</strong></span> <span class='ocrx_word' id='word_1_315' title='bbox 442 2273 470 2296; x_wconf 92' lang='lat' dir='ltr'><strong>ct</strong></span> <span class='ocrx_word' id='word_1_316' title='bbox 491 2269 526 2295; x_wconf 92' lang='lat' dir='ltr'><strong>iis</strong></span> <span class='ocrx_word' id='word_1_317' title='bbox 551 2268 662 2304; x_wconf 87' lang='lat' dir='ltr'><strong>quidem</strong></span> <span class='ocrx_word' id='word_1_318' title='bbox 684 2268 813 2304; x_wconf 90' lang='lat' dir='ltr'><strong>publicis,</strong></span> <span class='ocrx_word' id='word_1_319' title='bbox 835 2277 866 2296; x_wconf 85' lang='lat' dir='ltr'><strong>ac</strong></span> <span class='ocrx_word' id='word_1_320' title='bbox 883 2273 941 2296; x_wconf 89' lang='lat' dir='ltr'><strong>toto</strong></span> <span class='ocrx_word' id='word_1_321' title='bbox 958 2269 1069 2297; x_wconf 86' lang='lat' dir='ltr'><strong>Oriente</strong></span> 
     </span>
    </p>
   </div>
   <div class='ocr_carea' id='block_1_49' title="bbox 276 2313 1070 2348">
    <p class='ocr_par' dir='ltr' id='par_1_49' title="bbox 276 2313 1070 2348">
     <span class='ocr_line' id='line_1_49' title="bbox 276 2313 1070 2348; baseline 0.003 -9"><span class='ocrx_word' id='word_1_322' title='bbox 276 2313 306 2339; x_wconf 90' lang='lat' dir='ltr'><strong>in</strong></span> <span class='ocrx_word' id='word_1_323' title='bbox 338 2316 436 2339; x_wconf 85' lang='lat' dir='ltr'><strong>testem</strong></span> <span class='ocrx_word' id='word_1_324' title='bbox 465 2313 619 2347; x_wconf 85' lang='lat' dir='ltr'><strong>appellato,</strong></span> <span class='ocrx_word' id='word_1_325' title='bbox 651 2313 679 2340; x_wconf 90' lang='lat' dir='ltr'><strong>iu</strong></span> <span class='ocrx_word' id='word_1_326' title='bbox 705 2313 832 2340; x_wconf 86' lang='lat' dir='ltr'><strong>eumdem</strong></span> <span class='ocrx_word' id='word_1_327' title='bbox 856 2318 951 2348; x_wconf 80' lang='lat' dir='ltr'><strong>postea</strong></span> <span class='ocrx_word' id='word_1_328' title='bbox 973 2314 1070 2342; x_wconf 75' lang='lat' dir='ltr'><strong>eﬁ&#39;rcni</strong></span> 
     </span>
    </p>
   </div>
   <div class='ocr_carea' id='block_1_50' title="bbox 273 2358 1065 2394">
    <p class='ocr_par' dir='ltr' id='par_1_50' title="bbox 273 2358 1065 2394">
     <span class='ocr_line' id='line_1_50' title="bbox 273 2358 1065 2394; baseline 0.004 -9"><span class='ocrx_word' id='word_1_329' title='bbox 273 2359 385 2386; x_wconf 82' lang='lat' dir='ltr'><strong>licentia</strong></span> <span class='ocrx_word' id='word_1_330' title='bbox 399 2358 596 2386; x_wconf 81' lang='lat' dir='ltr'><strong>debaccltatum</strong></span> <span class='ocrx_word' id='word_1_331' title='bbox 610 2366 682 2392; x_wconf 87' lang='lat' dir='ltr'><strong>esse,</strong></span> <span class='ocrx_word' id='word_1_332' title='bbox 696 2359 770 2386; x_wconf 93' lang='lat' dir='ltr'><strong>nulla</strong></span> <span class='ocrx_word' id='word_1_333' title='bbox 786 2359 864 2394; x_wconf 89' lang='lat' dir='ltr'><strong>prius</strong></span> <span class='ocrx_word' id='word_1_334' title='bbox 878 2360 1065 2388; x_wconf 90' lang='lat' dir='ltr'><strong>adtnonitione</strong></span> 
     </span>
    </p>
   </div>
   <div class='ocr_carea' id='block_1_51' title="bbox 273 2405 1064 2440">
    <p class='ocr_par' dir='ltr' id='par_1_51' title="bbox 273 2405 1064 2440">
     <span class='ocr_line' id='line_1_51' title="bbox 273 2405 1064 2440; baseline 0.003 -8"><span class='ocrx_word' id='word_1_335' title='bbox 273 2405 427 2440; x_wconf 67' lang='lat' dir='ltr'><strong>prtemissa,</strong></span> <span class='ocrx_word' id='word_1_336' title='bbox 445 2413 499 2440; x_wconf 89' lang='lat' dir='ltr'><strong>qua</strong></span> <span class='ocrx_word' id='word_1_337' title='bbox 516 2413 612 2433; x_wconf 81' lang='lat' dir='ltr'><strong>causas</strong></span> <span class='ocrx_word' id='word_1_338' title='bbox 628 2410 804 2433; x_wconf 79' lang='lat' dir='ltr'><strong>commutata:</strong></span> <span class='ocrx_word' id='word_1_339' title='bbox 822 2406 966 2434; x_wconf 51' lang='lat' dir='ltr'><strong>sententiae</strong></span> <span class='ocrx_word' id='word_1_340' title='bbox 980 2406 1064 2434; x_wconf 80' lang='lat' dir='ltr'><strong>lecto-</strong></span> 
     </span>
    </p>
   </div>
   <div class='ocr_carea' id='block_1_52' title="bbox 273 2451 956 2487">
    <p class='ocr_par' dir='ltr' id='par_1_52' title="bbox 273 2451 956 2487">
     <span class='ocr_line' id='line_1_52' title="bbox 273 2451 956 2487; baseline 0.001 -9"><span class='ocrx_word' id='word_1_341' title='bbox 273 2451 361 2482; x_wconf 86' lang='lat' dir='ltr'><strong>ribus,</strong></span> <span class='ocrx_word' id='word_1_342' title='bbox 375 2451 588 2479; x_wconf 86' lang='lat' dir='ltr'><strong>inconstantiam</strong></span> <span class='ocrx_word' id='word_1_343' title='bbox 601 2451 765 2487; x_wconf 88' lang='lat' dir='ltr'><strong>objecturis,</strong></span> <span class='ocrx_word' id='word_1_344' title='bbox 784 2451 922 2479; x_wconf 88' lang='lat' dir='ltr'><strong>redderet.</strong></span> <span class='ocrx_word' id='word_1_345' title='bbox 952 2457 956 2461; x_wconf 77' lang='lat'>’</span> 
     </span>
    </p>
   </div>
   <div class='ocr_carea' id='block_1_53' title="bbox 306 2497 1066 2526">
    <p class='ocr_par' dir='ltr' id='par_1_53' title="bbox 306 2497 1066 2526">
     <span class='ocr_line' id='line_1_53' title="bbox 306 2497 1066 2526; baseline 0.001 -1"><span class='ocrx_word' id='word_1_346' title='bbox 306 2497 353 2525; x_wconf 78' lang='lat' dir='ltr'><strong>IX.</strong></span> <span class='ocrx_word' id='word_1_347' title='bbox 366 2497 523 2525; x_wconf 85' lang='lat' dir='ltr'><strong>Nestorium</strong></span> <span class='ocrx_word' id='word_1_348' title='bbox 542 2502 617 2525; x_wconf 86' lang='lat' dir='ltr'><strong>certe</strong></span> <span class='ocrx_word' id='word_1_349' title='bbox 638 2505 693 2524; x_wconf 91' lang='lat' dir='ltr'><strong>non</strong></span> <span class='ocrx_word' id='word_1_350' title='bbox 710 2497 794 2525; x_wconf 90' lang='lat' dir='ltr'><strong>semel</strong></span> <span class='ocrx_word' id='word_1_351' title='bbox 817 2503 897 2525; x_wconf 86' lang='lat' dir='ltr'><strong>antea</strong></span> <span class='ocrx_word' id='word_1_352' title='bbox 919 2503 1066 2526; x_wconf 87' lang='lat' dir='ltr'><strong>vocaverat</strong></span> 
     </span>
    </p>
   </div>
   <div class='ocr_carea' id='block_1_54' title="bbox 276 2543 1064 2579">
    <p class='ocr_par' dir='ltr' id='par_1_54' title="bbox 276 2543 1064 2579">
     <span class='ocr_line' id='line_1_54' title="bbox 276 2543 1064 2579; baseline 0 -9"><span class='ocrx_word' id='word_1_353' title='bbox 276 2553 285 2570; x_wconf 72' lang='grc' dir='ltr'>ι</span> <span class='ocrx_word' id='word_1_354' title='bbox 303 2543 508 2579; x_wconf 86' lang='lat' dir='ltr'><strong>pientissimum</strong></span> <span class='ocrx_word' id='word_1_355' title='bbox 529 2547 558 2571; x_wconf 88' lang='lat' dir='ltr'><strong>et</strong></span> <span class='ocrx_word' id='word_1_356' title='bbox 571 2543 757 2572; x_wconf 77' lang='lat' dir='ltr'><strong>venerabilem</strong></span> <span class='ocrx_word' id='word_1_357' title='bbox 782 2543 952 2579; x_wconf 83' lang='lat' dir='ltr'><strong>episcopum,</strong></span> <span class='ocrx_word' id='word_1_358' title='bbox 973 2544 1064 2571; x_wconf 90' lang='lat' dir='ltr'><strong>virum</strong></span> 
     </span>
    </p>
   </div>
   <div class='ocr_carea' id='block_1_55' title="bbox 273 2588 1065 2625">
    <p class='ocr_par' dir='ltr' id='par_1_55' title="bbox 273 2588 1065 2625">
     <span class='ocr_line' id='line_1_55' title="bbox 273 2588 1065 2625; baseline 0.003 -10"><span class='ocrx_word' id='word_1_359' title='bbox 273 2588 496 2621; x_wconf 81' lang='lat' dir='ltr'><strong>sanctissimum,</strong></span> <span class='ocrx_word' id='word_1_360' title='bbox 523 2596 717 2624; x_wconf 81' lang='lat' dir='ltr'><strong>summumque</strong></span> <span class='ocrx_word' id='word_1_361' title='bbox 741 2589 788 2617; x_wconf 88' lang='lat' dir='ltr'><strong>Dei</strong></span> <span class='ocrx_word' id='word_1_362' title='bbox 810 2589 991 2622; x_wconf 80' lang='lat' dir='ltr'><strong>sacerdotem,</strong></span> <span class='ocrx_word' id='word_1_363' title='bbox 1018 2590 1065 2625; x_wconf 93' lang='lat' dir='ltr'><strong>qui</strong></span> 
     </span>
    </p>
   </div>
   <div class='ocr_carea' id='block_1_56' title="bbox 273 2634 1067 2671">
    <p class='ocr_par' dir='ltr' id='par_1_56' title="bbox 273 2634 1067 2671">
     <span class='ocr_line' id='line_1_56' title="bbox 273 2634 1067 2671; baseline 0.003 -9"><span class='ocrx_word' id='word_1_364' title='bbox 273 2634 343 2662; x_wconf 84' lang='lat' dir='ltr'><strong>nihil</strong></span> <span class='ocrx_word' id='word_1_365' title='bbox 369 2639 469 2670; x_wconf 74' lang='lat' dir='ltr'><strong>praeter</strong></span> <span class='ocrx_word' id='word_1_366' title='bbox 499 2635 651 2663; x_wconf 87' lang='lat' dir='ltr'><strong>doctrinam</strong></span> <span class='ocrx_word' id='word_1_367' title='bbox 678 2635 761 2671; x_wconf 67' lang='grc'><strong>408</strong></span> <span class='ocrx_word' id='word_1_368' title='bbox 787 2643 881 2663; x_wconf 88' lang='lat' dir='ltr'><strong>sanam</strong></span> <span class='ocrx_word' id='word_1_369' title='bbox 912 2635 1021 2664; x_wconf 88' lang='lat' dir='ltr'><strong>noverit</strong></span> <span class='ocrx_word' id='word_1_370' title='bbox 1038 2640 1067 2664; x_wconf 88' lang='lat' dir='ltr'><strong>et</strong></span> 
     </span>
    </p>
   </div>
   <div class='ocr_carea' id='block_1_57' title="bbox 945 2713 1103 2742">
    <p class='ocr_par' dir='ltr' id='par_1_57' title="bbox 945 2713 1103 2742">
     <span class='ocr_line' id='line_1_57' title="bbox 945 2713 1103 2742; baseline -0.006 0"><span class='ocrx_word' id='word_1_371' title='bbox 945 2713 1103 2742; x_wconf 80' lang='lat' dir='ltr'><strong>SCIIULZII</strong></span> 
     </span>
    </p>
   </div>
   <div class='ocr_carea' id='block_1_58' title="bbox 305 2769 1031 2806">
    <p class='ocr_par' dir='ltr' id='par_1_58' title="bbox 305 2769 1031 2806">
     <span class='ocr_line' id='line_1_58' title="bbox 305 2769 1031 2806; baseline 0.003 -9"><span class='ocrx_word' id='word_1_372' title='bbox 305 2771 328 2786; x_wconf 77' lang='grc' dir='ltr'><strong>τ·</strong></span> <span class='ocrx_word' id='word_1_373' title='bbox 343 2769 410 2797; x_wconf 78' lang='lat' dir='ltr'><strong>Vide</strong></span> <span class='ocrx_word' id='word_1_374' title='bbox 421 2770 605 2806; x_wconf 19' lang='lat' dir='ltr'><strong>_}_&#39;erbarista.</strong></span> <span class='ocrx_word' id='word_1_375' title='bbox 625 2775 645 2798; x_wconf 90' lang='lat' dir='ltr'><strong>t.</strong></span> <span class='ocrx_word' id='word_1_376' title='bbox 661 2771 706 2803; x_wconf 84' lang='lat' dir='ltr'><strong>tv,</strong></span> <span class='ocrx_word' id='word_1_377' title='bbox 724 2780 750 2806; x_wconf 87' lang='lat' dir='ltr'><strong>p.</strong></span> <span class='ocrx_word' id='word_1_378' title='bbox 778 2771 857 2799; x_wconf 56' lang='lat'><strong>101-2.</strong></span> <span class='ocrx_word' id='word_1_379' title='bbox 909 2772 932 2788; x_wconf 73' lang='grc' dir='ltr'><strong>ιο</strong></span> <span class='ocrx_word' id='word_1_380' title='bbox 949 2771 1031 2804; x_wconf 83' lang='lat' dir='ltr'><strong>thid.,</strong></span> 
     </span>
    </p>
   </div>
   <div class='ocr_carea' id='block_1_59' title="bbox 838 101 1344 135">
    <p class='ocr_par' dir='ltr' id='par_1_59' title="bbox 838 101 1344 135">
     <span class='ocr_line' id='line_1_59' title="bbox 838 101 1344 135; baseline 0.006 -4"><span class='ocrx_word' id='word_1_381' title='bbox 838 101 1026 133; x_wconf 71' lang='lat' dir='ltr'><strong>GAIINERII</strong></span> <span class='ocrx_word' id='word_1_382' title='bbox 1047 104 1294 135; x_wconf 77' lang='lat' dir='ltr'><strong>DISSERTATIO</strong></span> <span class='ocrx_word' id='word_1_383' title='bbox 1315 105 1344 134; x_wconf 81' lang='lat' dir='ltr'><strong>Il</strong></span> 
     </span>
    </p>
   </div>
   <div class='ocr_carea' id='block_1_60' title="bbox 1050 2771 1182 2807">
    <p class='ocr_par' dir='ltr' id='par_1_60' title="bbox 1050 2771 1182 2807">
     <span class='ocr_line' id='line_1_60' title="bbox 1050 2771 1182 2807; baseline -0.008 -8"><span class='ocrx_word' id='word_1_384' title='bbox 1050 2779 1077 2807; x_wconf 88' lang='lat' dir='ltr'><strong>p.</strong></span> <span class='ocrx_word' id='word_1_385' title='bbox 1105 2771 1182 2807; x_wconf 69' lang='lat' dir='ltr'><strong>l0t5.</strong></span> 
     </span>
    </p>
   </div>
   <div class='ocr_carea' id='block_1_61' title="bbox 1853 106 1904 139">
    <p class='ocr_par' dir='ltr' id='par_1_61' title="bbox 1853 106 1904 139">
     <span class='ocr_line' id='line_1_61' title="bbox 1853 106 1904 139; baseline 0.039 -2"><span class='ocrx_word' id='word_1_386' title='bbox 1853 106 1904 139; x_wconf 70' lang='lat'><strong>355</strong></span> 
     </span>
    </p>
   </div>
   <div class='ocr_carea' id='block_1_62' title="bbox 1117 159 1904 196">
    <p class='ocr_par' dir='ltr' id='par_1_62' title="bbox 1117 159 1904 196">
     <span class='ocr_line' id='line_1_62' title="bbox 1117 159 1904 196; baseline 0.006 -9"><span class='ocrx_word' id='word_1_387' title='bbox 1117 159 1262 193; x_wconf 86' lang='lat' dir='ltr'><strong>docuerit;</strong></span> <span class='ocrx_word' id='word_1_388' title='bbox 1276 161 1356 196; x_wconf 84' lang='lat' dir='ltr'><strong>cujus</strong></span> <span class='ocrx_word' id='word_1_389' title='bbox 1369 160 1522 188; x_wconf 83' lang='lat' dir='ltr'><strong>doctrinam</strong></span> <span class='ocrx_word' id='word_1_390' title='bbox 1536 161 1770 191; x_wconf 85' lang='lat' dir='ltr'><strong>anathematizare</strong></span> <span class='ocrx_word' id='word_1_391' title='bbox 1785 163 1819 190; x_wconf 85' lang='lat' dir='ltr'><strong>sit</strong></span> <span class='ocrx_word' id='word_1_392' title='bbox 1834 164 1904 193; x_wconf 87' lang='lat' dir='ltr'><strong>idem</strong></span> 
     </span>
    </p>
   </div>
   <div class='ocr_carea' id='block_1_63' title="bbox 1116 207 1905 246">
    <p class='ocr_par' dir='ltr' id='par_1_63' title="bbox 1116 207 1905 246">
     <span class='ocr_line' id='line_1_63' title="bbox 1116 207 1905 246; baseline 0.008 -13"><span class='ocrx_word' id='word_1_393' title='bbox 1116 213 1148 234; x_wconf 90' lang='lat' dir='ltr'><strong>ac</strong></span> <span class='ocrx_word' id='word_1_394' title='bbox 1164 207 1250 241; x_wconf 84' lang='lat' dir='ltr'><strong>ipsam</strong></span> <span class='ocrx_word' id='word_1_395' title='bbox 1262 207 1394 242; x_wconf 82' lang='lat' dir='ltr'><strong>pietatem</strong></span> <span class='ocrx_word' id='word_1_396' title='bbox 1414 207 1564 241; x_wconf 82' lang='lat' dir='ltr'><strong>damnare;</strong></span> <span class='ocrx_word' id='word_1_397' title='bbox 1583 208 1630 243; x_wconf 91' lang='lat' dir='ltr'><strong>qui</strong></span> <span class='ocrx_word' id='word_1_398' title='bbox 1647 208 1747 244; x_wconf 84' lang='lat' dir='ltr'><strong>injuste</strong></span> <span class='ocrx_word' id='word_1_399' title='bbox 1761 213 1790 238; x_wconf 82' lang='lat' dir='ltr'><strong>et</strong></span> <span class='ocrx_word' id='word_1_400' title='bbox 1814 210 1905 246; x_wconf 88' lang='lat' dir='ltr'><strong>inique</strong></span> 
     </span>
    </p>
   </div>
   <div class='ocr_carea' id='block_1_64' title="bbox 1116 252 1906 290">
    <p class='ocr_par' dir='ltr' id='par_1_64' title="bbox 1116 252 1906 290">
     <span class='ocr_line' id='line_1_64' title="bbox 1116 252 1906 290; baseline 0.008 -11"><span class='ocrx_word' id='word_1_401' title='bbox 1116 252 1263 280; x_wconf 84' lang='lat' dir='ltr'><strong>damnatus</strong></span> <span class='ocrx_word' id='word_1_402' title='bbox 1277 254 1314 280; x_wconf 85' lang='lat' dir='ltr'><strong>sit</strong></span> <span class='ocrx_word' id='word_1_403' title='bbox 1329 253 1448 288; x_wconf 85' lang='lat' dir='ltr'><strong>Ephesi;</strong></span> <span class='ocrx_word' id='word_1_404' title='bbox 1474 262 1556 289; x_wconf 88' lang='lat' dir='ltr'><strong>quem</strong></span> <span class='ocrx_word' id='word_1_405' title='bbox 1573 255 1640 282; x_wconf 83' lang='lat' dir='ltr'><strong>socii</strong></span> <span class='ocrx_word' id='word_1_406' title='bbox 1656 259 1782 290; x_wconf 88' lang='lat' dir='ltr'><strong>pastores</strong></span> <span class='ocrx_word' id='word_1_407' title='bbox 1796 257 1906 285; x_wconf 81' lang='lat' dir='ltr'><strong>calamis</strong></span> 
     </span>
    </p>
   </div>
   <div class='ocr_carea' id='block_1_65' title="bbox 1116 298 1905 337">
    <p class='ocr_par' dir='ltr' id='par_1_65' title="bbox 1116 298 1905 337">
     <span class='ocr_line' id='line_1_65' title="bbox 1116 298 1905 337; baseline 0.005 -12"><span class='ocrx_word' id='word_1_408' title='bbox 1116 298 1211 333; x_wconf 88' lang='lat' dir='ltr'><strong>inique</strong></span> <span class='ocrx_word' id='word_1_409' title='bbox 1235 298 1406 331; x_wconf 89' lang='lat' dir='ltr'><strong>occiderint;</strong></span> <span class='ocrx_word' id='word_1_410' title='bbox 1426 299 1505 334; x_wconf 84' lang='lat' dir='ltr'><strong>cujus</strong></span> <span class='ocrx_word' id='word_1_411' title='bbox 1533 299 1743 327; x_wconf 84' lang='lat' dir='ltr'><strong>damnatoribus</strong></span> <span class='ocrx_word' id='word_1_412' title='bbox 1766 309 1905 337; x_wconf 85' lang='lat' dir='ltr'><strong>nunquam</strong></span> 
     </span>
    </p>
   </div>
   <div class='ocr_carea' id='block_1_66' title="bbox 1115 344 1905 382">
    <p class='ocr_par' dir='ltr' id='par_1_66' title="bbox 1115 344 1905 382">
     <span class='ocr_line' id='line_1_66' title="bbox 1115 344 1905 382; baseline 0.004 -11"><span class='ocrx_word' id='word_1_413' title='bbox 1115 344 1175 379; x_wconf 89' lang='lat' dir='ltr'><strong>ipse</strong></span> <span class='ocrx_word' id='word_1_414' title='bbox 1187 345 1223 372; x_wconf 87' lang='lat' dir='ltr'><strong>sit</strong></span> <span class='ocrx_word' id='word_1_415' title='bbox 1236 344 1500 377; x_wconf 84' lang='lat' dir='ltr'><strong>communicaturus,</strong></span> <span class='ocrx_word' id='word_1_416' title='bbox 1514 345 1566 372; x_wconf 89' lang='lat' dir='ltr'><strong>etsi</strong></span> <span class='ocrx_word' id='word_1_417' title='bbox 1581 345 1757 373; x_wconf 90' lang='lat' dir='ltr'><strong>membratim</strong></span> <span class='ocrx_word' id='word_1_418' title='bbox 1767 345 1905 382; x_wconf 85' lang='lat' dir='ltr'><strong>discerpa-</strong></span> 
     </span>
    </p>
   </div>
   <div class='ocr_carea' id='block_1_67' title="bbox 1117 390 1906 426">
    <p class='ocr_par' dir='ltr' id='par_1_67' title="bbox 1117 390 1906 426">
     <span class='ocr_line' id='line_1_67' title="bbox 1117 390 1906 426; baseline 0.003 -9"><span class='ocrx_word' id='word_1_419' title='bbox 1117 395 1172 418; x_wconf 89' lang='lat' dir='ltr'><strong>tur.</strong></span> <span class='ocrx_word' id='word_1_420' title='bbox 1192 400 1201 416; x_wconf 69' lang='grc' dir='ltr'>ι</span> <span class='ocrx_word' id='word_1_421' title='bbox 1227 390 1306 418; x_wconf 87' lang='lat' dir='ltr'><strong>Nunc</strong></span> <span class='ocrx_word' id='word_1_422' title='bbox 1323 398 1400 422; x_wconf 86' lang='lat' dir='ltr'><strong>vero,</strong></span> <span class='ocrx_word' id='word_1_423' title='bbox 1420 390 1443 417; x_wconf 89' lang='lat' dir='ltr'><strong>si</strong></span> <span class='ocrx_word' id='word_1_424' title='bbox 1460 390 1496 417; x_wconf 87' lang='lat' dir='ltr'><strong>sit</strong></span> <span class='ocrx_word' id='word_1_425' title='bbox 1514 394 1612 418; x_wconf 84' lang='lat' dir='ltr'><strong>auctor</strong></span> <span class='ocrx_word' id='word_1_426' title='bbox 1634 391 1768 425; x_wconf 69' lang='lat' dir='ltr'><strong>epistolae,</strong></span> <span class='ocrx_word' id='word_1_427' title='bbox 1788 400 1842 426; x_wconf 90' lang='lat' dir='ltr'><strong>qua</strong></span> <span class='ocrx_word' id='word_1_428' title='bbox 1873 392 1906 420; x_wconf 85' lang='lat' dir='ltr'><strong>de</strong></span> 
     </span>
    </p>
   </div>
   <div class='ocr_carea' id='block_1_68' title="bbox 1117 436 1906 472">
    <p class='ocr_par' dir='ltr' id='par_1_68' title="bbox 1117 436 1906 472">
     <span class='ocr_line' id='line_1_68' title="bbox 1117 436 1906 472; baseline 0.001 -9"><span class='ocrx_word' id='word_1_429' title='bbox 1117 437 1219 471; x_wconf 74' lang='lat' dir='ltr'><strong>agitur,</strong></span> <span class='ocrx_word' id='word_1_430' title='bbox 1250 436 1378 463; x_wconf 88' lang='lat' dir='ltr'><strong>eumdem</strong></span> <span class='ocrx_word' id='word_1_431' title='bbox 1404 436 1524 472; x_wconf 71' lang='lat' dir='ltr'><strong>appellat</strong></span> <span class='ocrx_word' id='word_1_432' title='bbox 1555 446 1564 461; x_wconf 74' lang='grc' dir='ltr'><strong>ε</strong></span> <span class='ocrx_word' id='word_1_433' title='bbox 1598 440 1745 469; x_wconf 87' lang='lat' dir='ltr'><strong>amentem,</strong></span> <span class='ocrx_word' id='word_1_434' title='bbox 1770 436 1906 472; x_wconf 77' lang='lat' dir='ltr'><strong>ﬂagellum</strong></span> 
     </span>
    </p>
   </div>
   <div class='ocr_carea' id='block_1_69' title="bbox 1117 482 1935 518">
    <p class='ocr_par' dir='ltr' id='par_1_69' title="bbox 1117 482 1935 518">
     <span class='ocr_line' id='line_1_69' title="bbox 1117 482 1935 518; baseline 0.001 -9"><span class='ocrx_word' id='word_1_435' title='bbox 1117 482 1322 518; x_wconf 69' lang='lat' dir='ltr'><strong>Egyptiacum,‘</strong></span> <span class='ocrx_word' id='word_1_436' title='bbox 1333 483 1547 509; x_wconf 88' lang='lat' dir='ltr'><strong>instrumentum</strong></span> <span class='ocrx_word' id='word_1_437' title='bbox 1560 482 1692 509; x_wconf 75' lang='lat' dir='ltr'><strong>daemonis</strong></span> <span class='ocrx_word' id='word_1_438' title='bbox 1703 483 1906 510; x_wconf 79' lang='lat' dir='ltr'><strong>mendaciorum</strong></span> <span class='ocrx_word' id='word_1_439' title='bbox 1932 490 1935 493; x_wconf 92' lang='lat'>&#39;</span> 
     </span>
    </p>
   </div>
   <div class='ocr_carea' id='block_1_70' title="bbox 1117 528 1906 564">
    <p class='ocr_par' dir='ltr' id='par_1_70' title="bbox 1117 528 1906 564">
     <span class='ocr_line' id='line_1_70' title="bbox 1117 528 1906 564; baseline 0 -8"><span class='ocrx_word' id='word_1_440' title='bbox 1117 528 1215 564; x_wconf 84' lang='lat' dir='ltr'><strong>patris,</strong></span> <span class='ocrx_word' id='word_1_441' title='bbox 1232 528 1420 556; x_wconf 86' lang='lat' dir='ltr'><strong>Christianum</strong></span> <span class='ocrx_word' id='word_1_442' title='bbox 1440 528 1532 563; x_wconf 87' lang='lat' dir='ltr'><strong>specie</strong></span> <span class='ocrx_word' id='word_1_443' title='bbox 1548 528 1636 563; x_wconf 79' lang='lat' dir='ltr'><strong>magis</strong></span> <span class='ocrx_word' id='word_1_444' title='bbox 1651 535 1733 562; x_wconf 87' lang='lat' dir='ltr'><strong>quam</strong></span> <span class='ocrx_word' id='word_1_445' title='bbox 1748 528 1848 563; x_wconf 84' lang='lat' dir='ltr'><strong>reipsa,</strong></span> <span class='ocrx_word' id='word_1_446' title='bbox 1865 533 1906 564; x_wconf 87' lang='lat' dir='ltr'><strong>ty-</strong></span> 
     </span>
    </p>
   </div>
   <div class='ocr_carea' id='block_1_71' title="bbox 1119 573 1907 609">
    <p class='ocr_par' dir='ltr' id='par_1_71' title="bbox 1119 573 1907 609">
     <span class='ocr_line' id='line_1_71' title="bbox 1119 573 1907 609; baseline -0.001 -7"><span class='ocrx_word' id='word_1_447' title='bbox 1119 574 1242 602; x_wconf 88' lang='lat' dir='ltr'><strong>rannidis</strong></span> <span class='ocrx_word' id='word_1_448' title='bbox 1255 574 1453 606; x_wconf 85' lang='lat' dir='ltr'><strong>aﬂ&#39;ectatorcm,</strong></span> <span class='ocrx_word' id='word_1_449' title='bbox 1477 574 1603 609; x_wconf 89' lang='lat' dir='ltr'><strong>impium,</strong></span> <span class='ocrx_word' id='word_1_450' title='bbox 1632 573 1833 609; x_wconf 85' lang='lat' dir='ltr'><strong>blasphemum,</strong></span> <span class='ocrx_word' id='word_1_451' title='bbox 1857 582 1907 602; x_wconf 89' lang='lat' dir='ltr'><strong>nu-</strong></span> 
     </span>
    </p>
   </div>
   <div class='ocr_carea' id='block_1_72' title="bbox 1118 619 1905 656">
    <p class='ocr_par' dir='ltr' id='par_1_72' title="bbox 1118 619 1905 656">
     <span class='ocr_line' id='line_1_72' title="bbox 1118 619 1905 656; baseline 0 -9"><span class='ocrx_word' id='word_1_452' title='bbox 1118 620 1220 656; x_wconf 76' lang='lat' dir='ltr'><strong>gacitcr</strong></span> <span class='ocrx_word' id='word_1_453' title='bbox 1235 620 1408 653; x_wconf 82' lang='lat' dir='ltr'><strong>delirantem,</strong></span> <span class='ocrx_word' id='word_1_454' title='bbox 1423 620 1506 647; x_wconf 83' lang='lat' dir='ltr'><strong>stulta</strong></span> <span class='ocrx_word' id='word_1_455' title='bbox 1519 619 1681 654; x_wconf 84' lang='lat' dir='ltr'><strong>sapientem,</strong></span> <span class='ocrx_word' id='word_1_456' title='bbox 1692 619 1741 654; x_wconf 82' lang='lat' dir='ltr'><strong>qui</strong></span> <span class='ocrx_word' id='word_1_457' title='bbox 1753 620 1905 654; x_wconf 79' lang='lat' dir='ltr'><strong>simplicem</strong></span> 
     </span>
    </p>
   </div>
   <div class='ocr_carea' id='block_1_73' title="bbox 1118 666 1906 694">
    <p class='ocr_par' dir='ltr' id='par_1_73' title="bbox 1118 666 1906 694">
     <span class='ocr_line' id='line_1_73' title="bbox 1118 666 1906 694; baseline 0 -1"><span class='ocrx_word' id='word_1_458' title='bbox 1118 671 1146 694; x_wconf 90' lang='lat' dir='ltr'><strong>et</strong></span> <span class='ocrx_word' id='word_1_459' title='bbox 1158 666 1276 693; x_wconf 88' lang='lat' dir='ltr'><strong>artiﬁcio</strong></span> <span class='ocrx_word' id='word_1_460' title='bbox 1288 671 1428 693; x_wconf 84' lang='lat' dir='ltr'><strong>carentem</strong></span> <span class='ocrx_word' id='word_1_461' title='bbox 1450 666 1531 693; x_wconf 75' lang='lat' dir='ltr'><strong>fidem</strong></span> <span class='ocrx_word' id='word_1_462' title='bbox 1547 670 1668 693; x_wconf 82' lang='lat' dir='ltr'><strong>nostram</strong></span> <span class='ocrx_word' id='word_1_463' title='bbox 1683 666 1849 693; x_wconf 73' lang='lat' dir='ltr'><strong>Grzecanicis</strong></span> <span class='ocrx_word' id='word_1_464' title='bbox 1862 674 1906 694; x_wconf 87' lang='lat' dir='ltr'><strong>ar-</strong></span> 
     </span>
    </p>
   </div>
   <div class='ocr_carea' id='block_1_74' title="bbox 1119 711 1906 748">
    <p class='ocr_par' dir='ltr' id='par_1_74' title="bbox 1119 711 1906 748">
     <span class='ocr_line' id='line_1_74' title="bbox 1119 711 1906 748; baseline -0.001 -8"><span class='ocrx_word' id='word_1_465' title='bbox 1119 712 1202 748; x_wconf 74' lang='lat' dir='ltr'><strong>gutiis</strong></span> <span class='ocrx_word' id='word_1_466' title='bbox 1217 713 1345 745; x_wconf 87' lang='lat' dir='ltr'><strong>turbarit,</strong></span> <span class='ocrx_word' id='word_1_467' title='bbox 1364 712 1410 747; x_wconf 91' lang='lat' dir='ltr'><strong>qui</strong></span> <span class='ocrx_word' id='word_1_468' title='bbox 1430 711 1590 747; x_wconf 83' lang='lat' dir='ltr'><strong>pontiﬁcatu</strong></span> <span class='ocrx_word' id='word_1_469' title='bbox 1610 719 1659 747; x_wconf 86' lang='lat' dir='ltr'><strong>per</strong></span> <span class='ocrx_word' id='word_1_470' title='bbox 1679 716 1788 739; x_wconf 89' lang='lat' dir='ltr'><strong>sanctos</strong></span> <span class='ocrx_word' id='word_1_471' title='bbox 1806 712 1906 747; x_wconf 82' lang='lat' dir='ltr'><strong>Ephesi</strong></span> 
     </span>
    </p>
   </div>
   <div class='ocr_carea' id='block_1_75' title="bbox 1119 757 1906 794">
    <p class='ocr_par' dir='ltr' id='par_1_75' title="bbox 1119 757 1906 794">
     <span class='ocr_line' id='line_1_75' title="bbox 1119 757 1906 794; baseline 0.001 -9"><span class='ocrx_word' id='word_1_472' title='bbox 1119 763 1318 794; x_wconf 77' lang='lat' dir='ltr'><strong>congregatos,</strong></span> <span class='ocrx_word' id='word_1_473' title='bbox 1344 758 1438 785; x_wconf 90' lang='lat' dir='ltr'><strong>divino</strong></span> <span class='ocrx_word' id='word_1_474' title='bbox 1463 757 1594 793; x_wconf 74' lang='lat' dir='ltr'><strong>suffragio</strong></span> <span class='ocrx_word' id='word_1_475' title='bbox 1623 758 1746 793; x_wconf 85' lang='lat' dir='ltr'><strong>dejectus</strong></span> <span class='ocrx_word' id='word_1_476' title='bbox 1774 758 1831 790; x_wconf 88' lang='lat' dir='ltr'><strong>sit,</strong></span> <span class='ocrx_word' id='word_1_477' title='bbox 1859 759 1906 794; x_wconf 90' lang='lat' dir='ltr'><strong>qui</strong></span> 
     </span>
    </p>
   </div>
   <div class='ocr_carea' id='block_1_76' title="bbox 1121 802 1907 839">
    <p class='ocr_par' dir='ltr' id='par_1_76' title="bbox 1121 802 1907 839">
     <span class='ocr_line' id='line_1_76' title="bbox 1121 802 1907 839; baseline 0.001 -9"><span class='ocrx_word' id='word_1_478' title='bbox 1121 803 1211 831; x_wconf 74' lang='lat' dir='ltr'><strong>edicto</strong></span> <span class='ocrx_word' id='word_1_479' title='bbox 1226 804 1400 839; x_wconf 88' lang='lat' dir='ltr'><strong>imperatoris</strong></span> <span class='ocrx_word' id='word_1_480' title='bbox 1411 802 1503 831; x_wconf 87' lang='lat' dir='ltr'><strong>Oasim</strong></span> <span class='ocrx_word' id='word_1_481' title='bbox 1514 803 1608 838; x_wconf 84' lang='lat' dir='ltr'><strong>jussus</strong></span> <span class='ocrx_word' id='word_1_482' title='bbox 1619 803 1755 835; x_wconf 85' lang='lat' dir='ltr'><strong>habitare,</strong></span> <span class='ocrx_word' id='word_1_483' title='bbox 1764 804 1812 838; x_wconf 84' lang='lat' dir='ltr'><strong>qui</strong></span> <span class='ocrx_word' id='word_1_484' title='bbox 1822 803 1907 831; x_wconf 82' lang='lat' dir='ltr'><strong>futuri</strong></span> 
     </span>
    </p>
   </div>
   <div class='ocr_carea' id='block_1_77' title="bbox 1121 849 1908 886">
    <p class='ocr_par' dir='ltr' id='par_1_77' title="bbox 1121 849 1908 886">
     <span class='ocr_line' id='line_1_77' title="bbox 1121 849 1908 886; baseline -0.001 -9"><span class='ocrx_word' id='word_1_485' title='bbox 1121 850 1267 886; x_wconf 91' lang='lat' dir='ltr'><strong>impiorum</strong></span> <span class='ocrx_word' id='word_1_486' title='bbox 1280 850 1406 885; x_wconf 89' lang='lat' dir='ltr'><strong>supplicii</strong></span> <span class='ocrx_word' id='word_1_487' title='bbox 1423 849 1498 877; x_wconf 88' lang='lat' dir='ltr'><strong>illinc</strong></span> <span class='ocrx_word' id='word_1_488' title='bbox 1514 850 1661 885; x_wconf 81' lang='lat' dir='ltr'><strong>sumpserit</strong></span> <span class='ocrx_word' id='word_1_489' title='bbox 1678 849 1820 877; x_wconf 80' lang='lat' dir='ltr'><strong>exordium</strong></span> <span class='ocrx_word' id='word_1_490' title='bbox 1831 869 1838 882; x_wconf 92' lang='lat'><strong>,</strong></span> <span class='ocrx_word' id='word_1_491' title='bbox 1852 857 1908 877; x_wconf 70' lang='lat' dir='ltr'><strong>sure</strong></span> 
     </span>
    </p>
   </div>
   <div class='ocr_carea' id='block_1_78' title="bbox 1119 895 1908 931">
    <p class='ocr_par' dir='ltr' id='par_1_78' title="bbox 1119 895 1908 931">
     <span class='ocr_line' id='line_1_78' title="bbox 1119 895 1908 931; baseline -0.001 -8"><span class='ocrx_word' id='word_1_492' title='bbox 1119 896 1206 931; x_wconf 86' lang='lat' dir='ltr'><strong>ipsius</strong></span> <span class='ocrx_word' id='word_1_493' title='bbox 1218 896 1346 923; x_wconf 74' lang='lat' dir='ltr'><strong>amentiae</strong></span> <span class='ocrx_word' id='word_1_494' title='bbox 1359 895 1448 922; x_wconf 81' lang='lat' dir='ltr'><strong>factus</strong></span> <span class='ocrx_word' id='word_1_495' title='bbox 1463 895 1625 922; x_wconf 91' lang='lat' dir='ltr'><strong>ludibrium.</strong></span> <span class='ocrx_word' id='word_1_496' title='bbox 1642 905 1650 921; x_wconf 76' lang='grc' dir='ltr'><strong><em>ι</em></strong></span> <span class='ocrx_word' id='word_1_497' title='bbox 1671 895 1737 928; x_wconf 84' lang='lat' dir='ltr'><strong>Quis</strong></span> <span class='ocrx_word' id='word_1_498' title='bbox 1749 895 1808 923; x_wconf 64' lang='lat' dir='ltr'><strong>haec</strong></span> <span class='ocrx_word' id='word_1_499' title='bbox 1825 896 1908 922; x_wconf 86' lang='lat' dir='ltr'><strong>unius</strong></span> 
     </span>
    </p>
   </div>
   <div class='ocr_carea' id='block_1_79' title="bbox 1119 941 1910 976">
    <p class='ocr_par' dir='ltr' id='par_1_79' title="bbox 1119 941 1910 976">
     <span class='ocr_line' id='line_1_79' title="bbox 1119 941 1910 976; baseline -0.003 -7"><span class='ocrx_word' id='word_1_500' title='bbox 1119 942 1240 969; x_wconf 89' lang='lat' dir='ltr'><strong>hominis</strong></span> <span class='ocrx_word' id='word_1_501' title='bbox 1254 941 1338 969; x_wconf 85' lang='lat' dir='ltr'><strong>verba</strong></span> <span class='ocrx_word' id='word_1_502' title='bbox 1356 949 1417 968; x_wconf 89' lang='lat' dir='ltr'><strong>esse</strong></span> <span class='ocrx_word' id='word_1_503' title='bbox 1434 941 1538 973; x_wconf 86' lang='lat' dir='ltr'><strong>credat,</strong></span> <span class='ocrx_word' id='word_1_504' title='bbox 1559 941 1625 968; x_wconf 87' lang='lat' dir='ltr'><strong>licet</strong></span> <span class='ocrx_word' id='word_1_505' title='bbox 1645 941 1761 968; x_wconf 81' lang='lat' dir='ltr'><strong>diversis</strong></span> <span class='ocrx_word' id='word_1_506' title='bbox 1779 941 1910 976; x_wconf 75' lang='lat' dir='ltr'><strong>tempori-</strong></span> 
     </span>
    </p>
   </div>
   <div class='ocr_carea' id='block_1_80' title="bbox 1120 986 1908 1022">
    <p class='ocr_par' dir='ltr' id='par_1_80' title="bbox 1120 986 1908 1022">
     <span class='ocr_line' id='line_1_80' title="bbox 1120 986 1908 1022; baseline 0 -7"><span class='ocrx_word' id='word_1_507' title='bbox 1120 987 1194 1015; x_wconf 81' lang='lat' dir='ltr'><strong>bus?</strong></span> <span class='ocrx_word' id='word_1_508' title='bbox 1209 988 1276 1021; x_wconf 84' lang='lat' dir='ltr'><strong>Quis</strong></span> <span class='ocrx_word' id='word_1_509' title='bbox 1289 987 1365 1015; x_wconf 91' lang='lat' dir='ltr'><strong>illius</strong></span> <span class='ocrx_word' id='word_1_510' title='bbox 1378 987 1482 1019; x_wconf 87' lang='lat' dir='ltr'><strong>credat,</strong></span> <span class='ocrx_word' id='word_1_511' title='bbox 1504 987 1551 1022; x_wconf 90' lang='lat' dir='ltr'><strong>qui</strong></span> <span class='ocrx_word' id='word_1_512' title='bbox 1566 995 1602 1014; x_wconf 91' lang='lat' dir='ltr'><strong>ne</strong></span> <span class='ocrx_word' id='word_1_513' title='bbox 1620 986 1648 1014; x_wconf 94' lang='lat' dir='ltr'><strong>in</strong></span> <span class='ocrx_word' id='word_1_514' title='bbox 1661 987 1779 1014; x_wconf 91' lang='lat' dir='ltr'><strong>concilio</strong></span> <span class='ocrx_word' id='word_1_515' title='bbox 1797 987 1908 1022; x_wconf 84' lang='lat' dir='ltr'><strong>quidem</strong></span> 
     </span>
    </p>
   </div>
   <div class='ocr_carea' id='block_1_81' title="bbox 1118 1033 1910 1068">
    <p class='ocr_par' dir='ltr' id='par_1_81' title="bbox 1118 1033 1910 1068">
     <span class='ocr_line' id='line_1_81' title="bbox 1118 1033 1910 1068; baseline -0.003 -6"><span class='ocrx_word' id='word_1_516' title='bbox 1118 1034 1347 1066; x_wconf 86' lang='lat' dir='ltr'><strong>Chalcedonensi,</strong></span> <span class='ocrx_word' id='word_1_517' title='bbox 1367 1033 1544 1068; x_wconf 82' lang='lat' dir='ltr'><strong>quantumvis</strong></span> <span class='ocrx_word' id='word_1_518' title='bbox 1558 1037 1674 1068; x_wconf 87' lang='lat' dir='ltr'><strong>utraque</strong></span> <span class='ocrx_word' id='word_1_519' title='bbox 1694 1037 1815 1068; x_wconf 87' lang='lat' dir='ltr'><strong>potestas</strong></span> <span class='ocrx_word' id='word_1_520' title='bbox 1827 1041 1892 1068; x_wconf 75' lang='lat' dir='ltr'><strong>urge</strong></span> <span class='ocrx_word' id='word_1_521' title='bbox 1906 1050 1910 1054; x_wconf 56' lang='grc' dir='ltr'>λ</span> 
     </span>
    </p>
   </div>
   <div class='ocr_carea' id='block_1_82' title="bbox 1119 1079 1907 1115">
    <p class='ocr_par' dir='ltr' id='par_1_82' title="bbox 1119 1079 1907 1115">
     <span class='ocr_line' id='line_1_82' title="bbox 1119 1079 1907 1115; baseline -0.003 -7"><span class='ocrx_word' id='word_1_522' title='bbox 1119 1084 1172 1113; x_wconf 83' lang='lat' dir='ltr'><strong>ret,</strong></span> <span class='ocrx_word' id='word_1_523' title='bbox 1203 1080 1362 1108; x_wconf 76' lang='lat' dir='ltr'><strong>Nestorium</strong></span> <span class='ocrx_word' id='word_1_524' title='bbox 1386 1084 1492 1115; x_wconf 88' lang='lat' dir='ltr'><strong>sponte,</strong></span> <span class='ocrx_word' id='word_1_525' title='bbox 1521 1079 1570 1107; x_wconf 80' lang='lat' dir='ltr'><strong>sed</strong></span> <span class='ocrx_word' id='word_1_526' title='bbox 1598 1080 1624 1106; x_wconf 92' lang='lat' dir='ltr'><strong>vi</strong></span> <span class='ocrx_word' id='word_1_527' title='bbox 1653 1083 1760 1107; x_wconf 88' lang='lat' dir='ltr'><strong>tantum</strong></span> <span class='ocrx_word' id='word_1_528' title='bbox 1788 1083 1907 1112; x_wconf 86' lang='lat' dir='ltr'><strong>coactus,</strong></span> 
     </span>
    </p>
   </div>
   <div class='ocr_carea' id='block_1_83' title="bbox 1119 1126 1319 1154">
    <p class='ocr_par' dir='ltr' id='par_1_83' title="bbox 1119 1126 1319 1154">
     <span class='ocr_line' id='line_1_83' title="bbox 1119 1126 1319 1154; baseline -0.005 0"><span class='ocrx_word' id='word_1_529' title='bbox 1119 1126 1292 1154; x_wconf 86' lang='lat' dir='ltr'><strong>damnaverit</strong></span> <span class='ocrx_word' id='word_1_530' title='bbox 1307 1126 1319 1153; x_wconf 72' lang='grc' dir='ltr'><strong><em>τ</em></strong></span> 
     </span>
    </p>
   </div>
   <div class='ocr_carea' id='block_1_84' title="bbox 1154 1171 1909 1208">
    <p class='ocr_par' dir='ltr' id='par_1_84' title="bbox 1154 1171 1909 1208">
     <span class='ocr_line' id='line_1_84' title="bbox 1154 1171 1909 1208; baseline 0 -9"><span class='ocrx_word' id='word_1_531' title='bbox 1154 1173 1247 1206; x_wconf 87' lang='lat' dir='ltr'><strong>Quid?</strong></span> <span class='ocrx_word' id='word_1_532' title='bbox 1271 1172 1344 1208; x_wconf 88' lang='lat' dir='ltr'><strong>quod</strong></span> <span class='ocrx_word' id='word_1_533' title='bbox 1371 1172 1546 1200; x_wconf 85' lang='lat' dir='ltr'><strong>damnatores</strong></span> <span class='ocrx_word' id='word_1_534' title='bbox 1568 1171 1700 1203; x_wconf 85' lang='lat' dir='ltr'><strong>Nestorii,</strong></span> <span class='ocrx_word' id='word_1_535' title='bbox 1723 1179 1792 1207; x_wconf 93' lang='lat' dir='ltr'><strong>quos</strong></span> <span class='ocrx_word' id='word_1_536' title='bbox 1804 1171 1909 1206; x_wconf 49' lang='lat' dir='ltr'><strong>episto-</strong></span> 
     </span>
    </p>
   </div>
   <div class='ocr_carea' id='block_1_85' title="bbox 1120 1216 1910 1252">
    <p class='ocr_par' dir='ltr' id='par_1_85' title="bbox 1120 1216 1910 1252">
     <span class='ocr_line' id='line_1_85' title="bbox 1120 1216 1910 1252; baseline -0.004 -6"><span class='ocrx_word' id='word_1_537' title='bbox 1120 1218 1153 1246; x_wconf 70' lang='lat' dir='ltr'><strong>ire</strong></span> <span class='ocrx_word' id='word_1_538' title='bbox 1168 1218 1192 1234; x_wconf 91' lang='grc'><strong><em>⁸⁸</em></strong></span> <span class='ocrx_word' id='word_1_539' title='bbox 1207 1222 1304 1246; x_wconf 81' lang='lat' dir='ltr'><strong>auctor</strong></span> <span class='ocrx_word' id='word_1_540' title='bbox 1317 1221 1427 1245; x_wconf 83' lang='lat' dir='ltr'><strong>sanctos</strong></span> <span class='ocrx_word' id='word_1_541' title='bbox 1434 1221 1524 1250; x_wconf 89' lang='lat' dir='ltr'><strong>vocat,</strong></span> <span class='ocrx_word' id='word_1_542' title='bbox 1539 1221 1567 1244; x_wconf 89' lang='lat' dir='ltr'><strong>et</strong></span> <span class='ocrx_word' id='word_1_543' title='bbox 1579 1216 1673 1244; x_wconf 91' lang='lat' dir='ltr'><strong>divino</strong></span> <span class='ocrx_word' id='word_1_544' title='bbox 1688 1216 1793 1252; x_wconf 89' lang='lat' dir='ltr'><strong>Spiritu</strong></span> <span class='ocrx_word' id='word_1_545' title='bbox 1805 1216 1910 1244; x_wconf 77' lang='lat' dir='ltr'><strong>adlatos</strong></span> 
     </span>
    </p>
   </div>
   <div class='ocr_carea' id='block_1_86' title="bbox 1120 1262 1909 1298">
    <p class='ocr_par' dir='ltr' id='par_1_86' title="bbox 1120 1262 1909 1298">
     <span class='ocr_line' id='line_1_86' title="bbox 1120 1262 1909 1298; baseline -0.005 -6"><span class='ocrx_word' id='word_1_546' title='bbox 1120 1265 1199 1297; x_wconf 89' lang='lat' dir='ltr'><strong>dicit,</strong></span> <span class='ocrx_word' id='word_1_547' title='bbox 1219 1264 1411 1292; x_wconf 88' lang='lat' dir='ltr'><strong>Theodorctus</strong></span> <span class='ocrx_word' id='word_1_548' title='bbox 1425 1262 1448 1279; x_wconf 75' lang='lat'><strong>&quot;</strong></span> <span class='ocrx_word' id='word_1_549' title='bbox 1467 1263 1587 1298; x_wconf 86' lang='lat' dir='ltr'><strong>appellat</strong></span> <span class='ocrx_word' id='word_1_550' title='bbox 1606 1272 1615 1288; x_wconf 73' lang='grc' dir='ltr'>ι</span> <span class='ocrx_word' id='word_1_551' title='bbox 1634 1262 1826 1290; x_wconf 79' lang='lat' dir='ltr'><strong>interfectores</strong></span> <span class='ocrx_word' id='word_1_552' title='bbox 1840 1262 1909 1290; x_wconf 90' lang='lat' dir='ltr'><strong>socii</strong></span> 
     </span>
    </p>
   </div>
   <div class='ocr_carea' id='block_1_87' title="bbox 1119 1308 1910 1346">
    <p class='ocr_par' dir='ltr' id='par_1_87' title="bbox 1119 1308 1910 1346">
     <span class='ocr_line' id='line_1_87' title="bbox 1119 1308 1910 1346; baseline -0.004 -8"><span class='ocrx_word' id='word_1_553' title='bbox 1119 1311 1249 1346; x_wconf 88' lang='lat' dir='ltr'><strong>pastoris,</strong></span> <span class='ocrx_word' id='word_1_554' title='bbox 1263 1315 1440 1345; x_wconf 89' lang='lat' dir='ltr'><strong>corruptores</strong></span> <span class='ocrx_word' id='word_1_555' title='bbox 1454 1310 1541 1336; x_wconf 73' lang='lat' dir='ltr'><strong>vincte</strong></span> <span class='ocrx_word' id='word_1_556' title='bbox 1563 1309 1615 1336; x_wconf 88' lang='lat' dir='ltr'><strong>sibi</strong></span> <span class='ocrx_word' id='word_1_557' title='bbox 1634 1308 1756 1341; x_wconf 72' lang='lat' dir='ltr'><strong>creditm,</strong></span> <span class='ocrx_word' id='word_1_558' title='bbox 1780 1308 1910 1344; x_wconf 89' lang='lat' dir='ltr'><strong>inquina-</strong></span> 
     </span>
    </p>
   </div>
   <div class='ocr_carea' id='block_1_88' title="bbox 1121 1353 1907 1392">
    <p class='ocr_par' dir='ltr' id='par_1_88' title="bbox 1121 1353 1907 1392">
     <span class='ocr_line' id='line_1_88' title="bbox 1121 1353 1907 1392; baseline -0.004 -8"><span class='ocrx_word' id='word_1_559' title='bbox 1121 1361 1194 1384; x_wconf 89' lang='lat' dir='ltr'><strong>tores</strong></span> <span class='ocrx_word' id='word_1_560' title='bbox 1206 1356 1342 1392; x_wconf 86' lang='lat' dir='ltr'><strong>portionis</strong></span> <span class='ocrx_word' id='word_1_561' title='bbox 1361 1356 1518 1387; x_wconf 66' lang='lat' dir='ltr'><strong>Dominicze,</strong></span> <span class='ocrx_word' id='word_1_562' title='bbox 1532 1355 1701 1382; x_wconf 85' lang='lat' dir='ltr'><strong>desolatores</strong></span> <span class='ocrx_word' id='word_1_563' title='bbox 1718 1355 1775 1390; x_wconf 75' lang='lat' dir='ltr'><strong>agri</strong></span> <span class='ocrx_word' id='word_1_564' title='bbox 1795 1353 1907 1386; x_wconf 83' lang='lat' dir='ltr'><strong>Christi,</strong></span> 
     </span>
    </p>
   </div>
   <div class='ocr_carea' id='block_1_89' title="bbox 1120 1400 1908 1437">
    <p class='ocr_par' dir='ltr' id='par_1_89' title="bbox 1120 1400 1908 1437">
     <span class='ocr_line' id='line_1_89' title="bbox 1120 1400 1908 1437; baseline -0.004 -7"><span class='ocrx_word' id='word_1_565' title='bbox 1120 1403 1191 1430; x_wconf 88' lang='lat' dir='ltr'><strong>ﬁlios</strong></span> <span class='ocrx_word' id='word_1_566' title='bbox 1207 1406 1356 1437; x_wconf 87' lang='lat' dir='ltr'><strong>apostatas,</strong></span> <span class='ocrx_word' id='word_1_567' title='bbox 1378 1409 1495 1436; x_wconf 92' lang='lat' dir='ltr'><strong>quorum</strong></span> <span class='ocrx_word' id='word_1_568' title='bbox 1520 1408 1618 1428; x_wconf 87' lang='lat' dir='ltr'><strong>manus</strong></span> <span class='ocrx_word' id='word_1_569' title='bbox 1631 1401 1743 1436; x_wconf 73' lang='lat' dir='ltr'><strong>polluta:</strong></span> <span class='ocrx_word' id='word_1_570' title='bbox 1766 1400 1908 1436; x_wconf 80' lang='lat' dir='ltr'><strong>sanguine,</strong></span> 
     </span>
    </p>
   </div>
   <div class='ocr_carea' id='block_1_90' title="bbox 1119 1447 1910 1483">
    <p class='ocr_par' dir='ltr' id='par_1_90' title="bbox 1119 1447 1910 1483">
     <span class='ocr_line' id='line_1_90' title="bbox 1119 1447 1910 1483; baseline -0.004 -7"><span class='ocrx_word' id='word_1_571' title='bbox 1119 1457 1151 1476; x_wconf 92' lang='lat' dir='ltr'><strong>os</strong></span> <span class='ocrx_word' id='word_1_572' title='bbox 1174 1448 1336 1476; x_wconf 88' lang='lat' dir='ltr'><strong>meditatum</strong></span> <span class='ocrx_word' id='word_1_573' title='bbox 1359 1447 1552 1483; x_wconf 90' lang='lat' dir='ltr'><strong>iniquitatem,</strong></span> <span class='ocrx_word' id='word_1_574' title='bbox 1578 1447 1668 1482; x_wconf 77' lang='lat' dir='ltr'><strong>lingua</strong></span> <span class='ocrx_word' id='word_1_575' title='bbox 1690 1447 1850 1482; x_wconf 75' lang='lat' dir='ltr'><strong>injustitiam</strong></span> <span class='ocrx_word' id='word_1_576' title='bbox 1872 1447 1910 1473; x_wconf 89' lang='lat' dir='ltr'><strong>lo-</strong></span> 
     </span>
    </p>
   </div>
   <div class='ocr_carea' id='block_1_91' title="bbox 1119 1493 1912 1527">
    <p class='ocr_par' dir='ltr' id='par_1_91' title="bbox 1119 1493 1912 1527">
     <span class='ocr_line' id='line_1_91' title="bbox 1119 1493 1912 1527; baseline -0.004 -5"><span class='ocrx_word' id='word_1_577' title='bbox 1119 1499 1198 1527; x_wconf 83' lang='lat' dir='ltr'><strong>cuta;</strong></span> <span class='ocrx_word' id='word_1_578' title='bbox 1218 1503 1227 1520; x_wconf 81' lang='grc' dir='ltr'><strong><em>ι</em></strong></span> <span class='ocrx_word' id='word_1_579' title='bbox 1243 1493 1338 1522; x_wconf 87' lang='lat' dir='ltr'><strong>etalio</strong></span> <span class='ocrx_word' id='word_1_580' title='bbox 1356 1493 1473 1525; x_wconf 89' lang='lat' dir='ltr'><strong>inloco,</strong></span> <span class='ocrx_word' id='word_1_581' title='bbox 1493 1503 1502 1519; x_wconf 77' lang='grc' dir='ltr'>ι</span> <span class='ocrx_word' id='word_1_582' title='bbox 1518 1493 1617 1521; x_wconf 90' lang='lat' dir='ltr'><strong>surdos</strong></span> <span class='ocrx_word' id='word_1_583' title='bbox 1641 1497 1668 1520; x_wconf 90' lang='lat' dir='ltr'><strong>et</strong></span> <span class='ocrx_word' id='word_1_584' title='bbox 1691 1500 1777 1520; x_wconf 75' lang='lat' dir='ltr'><strong>czccos</strong></span> <span class='ocrx_word' id='word_1_585' title='bbox 1801 1496 1912 1527; x_wconf 82' lang='lat' dir='ltr'><strong>sponta-</strong></span> 
     </span>
    </p>
   </div>
   <div class='ocr_carea' id='block_1_92' title="bbox 1120 1537 1912 1574">
    <p class='ocr_par' dir='ltr' id='par_1_92' title="bbox 1120 1537 1912 1574">
     <span class='ocr_line' id='line_1_92' title="bbox 1120 1537 1912 1574; baseline -0.004 -7"><span class='ocrx_word' id='word_1_586' title='bbox 1120 1547 1199 1571; x_wconf 89' lang='lat' dir='ltr'><strong>neos,</strong></span> <span class='ocrx_word' id='word_1_587' title='bbox 1215 1543 1307 1566; x_wconf 83' lang='lat' dir='ltr'><strong>mcnte</strong></span> <span class='ocrx_word' id='word_1_588' title='bbox 1327 1543 1430 1574; x_wconf 84' lang='lat' dir='ltr'><strong>captos,</strong></span> <span class='ocrx_word' id='word_1_589' title='bbox 1448 1537 1658 1573; x_wconf 83' lang='lat' dir='ltr'><strong>Apollinariame</strong></span> <span class='ocrx_word' id='word_1_590' title='bbox 1677 1537 1826 1572; x_wconf 85' lang='lat' dir='ltr'><strong>impietatis</strong></span> <span class='ocrx_word' id='word_1_591' title='bbox 1841 1545 1912 1572; x_wconf 79' lang='lat' dir='ltr'><strong>pra:-</strong></span> 
     </span>
    </p>
   </div>
   <div class='ocr_carea' id='block_1_93' title="bbox 1122 1582 1910 1619">
    <p class='ocr_par' dir='ltr' id='par_1_93' title="bbox 1122 1582 1910 1619">
     <span class='ocr_line' id='line_1_93' title="bbox 1122 1582 1910 1619; baseline -0.004 -7"><span class='ocrx_word' id='word_1_592' title='bbox 1122 1592 1216 1618; x_wconf 85' lang='lat' dir='ltr'><strong>cones,</strong></span> <span class='ocrx_word' id='word_1_593' title='bbox 1227 1584 1337 1612; x_wconf 74' lang='lat' dir='ltr'><strong>invidim</strong></span> <span class='ocrx_word' id='word_1_594' title='bbox 1356 1583 1502 1619; x_wconf 85' lang='lat' dir='ltr'><strong>mancipia,</strong></span> <span class='ocrx_word' id='word_1_595' title='bbox 1518 1583 1565 1618; x_wconf 92' lang='lat' dir='ltr'><strong>qui</strong></span> <span class='ocrx_word' id='word_1_596' title='bbox 1582 1582 1692 1610; x_wconf 90' lang='lat' dir='ltr'><strong>veritati</strong></span> <span class='ocrx_word' id='word_1_597' title='bbox 1711 1582 1835 1617; x_wconf 88' lang='lat' dir='ltr'><strong>proprias</strong></span> <span class='ocrx_word' id='word_1_598' title='bbox 1847 1590 1910 1617; x_wconf 82' lang='lat' dir='ltr'><strong>pas-</strong></span> 
     </span>
    </p>
   </div>
   <div class='ocr_carea' id='block_1_94' title="bbox 1120 1627 1912 1666">
    <p class='ocr_par' dir='ltr' id='par_1_94' title="bbox 1120 1627 1912 1666">
     <span class='ocr_line' id='line_1_94' title="bbox 1120 1627 1912 1666; baseline -0.005 -8"><span class='ocrx_word' id='word_1_599' title='bbox 1120 1631 1214 1658; x_wconf 78' lang='lat' dir='ltr'><strong>siones</strong></span> <span class='ocrx_word' id='word_1_600' title='bbox 1241 1629 1399 1666; x_wconf 62' lang='lat' dir='ltr'><strong>prarl&#39;erant,</strong></span> <span class='ocrx_word' id='word_1_601' title='bbox 1423 1629 1526 1664; x_wconf 83' lang='lat' dir='ltr'><strong>quique</strong></span> <span class='ocrx_word' id='word_1_602' title='bbox 1548 1632 1660 1663; x_wconf 86' lang='lat' dir='ltr'><strong>propter</strong></span> <span class='ocrx_word' id='word_1_603' title='bbox 1681 1627 1815 1655; x_wconf 88' lang='lat' dir='ltr'><strong>humanas</strong></span> <span class='ocrx_word' id='word_1_604' title='bbox 1828 1628 1912 1655; x_wconf 84' lang='lat' dir='ltr'><strong>alter-</strong></span> 
     </span>
    </p>
   </div>
   <div class='ocr_carea' id='block_1_95' title="bbox 1119 1673 1911 1710">
    <p class='ocr_par' dir='ltr' id='par_1_95' title="bbox 1119 1673 1911 1710">
     <span class='ocr_line' id='line_1_95' title="bbox 1119 1673 1911 1710; baseline -0.003 -7"><span class='ocrx_word' id='word_1_605' title='bbox 1119 1676 1241 1703; x_wconf 88' lang='lat' dir='ltr'><strong>cationes</strong></span> <span class='ocrx_word' id='word_1_606' title='bbox 1257 1676 1314 1703; x_wconf 90' lang='lat' dir='ltr'><strong>Deo</strong></span> <span class='ocrx_word' id='word_1_607' title='bbox 1330 1674 1457 1710; x_wconf 74' lang='lat' dir='ltr'><strong>prmlium</strong></span> <span class='ocrx_word' id='word_1_608' title='bbox 1478 1673 1579 1701; x_wconf 76' lang='lat' dir='ltr'><strong>inferre</strong></span> <span class='ocrx_word' id='word_1_609' title='bbox 1596 1674 1654 1701; x_wconf 88' lang='lat' dir='ltr'><strong>ausi</strong></span> <span class='ocrx_word' id='word_1_610' title='bbox 1672 1673 1736 1706; x_wconf 89' lang='lat' dir='ltr'><strong>sint,</strong></span> <span class='ocrx_word' id='word_1_611' title='bbox 1755 1679 1808 1701; x_wconf 90' lang='lat' dir='ltr'><strong>etc.</strong></span> <span class='ocrx_word' id='word_1_612' title='bbox 1829 1683 1838 1700; x_wconf 68' lang='grc' dir='ltr'><strong><em>υ</em></strong></span> <span class='ocrx_word' id='word_1_613' title='bbox 1858 1674 1911 1701; x_wconf 87' lang='lat' dir='ltr'><strong>lte-</strong></span> 
     </span>
    </p>
   </div>
   <div class='ocr_carea' id='block_1_96' title="bbox 1119 1720 1910 1757">
    <p class='ocr_par' dir='ltr' id='par_1_96' title="bbox 1119 1720 1910 1757">
     <span class='ocr_line' id='line_1_96' title="bbox 1119 1720 1910 1757; baseline -0.004 -7"><span class='ocrx_word' id='word_1_614' title='bbox 1119 1731 1182 1750; x_wconf 92' lang='lat' dir='ltr'><strong>rum</strong></span> <span class='ocrx_word' id='word_1_615' title='bbox 1201 1722 1273 1754; x_wconf 73' lang='lat' dir='ltr'><strong>dico,</strong></span> <span class='ocrx_word' id='word_1_616' title='bbox 1289 1722 1351 1757; x_wconf 87' lang='lat' dir='ltr'><strong>quis</strong></span> <span class='ocrx_word' id='word_1_617' title='bbox 1366 1721 1461 1749; x_wconf 87' lang='lat' dir='ltr'><strong>credat</strong></span> <span class='ocrx_word' id='word_1_618' title='bbox 1476 1720 1535 1748; x_wconf 61' lang='lat' dir='ltr'><strong>haec</strong></span> <span class='ocrx_word' id='word_1_619' title='bbox 1558 1720 1593 1748; x_wconf 90' lang='lat' dir='ltr'><strong>ab</strong></span> <span class='ocrx_word' id='word_1_620' title='bbox 1616 1728 1672 1747; x_wconf 89' lang='lat' dir='ltr'><strong>uno</strong></span> <span class='ocrx_word' id='word_1_621' title='bbox 1691 1720 1843 1755; x_wconf 89' lang='lat' dir='ltr'><strong>eodemque</strong></span> <span class='ocrx_word' id='word_1_622' title='bbox 1857 1720 1910 1748; x_wconf 80' lang='lat' dir='ltr'><strong>lio--</strong></span> 
     </span>
    </p>
   </div>
   <div class='ocr_carea' id='block_1_97' title="bbox 1119 1766 1911 1804">
    <p class='ocr_par' dir='ltr' id='par_1_97' title="bbox 1119 1766 1911 1804">
     <span class='ocr_line' id='line_1_97' title="bbox 1119 1766 1911 1804; baseline -0.004 -8"><span class='ocrx_word' id='word_1_623' title='bbox 1119 1769 1205 1801; x_wconf 89' lang='lat' dir='ltr'><strong>mine,</strong></span> <span class='ocrx_word' id='word_1_624' title='bbox 1230 1773 1258 1796; x_wconf 92' lang='lat' dir='ltr'><strong>ct</strong></span> <span class='ocrx_word' id='word_1_625' title='bbox 1277 1767 1388 1804; x_wconf 89' lang='lat' dir='ltr'><strong>quidem</strong></span> <span class='ocrx_word' id='word_1_626' title='bbox 1406 1771 1515 1794; x_wconf 92' lang='lat' dir='ltr'><strong>amante</strong></span> <span class='ocrx_word' id='word_1_627' title='bbox 1537 1766 1637 1794; x_wconf 86' lang='lat' dir='ltr'><strong>famam</strong></span> <span class='ocrx_word' id='word_1_628' title='bbox 1651 1766 1825 1799; x_wconf 66' lang='lat' dir='ltr'><strong>constantia),</strong></span> <span class='ocrx_word' id='word_1_629' title='bbox 1837 1766 1911 1794; x_wconf 88' lang='lat' dir='ltr'><strong>dicta</strong></span> 
     </span>
    </p>
   </div>
   <div class='ocr_carea' id='block_1_98' title="bbox 1119 1813 1911 1847">
    <p class='ocr_par' dir='ltr' id='par_1_98' title="bbox 1119 1813 1911 1847">
     <span class='ocr_line' id='line_1_98' title="bbox 1119 1813 1911 1847; baseline -0.004 -5"><span class='ocrx_word' id='word_1_630' title='bbox 1119 1823 1190 1847; x_wconf 88' lang='lat' dir='ltr'><strong>esse,</strong></span> <span class='ocrx_word' id='word_1_631' title='bbox 1216 1823 1268 1842; x_wconf 92' lang='lat' dir='ltr'><strong>nec</strong></span> <span class='ocrx_word' id='word_1_632' title='bbox 1292 1814 1442 1841; x_wconf 87' lang='lat' dir='ltr'><strong>indicatum</strong></span> <span class='ocrx_word' id='word_1_633' title='bbox 1459 1813 1515 1840; x_wconf 91' lang='lat' dir='ltr'><strong>ullo</strong></span> <span class='ocrx_word' id='word_1_634' title='bbox 1530 1813 1632 1845; x_wconf 83' lang='lat' dir='ltr'><strong>verbo,</strong></span> <span class='ocrx_word' id='word_1_635' title='bbox 1656 1820 1717 1847; x_wconf 67' lang='lat' dir='ltr'><strong>quae</strong></span> <span class='ocrx_word' id='word_1_636' title='bbox 1741 1816 1814 1840; x_wconf 86' lang='lat' dir='ltr'><strong>tanta</strong></span> <span class='ocrx_word' id='word_1_637' title='bbox 1828 1819 1911 1840; x_wconf 85' lang='lat' dir='ltr'><strong>causa</strong></span> 
     </span>
    </p>
   </div>
   <div class='ocr_carea' id='block_1_99' title="bbox 1119 1857 1683 1888">
    <p class='ocr_par' dir='ltr' id='par_1_99' title="bbox 1119 1857 1683 1888">
     <span class='ocr_line' id='line_1_99' title="bbox 1119 1857 1683 1888; baseline -0.007 0"><span class='ocrx_word' id='word_1_638' title='bbox 1119 1861 1203 1888; x_wconf 75' lang='lat' dir='ltr'><strong>fuerit</strong></span> <span class='ocrx_word' id='word_1_639' title='bbox 1219 1863 1330 1887; x_wconf 62' lang='lat' dir='ltr'><strong>mutatae</strong></span> <span class='ocrx_word' id='word_1_640' title='bbox 1344 1863 1419 1886; x_wconf 88' lang='lat' dir='ltr'><strong>tanta</strong></span> <span class='ocrx_word' id='word_1_641' title='bbox 1433 1859 1459 1885; x_wconf 95' lang='lat' dir='ltr'><strong>in</strong></span> <span class='ocrx_word' id='word_1_642' title='bbox 1474 1865 1504 1885; x_wconf 90' lang='lat' dir='ltr'><strong>re</strong></span> <span class='ocrx_word' id='word_1_643' title='bbox 1517 1857 1683 1885; x_wconf 70' lang='lat' dir='ltr'><strong>sementim?</strong></span> 
     </span>
    </p>
   </div>
   <div class='ocr_carea' id='block_1_100' title="bbox 1154 1904 1912 1940">
    <p class='ocr_par' dir='ltr' id='par_1_100' title="bbox 1154 1904 1912 1940">
     <span class='ocr_line' id='line_1_100' title="bbox 1154 1904 1912 1940; baseline -0.003 -7"><span class='ocrx_word' id='word_1_644' title='bbox 1154 1906 1188 1934; x_wconf 76' lang='grc' dir='ltr'><strong>Χ.</strong></span> <span class='ocrx_word' id='word_1_645' title='bbox 1206 1907 1308 1933; x_wconf 85' lang='lat' dir='ltr'><strong>Verum</strong></span> <span class='ocrx_word' id='word_1_646' title='bbox 1341 1905 1433 1932; x_wconf 88' lang='lat' dir='ltr'><strong>adhuc</strong></span> <span class='ocrx_word' id='word_1_647' title='bbox 1457 1905 1578 1940; x_wconf 87' lang='lat' dir='ltr'><strong>pressius</strong></span> <span class='ocrx_word' id='word_1_648' title='bbox 1603 1908 1742 1932; x_wconf 85' lang='lat' dir='ltr'><strong>auctorem</strong></span> <span class='ocrx_word' id='word_1_649' title='bbox 1759 1904 1912 1932; x_wconf 89' lang='lat' dir='ltr'><strong>assumenti</strong></span> 
     </span>
    </p>
   </div>
   <div class='ocr_carea' id='block_1_101' title="bbox 1119 1949 1910 1986">
    <p class='ocr_par' dir='ltr' id='par_1_101' title="bbox 1119 1949 1910 1986">
     <span class='ocr_line' id='line_1_101' title="bbox 1119 1949 1910 1986; baseline -0.006 -6"><span class='ocrx_word' id='word_1_650' title='bbox 1119 1957 1147 1980; x_wconf 88' lang='lat' dir='ltr'><strong>et</strong></span> <span class='ocrx_word' id='word_1_651' title='bbox 1170 1952 1377 1980; x_wconf 85' lang='lat' dir='ltr'><strong>Theodoretum</strong></span> <span class='ocrx_word' id='word_1_652' title='bbox 1396 1951 1485 1986; x_wconf 91' lang='lat' dir='ltr'><strong>ipsum</strong></span> <span class='ocrx_word' id='word_1_653' title='bbox 1508 1957 1715 1985; x_wconf 88' lang='lat' dir='ltr'><strong>componamus.</strong></span> <span class='ocrx_word' id='word_1_654' title='bbox 1745 1949 1910 1981; x_wconf 83' lang='lat' dir='ltr'><strong>Aitauctor,</strong></span> 
     </span>
    </p>
   </div>
   <div class='ocr_carea' id='block_1_102' title="bbox 1119 1993 1947 2031">
    <p class='ocr_par' dir='ltr' id='par_1_102' title="bbox 1119 1993 1947 2031">
     <span class='ocr_line' id='line_1_102' title="bbox 1119 1993 1947 2031; baseline -0.004 -8"><span class='ocrx_word' id='word_1_655' title='bbox 1119 2003 1148 2023; x_wconf 90' lang='lat' dir='ltr'><strong>se</strong></span> <span class='ocrx_word' id='word_1_656' title='bbox 1165 1995 1283 2028; x_wconf 90' lang='lat' dir='ltr'><strong>nescire,</strong></span> <span class='ocrx_word' id='word_1_657' title='bbox 1302 1995 1456 2031; x_wconf 87' lang='lat' dir='ltr'><strong>cujusmodi</strong></span> <span class='ocrx_word' id='word_1_658' title='bbox 1473 1994 1573 2022; x_wconf 87' lang='lat' dir='ltr'><strong>studiis</strong></span> <span class='ocrx_word' id='word_1_659' title='bbox 1596 1994 1632 2021; x_wconf 89' lang='lat' dir='ltr'><strong>sit</strong></span> <span class='ocrx_word' id='word_1_660' title='bbox 1648 1993 1800 2021; x_wconf 89' lang='lat' dir='ltr'><strong>innutritus</strong></span> <span class='ocrx_word' id='word_1_661' title='bbox 1811 1993 1912 2021; x_wconf 62' lang='lat' dir='ltr'><strong>Nestm</strong></span> <span class='ocrx_word' id='word_1_662' title='bbox 1946 2005 1947 2009; x_wconf 55' lang='grc' dir='ltr'><strong>η</strong></span> 
     </span>
    </p>
   </div>
   <div class='ocr_carea' id='block_1_103' title="bbox 1120 2039 1911 2076">
    <p class='ocr_par' dir='ltr' id='par_1_103' title="bbox 1120 2039 1911 2076">
     <span class='ocr_line' id='line_1_103' title="bbox 1120 2039 1911 2076; baseline -0.004 -8"><span class='ocrx_word' id='word_1_663' title='bbox 1120 2041 1189 2069; x_wconf 92' lang='lat' dir='ltr'><strong>rius.</strong></span> <span class='ocrx_word' id='word_1_664' title='bbox 1216 2041 1326 2069; x_wconf 89' lang='lat' dir='ltr'><strong>Sciebat</strong></span> <span class='ocrx_word' id='word_1_665' title='bbox 1348 2040 1434 2076; x_wconf 90' lang='lat' dir='ltr'><strong>probe</strong></span> <span class='ocrx_word' id='word_1_666' title='bbox 1455 2040 1658 2074; x_wconf 86' lang='lat' dir='ltr'><strong>Theodorctus,</strong></span> <span class='ocrx_word' id='word_1_667' title='bbox 1685 2039 1822 2066; x_wconf 85' lang='lat' dir='ltr'><strong>Theodori</strong></span> <span class='ocrx_word' id='word_1_668' title='bbox 1852 2039 1911 2066; x_wconf 82' lang='lat' dir='ltr'><strong>Mo-</strong></span> 
     </span>
    </p>
   </div>
   <div class='ocr_carea' id='block_1_104' title="bbox 1119 2082 1911 2122">
    <p class='ocr_par' dir='ltr' id='par_1_104' title="bbox 1119 2082 1911 2122">
     <span class='ocr_line' id='line_1_104' title="bbox 1119 2082 1911 2122; baseline -0.006 -8"><span class='ocrx_word' id='word_1_669' title='bbox 1119 2086 1259 2122; x_wconf 88' lang='lat' dir='ltr'><strong>psucsteni</strong></span> <span class='ocrx_word' id='word_1_670' title='bbox 1285 2085 1385 2113; x_wconf 89' lang='lat' dir='ltr'><strong>studiis</strong></span> <span class='ocrx_word' id='word_1_671' title='bbox 1405 2085 1570 2112; x_wconf 90' lang='lat' dir='ltr'><strong>innutritum</strong></span> <span class='ocrx_word' id='word_1_672' title='bbox 1588 2093 1594 2110; x_wconf 87' lang='lat'><strong>:</strong></span> <span class='ocrx_word' id='word_1_673' title='bbox 1609 2083 1748 2111; x_wconf 81' lang='lat' dir='ltr'><strong>fuitenitn</strong></span> <span class='ocrx_word' id='word_1_674' title='bbox 1772 2082 1911 2110; x_wconf 89' lang='lat' dir='ltr'><strong>condisci-</strong></span> 
     </span>
    </p>
   </div>
   <div class='ocr_carea' id='block_1_105' title="bbox 1119 2128 1913 2166">
    <p class='ocr_par' dir='ltr' id='par_1_105' title="bbox 1119 2128 1913 2166">
     <span class='ocr_line' id='line_1_105' title="bbox 1119 2128 1913 2166; baseline -0.004 -8"><span class='ocrx_word' id='word_1_675' title='bbox 1119 2131 1201 2166; x_wconf 92' lang='lat' dir='ltr'><strong>pulus</strong></span> <span class='ocrx_word' id='word_1_676' title='bbox 1220 2130 1334 2158; x_wconf 80' lang='lat' dir='ltr'><strong>Joannis</strong></span> <span class='ocrx_word' id='word_1_677' title='bbox 1362 2129 1547 2161; x_wconf 85' lang='lat' dir='ltr'><strong>Antiocheni,</strong></span> <span class='ocrx_word' id='word_1_678' title='bbox 1569 2129 1691 2157; x_wconf 83' lang='lat' dir='ltr'><strong>Joannes</strong></span> <span class='ocrx_word' id='word_1_679' title='bbox 1715 2128 1834 2156; x_wconf 89' lang='lat' dir='ltr'><strong>Nestorii</strong></span> <span class='ocrx_word' id='word_1_680' title='bbox 1859 2129 1913 2155; x_wconf 88' lang='lat' dir='ltr'><strong>sub</strong></span> 
     </span>
    </p>
   </div>
   <div class='ocr_carea' id='block_1_106' title="bbox 1119 2176 1420 2212">
    <p class='ocr_par' dir='ltr' id='par_1_106' title="bbox 1119 2176 1420 2212">
     <span class='ocr_line' id='line_1_106' title="bbox 1119 2176 1420 2212; baseline -0.003 -8"><span class='ocrx_word' id='word_1_681' title='bbox 1119 2177 1266 2205; x_wconf 83' lang='lat' dir='ltr'><strong>Theodoro</strong></span> <span class='ocrx_word' id='word_1_682' title='bbox 1280 2176 1420 2212; x_wconf 79' lang='lat' dir='ltr'><strong>magistro.</strong></span> 
     </span>
    </p>
   </div>
   <div class='ocr_carea' id='block_1_107' title="bbox 1153 2220 1912 2256">
    <p class='ocr_par' dir='ltr' id='par_1_107' title="bbox 1153 2220 1912 2256">
     <span class='ocr_line' id='line_1_107' title="bbox 1153 2220 1912 2256; baseline -0.003 -7"><span class='ocrx_word' id='word_1_683' title='bbox 1153 2222 1199 2250; x_wconf 80' lang='lat' dir='ltr'><strong>Ait</strong></span> <span class='ocrx_word' id='word_1_684' title='bbox 1224 2226 1332 2255; x_wconf 89' lang='lat' dir='ltr'><strong>auctor,</strong></span> <span class='ocrx_word' id='word_1_685' title='bbox 1358 2222 1515 2249; x_wconf 87' lang='lat' dir='ltr'><strong>Nestorium</strong></span> <span class='ocrx_word' id='word_1_686' title='bbox 1532 2221 1613 2248; x_wconf 83' lang='lat' dir='ltr'><strong>aliam</strong></span> <span class='ocrx_word' id='word_1_687' title='bbox 1640 2229 1672 2248; x_wconf 79' lang='lat' dir='ltr'><strong>ex</strong></span> <span class='ocrx_word' id='word_1_688' title='bbox 1693 2220 1746 2248; x_wconf 88' lang='lat' dir='ltr'><strong>alia</strong></span> <span class='ocrx_word' id='word_1_689' title='bbox 1770 2220 1912 2256; x_wconf 77' lang='lat' dir='ltr'><strong>regionem</strong></span> 
     </span>
    </p>
   </div>
   <div class='ocr_carea' id='block_1_108' title="bbox 1119 2265 1912 2303">
    <p class='ocr_par' dir='ltr' id='par_1_108' title="bbox 1119 2265 1912 2303">
     <span class='ocr_line' id='line_1_108' title="bbox 1119 2265 1912 2303; baseline -0.004 -7"><span class='ocrx_word' id='word_1_690' title='bbox 1119 2273 1314 2299; x_wconf 88' lang='lat' dir='ltr'><strong>commutasse,</strong></span> <span class='ocrx_word' id='word_1_691' title='bbox 1342 2267 1508 2302; x_wconf 88' lang='lat' dir='ltr'><strong>tandemque</strong></span> <span class='ocrx_word' id='word_1_692' title='bbox 1533 2267 1560 2294; x_wconf 94' lang='lat' dir='ltr'><strong>in</strong></span> <span class='ocrx_word' id='word_1_693' title='bbox 1584 2275 1709 2303; x_wconf 75' lang='lat' dir='ltr'><strong>magnam</strong></span> <span class='ocrx_word' id='word_1_694' title='bbox 1735 2265 1912 2294; x_wconf 74' lang='lat' dir='ltr'><strong>Antiochiam</strong></span> 
     </span>
    </p>
   </div>
   <div class='ocr_carea' id='block_1_109' title="bbox 1121 2312 1912 2350">
    <p class='ocr_par' dir='ltr' id='par_1_109' title="bbox 1121 2312 1912 2350">
     <span class='ocr_line' id='line_1_109' title="bbox 1121 2312 1912 2350; baseline -0.003 -9"><span class='ocrx_word' id='word_1_695' title='bbox 1121 2314 1267 2350; x_wconf 85' lang='lat' dir='ltr'><strong>irrupisse.</strong></span> <span class='ocrx_word' id='word_1_696' title='bbox 1295 2314 1485 2342; x_wconf 83' lang='lat' dir='ltr'><strong>&#39;l&#39;hcodoretus</strong></span> <span class='ocrx_word' id='word_1_697' title='bbox 1509 2317 1625 2341; x_wconf 83' lang='lat' dir='ltr'><strong>noverat</strong></span> <span class='ocrx_word' id='word_1_698' title='bbox 1644 2313 1744 2340; x_wconf 84' lang='lat' dir='ltr'><strong>vixisse</strong></span> <span class='ocrx_word' id='word_1_699' title='bbox 1766 2313 1794 2340; x_wconf 93' lang='lat' dir='ltr'><strong>in</strong></span> <span class='ocrx_word' id='word_1_700' title='bbox 1820 2312 1912 2340; x_wconf 87' lang='lat' dir='ltr'><strong>Laura</strong></span> 
     </span>
    </p>
   </div>
   <div class='ocr_carea' id='block_1_110' title="bbox 1121 2360 1914 2396">
    <p class='ocr_par' dir='ltr' id='par_1_110' title="bbox 1121 2360 1914 2396">
     <span class='ocr_line' id='line_1_110' title="bbox 1121 2360 1914 2396; baseline -0.001 -8"><span class='ocrx_word' id='word_1_701' title='bbox 1121 2361 1208 2388; x_wconf 83' lang='lat' dir='ltr'><strong>sancti</strong></span> <span class='ocrx_word' id='word_1_702' title='bbox 1232 2361 1363 2396; x_wconf 86' lang='lat' dir='ltr'><strong>Euprepii</strong></span> <span class='ocrx_word' id='word_1_703' title='bbox 1387 2368 1473 2396; x_wconf 85' lang='lat' dir='ltr'><strong>prope</strong></span> <span class='ocrx_word' id='word_1_704' title='bbox 1501 2361 1686 2393; x_wconf 80' lang='lat' dir='ltr'><strong>Antiochiam,</strong></span> <span class='ocrx_word' id='word_1_705' title='bbox 1705 2360 1760 2387; x_wconf 92' lang='lat' dir='ltr'><strong>imo</strong></span> <span class='ocrx_word' id='word_1_706' title='bbox 1774 2360 1914 2387; x_wconf 84' lang='lat' dir='ltr'><strong>ctAntio-</strong></span> 
     </span>
    </p>
   </div>
   <div class='ocr_carea' id='block_1_111' title="bbox 1120 2405 1752 2441">
    <p class='ocr_par' dir='ltr' id='par_1_111' title="bbox 1120 2405 1752 2441">
     <span class='ocr_line' id='line_1_111' title="bbox 1120 2405 1752 2441; baseline 0 -8"><span class='ocrx_word' id='word_1_707' title='bbox 1120 2406 1189 2434; x_wconf 72' lang='lat' dir='ltr'><strong>Chia:</strong></span> <span class='ocrx_word' id='word_1_708' title='bbox 1206 2406 1384 2441; x_wconf 80' lang='lat' dir='ltr'><strong>baptizatum,</strong></span> <span class='ocrx_word' id='word_1_709' title='bbox 1397 2414 1459 2433; x_wconf 92' lang='lat' dir='ltr'><strong>cum</strong></span> <span class='ocrx_word' id='word_1_710' title='bbox 1477 2405 1567 2433; x_wconf 92' lang='lat' dir='ltr'><strong>adhuc</strong></span> <span class='ocrx_word' id='word_1_711' title='bbox 1584 2410 1656 2433; x_wconf 86' lang='lat' dir='ltr'><strong>esset</strong></span> <span class='ocrx_word' id='word_1_712' title='bbox 1673 2413 1752 2441; x_wconf 87' lang='lat' dir='ltr'><strong>puer.</strong></span> 
     </span>
    </p>
   </div>
   <div class='ocr_carea' id='block_1_112' title="bbox 1155 2451 1912 2484">
    <p class='ocr_par' dir='ltr' id='par_1_112' title="bbox 1155 2451 1912 2484">
     <span class='ocr_line' id='line_1_112' title="bbox 1155 2451 1912 2484; baseline 0 -6"><span class='ocrx_word' id='word_1_713' title='bbox 1155 2452 1201 2479; x_wconf 81' lang='lat' dir='ltr'><strong>Ait</strong></span> <span class='ocrx_word' id='word_1_714' title='bbox 1227 2457 1341 2484; x_wconf 89' lang='lat' dir='ltr'><strong>auctor,</strong></span> <span class='ocrx_word' id='word_1_715' title='bbox 1365 2452 1518 2480; x_wconf 89' lang='lat' dir='ltr'><strong>ostendisse</strong></span> <span class='ocrx_word' id='word_1_716' title='bbox 1541 2451 1700 2479; x_wconf 86' lang='lat' dir='ltr'><strong>Nestorium</strong></span> <span class='ocrx_word' id='word_1_717' title='bbox 1725 2451 1753 2478; x_wconf 92' lang='lat' dir='ltr'><strong>in</strong></span> <span class='ocrx_word' id='word_1_718' title='bbox 1775 2451 1912 2481; x_wconf 75' lang='lat' dir='ltr'><strong>exordio.</strong></span> 
     </span>
    </p>
   </div>
   <div class='ocr_carea' id='block_1_113' title="bbox 1120 2496 1915 2531">
    <p class='ocr_par' dir='ltr' id='par_1_113' title="bbox 1120 2496 1915 2531">
     <span class='ocr_line' id='line_1_113' title="bbox 1120 2496 1915 2531; baseline 0 -7"><span class='ocrx_word' id='word_1_719' title='bbox 1120 2497 1210 2531; x_wconf 88' lang='lat' dir='ltr'><strong>qualis</strong></span> <span class='ocrx_word' id='word_1_720' title='bbox 1228 2501 1284 2524; x_wconf 86' lang='lat' dir='ltr'><strong>tota</strong></span> <span class='ocrx_word' id='word_1_721' title='bbox 1303 2497 1359 2525; x_wconf 88' lang='lat' dir='ltr'><strong>vita</strong></span> <span class='ocrx_word' id='word_1_722' title='bbox 1369 2502 1442 2525; x_wconf 90' lang='lat' dir='ltr'><strong>esset</strong></span> <span class='ocrx_word' id='word_1_723' title='bbox 1465 2497 1584 2525; x_wconf 80' lang='lat' dir='ltr'><strong>futurus.</strong></span> <span class='ocrx_word' id='word_1_724' title='bbox 1611 2496 1691 2524; x_wconf 80' lang='lat' dir='ltr'><strong>Hune</strong></span> <span class='ocrx_word' id='word_1_725' title='bbox 1720 2496 1915 2524; x_wconf 85' lang='lat' dir='ltr'><strong>Theodoretus</strong></span> 
     </span>
    </p>
   </div>
   <div class='ocr_carea' id='block_1_114' title="bbox 1120 2542 1916 2579">
    <p class='ocr_par' dir='ltr' id='par_1_114' title="bbox 1120 2542 1916 2579">
     <span class='ocr_line' id='line_1_114' title="bbox 1120 2542 1916 2579; baseline -0.001 -9"><span class='ocrx_word' id='word_1_726' title='bbox 1120 2544 1222 2579; x_wconf 88' lang='lat' dir='ltr'><strong>ubique</strong></span> <span class='ocrx_word' id='word_1_727' title='bbox 1234 2543 1335 2578; x_wconf 88' lang='lat' dir='ltr'><strong>passim</strong></span> <span class='ocrx_word' id='word_1_728' title='bbox 1349 2543 1564 2574; x_wconf 89' lang='lat' dir='ltr'><strong>sanctissimum,</strong></span> <span class='ocrx_word' id='word_1_729' title='bbox 1579 2547 1608 2570; x_wconf 91' lang='lat' dir='ltr'><strong>et</strong></span> <span class='ocrx_word' id='word_1_730' title='bbox 1627 2543 1713 2578; x_wconf 88' lang='lat' dir='ltr'><strong>ipsam</strong></span> <span class='ocrx_word' id='word_1_731' title='bbox 1730 2549 1800 2578; x_wconf 86' lang='lat' dir='ltr'><strong>pene</strong></span> <span class='ocrx_word' id='word_1_732' title='bbox 1825 2542 1916 2578; x_wconf 80' lang='lat' dir='ltr'><strong>pieln-</strong></span> 
     </span>
    </p>
   </div>
   <div class='ocr_carea' id='block_1_115' title="bbox 1119 2593 1278 2617">
    <p class='ocr_par' dir='ltr' id='par_1_115' title="bbox 1119 2593 1278 2617">
     <span class='ocr_line' id='line_1_115' title="bbox 1119 2593 1278 2617; baseline 0.006 -1"><span class='ocrx_word' id='word_1_733' title='bbox 1119 2594 1174 2617; x_wconf 92' lang='lat' dir='ltr'><strong>tem</strong></span> <span class='ocrx_word' id='word_1_734' title='bbox 1188 2593 1278 2617; x_wconf 85' lang='lat' dir='ltr'><strong>vocat.</strong></span> 
     </span>
    </p>
   </div>
   <div class='ocr_carea' id='block_1_116' title="bbox 1153 2635 1915 2671">
    <p class='ocr_par' dir='ltr' id='par_1_116' title="bbox 1153 2635 1915 2671">
     <span class='ocr_line' id='line_1_116' title="bbox 1153 2635 1915 2671; baseline -0.003 -9"><span class='ocrx_word' id='word_1_735' title='bbox 1153 2635 1223 2669; x_wconf 90' lang='lat' dir='ltr'><strong>Quid</strong></span> <span class='ocrx_word' id='word_1_736' title='bbox 1242 2636 1331 2671; x_wconf 89' lang='lat' dir='ltr'><strong>plura,</strong></span> <span class='ocrx_word' id='word_1_737' title='bbox 1344 2635 1500 2663; x_wconf 87' lang='lat' dir='ltr'><strong>Nestorium</strong></span> <span class='ocrx_word' id='word_1_738' title='bbox 1512 2640 1609 2664; x_wconf 85' lang='lat' dir='ltr'><strong>auctor</strong></span> <span class='ocrx_word' id='word_1_739' title='bbox 1621 2635 1782 2663; x_wconf 87' lang='lat' dir='ltr'><strong>nominatim</strong></span> <span class='ocrx_word' id='word_1_740' title='bbox 1800 2638 1828 2662; x_wconf 89' lang='lat' dir='ltr'><strong>ct</strong></span> <span class='ocrx_word' id='word_1_741' title='bbox 1843 2641 1915 2660; x_wconf 78' lang='lat' dir='ltr'><strong>con-</strong></span> 
     </span>
    </p>
   </div>
   <div class='ocr_carea' id='block_1_117' title="bbox 1120 2713 1235 2740">
    <p class='ocr_par' dir='ltr' id='par_1_117' title="bbox 1120 2713 1235 2740">
     <span class='ocr_line' id='line_1_117' title="bbox 1120 2713 1235 2740; baseline -0.009 0"><span class='ocrx_word' id='word_1_742' title='bbox 1120 2713 1235 2740; x_wconf 62' lang='lat' dir='ltr'><strong>NOTAE.</strong></span> 
     </span>
    </p>
   </div>
   <div class='ocr_carea' id='block_1_118' title="bbox 1218 2765 1916 2804">
    <p class='ocr_par' dir='ltr' id='par_1_118' title="bbox 1218 2765 1916 2804">
     <span class='ocr_line' id='line_1_118' title="bbox 1218 2765 1916 2804; baseline -0.01 -6"><span class='ocrx_word' id='word_1_743' title='bbox 1218 2771 1240 2786; x_wconf 86' lang='lat'>‘&quot;</span> <span class='ocrx_word' id='word_1_744' title='bbox 1256 2770 1327 2797; x_wconf 85' lang='lat' dir='ltr'><strong>lbid.</strong></span> <span class='ocrx_word' id='word_1_745' title='bbox 1373 2770 1397 2787; x_wconf 82' lang='lat'><strong>&quot;</strong></span> <span class='ocrx_word' id='word_1_746' title='bbox 1411 2771 1448 2798; x_wconf 86' lang='lat' dir='ltr'><strong>De</strong></span> <span class='ocrx_word' id='word_1_747' title='bbox 1473 2771 1523 2798; x_wconf 85' lang='lat' dir='ltr'><strong>hac</strong></span> <span class='ocrx_word' id='word_1_748' title='bbox 1540 2769 1664 2797; x_wconf 85' lang='lat' dir='ltr'><strong>Gamerii</strong></span> <span class='ocrx_word' id='word_1_749' title='bbox 1687 2766 1829 2804; x_wconf 78' lang='lat' dir='ltr'><strong>hypotliesi</strong></span> <span class='ocrx_word' id='word_1_750' title='bbox 1849 2765 1916 2804; x_wconf 68' lang='lat' dir='ltr'><strong>vide</strong></span> 
     </span>
    </p>
   </div>
   <div class='ocr_carea' id='block_1_119' title="bbox 271 2801 1915 2842">
    <p class='ocr_par' dir='ltr' id='par_1_119' title="bbox 271 2801 1915 2842">
     <span class='ocr_line' id='line_1_119' title="bbox 271 2801 1915 2842; baseline -0.004 -9"><span class='ocrx_word' id='word_1_751' title='bbox 271 2813 365 2842; x_wconf 77' lang='lat' dir='ltr'><strong>supra,</strong></span> <span class='ocrx_word' id='word_1_752' title='bbox 387 2809 407 2832; x_wconf 91' lang='lat' dir='ltr'><strong>t.</strong></span> <span class='ocrx_word' id='word_1_753' title='bbox 421 2804 465 2835; x_wconf 74' lang='grc' dir='ltr'><strong>ιν,</strong></span> <span class='ocrx_word' id='word_1_754' title='bbox 482 2813 509 2840; x_wconf 83' lang='lat' dir='ltr'><strong>p.</strong></span> <span class='ocrx_word' id='word_1_755' title='bbox 524 2805 585 2834; x_wconf 80' lang='lat'><strong>368.</strong></span> <span class='ocrx_word' id='word_1_756' title='bbox 600 2801 778 2842; x_wconf 57' lang='lat' dir='ltr'><strong>&quot;’Epiatolw.</strong></span> <span class='ocrx_word' id='word_1_757' title='bbox 794 2807 919 2835; x_wconf 85' lang='lat' dir='ltr'><strong>Oudinus</strong></span> <span class='ocrx_word' id='word_1_758' title='bbox 935 2807 953 2834; x_wconf 92' lang='lat' dir='ltr'><strong>I.</strong></span> <span class='ocrx_word' id='word_1_759' title='bbox 972 2815 1009 2839; x_wconf 80' lang='lat' dir='ltr'><strong>c.,</strong></span> <span class='ocrx_word' id='word_1_760' title='bbox 1024 2801 1146 2842; x_wconf 59' lang='lat' dir='ltr'><strong>pinos,</strong></span> <span class='ocrx_word' id='word_1_761' title='bbox 1164 2804 1239 2833; x_wconf 84' lang='lat' dir='ltr'><strong>addit</strong></span> <span class='ocrx_word' id='word_1_762' title='bbox 1253 2810 1277 2832; x_wconf 72' lang='lat' dir='ltr'><strong>et</strong></span> <span class='ocrx_word' id='word_1_763' title='bbox 1292 2806 1386 2841; x_wconf 76' lang='lat' dir='ltr'><strong>rapitis</strong></span> <span class='ocrx_word' id='word_1_764' title='bbox 1404 2805 1444 2832; x_wconf 72' lang='grc' dir='ltr'><strong>η.</strong></span> <span class='ocrx_word' id='word_1_765' title='bbox 1468 2806 1490 2821; x_wconf 84' lang='lat'><strong>&quot;</strong></span> <span class='ocrx_word' id='word_1_766' title='bbox 1506 2805 1690 2833; x_wconf 62' lang='lat' dir='ltr'><strong>Theodoreus.</strong></span> <span class='ocrx_word' id='word_1_767' title='bbox 1707 2801 1836 2831; x_wconf 78' lang='lat' dir='ltr'><strong>Dudinus</strong></span> <span class='ocrx_word' id='word_1_768' title='bbox 1851 2801 1871 2828; x_wconf 96' lang='lat' dir='ltr'><strong>l.</strong></span> <span class='ocrx_word' id='word_1_769' title='bbox 1887 2808 1915 2828; x_wconf 90' lang='lat' dir='ltr'><strong>c.</strong></span> 
     </span>
    </p>
   </div>
   <div class='ocr_carea' id='block_1_120' title="bbox 273 2840 454 2869">
    <p class='ocr_par' dir='ltr' id='par_1_120' title="bbox 273 2840 454 2869">
     <span class='ocr_line' id='line_1_120' title="bbox 273 2840 454 2869; baseline -0.006 -3"><span class='ocrx_word' id='word_1_770' title='bbox 273 2840 350 2869; x_wconf 77' lang='lat' dir='ltr'><strong>addit</strong></span> <span class='ocrx_word' id='word_1_771' title='bbox 370 2848 454 2867; x_wconf 67' lang='lat' dir='ltr'><strong>rents.</strong></span> 
     </span>
    </p>
   </div>
  </div>
