1967 3047
79 110 126 142 357

658 105 706 134 DE
725 103 852 134 LIBRIS
871 102 1114 134 THEODORETI

1646 106 1701 138 358

79 164 199 200 temptim
225 163 365 198 appellat;
388 162 471 198 509
492 168 627 196 nusquam
651 161 718 194 fere,
735 165 781 188 aut
795 168 863 188 non-
878 162 899 191 Α
945 159 1002 188 XV.
1018 159 1133 192 Deinde,
1148 160 1257 187 tametsi
1278 159 1435 192 Historiam,
1455 168 1508 196 qua
1528 161 1561 188 de
1581 161 1696 196 agimus,

79 211 127 238 nisi
137 209 287 237 honorifice
297 208 494 236 Theodoretus.
506 208 540 235 Et
553 215 618 234 vero
626 208 648 223 ⁸⁸
663 207 751 242 capite
761 207 861 234 “libri

79 255 165 290 quinti
181 263 243 282 cum
260 258 436 281 enumeraret
459 254 578 281 haereses
595 253 726 280 adversus
740 253 864 280 incarna—

79 301 160 329 tionis
176 299 268 332 fidem,
285 300 509 334 singularumque
531 303 657 326 auctores
670 303 699 325 et
715 299 863 325 acerrimos

79 347 237 374 defensores
254 348 422 376 recenseret,
438 345 540 371 nullam
567 343 632 371 fecit
656 343 773 371 Nestorii
788 350 864 369 men-

80 393 201 425 tionem;
229 391 364 418 debuerat
386 395 477 417 tamen
497 389 626 422 maxime,
650 397 712 416 cum
738 392 865 424 ageretur

81 437 115 464 de
127 437 161 463 iis
177 436 224 470 qui
237 435 377 462 Christum
391 442 492 469 purum
505 434 644 462 hominem
661 433 800 460 dixerunt.

114 480 160 507 X1.
175 480 257 514 Atqui
272 479 373 506 dixerit
389 479 526 513 quispiam
540 487 546 505 :
565 478 681 506 Photius
697 482 725 505 et
741 477 866 505 Theodo-

80 533 126 552 rus
141 525 244 556 Abbas,
259 528 388 552 auctores
403 524 498 558 procul
515 523 600 550 dubio
618 530 715 558 graves
740 526 768 550 et
793 522 864 549 anti-

80 571 136 605 qui,
164 574 247 604 caput
274 569 468 596 duodecimum
485 569 548 596 libri
567 568 656 603 quarti
674 568 866 595 Hmrcticarum

81 615 244 650 fabularum,
253 614 324 649 quod
339 614 373 641 ab
385 614 500 649 epistola
514 621 569 640 non
581 613 684 644 diﬂ‘ert.
693 612 867 640 Theodoreto

81 661 226 693 tribuunt;
249 660 317 694 quin
339 660 422 687 etiam
449 659 581 687 Leontius
615 663 644 686 et
677 658 866 686 Theodoretus

81 706 144 733 inde
159 705 258 741 jubent
281 705 404 740 agnosci.
425 708 558 738 quantum
571 711 670 731 exosus
687 708 760 731 esset
775 703 865 730 Theo-

81 752 178 780 doreto
187 751 332 780 Nestorius
347 760 353 777 :
366 750 437 778 adde
452 749 526 784 quod
540 749 702 785 jubentibus
716 752 867 784 paruerunt

81 799 266 832 posteriorum
279 803 434 831 temporum
450 795 503 822 viri
517 803 582 823 sane
595 794 784 827 eruditissimi,
796 802 866 829 quo-

82 852 143 872 rum
160 844 319 878 opinionem
332 842 488 870 convellere
498 849 552 868 non
568 841 637 868 levis
646 845 688 868 est
699 848 799 876 operae.

117 889 175 917 ΧΠ.
194 889 232 916 Ea
244 897 287 916 me
304 888 385 920 ratio,
397 887 496 919 fateor,
509 887 557 915 diu
570 887 658 915 tenuit
672 895 722 914 suo
732 890 870 914 momento

81 943 249 970 suspensum
268 942 301 962 ac
320 934 451 966 dubium,
468 941 520 961 nec
540 933 691 961 etiamnum
709 933 775 960 sinit
792 939 869 964 esse,

81 986 122 1008 tot
139 981 204 1009 licet
218 981 356 1015 tantisque
367 981 395 1007 in
407 980 576 1007 contrarium
590 979 758 1014 argumentis
769 986 871 1013 urgen-

81 1026 167 1058 tibus,
188 1024 385 1052 certissimum.
405 1024 508 1052 Verum
531 1032 546 1051 a
566 1024 704 1051 sententia
725 1022 870 1056 dimoveri,

81 1080 134 1100 nec
146 1071 274 1103 istorum,
287 1078 339 1098 nec
356 1070 464 1097 illorum
478 1070 641 1097 auctoritate
655 1076 766 1104 possum
776 1068 871 1102 ;video

80 1117 185 1152 quippe
198 1124 252 1150 qua
266 1119 343 1150 parte
357 1115 482 1142 elcvetur
497 1114 519 1130 “
532 1123 539 1140 :
556 1121 619 1140 nam
635 1113 689 1140 viri
703 1121 873 1148 consequen-

81 1164 119 1190 tis
131 1163 181 1190 aevi
198 1161 330 1193 Leontio,
345 1160 443 1188 Photio
463 1165 491 1187 et
513 1159 658 1186 Theodoro
672 1158 849 1186 crediderunt
864 1166 870 1184 :

83 1209 216 1236 Leontius
243 1212 335 1235 autem
354 1214 418 1234 cum
447 1205 556 1233 duobus
579 1205 636 1232 fere
663 1208 725 1239 post
749 1203 871 1235 saeculis,

82 1253 200 1282 Photius
215 1252 314 1283 tribus,
326 1251 488 1278 Theodorus
504 1250 595 1276 adhuc
610 1249 699 1276 serius
712 1247 871 1282 scripserit;

82 1303 303 1336 potueruntnon
318 1297 465 1324 admodum
480 1295 583 1323 dilileili
605 1294 716 1330 negotio
732 1294 798 1325 falli,
822 1293 874 1320 hac

82 1344 236 1379 appendicc
245 1342 405 1377 jamdudum
414 1341 449 1367 ab
461 1341 554 1374 aliquo
566 1337 734 1366 Theodoreti
749 1337 874 1364 studioso

82 1391 119 1418 ad
149 1390 251 1416 librum
271 1392 400 1423 quartum
430 1386 624 1414 Hereticarum
645 1383 797 1419 fabularum
824 1383 873 1410 ad-

83 1437 155 1464 dita.

914 207 1107 234 Theodoretus
1127 206 1256 241 Cyrensis
1275 213 1330 233 non
1347 206 1498 242 scripserit,
1523 210 1613 242 potest
1629 207 1699 235 alter

914 252 1022 287 aliquis,
1052 259 1105 279 nec
1127 251 1255 286 ignobilis
1279 259 1329 278 nec
1349 252 1462 279 alterius
1489 253 1620 284 nominis,
1644 253 1699 280 dici

914 303 1020 325 auctor.
1032 296 1102 324 Olim
1111 301 1186 324 certe
1193 297 1378 324 Damascenns
1389 302 1417 324 et
1427 297 1587 325 Theodorus
1601 298 1701 326 Lector

914 343 1026 370 Patrum
1040 346 1130 374 aetate,
1149 342 1284 369 Baronius
1296 350 1363 369 vero
1371 343 1403 370 ad
1415 351 1516 370 armum
1529 343 1591 375 494,
1609 352 1636 370 n.
1655 343 1700 375 60,

913 389 1073 423 producunt
1097 388 1297 415 Theodoretum
1320 388 1446 421 alterum,
1466 389 1512 423 qui
1535 389 1703 416 Ecclesiasti-

915 441 974 461 cam
987 435 1124 461 historiam
1135 434 1331 468 composuerit,
1345 435 1446 469 quique
1462 435 1540 470 longe
1556 443 1570 462 a
1588 434 1702 471 Cyrensi

915 478 1009 511 distet,
1023 486 1086 506 cum
1105 487 1150 506 res
1164 478 1308 506 Anastasio
1329 478 1479 514 imperante
1495 485 1584 514 gestas
1598 485 1701 507 narret.

918 523 997 550 llunc
1008 527 1119 551 veteres
1138 523 1178 550 illi
1194 523 1252 550 duo
1263 523 1466 551 Theodoretum
1479 524 1640 559 simpliciter
1653 533 1702 560 ap-

916 569 1029 604 pellant,
1044 569 1182 604 juniorem
1195 569 1327 596 Batonius
1337 570 1593 605 noniinat,eumque
1609 576 1703 605 aperte

916 613 1015 648 probat
1029 620 1085 640 non
1098 620 1113 639 a
1127 612 1240 648 Cyrensi
1265 616 1370 639 tantum
1393 613 1414 639 Τ
1417 613 1568 640 hcodoreto
1581 614 1702 645 differre,

917 659 965 686 sed
981 658 1065 686 etiam
1091 667 1106 686 a
1129 658 1274 685 Theodoro
1291 658 1416 691 Lectore,
1435 658 1463 685 in
1476 665 1530 693 quo
1544 659 1703 687 Damasceni

918 703 1089 731 Scholiasten
1110 704 1209 731 merito
1224 703 1347 739 castigat,
1377 708 1409 731 ut
1431 711 1512 739 quem
1529 709 1652 739 oporteat
1665 705 1705 732 in-

917 750 1027 777 curiose
1041 755 1181 777 versatum
1198 757 1258 778 esse
1274 751 1301 777 in
1314 751 1374 777 loco
1387 750 1558 783 bamasceni,
1568 750 1703 785 siquidem

918 795 1120 823 emendandum
1137 799 1213 822 ratus
1236 796 1287 827 sit,
1313 803 1468 830 nomenque
1492 796 1629 823 Theodori
1654 803 1705 831 pro

885 833 1031 868 Bnomine
1054 841 1220 868 Theodoreti
1246 841 1457 876 subjiciendum.
1492 841 1605 875 Quantae
1630 842 1703 869 enim

921 887 1034 914 incuriae
1061 890 1105 914 est
1131 886 1228 914 isthmc
1256 887 1422 919 emendatio,
1457 895 1519 914 cum
1546 887 1707 915 Theodorus

921 932 1124 960 Thcodoretum
1144 932 1218 959 hunc
1243 932 1355 959 laudet?
1379 932 1496 960 Baronio
1522 937 1706 960 consentanea

921 978 1017 1005 scribit
1028 978 1070 1005 vir
1089 977 1217 1005 eruditus
1237 977 1371 1006 Henricus
1392 978 1517 1006 Valesius
1533 979 1561 1005 in
1576 978 1653 1006 Notis
1671 979 1705 1005 ad

922 1024 1059 1052 Theodori
1073 1024 1257 1052 Collectanea.

957 1081 1025 1108 XVI.
1043 1080 1139 1108 Sentio
1153 1081 1236 1116 igitur
1251 1085 1337 1108 totum
1353 1081 1379 1108 id
1397 1080 1430 1114 ³⁷,
1447 1081 1519 1115 quod
1534 1081 1574 1108 vel
1592 1081 1707 1116 epistola

921 1126 964 1153 vel
990 1126 1079 1160 capite
1108 1126 1272 1153 duodecimo
1300 1127 1467 1159 continetur,
1500 1134 1515 1153 a
1537 1126 1708 1154 Theodoreto

919 1171 1029 1206 juniore
1044 1172 1227 1206 compositum
1243 1173 1336 1204 fuisse,
1354 1177 1382 1200 et
1397 1172 1569 1207 suppositum
1584 1172 1707 1208 Cyrcnsi.

923 1215 1003 1243 Ratio
1021 1215 1158 1242 sentiendi
1186 1221 1237 1247 est,
1264 1217 1336 1251 quod
1362 1221 1566 1249 assumentum,
1590 1225 1644 1251 quo
1675 1217 1709 1244 de

924 1260 1042 1295 agimus,
1073 1264 1177 1294 partem
1210 1259 1295 1287 fuisse
1320 1260 1447 1287 Historia:
1474 1260 1620 1287 ostendant
1643 1262 1708 1292 tria,

923 1305 1083 1336 exordium,
1110 1305 1230 1332 medium
1261 1309 1287 1332 ct
1315 1305 1386 1333 tlnis.
1415 1305 1460 1333 Sic
1487 1306 1560 1333 enim
1592 1307 1708 1342 incipit:

928 1360 937 1377 r
956 1351 1104 1386 Postquam
1122 1351 1225 1378 mundo
1244 1351 1375 1386 paulatim
1390 1351 1508 1384 labente,
1531 1356 1558 1379 et
1577 1353 1611 1379 ad
1629 1353 1711 1388 hujus

924 1397 1046 1423 universi
1068 1397 1278 1424 dissolutionem
1301 1397 1458 1429 festinante,
1472 1397 1660 1433 unusquisque
1681 1407 1718 1434 se,

926 1442 1055 1469 idoneum
1073 1442 1184 1477 pietatis
1196 1442 1356 1477 magistrum
1374 1443 1551 1475 existimavit,
1567 1451 1630 1471 cum
1645 1453 1710 1479 pr0<

122 1481 192 1508 XIII.
210 1480 263 1508 Sed
283 1487 339 1514 quo
359 1483 482 1524 tempore
504 1476 580 1503 fraus
593 1475 689 1524 fama?
700 1474 778 1524 Cir?
791 1474 873 1524 quin‘
888 1496 909 1524 ο
924 1491 986 1522 pter
1010 1474 1172 1522 ignorantiae
1197 1474 1296 1514 fastum
1325 1495 1406 1514 nemo
1421 1487 1525 1515 discere
1550 1474 1709 1520 sustindret,

83 1533 154 1559 tam,
175 1527 283 1560 opinor,
299 1524 450 1560 synodum,
467 1522 497 1550 in
517 1529 571 1557 qua
584 1522 731 1548 damnatus
746 1519 874 1546 Theodo-

83 1576 164 1600 retus
178 1578 240 1598 cum
251 1574 334 1601 esset,
347 1568 466 1596 voluerit
483 1567 599 1595 fortasse
614 1565 749 1601 quispiam
776 1571 874 1599 purum

82 1616 279 1646 consensionis
287 1623 349 1642 cum
361 1613 489 1642 Nestorio
499 1616 638 1648 praestare,
648 1610 809 1644 caaterisque
819 1617 874 1636 non

82 1661 288 1690 curiosissimis
310 1660 438 1692 suadere,
464 1658 538 1685 haud
558 1657 639 1684 aliam
655 1656 740 1683 fuisse
764 1655 876 1682 damna-

83 1707 172 1736 tionis
186 1714 307 1738 causam,
324 1712 405 1739 quam
419 1703 493 1738 quod
509 1702 652 1738 injuriose,
664 1706 695 1728 ut
710 1700 741 1727 ﬁt
753 1699 876 1727 fervente

83 1753 285 1788 disputatione,
297 1750 483 1786 cum‘Cyrillo
499 1747 780 1776 contendisset.Tunc
794 1745 876 1773 credo

83 1799 199 1829 factam,
214 1803 244 1824 ut
261 1804 323 1824 cum
347 1796 460 1830 hujusce
474 1792 664 1821 consensionis
687 1791 877 1819 Theodoretus

84 1844 192 1872 litteris
207 1843 235 1870 in
255 1842 351 1877 quinta
368 1840 472 1876 synodo
487 1839 581 1866 relatis
603 1838 682 1865 facile
697 1837 876 1865 convincere-

85 1895 147 1921 tur,
160 1889 210 1916 has
225 1888 259 1915 ab
273 1887 411 1914 haereticis
428 1884 558 1912 confictas
569 1883 649 1910 amici
667 1881 831 1909 Theodoreti
849 1881 878 1908 in

86 1935 190 1969 vulgus
219 1932 364 1967 jactarent.
397 1929 462 1962 Quae
490 1928 561 1955 fama
588 1927 704 1955 Leontio
730 1926 877 1961 imposuit,

85 1978 291 2014 quinquaginta
318 1976 429 2004 circiter
446 1979 507 2010 post
523 1981 609 2001 annos
629 1973 730 2000 librum
747 1973 780 1999 de
797 1972 879 1999 sectis

85 2025 234 2054 scribenti.

124 2069 197 2096 XIV.
221 2067 274 2096 Sed
292 2066 406 2094 instabit
420 2065 520 2100 aliquis
543 2073 549 2091 :
573 2064 602 2092 Si
625 2062 767 2098 popularis
786 2061 879 2096 opinio

86 2115 225 2144 convulsa
240 2117 311 2145 ruat,
330 2112 452 2147 illudque
476 2115 663 2139 assumentum
687 2108 750 2135 libri
764 2109 819 2143 jam
836 2107 878 2134 di-

925 1532 1062 1560 homicida
1079 1533 1196 1564 dmmon,
1218 1532 1354 1559 mendacii
1375 1537 1461 1567 pater,
1479 1533 1646 1561 zizaniorum
1669 1542 1712 1562 se-

925 1578 1058 1609 minator,
1087 1585 1141 1604 non
1168 1578 1286 1612 amplius
1299 1585 1348 1612 per
1364 1582 1492 1605 externos
1509 1582 1535 1605 et
1552 1579 1711 1606 manifestos

926 1622 1019 1649 hostes
1034 1621 1165 1648 adversus
1180 1621 1330 1649 Ecclesiam
1347 1629 1422 1648 arma
1434 1622 1530 1654 movit.
1544 1622 1591 1649 sed
1607 1623 1711 1650 instru-

925 1670 1048 1693 mentum
1064 1669 1172 1697 nactus,
1189 1666 1261 1700 quod
1275 1673 1394 1698 omnem,
1409 1669 1439 1693 ut
1457 1667 1493 1693 ita
1505 1666 1604 1699 dicam,
1618 1667 1711 1695 subito

926 1712 985 1746 ejus
1001 1715 1087 1738 artem
1105 1711 1267 1746 susciperet,
1286 1711 1337 1738 sub
1358 1716 1440 1739 rectae
1455 1712 1593 1746 opinionis
1609 1712 1711 1747 specie,
1746 1741 1751 1745 ,

929 1756 1080 1783 divinitatis
1093 1756 1174 1783 simul
1188 1760 1216 1782 et
1233 1755 1410 1783 humanitatis
1427 1756 1565 1792 Unigeniti
1590 1758 1714 1792 negatio-

930 1809 992 1828 nem
1008 1801 1123 1833 inducit,
1138 1801 1288 1836 simplicem
1304 1805 1332 1828 et
1343 1801 1459 1828 artificio
1471 1806 1610 1830 carentem
1632 1803 1712 1830 fidem

930 1851 1050 1874 nostram
1063 1846 1228 1874 Graecanicis
1241 1847 1409 1874 conturbans
1425 1848 1538 1882 argutiis
1557 1847 1591 1874 ⁸⁸.
1616 1858 1624 1874 ι
1643 1848 1712 1875 Tum

929 1891 1047 1919 Nestorii
1065 1892 1177 1919 nomine
1193 1892 1345 1927 appellato,
1373 1892 1573 1928 descriptisque
1600 1894 1714 1921 minori-

930 1938 999 1968 bus,
1024 1940 1052 1963 et
1075 1937 1194 1963 narratis
1211 1936 1327 1968 artibus,
1343 1936 1455 1971 quibus,
1470 1941 1500 1964 ut
1514 1937 1647 1972 loquitur,
1661 1937 1714 1966 Ec-

930 1982 1021 2010 clesiae
1040 1981 1348 2016 Constantinopolitanm
1377 1982 1515 2016 totiusque
1531 1982 1646 2017 proinde
1668 1991 1716 2010 or-

929 2027 973 2054 bis
992 2026 1177 2061 principatum
1191 2027 1306 2061 adeptus
1317 2027 1353 2054 sit
1371 2036 1376 2053 :
1391 2037 1399 2053 ι
1417 2027 1482 2055 inde
1494 2028 1563 2055 mihi
1575 2028 1715 2064 deinceps,

930 2072 984 2103 ait,
1026 2071 1165 2098 enarratio
1201 2071 1415 2106 tragwdiarum,
1459 2080 1521 2107 qua:
1558 2077 1658 2100 terram
1688 2077 1717 2100 et

931 2123 1007 2143 mare
1023 2115 1220 2150 propemodum
1237 2116 1418 2150 impleverint.
1437 2125 1446 2141 ι
1471 2115 1575 2143 Deinde
1594 2117 1716 2151 exponit,

87 2162 127 2189 cti
144 2160 350 2195 supposititium
367 2159 413 2191 sit,
432 2157 542 2185 nulabit
557 2157 625 2184 ﬁdes
638 2154 760 2183 Ῐιίειοΐίεθ
776 2154 809 2181 de
822 2160 880 2180 m0-
897 2170 916 2197 ι)
931 2161 1069 2196 quomodo
1081 2167 1108 2187 et
1122 2161 1276 2196 cujusmodi
1295 2161 1412 2189 hmresin
1430 2161 1573 2188 Nestorius
1594 2162 1719 2196 propala-

87 2207 171 2233 ribus
194 2210 222 2233 et
245 2205 302 2232 vita
325 2203 445 2232 Nestorii
473 2202 625 2230 Antiochia:
643 2205 720 2232 acta,
738 2207 799 2234 quae,
816 2198 879 2225 inde

89 2257 201 2279 tantum
215 2251 284 2278 disci
299 2251 423 2278 creditur
441 2257 448 2276 ε
464 2248 602 2284 quomodo
623 2247 696 2274 enim
712 2246 815 2273 incerto
829 2253 880 2271 au-

89 2297 162 2326 ctori
177 2302 252 2325 certa
270 2297 338 2324 ﬁdes
354 2295 538 2324 adhibeatur?
561 2295 660 2322 Verum
683 2292 734 2319 etsi
753 2290 880 2318 Theodo-

89 2347 171 2370 retus
204 2350 260 2369 non
288 2342 324 2369 sit
353 2341 503 2369 assumenti
533 2343 641 2370 auctor,
672 2345 728 2365 non
750 2336 881 2364 continuo

91 2389 187 2424 ignota
203 2392 286 2416 erunt
297 2395 357 2423 quae
373 2387 408 2414 de
422 2387 477 2414 vita
490 2385 610 2413 Nestorii
631 2384 683 2411 hoc
700 2383 728 2410 in
743 2383 803 2409 loco
824 2386 880 2408 tra-

91 2434 201 2462 duntur
213 2442 220 2460 :
238 2441 301 2460 nam
316 2432 416 2468 primo,
429 2438 489 2466 quae
503 2438 569 2457 vera
582 2433 656 2460 sunt,
667 2433 697 2456 ut
709 2427 809 2455 eximia
822 2426 880 2454 elo-

91 2478 220 2515 quentia,
235 2476 430 2511 extemporalis
440 2474 550 2503 dicendi
562 2473 688 2505 facultas,
700 2476 726 2499 et
740 2471 881 2499 abstinen-

90 2526 150 2556 tia,
180 2523 282 2558 quibus
309 2520 544 2549 conciliatricibus
569 2517 743 2553 imperatoris
768 2516 882 2551 gratiam

89 2569 213 2604 adeptus
223 2572 275 2600 est,
298 2575 333 2595 ex
355 2567 389 2594 M.
406 2566 555 2593 Mercatore
569 2563 691 2599 ejusdem
711 2570 773 2589 cum
787 2561 883 2589 Ncslo—

90 2615 138 2642 rio
165 2613 263 2645 aetatis,
295 2612 377 2648 410
406 2615 488 2646 atque
507 2609 590 2637 etiam
613 2616 646 2636 ex
668 2607 780 2635 Socrate
804 2606 884 2633 inno-

89 2663 217 2689 tescunt.

933 2205 1021 2238 verit;
1042 2209 1100 2232 tum
1120 2205 1238 2231 subdit:
1261 2213 1270 2230 ‹
1290 2203 1353 2231 Hzec
1378 2212 1393 2231 a
1415 2212 1457 2231 me
1479 2212 1565 2238 pauca
1579 2204 1612 2231 de
1625 2205 1720 2233 multis

933 2251 1004 2278 dicta
1016 2254 1090 2281 sunt,
1102 2249 1166 2276 dum
1179 2249 1213 2276 ad
1229 2249 1371 2284 sequentia
1385 2249 1497 2276 festinat
1516 2250 1614 2277 oratio.
1635 2260 1643 2276 ι
1659 2250 1719 2278 Mox

935 2298 1062 2323 enarrata
1086 2293 1207 2320 breviter
1225 2293 1344 2320 Nestorii
1368 2293 1402 2320 ab
1423 2294 1570 2328 Ephesinis
1590 2295 1720 2323 Patribus

935 2340 1118 2376 depositione,
1139 2339 1414 2374 deportationejussu
1431 2340 1605 2374 imperatoris
1627 2341 1654 2367 in
1669 2340 1721 2368 0a-

935 2387 998 2418 sim,
1026 2390 1055 2413 et
1087 2385 1224 2412 horrenda
1249 2389 1349 2416 morte,
1373 2385 1461 2419 pergit
1482 2385 1509 2412 in
1535 2385 1593 2413 haec
1615 2385 1720 2413 verba:

939 2432 1037 2464 «Quae,
1058 2431 1123 2466 quia
1144 2434 1209 2458 sunt
1230 2430 1264 2456 ab
1279 2430 1339 2456 aliis
1354 2430 1492 2463 enarrata,
1513 2430 1721 2465 pnetermittere

933 2479 1148 2503 consentaneum
1162 2479 1213 2502 est.
1232 2474 1274 2501 Ad
1286 2474 1324 2507 id,
1337 2473 1410 2508 quod
1427 2474 1548 2502 historiae
1562 2479 1614 2507 est,
1626 2473 1722 2501 venia-

933 2529 1004 2549 mus.
1026 2531 1035 2546 ι
1049 2521 1088 2548 Ex
1104 2521 1147 2547 his
1159 2520 1263 2553 verbis,
1281 2527 1350 2555 quae,
1361 2520 1424 2555 quia
1439 2524 1500 2547 sunt
1518 2519 1550 2547 ab
1566 2519 1646 2556 411
1661 2519 1722 2547 aliis

933 2571 1072 2598 enarrata,
1088 2566 1230 2593 manifesta
1247 2566 1438 2601 suppeditatur
1449 2565 1647 2593 demonstratio
1658 2573 1723 2601 sup-

935 2609 1096 2645 positionis;
1122 2616 1184 2636 nam
1207 2609 1241 2636 de
1263 2613 1351 2636 morte
1373 2608 1491 2636 Nestorii
1511 2609 1624 2643 ejusque
1640 2608 1722 2635 modo

936 2654 1019 2681 silent
1032 2653 1159 2681 Socrates
1170 2658 1198 2681 et
1215 2653 1401 2681 Sozomcnus:
1418 2661 1472 2681 non
1491 2661 1556 2680 vero
1573 2657 1723 2688 potuerunt

765 2722 923 2750 SCllULle
942 2722 1059 2750 NOTAE.

130 2788 153 2804 ³⁸
166 2787 225 2814 lioc
246 2789 408 2821 argumento
422 2785 477 2821 jam
499 2791 570 2821 usus
581 2787 638 2810 erat
655 2783 669 2817 §

690 2783 714 2809 7.
736 2783 775 2818 7"
792 2783 920 2810 Elabendi
941 2782 1013 2810 viam
1034 2783 1090 2818 jam
1104 2782 1267 2818 quaesiverat

1281 2782 1295 2816 §
1311 2782 1338 2809 4.
1357 2782 1378 2798 ⁸⁷
1396 2781 1456 2809 Ῡὶἀ.
1475 2780 1583 2817 Dupinii
1600 2779 1723 2808 ΒίῡιὶοιΙι.

89 2826 236 2852 auctorum
253 2817 356 2854 accisa,
377 2825 395 2847 t.
412 2817 456 2853 iV,
475 2828 503 2853 p.
521 2819 572 2846 105
588 2826 646 2853 seq.
683 2818 706 2834 "
721 2817 782 2845 Vid.
798 2825 873 2853 supra

925 2838 929 2844 ,
945 2817 990 2850 1V,
1010 2817 1041 2852 pi
1058 2818 1115 2854 568,
1132 2824 1190 2851 seq.
1208 2821 1236 2844 et
1256 2817 1320 2844 1041
1346 2824 1403 2851 seq.
