1971 3046
235 94 289 127 359

804 93 992 124 GARNERII
1012 92 1256 126 DlSSERTATlO
1276 92 1305 125 Il

1807 94 1854 127 πο

236 148 322 183 loqui,
335 155 398 176 cum
415 147 460 175 ille
472 147 505 175 ad
518 155 619 175 annum
631 146 693 180 440,
712 146 762 175 iste
781 147 815 175 ad
832 148 884 175 454
896 147 1024 175 Historia:
1037 149 1061 178 Α
1074 146 1205 175 donensis
1216 147 1419 183 cognitoribus,
1448 154 1503 175 non
1517 146 1583 175 fecit
1593 146 1761 175 mentionem
1773 147 1854 175 vieto-

236 194 320 222 fincm
340 194 516 229 imposuerit;
540 193 684 222 Nestorius
706 200 771 221 vero
801 201 873 221 anno
894 194 945 220 M7
960 201 1023 228 per-

237 240 310 267 ierit.

273 283 354 310 XVII.
373 282 510 310 Credibile
524 281 606 318 igitur
617 285 659 310 est
677 290 684 308 :
703 282 730 309 l°
744 283 939 309 Assumentum
953 281 1025 310 istud

237 329 311 355 aliud
325 328 392 355 nihil
410 335 481 359 esse,
506 335 589 362 quam
611 327 754 355 exordium
769 327 895 355 Historiae
907 336 922 355 a
934 328 1024 355 Theo-

237 373 343 405 dorcto,
359 381 441 407 quem
453 372 591 407 juuiorem
603 373 733 406 diximus,
747 373 915 408 compositae.
943 373 973 400 2°
985 373 1025 401 Ab

238 418 291 444 hoc
298 418 410 453 juniore
421 419 607 446 continuatam
614 426 675 446 esse
686 419 837 451 historiam,
846 427 927 454 quam
934 419 1027 447 senior

237 463 271 490 ab
290 464 398 491 Arianis
415 464 503 491 turbis
526 464 559 492 ad
573 469 695 499 tempora
707 463 820 492 Sisinnii
836 464 919 499 (hunc
928 464 1025 491 Nesto-

237 509 295 536 rius
307 509 441 545 excepit),
466 517 515 545 per
532 517 619 537 annos
633 514 743 537 centum
754 514 782 537 et
792 510 924 545 quinque,
939 509 1026 537 dedu—

238 555 318 582 xerit.
347 556 373 582 5.
395 555 537 583 Juniorem
560 555 703 583 exordium
723 555 834 583 duxisse
847 577 854 589 ,
873 556 920 583 ubi
934 557 1027 584 senior

239 601 320 628 linem
336 601 478 636 imposuit,
495 601 530 628 ab
543 601 718 629 ordinatione
728 610 826 637 nempe
837 602 966 634 Nestorii,
981 606 1029 630 aut

238 653 254 673 a
275 647 357 673 motis
374 646 466 681 potius
481 647 515 674 ab
533 647 593 682 ipso
605 647 703 679 turbis,
723 648 841 683 indeque
852 652 1028 682 prosecutum

239 699 299 726 quae
323 692 509 727 contigerunt,
535 700 622 727 usque
635 693 670 720 ad
683 693 784 721 Justini
797 693 955 728 imperium,
980 701 1028 728 per

239 744 327 764 annos
339 737 383 770 90,
411 737 513 764 additis
531 738 654 772 quinque
672 738 750 766 libris
768 739 802 766 ad
817 739 903 766 libros
916 738 1028 766 totidem

239 782 367 809 senioris.
387 783 414 809 ιο
427 783 465 810 Ex
476 787 575 818 quarto
586 783 658 811 libro
669 783 821 819 fragmenta
832 784 876 811 illa
886 785 1028 812 Damasce-

238 836 304 856 num
318 829 480 864 sumpsisse,
499 837 561 865 qum
572 834 653 858 antea
667 831 796 858 diximus.

274 874 366 902 XVlll.
391 875 430 902 lta
444 875 552 908 forsan,
580 881 693 912 propter
704 876 910 912 praejudicatam
922 877 1030 912 opinio-

238 926 312 951 nem,
334 920 429 953 paucis
449 928 628 955 persuasero;
658 921 706 948 sed
728 929 783 948 non
797 921 897 953 levem,
921 921 1029 956 opinor,

238 963 440 992 cruditioribus
452 964 565 998 dedero,
578 965 635 993 sive
645 966 814 1000 suspicandi,
824 966 881 993 sive
892 966 1032 1001 inquiren-

239 1009 266 1036 di
278 1017 403 1043 causam;
420 1018 579 1045 quanquam
589 1011 661 1046 apud
671 1019 714 1039 me
725 1011 780 1039 vim
789 1011 1032 1040 demonstrationis

239 1054 350 1087 habent,
365 1063 426 1089 quae
439 1056 571 1083 hactenus
586 1056 666 1084 allata
677 1060 750 1083 sunt.

275 1100 347 1128 XIX.
363 1101 498 1134 Quoniam
509 1109 575 1129 vero
588 1102 787 1137 suppositionis
799 1103 941 1137 epistolam
953 1103 1031 1131 dam—

238 1145 383 1178 navimus,
413 1145 514 1173 frustra
539 1146 678 1173 curiosius
702 1146 709 1156 ‘
730 1146 938 1181 inquisierimus
962 1146 1032 1174 datm

239 1195 358 1226 tempus,
383 1190 486 1218 frustra
501 1191 598 1219 dandae
611 1199 718 1224 causas,
740 1196 768 1219 et
780 1192 891 1219 modum
903 1192 1031 1227 scriptio-

239 1237 296 1269 nis;
325 1237 373 1264 sed
399 1237 462 1264 inde
485 1237 579 1271 potius
604 1237 665 1264 falsi
690 1245 800 1264 rursum
824 1242 965 1265 auctorem
985 1246 1031 1265 ar-

239 1282 378 1317 gumentis
390 1283 479 1309 tribus
491 1283 725 1310 convineemus".

276 1327 335 1354 XX.
350 1327 486 1360 Quorsum
498 1327 571 1354 enim
588 1327 676 1361 primo
690 1327 881 1355 Theodoretus
895 1327 929 1355 ad
941 1327 1032 1355 virum

241 1372 374 1400 illustrem
388 1372 465 1400 daret
475 1372 630 1407 epistolam,
643 1372 676 1400 ad
688 1380 769 1407 quem
780 1373 907 1400 mittebat
916 1373 1030 1407 librum,

241 1417 268 1445 in
282 1425 338 1452 quo
364 1417 437 1445 idem
454 1421 647 1452 argumentum
671 1417 767 1445 iisdem
780 1418 873 1445 verbis
886 1421 1030 1453 tractaret;

239 1471 292 1491 nec
316 1467 407 1490 tamen
434 1462 498 1490 facti
523 1466 578 1490 tam
600 1463 753 1496 insolentis,
771 1468 879 1498 tamque
897 1464 1030 1498 indecori,
1044 1481 1067 1511 α

241 1508 376 1535 rationem
389 1508 472 1535 ullam
485 1507 637 1542 proferret?

275 1553 347 1582 XXI.
366 1553 471 1581 Deinde
498 1552 599 1588 linguae
622 1552 721 1580 Graecae
734 1552 838 1587 peritos
855 1552 963 1587 appello
982 1553 1030 1588 ju-

240 1599 324 1632 dices,
341 1604 475 1634 quantum
489 1599 575 1634 stylus
589 1597 711 1633 epistolae
726 1605 741 1624 a
758 1597 924 1625 Theodoreti
938 1598 1030 1632 puris—

239 1645 308 1672 sima
328 1645 448 1672 dictione
470 1644 598 1675 differat,
626 1647 657 1670 ut
679 1643 721 1670 vel
736 1643 788 1670 hoc
801 1650 856 1670 uno
870 1647 1031 1678 argumento

240 1699 286 1718 res
297 1689 394 1717 conllci
410 1689 523 1716 omnino
534 1692 627 1724 queat.

277 1735 360 1763 XXII.
377 1734 477 1768 Quaero
488 1738 585 1769 postea
599 1742 614 1760 τι
627 1724 819 1761 ᾱεῒέηεοτὶὴυε
830 1733 962 1768 epistobe,
976 1741 1031 1769 quo

242 1784 366 1814 tempore
382 1784 444 1813 post
458 1787 559 1805 annum
573 1779 623 1805 M7
639 1779 770 1813 scriptam
784 1783 894 1813 putent;
910 1784 984 1811 ante,
997 1787 1032 1806 an

241 1830 304 1860 post
317 1825 450 1860 synodum
465 1824 735 1852 Chalcedonensem?

277 1871 305 1898 Si
317 1875 396 1897 ante:
409 1878 458 1897 cur
467 1871 606 1905 petierunt
617 1870 711 1897 Patres
722 1874 797 1896 tanto
808 1868 911 1896 ambitu
920 1869 1033 1896 damna-

242 1916 266 1943 ri
280 1915 437 1943 Nestorium
452 1923 468 1942 a
480 1915 668 1946 Theodoreto,
682 1914 729 1949 qui
743 1914 845 1949 scripto
855 1914 964 1949 publico
977 1918 1031 1941 tam

241 1965 335 1996 aperte
350 1968 427 1988 suam
439 1964 559 1988 mentem
571 1959 743 1994 aperuisset?
758 1958 813 1987 Clll'
825 1967 889 1986 I'CUS
899 1967 961 1986 cum
970 1967 1034 1994 pcr-
1056 1986 1061 1991 _

241 2009 369 2040 ageretur
378 2025 385 2038 ,
405 2005 457 2032 hoc
473 2005 584 2040 publico
597 2004 803 2039 fortissimeque
817 2011 873 2031 suae
885 2011 974 2031 causa:
988 2004 1032 2031 in-

241 2054 398 2078 strumento
421 2057 478 2077 non
502 2057 568 2077 usus
590 2049 649 2077 est?
677 2048 733 2076 Cur
749 2049 945 2084 tergiversatus
960 2049 987 2076 in
998 2057 1032 2076 eo

241 2096 422 2128 exsecrando,
447 2102 530 2130 quem
555 2095 767 2122 instrumentum
781 2095 924 2127 daemonis,
949 2103 1031 2129 quem

242 2141 368 2176 impium,
383 2148 466 2176 quem
483 2144 633 2171 amentem,
649 2148 731 2174 quem
746 2148 795 2175 per
808 2144 918 2167 sanctos
931 2140 1032 2175 Ephesi

240 2190 431 2222 congregatos,
459 2186 555 2214 divino
580 2186 711 2222 suffragio
731 2186 765 2213 de
779 2185 941 2221 pontiﬁcatu
956 2186 1032 2221 deje-

240 2236 316 2260 ctnm
331 2232 464 2260 dixisset?

276 2277 304 2305 Si
320 2282 415 2312 postea
443 2286 449 2305 :
474 2286 524 2305 cur
536 2278 613 2306 siluit
628 2277 662 2305 de
672 2277 890 2306 Chalcedonensi
903 2278 1032 2311 concilio,

240 2331 304 2350 cum
322 2323 452 2357 Ephesini
469 2323 612 2358 magniﬁce
623 2323 808 2355 meminisset,
835 2326 863 2350 et
876 2323 903 2350 in
915 2327 1033 2358 utroque

240 2367 347 2400 Patres,
370 2368 483 2395 hteresis
507 2368 676 2395 Nestorianae
696 2367 910 2403 impugnatores,
936 2368 1031 2400 tacuit,

239 2421 301 2441 cum
321 2414 418 2440 solitus
435 2413 470 2440 sit
495 2413 611 2440 aliarum
626 2413 770 2440 haeresewn
785 2413 866 2448 412
881 2413 1033 2441 domitores

240 2459 401 2487 nominatim
422 2459 580 2486 celebrare?
607 2459 648 2486 An
672 2459 744 2486 ullus
766 2460 856 2494 potuit
871 2460 1031 2488 celebrandi

240 2511 301 2531 esse
314 2504 391 2532 locus
413 2509 461 2532 aut
472 2505 666 2539 opportunior,
679 2508 727 2532 aut
740 2504 889 2532 illustrior?
900 2505 956 2533 Cur
964 2506 1032 2541 Spo-

240 2548 315 2576 racio
340 2549 465 2576 scribens
491 2549 538 2576 uni
563 2556 597 2576 ex
618 2548 772 2576 illustribus
791 2549 900 2578 concilii
912 2550 1028 2578 Chalce~

1076 191 1122 219 ria:
1135 191 1169 219 de
1181 192 1308 220 Nestorio
1320 196 1474 228 reportatae,
1491 200 1554 220 cum
1569 193 1659 220 virum
1676 197 1730 220 tam
1742 193 1856 222 nobilem

1075 240 1185 271 tamque
1200 237 1356 272 religiosum
1369 236 1512 264 laudaret?

1109 282 1181 315 Cur,
1207 283 1230 310 si
1244 288 1306 310 ante
1320 291 1336 309 v
1347 282 1482 318 synodum
1496 281 1601 309 exstitit
1615 285 1664 308 aut
1675 281 1801 317 epistola,
1815 286 1858 309 aut

1076 332 1158 363 caput
1177 328 1371 356 duodecimum
1383 349 1390 361 ,
1422 335 1512 362 neque
1534 336 1548 355 a
1568 327 1760 356 defensoribus
1772 328 1856 356 Theo-

1076 373 1164 401 doreti
1176 374 1303 401 Facundo
1313 380 1341 402 et
1350 374 1492 406 Liberato,
1503 381 1593 408 neque
1606 381 1621 400 a
1633 374 1733 408 Vigilio
1746 382 1814 409 papa
1833 374 1857 400 in

1077 418 1232 452 Constituto,
1241 427 1330 454 neque
1337 427 1352 446 a
1358 419 1485 446 Patribus
1493 427 1509 446 v
1518 419 1624 454 synodi,
1631 419 1689 446 veri
1698 419 1858 452 amantibus,

1076 465 1241 493 alterutrum
1257 469 1305 492 aut
1318 470 1465 500 utrumque
1477 466 1590 492 allatum
1600 469 1643 492 est
1660 464 1687 491 in
1697 465 1858 492 Theodoreti

1077 511 1210 546 gratiam?
1234 510 1290 538 Cur
1312 510 1459 545 Gregorius
1470 510 1592 546 Magnus,
1614 510 1737 537 scribens
1754 509 1787 536 ad
1802 510 1857 544 epi-

1077 564 1175 591 seopos
1185 556 1272 584 lstrite
1286 564 1335 591 pro
1347 556 1455 591 Pelagio
1466 556 1486 583 ll
1499 576 1506 588 ,
1531 563 1594 583 cum
1607 556 1686 583 fidem
1697 555 1858 583 Theodoreti

1077 601 1161 628 vellet
1184 601 1330 628 ostendere
1363 605 1425 635 post
1455 601 1590 636 synodum
1614 601 1858 629 Chalcedonensem

1078 647 1162 674 fuisse
1175 654 1283 682 puram,
1306 647 1359 674 hoc
1373 646 1530 674 testimonio
1546 651 1601 674 tam
1612 647 1739 675 evidente
1756 652 1860 682 tamque

1078 700 1207 727 expresso
1222 701 1278 720 non
1292 697 1335 720 est
1349 693 1433 720 usus?
1458 691 1514 720 Cur
1529 692 1737 720 criminantibus
1749 693 1859 721 Chalce-

1079 738 1228 765 donensem
1243 738 1389 774 synodum,
1406 738 1480 773 quod
1491 738 1694 766 Theodoretum
1707 740 1859 774 recepisset,

1081 784 1158 811 nullo
1178 784 1311 819 requisita
1330 784 1444 819 scripto,
1470 791 1526 818 quo
1538 791 1566 811 se
1578 784 1698 812 alienum
1711 793 1727 812 a
1740 785 1862 813 Nestorio

1082 829 1221 864 probaret,
1248 834 1392 864 exceptum
1416 836 1471 856 non
1492 833 1534 857 est
1557 831 1698 864 continuo,
1714 838 1769 858 non
1783 830 1862 858 fuisse

1082 883 1151 911 opus
1163 876 1197 903 ab
1207 883 1240 903 eo
1248 875 1381 911 scriptum
1390 876 1510 911 exigere,
1523 877 1568 911 qui
1580 880 1634 904 tam
1642 876 1747 904 clarum
1759 880 1863 912 tamque

1082 921 1256 948 manifestum
1274 921 1370 949 volens
1380 921 1527 949 edidisset?
1550 922 1620 955 Quid
1632 923 1728 957 plura?
1741 923 1813 951 nulla
1826 923 1864 951 rei

1082 966 1211 1001 adjuncta
1225 966 1441 1001 suppositionem
1453 975 1508 994 non
1519 967 1667 997 declarant.

1082 1032 1148 1068 §lll.
1159 1032 1296 1060 Sermones
1309 1034 1400 1069 viginti
1413 1039 1437 1060 et
1448 1038 1546 1069 septem
1556 1035 1680 1061 adversus
1691 1035 1806 1063 diversas
1815 1037 1866 1064 lue-

1217 1077 1285 1095 ηερε
1300 1078 1316 1095 ιι
1329 1061 1422 1096 ΡΙιοιίο
1436 1061 1554 1096 uttlibuti
1568 1061 1735 1097 Tltcodoreto.

1117 1136 1138 1163 l.
1152 1135 1268 1163 Photius
1275 1135 1369 1163 codice
1379 1135 1414 1163 46
1421 1136 1480 1163 hac
1488 1135 1570 1163 habet
1581 1144 1587 1162 :
1604 1145 1613 1161 ί
1623 1135 1698 1163 Lecti
1711 1141 1774 1164 sunt
1782 1137 1868 1164 Theo«

1082 1181 1170 1210 doreti
1188 1181 1310 1216 episcopi
1321 1181 1384 1217 Cyri
1399 1181 1463 1208 libri
1475 1186 1578 1217 septem
1591 1186 1619 1209 et
1629 1182 1725 1217 viginti
1737 1182 1868 1210 adversus

1082 1227 1172 1255 varias
1183 1228 1385 1263 propositiones
1394 1228 1428 1260 ὀ,
1440 1237 1449 1253 ι
1464 1231 1518 1254 etc.

1119 1271 1151 1301 ll.
1174 1274 1282 1302 Fefellit
1301 1275 1429 1302 Photium
1454 1283 1521 1302 suus
1535 1274 1620 1302 codex
1642 1274 1730 1302 tribus
1741 1279 1869 1302 constans

1082 1319 1248 1355 partibus“,
1263 1328 1380 1355 quarum
1390 1321 1479 1356 prima
1490 1320 1721 1355 complectebatur
1736 1328 1782 1348 sex
1794 1319 1869 1355 prio-

1083 1373 1127 1393 res
1139 1362 1239 1399 libros;
1255 1367 1373 1394 secunda
1387 1375 1471 1394 unum
1484 1371 1512 1394 et
1522 1367 1617 1402 viginti
1631 1373 1781 1398 sermones,
1795 1370 1870 1401 post~

1083 1418 1158 1438 rema
1191 1411 1337 1439 Eranisten
1362 1419 1410 1438 seu
1443 1411 1665 1447 Polymorpbum.
1697 1411 1765 1439 Cum
1794 1411 1866 1438 enim

1082 1456 1171 1491 prima
1185 1460 1214 1483 et
1225 1456 1306 1484 tertia
1318 1456 1352 1484 ad
1365 1457 1567 1484 Theodoretum
1582 1457 1676 1491 procul
1689 1456 1773 1484 dubio
1783 1457 1868 1491 perti-

1083 1506 1178 1534 neant,
1195 1502 1309 1530 Photius
1321 1502 1439 1529 mediam
1451 1509 1560 1537 quoque
1577 1502 1628 1537 ipsi
1644 1503 1754 1535 tribuit;
1776 1502 1868 1538 reipsa

1084 1551 1176 1575 tamen
1191 1551 1234 1575 est
1245 1547 1371 1574 Eutherii
1383 1547 1534 1583 Tyanensis
1544 1547 1675 1582 episcopi,
1697 1546 1771 1582 quod
1783 1547 1870 1574 mani-

1083 1593 1154 1621 festa
1176 1593 1274 1628 probat
1298 1593 1448 1620 auctoritas
1471 1593 1549 1620 Marii
1568 1593 1765 1626 Mercatoris“,
1787 1597 1818 1621 ut
1840 1594 1870 1621 in

1083 1638 1218 1666 Eutherio
1239 1638 1532 1672 demonstrabimus",
1561 1639 1608 1666 ubi
1624 1644 1652 1666 et
1664 1639 1806 1667 historiam
1817 1638 1872 1667 Co-

1084 1683 1153 1711 dicis
1167 1683 1299 1719 tripartiti
1313 1689 1447 1711 texemus.

1321 1750 1334 1786 §
1349 1751 1393 1779 IV.
1411 1751 1487 1778 Liber
1500 1751 1636 1778 nsceticus.

1120 1817 1141 1844 l.
1170 1817 1201 1844 In
1215 1817 1402 1852 manuscripto
1416 1816 1511 1844 codice
1532 1816 1644 1850 Graeco,
1669 1816 1717 1852 qui
1740 1816 1792 1844 fuit
1804 1817 1873 1845 olim

1083 1862 1219 1891 Gabrielis
1234 1862 1481 1898 Philadelphiensis
1495 1863 1703 1898 archiepiscopi,
1720 1863 1822 1898 quique
1836 1864 1872 1890 ad

1084 1917 1135 1937 nos
1149 1917 1233 1945 opera
1248 1909 1396 1937 Frontonis
1407 1909 1498 1937 Ducaei
1509 1909 1645 1944 pervenit,
1657 1913 1719 1944 post
1726 1909 1873 1937 Historiam

1085 1955 1235 1990 religiosam
1248 1955 1426 1986 Theodoreti,
1442 1955 1649 1989 orationemque
1662 1954 1700 1982 De
1711 1955 1798 1982 diuina
1809 1956 1876 1982 dm-

1085 2002 1174 2033 ritate,
1190 2001 1290 2036 legitur
1304 2000 1401 2028 titulus
1423 2008 1430 2027 :
1453 1999 1506 2027 Τοῦ
1526 1999 1608 2027 αὑτοῦ
1632 1998 1710 2034 λόγος
1723 2000 1875 2036 ἀσκητικδς

1085 2047 1156 2074 κατὰ
1168 2047 1265 2073 πεῦσιν
1285 2047 1332 2074 καὶ
1355 2047 1512 2082 ἀπόκρισιν.
1532 2046 1593 2073 Mox
1612 2054 1713 2079 sermo,
1747 2046 1876 2081 ’Δδελφδς

1085 2091 1211 2127 ἠρώτησε
1228 2092 1342 2127 γέροντα
1355 2091 1452 2125 λέγων,
1467 2095 1520 2119 etc.

1048 2156 1071 2184 υ
1121 2139 1153 2166 ll.
1175 2138 1245 2167 Sunt
1258 2138 1305 2174 qui
1325 2145 1479 2166 sermonem
1497 2138 1571 2165 hunc
1587 2137 1703 2165 Maximo
1715 2137 1876 2166 Confessori

1087 2184 1249 2217 tribuant",
1264 2192 1352 2220 eoque
1366 2185 1478 2212 nomine
1489 2183 1640 2211 Bilibaldus
1651 2183 1879 2211 Birckheimerus

1086 2231 1283 2266 interpretatus
1294 2235 1346 2263 est,
1359 2230 1500 2265 ediditque
1513 2230 1700 2265 Norimbergae
1710 2237 1782 2257 anno
1793 2229 1878 2258 1580.

1086 2277 1180 2305 Edidit
1191 2277 1274 2304 etiam
1287 2285 1303 2304 a
1324 2284 1353 2304 se
1372 2284 1482 2304 versum
1493 2275 1617 2303 Nobilius
1634 2276 1727 2303 Romae
1743 2276 1825 2307 l587,
1849 2281 1880 2303 et

1085 2329 1175 2357 nuper
1191 2322 1306 2349 Parisiis
1331 2321 1512 2350 Combelisius
1523 2319 1604 2356 41³
1623 2324 1697 2348 tomo
1718 2320 1729 2348 l
1752 2320 1879 2355 Operum

1086 2367 1172 2394 sancti
1194 2366 1313 2398 Maximi,
1338 2373 1433 2393 rursus
1449 2373 1464 2392 a
1485 2372 1514 2393 se
1538 2365 1686 2392 Latinitate
1709 2365 1844 2392 donatum
1873 2374 1879 2391 :

1085 2417 1166 2448 atque
1178 2412 1216 2440 ita
1230 2411 1344 2448 singulis
1357 2410 1525 2439 editionibus
1535 2411 1649 2446 singulae
1656 2411 1807 2443 versiones,
1824 2419 1882 2446 pro

1084 2459 1222 2486 editorum
1240 2457 1359 2493 ingenio,
1380 2456 1586 2492 respondent".

1120 2505 1164 2533 Ill.
1191 2504 1261 2532 Sunt
1283 2504 1329 2539 qui
1343 2503 1489 2531 videantur
1504 2503 1629 2535 innuere,
1656 2510 1712 2530 non
1724 2502 1881 2530 admodum

1084 2552 1153 2579 certi
1177 2558 1238 2578 esse
1259 2550 1389 2578 auctoris.
1420 2550 1469 2577 His
1479 2549 1664 2585 astipulantur
1678 2549 1761 2577 variae
1772 2549 1883 2577 inscri-

914 2627 1072 2657 SCHULZII
1092 2629 1208 2658 NOTAE.

272 2691 346 2720 "Ad
365 2693 436 2733 h.__l:
454 2694 733 2733 vide__l_)t_rpiniutu,_l_.
751 2703 775 2723 c.
816 2696 1071 2733 "u'l'otumﬁlocum
1097 2699 1175 2726 illum
1200 2698 1263 2725 vtde
1284 2705 1382 2733 supra,
1412 2702 1432 2726 t.
1460 2698 1504 2730 IV,
1521 2706 1549 2733 p.
1570 2697 1637 2726 ιοδι
1655 2705 1714 2732 seq.

1770 2697 1792 2714 "
1810 2698 1883 2726 Vill.

238 2735 331 2767 supra,
347 2735 375 2767 ρ.
388 2728 452 2767 με).
487 2729 510 2745 ’⁸
527 2728 590 2767 νὶᾀῖ
603 2730 816 2767 MariiMMercat.
832 2731 909 2767 Opp.
927 2736 946 2758 t.
965 2732 999 2764 ll,
1015 2740 1042 2766 p.
1057 2733 1110 2760 265
1127 2741 1184 2767 seq.
1198 2741 1230 2760 ex
1253 2728 1415 2760 edit.'Garn.
1445 2734 1467 2750 ”
1478 2728 1619 2761 Intercidit
1637 2728 1883 2767 ista'disputatio,

239 2762 279 2793 ut
293 2762 451 2790 llardu’mus
474 2764 591 2796 monuit,

612 2773 638 2799 p.
654 2765 707 2803 68$
722 2765 982 2803 editionisq'priOris.
1017 2765 1042 2783 ⁵⁸
1056 2768 1128 2803 Idem
1147 2765 1244 2803 tuetur,
1259 2767 1403 2803 Dupinius,
1420 2768 1438 2795 l.
1455 2777 1470 2796 c
1485 2790 1491 2802 ,
1504 2774 1523 2796 ι.
1539 2769 1583 2801 lV,
1603 2768 1705 2803 p..,ll0.
1743 2765 1765 2783 "‘
1777 2767 1884 2796 Exstat

238 2797 435 2826 Birekheimeri
460 2803 487 2827 et
507 2797 619 2827 Nobilii'
632 2800 721 2828 versio
743 2800 837 2828 Latina
856 2797 882 2828 iu
898 2801 1068 2837 Lugdunemi
1091 2802 1214 2830 Biblioth.
1234 2797 1336 2835 PP.,'t.
1351 2803 1383 2830 ll.
