1971 3046
126 171 171 206 3M

684 177 732 206 DE
753 176 881 206 LIBRIS
900 175 1156 206 TIIEODORETI.

1690 179 1742 210 362

126 232 225 266 ptiones
242 230 380 257 variorum
395 230 532 263 codicum,
559 235 587 258 ut
607 236 648 258 est
664 231 725 264 iste,
743 239 824 266 quem
838 231 905 263 dixi,
923 237 942 264 Α
958 230 1132 266 4141ιὲωο
1143 235 1224 266 queat
1236 238 1336 259 novum
1346 232 1482 267 quoddam
1492 239 1560 267 opus
1571 232 1743 262 Theodoreto

125 276 251 304 Gabrielis
265 275 525 311 Philadelphiensis,
542 277 708 304 Theodoreti
721 285 820 304 nomen
832 284 904 312 pra:-

125 321 206 348 ferens
231 330 237 348 :
262 321 316 348 illis
328 321 419 348 favent
431 321 606 350 bibliotheca:
618 323 710 358 Regia:
727 327 782 350 tres
796 323 906 350 codices

126 375 183 394 mss.
199 367 313 402 aliique,
326 371 364 400 ct,
384 367 431 402 qui
447 368 559 403 majoris
570 373 613 395 est
624 367 764 403 ponderis,
779 367 905 399 Photius,

124 413 211 440 codice
224 413 285 440 193.
311 412 401 445 Quare
424 413 511 441 vincit
524 413 600 448 prior
612 414 747 441 sententia
761 418 905 441 auctorum

124 466 138 485 ll
142 467 155 485 υ
159 466 231 486 11101⁵0
235 478 241 485 ι

155 503 200 531 IV.
231 504 288 531 Cur
313 503 563 538 Philadelphiensis
592 505 792 540 archiepiscopi
819 504 905 532 codex

123 557 172 576 non
195 557 320 584 magnam
337 558 353 577 ι
369 557 416 577 me
438 549 520 577 ﬁdem
534 550 668 582 obtineat,
685 552 693 560 ‘
705 550 771 577 facit
781 553 905 578 veterum

122 595 274 626 auctoritas.
287 603 404 630 quorum
415 604 497 623 nemo
508 603 577 631 opus
584 596 719 631 ejusmodi
731 596 905 623 Theodoreto

121 641 252 668 attribuit.
281 641 412 676 Negativa
431 641 542 676 quidem
561 641 607 668 illa
618 646 660 669 est
673 642 838 673 auctoritas,
855 642 903 669 sed

121 687 159 713 sui
171 691 261 713 tamen
274 687 302 713 in
315 687 367 714 hoc
377 695 477 722 genere
490 688 632 715 momenti.
645 688 700 715 Cur
710 689 845 715 assentiar
856 688 905 715 tri—

121 731 266 759 buentibus
279 732 407 764 Maximo,
422 733 450 760 in
461 740 542 760 causa
555 737 596 760 est
608 739 704 760 auctor
717 734 903 761 centuriarum

120 782 233 811 quatuor
244 777 278 804 de
290 777 436 810 charitate,
463 777 510 812 qui
525 777 586 805 libri
601 778 711 805 initium
723 778 801 806 ducit
814 778 849 805 ab
862 778 904 806 his

119 823 207 850 verbis
232 832 238 849 :
266 823 356 851 «Ecce
386 829 486 858 prreter
509 824 610 851 librum
634 824 668 851 de
689 824 746 850 vita
766 823 902 859 religiosa,

119 869 176 895 misi
191 868 224 895 ad
241 873 277 901 te,
296 872 374 903 pater
394 869 512 904 Elpidie,
537 869 637 896 librum
653 869 687 896 de
701 869 847 901 charitate,
865 873 904 896 tot

956 275 1083 310 attingere
1105 285 1111 302 :
1133 276 1208 311 prior
1219 277 1293 304 enim
1311 277 1387 304 locus
1401 277 1517 304 habetur
1537 278 1744 312 iuexpositione

957 321 1052 356 psalmi
1075 330 1166 354 Lxxiv,
1194 323 1312 356 num.9;
1343 322 1480 357 posterior
1501 324 1527 351 in
1549 324 1744 358 quastione”

956 372 1038 399 super
1053 365 1187 393 Numeros
1196 367 1212 392 '.

1265 422 1377 450 CAPUT
1393 422 1439 450 IX.

956 478 1027 506 Libri
1039 479 1198 512 Theodoreti,
1213 479 1387 515 quorumsola
1400 479 1525 506 memoria
1537 480 1638 506 videtur
1648 487 1742 515 super-

1316 522 1381 541 εδεε.

1204 570 1218 607 §
1231 571 1252 598 l.
1268 571 1339 606 Opus
1350 571 1497 606 mysticum.

989 626 1021 652 1.”·
1028 626 1134 661 Mystici
1146 627 1239 662 operis
1254 631 1394 654 auctorem
1407 635 1436 654 se
1447 624 1635 654 Theodoretus
1644 627 1744 655 fatetur

955 672 1054 706 partim
1065 672 1092 699 in
1102 673 1218 707 cpistola
1231 673 1264 700 ad
1276 673 1459 700 Euscbium':
1474 682 1482 698 ι
1496 671 1624 708 Mysticus
1633 680 1744 708 pra-ter-

954 725 986 744 ea
996 718 1114 752 scriptus
1124 723 1166 745 est
1180 726 1195 745 a
1208 718 1288 746 uobis
1299 718 1379 751 liber,
1392 723 1420 745 et
1431 719 1477 745 alii
1489 718 1522 746 de
1534 718 1709 746 Providentia
1718 728 1740 751 ς»

955 763 1054 797 partim
1069 763 1096 790 in
1113 763 1185 790 libro
1197 772 1212 791 v
1236 762 1427 791 [hereticorum
1443 762 1622 798 fabularmn’,
1639 773 1700 792 cum
1716 764 1742 791 in

954 808 1119 843 baptismate
1135 809 1219 836 tradit
1234 817 1284 837 nos
1298 810 1462 845 consepeliri
1476 809 1596 842 Christo,
1611 815 1641 837 ut
1652 819 1745 838 resur-

955 854 1085 882 rectionis
1108 855 1257 890 participes
1277 855 1385 883 ﬁamus.
1416 856 1551 888 (Verum,
1574 856 1673 891 inquit,
1699 857 1744 884 hic

118 914 244 941 centuriis
254 914 385 949 capitum,
400 919 468 949 quot
478 915 618 950 evangelia
631 918 706 946 sunt,
720 914 900 949 comprehen-

958 907 1025 934 opus
1038 904 1080 926 est
1094 902 1179 936 magis
1199 902 1314 936 mystico
1329 909 1470 934 sermone;
1501 905 1529 928 et
1544 909 1606 928 cum
1622 902 1744 937 alioquin

117 966 183 986 sum.
197 968 205 983 ι
225 959 318 993 Neque
337 959 410 986 enim
429 959 502 987 ullus
520 959 619 987 merito
631 959 738 987 dubitet
755 959 854 986 librum
870 959 904 987 de

115 1004 244 1032 charitate
261 1004 377 1031 Maximo
389 1005 496 1032 auctori
512 1005 698 1032 tribuendum.

334 1074 347 1106 ᾗ
364 1071 394 1098 ν.
411 1071 486 1099 Liber
498 1071 684 1107 formularum.

149 1127 263 1164 Scripsit
286 1127 440 1156 Eucherius
461 1128 654 1164 Lugdunensis
684 1135 754 1164 opus
771 1126 902 1156 eximium

114 1173 147 1202 de
165 1175 334 1210 spiritalibus
355 1174 491 1207 formulis,
517 1183 572 1210 quo
595 1174 661 1210 quid
693 1175 720 1202 in
753 1174 903 1210 Scripturis

113 1226 160 1248 aut
182 1221 370 1256 mctaphorice
397 1226 445 1249 aut
464 1220 613 1257 symbolice
634 1220 736 1248 dictum
751 1220 836 1248 estde
847 1221 903 1248 Deo

113 1267 226 1301 aliisque
249 1266 282 1294 ad
306 1266 516 1301 intelligentiam
533 1273 625 1293 rerum
640 1265 822 1301 spiritualium
838 1274 902 1301 per-

113 1313 274 1344 tinentibus.
301 1313 424 1347 exponit.
456 1309 484 1339 id
518 1319 580 1339 cum
605 1310 724 1339 Joannes
749 1311 902 1339 Alexander

112 1356 288 1385 Brassicanus
304 1366 376 1385 anno
391 1357 459 1385 1550
471 1357 608 1385 edendum
618 1361 738 1390 curaret,
751 1357 778 1385 in
786 1357 902 1393 epistola

110 1404 145 1431 ad
157 1403 256 1432 Janum
271 1411 287 1432 a
299 1404 398 1431 Swolla
410 1403 437 1431 id
450 1403 533 1431 habet
544 1403 577 1431 de
591 1402 765 1431 Theodoreto
775 1424 782 1436 ,
800 1411 832 1431 ex
846 1411 902 1438 quo

110 1454 204 1485 posset
216 1449 351 1485 quispiam
367 1450 488 1485 opinari,
507 1449 692 1484 composuisse
709 1449 796 1484 ipsum
812 1449 901 1476 simile

110 1495 241 1530 quiddam
256 1495 289 1522 de
304 1494 430 1522 formulis
446 1495 518 1530 apud
530 1493 650 1527 Graecos,
664 1494 736 1530 quod
748 1493 901 1522 Eucherius

109 1540 183 1575 apud
192 1541 313 1568 Latinos.
324 1540 410 1573 Quod,
419 1540 518 1575 inquit,
528 1540 597 1576 apud
606 1539 713 1567 Latinos
723 1539 786 1567 fecit
795 1539 901 1567 Euche-

956 944 1086 979 mysticos
1106 944 1251 972 duodecim
1264 946 1351 973 libros
1366 946 1621 981 conscripserimus,
1637 947 1743 975 studio-

955 996 1000 1016 sos
1015 990 1048 1017 ad
1062 997 1109 1017 eos
1127 991 1306 1019 remittemus.
1322 1001 1331 1017 ι

990 1035 1022 1062 ll.
1041 1036 1110 1063 llinc
1125 1037 1303 1072 intelligimus
1320 1045 1388 1074 opus
1416 1038 1488 1066 istud
1506 1039 1651 1068 duodecim
1665 1039 1743 1066 libris

954 1083 1184 1117 comprehensum
1206 1083 1306 1116 fuisse,
1332 1089 1360 1111 et
1374 1088 1437 1112 ante
1453 1085 1539 1113 libros
1554 1085 1742 1113 Hcereticarum

955 1127 1106 1162 fabularum
1123 1127 1239 1161 editum,
1258 1128 1314 1155 imo
1331 1133 1393 1155 ante
1407 1137 1508 1156 annum
1522 1130 1583 1162 445,
1601 1137 1657 1164 quo
1669 1138 1743 1157 anno

955 1173 1147 1201 Theodoretus
1170 1174 1203 1201 ad
1227 1174 1377 1202 Eusebium
1400 1175 1524 1210 scripsit;
1553 1180 1635 1211 atque
1658 1177 1740 1204 etiam

954 1223 1016 1247 ante
1027 1227 1128 1247 annum
1142 1220 1204 1252 455,
1218 1220 1264 1254 qui
1278 1220 1457 1248 duodecimus
1470 1226 1534 1249 ante
1548 1221 1638 1249 datam
1654 1223 1740 1250 Euse-

947 1263 998 1292 bio
1013 1265 1167 1300 epistolam.

988 1311 1033 1338 lli.
1053 1311 1148 1345 Neque
1176 1310 1300 1343 Photius,
1325 1318 1414 1346 neque
1438 1312 1518 1344 alius,
1545 1313 1619 1348 quod
1644 1314 1740 1345 Sciam,

953 1361 1089 1388 veterum,
1115 1356 1240 1384 meminit
1257 1356 1475 1384 elucubrationis
1487 1361 1569 1385 tanta
1584 1366 1590 1385 :
1605 1366 1639 1385 an
1655 1358 1741 1386 inter-

953 1402 1022 1430 ierat
1034 1402 1196 1438 jamdudum
1218 1406 1281 1429 ante
1297 1402 1356 1437 ipsa
1371 1410 1480 1439 quoque
1496 1403 1585 1431 Photii
1599 1403 1743 1439 tempora?

952 1456 987 1475 an
999 1447 1052 1475 alio
1065 1447 1177 1475 nomine
1189 1448 1338 1475 censetur?

987 1493 1031 1520 iV.
1063 1493 1163 1521 Credat
1184 1494 1255 1521 forte
1281 1494 1428 1529 quispiam,
1453 1493 1507 1522 levi
1527 1498 1629 1529 tamen,
1647 1499 1679 1523 ut
1691 1503 1742 1532 ego

951 1539 1062 1574 quidem
1073 1538 1180 1573 opinor,
1191 1543 1365 1573 argumento,
1378 1539 1507 1575 mysticos
1518 1539 1605 1567 libros
1614 1541 1649 1568 ab
1657 1549 1742 1576 opere

111 1585 179 1616 rius,
200 1585 252 1612 hoc
270 1585 341 1620 apud
358 1584 467 1613 Grzevtos
486 1585 659 1612 exactissime
673 1584 798 1619 praestitit
809 1584 899 1612 Theo-
914 1578 935 1607 C
952 1581 990 1608 De
1013 1582 1137 1608 curandis
1164 1581 1315 1610 Grrrcorum
1333 1582 1511 1618 aﬁ‘ectianibus
1536 1592 1591 1611 non
1605 1584 1717 1613 diﬂ'erre
1732 1594 1740 1612 ε

108 1630 224 1657 dorctus
239 1629 285 1657 ille
303 1629 433 1665 Cyrensis
444 1629 631 1665 episcopus“,
661 1637 692 1656 ex
709 1629 787 1663 cujus
800 1628 900 1664 insigni

107 1684 195 1710 opere
208 1697 215 1707 ,
241 1675 314 1710 quod
344 1675 415 1710 apud
438 1682 489 1702 nos
506 1679 547 1702 est
562 1674 590 1701 in
604 1674 724 1709 antiquis
734 1674 901 1701 membranis

107 1720 281 1755 descriptum
293 1739 300 1751 ,
328 1719 396 1746 libet
420 1719 464 1746 hic
480 1719 585 1753 aliquot
597 1718 706 1754 egregie
721 1718 828 1745 erudita
841 1717 901 1745 ioca

106 1765 260 1798 ascribere,
277 1772 311 1792 ex
335 1764 437 1799 quibus
448 1763 571 1790 universi
584 1763 659 1790 illius
675 1762 770 1797 operis
781 1762 901 1797 dignitas

106 1814 138 1837 et
154 1809 258 1837 utilitas
281 1809 428 1836 clucescet.
453 1806 531 1839 Οἷνος
544 1807 589 1835 ἐπὶ
609 1807 676 1834 Θεοῦ
699 1807 716 1842 ή
734 1807 852 1842 τιμωρία
865 1807 899 1834 ’⁷.

106 1855 192 1882 Δαειδ
208 1855 249 1882 ὅτι
267 1854 395 1889 ποτήριον
412 1854 441 1880 ὲν
465 1853 538 1889 χειρὶ
561 1852 664 1888 Κυρίου
685 1853 758 1879 οῐνου
778 1852 900 1888 ἀκράτου

106 1901 215 1935 πλῆρες
235 1899 418 1935 κεράσματος.
430 1899 498 1926 Item
511 1907 517 1926 :
532 1899 565 1924 Al
587 1898 680 1934 τρίχες
688 1898 722 1930 η,
736 1898 785 1933 τῆς
799 1897 901 1933 νεκρῶν

107 1955 180 1978 σεως
194 1945 336 1980 σύμϐολον*
349 1945 444 1979 νεκραὶ
454 1944 507 1980 γὰρ
515 1940 594 1970 αὗται
609 1944 656 1970 καὶ
667 1943 762 1978 ὀδύνης
775 1943 901 1978 αἴσθησιν

103 1991 139 2018 οὐ
156 1991 311 2026 δεχόμεναι.
328 1989 384 2026 Τὴν
398 1989 486 2025 ἁληοῆ
503 1989 591 2016 τοίνυν
604 1988 676 2024 ζωὴν
692 1989 764 2024 ἔχειν
784 1988 898 2020 κελεύει,

103 2036 173 2067 τοὺς
186 2035 223 2070 τῷ
238 2035 298 2070 Θεῷ
311 2034 545 2070 λειτουργοῦντας,
558 2035 604 2061 καὶ
623 2035 704 2070 μηδὲν
717 2034 812 2070 νεκρὸν
829 2034 901 2070 ἔχειν

105 2081 180 2114 μηδὲ
196 2081 324 2113 δυσῶδες.
346 2081 431 2107 Τοῦτο
450 2080 504 2116 γὰρ
525 2080 571 2108 καὶ
585 2080 599 2106 ὁ
614 2080 755 2113 Θεσπέσιος
769 2082 842 2116 ἡμᾶς
859 2081 899 2107 δι-

101 2127 203 2154 δάσκει
218 2126 331 2158 Παῦλος.
342 2125 457 2160 Χριστῷ
466 2126 531 2161 γὰρ,
549 2125 625 2160 φησὶ,
643 2126 898 2160 συνεσταύρωμαι.

100 2173 153 2200 Ζῶ
161 2173 260 2200 δὲοὺκ
269 2173 310 2200 ἔτι
322 2173 388 2208 ἐγὼ,
402 2172 434 2206 ζῇ
444 2171 477 2199 δὲ
485 2172 591 2207 ἐνέμοὶ
602 2173 736 2206 Χριστός.
753 2172 819 2204 Ταῖς
834 2171 897 2207 γὰρ,

952 1635 1015 1654 nam
1040 1627 1177 1654 consentit
1202 1635 1348 1660 numerus,
1375 1631 1403 1656 et
1426 1629 1500 1665 quod
1524 1630 1587 1665 quis
1607 1631 1740 1664 miretur,

952 1672 1134 1705 Thedorctus,
1159 1673 1206 1700 ubi
1221 1673 1336 1702 alterius
1347 1674 1439 1710 operis
1449 1675 1586 1709 meminit,
1607 1676 1640 1704 de
1653 1677 1740 1705 altero

952 1718 1025 1750 silet,
1048 1719 1126 1753 quasi
1149 1719 1208 1746 solo
1229 1720 1340 1747 nomine
1361 1720 1470 1748 diversa
1483 1721 1548 1749 sint.
1572 1722 1675 1751 Verum
1689 1731 1740 1751 ne-

951 1771 1005 1798 que
1018 1763 1147 1799 mysteria
1161 1768 1314 1791 tractantur
1329 1772 1391 1792 cum
1404 1766 1563 1800 gentilibus,
1588 1767 1740 1802 praesertim

951 1817 966 1836 a
978 1809 1162 1842 Theodorcto,
1181 1810 1228 1845 qui
1242 1809 1268 1837 id
1283 1810 1400 1838 maxime
1411 1815 1504 1845 cavet;
1521 1820 1610 1847 neque
1623 1812 1650 1840 in
1662 1813 1741 1841 libris

951 1854 1032 1890 5.15
1049 1854 1182 1882 adversus
1200 1854 1311 1882 Grzccos
1333 1855 1471 1890 reperitur
1481 1857 1646 1892 expositum,
1665 1859 1738 1893 quod

952 1901 979 1927 in
1003 1900 1105 1927 Iibrov
1128 1899 1320 1928 Hareticarum
1344 1900 1495 1936 fabularum
1519 1902 1553 1930 de
1577 1903 1738 1939 baptismate

951 1945 1003 1973 diei
1009 1950 1060 1973 tur.

985 1991 1017 2019 ν.
1037 1991 1147 2019 Librov
1163 1991 1261 2019 Haeret.
1274 1991 1419 2027 fab.,cap.,
1438 1992 1455 2019 2
1466 1993 1518 2020 sub
1529 1992 1609 2020 tinem
1625 1994 1738 2029 prolixa)

951 2036 1145 2071 disputationis
1161 2037 1195 2065 de
1209 2037 1292 2065 Verbi
1307 2037 1450 2065 divinitate
1466 2038 1599 2066 adversus
1609 2039 1736 2071 Arianos,

951 2082 1009 2109 haec
1020 2082 1157 2110 habentur
1169 2092 1175 2110 :
1191 2093 1199 2109 ι
1208 2083 1309 2111 Contra
1322 2084 1372 2111 hos
1382 2089 1473 2111 autem
1486 2084 1691 2119 duodecimjam
1704 2085 1737 2111 li-

951 2128 1016 2155 bros
1026 2135 1114 2162 nuper
1125 2128 1349 2163 conscripsimus,
1363 2132 1391 2155 et
1402 2132 1502 2162 praeter
1509 2128 1559 2155 hos
1570 2135 1643 2155 nunc
1652 2128 1735 2155 etiam

950 2173 1064 2200 alterius
1073 2173 1184 2200 moralis
1193 2173 1336 2208 theologia:
1346 2178 1373 2200 et
1382 2173 1514 2200 doctrinae
1525 2180 1637 2207 scopum
1645 2177 1736 2200 osten-

100 2219 177 2254 φησὶ
189 2219 222 2251 ⁸⁸,
239 2218 389 2254 ἐνεργείαις
408 2217 525 2253 ἐμαυτὸν
541 2218 692 2253 ἁφιὲρωσα.
710 2217 812 2245 Verum
833 2218 897 2245 inde

958 2218 1065 2245 limus.»
1083 2218 1188 2251 Quibus
1201 2218 1292 2246 verbis
1306 2217 1421 2246 indicari
1432 2217 1541 2244 videtur
1549 2224 1628 2252 opus,
1638 2217 1672 2245 de
1680 2225 1736 2253 quo

777 2289 931 2322 SCHULZII
952 2294 997 2322 ΝΟ
1005 2304 1015 2321 ι
1024 2294 1067 2321 ΑΞ.

139 2361 273 2398 "VSixtus
298 2360 573 2398 sencnsismiblioth.
585 2359 759 2398 sanct__w._lib.
775 2359 811 2394 iv)
831 2359 929 2398 refert,
939 2368 968 2387 se
988 2360 1059 2398 inter
1086 2360 1138 2388 alia
1155 2359 1320 2398 Theodoreti
1336 2367 1419 2398 opera
1442 2360 1540 2394 legisse
1557 2361 1732 2398 mysticarum

97 2396 311 2432 institutionum
323 2396 354 2432 in
364 2396 519 2432 universam
531 2395 821 2432 sacraqucripturam
831 2395 1144 2432 isagogicumvolumen,
1162 2395 1302 2422 nominum
1318 2402 1350 2432 ac
1364 2396 1508 2423 verborum
1527 2395 1659 2428 omnium,
1673 2405 1734 2432 quas

96 2431 212 2460 divinis
235 2430 345 2457 Litteris
355 2430 551 2466 continentur,
568 2431 696 2466 mysticus
710 2435 737 2457 et
758 2429 917 2466 spirituales
932 2431 1136 2466 rintelligentias
1155 2429 1378 2466 exponensaHoc
1397 2438 1477 2466 opus,
1490 2435 1558 2459 teste
1572 2429 1731 2463 Posseviho.

97 2467 229 2502 (ApparL
239 2469 330 2502 sac._t.
353 2465 387 2502 l_l,
410 2473 437 2502 p.
450 2466 529 2502 74578),
548 2466 575 2492 in
593 2465 712 2502 antiquis
736 2465 902 2502 m_ernbra_nis
924 2465 1017 2502 Graacc
1037 2466 1206 2502 descriptum
1228 2465 1389 2502 servabatur
1402 2465 1616 2502 Vindobonzerin
1631 2467 1732 2494 biblio-

95 2498 189 2529 theca
214 2500 395 2536 Brassicani._
411 2498 436 2516 ⁷⁹⁷
448 2498 562 2528 Videtur
581 2508 641 2528 esse
660 2498 819 2536 'legendum
837 2498 902 2536 οἶνος

965 2501 1096 2536 surrupta
1116 2498 1162 2526 ¹ἑοῦ
1191 2500 1276 2536 Geo-3,7
1289 2501 1346 2527 sive
1360 2505 1390 2527 ut
1406 2505 1426 2527 t.
1443 2501 1464 2533 l,
1480 2501 1597 2536 p.l158.
1614 2502 1646 2528 ad
1663 2503 1731 2536 psal.

94 2543 198 2567 Lxxrv,
213 2536 240 2566 9,
256 2535 356 2570 legitur
368 2532 439 2561 οἶνον
453 2537 502 2570 τὴν
517 2536 650 2570 τιμωρίαν
672 2532 758 2561 καλεῖ.
797 2534 821 2550 ⁹⁸
835 2535 902 2570 τρίχι

958 2532 1025 2563 Edit.
1037 2532 1112 2570 prior
1125 2535 1243 2562 habebat
1258 2535 1365 2570 l‘pixs;.
1404 2535 1426 2551 "
1442 2532 1519 2570 φηᾶί.
1534 2532 1676 2564 Excidisse
1691 2537 1732 2564 vi-

94 2571 191 2598 detur
205 2569 301 2606 θείαις.
320 2570 380 2596 Vid.
396 2569 489 2606 supra,
506 2574 526 2606 tr.
544 2571 563 2602 1,
575 2569 603 2604 p.
619 2569 681 2606 2’28.
724 2571 729 2584 '
747 2569 837 2606 Longe
854 2569 951 2605 'major
972 2576 1014 2597 est
1038 2569 1172 2597 numerus
1199 2570 1346 2606 librorum,
1365 2570 1412 2605 qui
1431 2575 1525 2598 nostro
1539 2572 1582 2598 vel
1597 2572 1731 2606 suppositi

93 2610 173 2633 sunt
189 2605 231 2632 vel
248 2609 349 2631 temere
361 2605 482 2640 ascripti.
502 2605 540 2632 Ne
551 2606 607 2640 jam
619 2605 652 2632 de
668 2612 762 2631 eorum
776 2604 1021 2640 rdicamus’errorc,
1033 2606 1091 2640 qui,
1109 2613 1171 2632 cum
1195 2605 1324 2640 antiquos
1347 2604 1489 2633 versarent
1510 2604 1731 2638 codices,"l‘heo-

91 2641 245 2676 duretuni
261 2647 323 2665 cum
338 2639 699 2676 'liheodororMopsuesteno.
716 2639 904 2676 Daphnopata,
921 2640 1036 2675 aliisque
1054 2640 1136 2676 hujus
1150 2639 1276 2676 nominis
1290 2645 1505 2676 commutarunt,
1521 2641 1575 2668 huc
1593 2641 1620 2668 in
1635 2642 1732 2676 primis

92 2675 247 2711 referendi
265 2679 328 2711 sunt
341 2674 535 2711 duoistirlibri
552 2683 558 2701 :
577 2675 603 2711 i,
619 2675 694 2711 “apt
709 2674 756 2700 τοῦ
769 2675 857 2711 -ἁγέου
874 2674 902 2711 ﬂe

960 2674 1060 2711 σμζατος
1076 2674 1129 2711 τῷν
1151 2674 1423 2711 ᾁγξων--ὰπορτόλῳν
1442 2676 1489 2702 καὶ
1503 2676 1554 2711 τῆς
1570 2674 1650 2710 thyla};
1665 2677 1730 2703 Θεο-

90 2709 268 2746 τὸκο-ᾳηιιίο
282 2709 392 2746 quidem
406 2709 514 2746 libellus
530 2710 556 2736 in
573 2708 729 2746 Apperidice
744 2709 777 2736 ad
805 2708 900 2746 Cangii
915 2708 1073 2746 Chronicon
1086 2708 1403 2746 PaschaleTheodpreti
1427 2708 1604 2746 nomen'pra':
1619 2718 1648 2739 se
1665 2711 1730 2743 fert,

91 2746 151 2773 sed
167 2744 279 2780 videtur
290 2752 350 2780 esse
363 2744 510 2779 Sophronii
524 2743 685 2779 patriarcha:
698 2743 832 2771 Hierosol.
849 2744 900 2771 sub
912 2745 990 2780 cujus
1001 2745 1110 2780 nomine
1123 2749 1210 2772 exstat
1222 2744 1250 2770 in
1264 2743 1406 2780 Lambecii
1421 2743 1642 2777 Commentariis.
1654 2747 1672 2773 l.
1690 2754 1729 2777 ur.

91 2789 126 2816 p.
145 2780 195 2807 52.
213 2780 241 2816 2.
260 2779 382 2816 Collectio
398 2778 533 2816 canonum
546 2779 790 2816 ecclesiasticarum,
808 2786 889 2816 quam
913 2778 1062 2816 Salmasius
1074 2779 1233 2816 (Derusurie,
1247 2786 1272 2816 c_.
1290 2778 1349 2816 gi)».
1368 2779 1444 2816 inter
1455 2780 1585 2816 ἀνέκδοτα
1602 2781 1730 2808 Theodo-

90 2813 154 2843 reti
185 2813 280 2850 refert,
296 2815 387 2846 nixus,
403 2818 434 2841 ut
457 2814 577 2850 videtur.
601 2814 764 2850 auctoritate
787 2814 891 2850 codicis
912 2815 1052 2850 cujusdam
1074 2813 1201 2842 Parisiui.
1215 2813 1420 2850 Sedﬁoilectio
1440 2815 1490 2842 ista
1503 2815 1619 2843 debetur
1630 2816 1729 2843 Joanni

89 2849 289 2881 Scholastico,
305 2854 334 2875 ut
361 2850 453 2883 plures
477 2849 594 2884 probant
618 2849 736 2879 codices.
761 2849 862 2883 quibus
885 2848 952 2876 usus
976 2854 1020 2877 est
1041 2850 1256 2880 Justellus,cum
1270 2848 1468 2877 Bibliothecam
1480 2856 1557 2878 suam
1569 2850 1729 2882 canonicam

88 2886 265 2913 adornaret.
302 2885 312 2900 '
328 2883 485 2911 Eusebium.’
504 2883 614 2911 Scilicet
638 2884 820 2920 Aucyranum.
837 2884 897 2911 Vid.
924 2885 1005 2920 epist.
1024 2885 1067 2913 82.
1106 2885 1116 2900 ³
1135 2885 1189 2911 Lib.
1205 2893 1219 2912 v
1245 2891 1305 2919 cup.
1322 2884 1362 2912 i8.

271 2932 406 2961 i‘naoe.
424 2931 484 2960 Gn.
503 2931 626 2961 LXXXI
636 2931 670 2962 ν.

1528 2933 1563 2961 12
