1971 3046
206 178 260 210 363

778 175 967 207 GARNERII
984 174 1233 206 DISSER’I‘ATIO
1251 177 1279 206 ll
1284 200 1290 206 .

1794 173 1839 206 361

207 234 340 270 agimus‘.
373 232 451 268 Quod
477 233 500 261 si
518 233 555 260 ita
575 238 627 267 est,
657 232 780 268 oportuit
797 232 824 260 in
839 232 899 267 ipso
913 234 997 259 totam
1013 234 1034 263 Α
1050 235 1077 259 et
1090 236 1198 265 nostro,
1213 231 1324 259 libellus
1342 231 1554 266 reperitur_bac
1575 230 1767 266 inscriptione,
1784 231 1840 266 περὶ

208 279 352 314 theologia:
368 286 415 306 seu
428 277 624 314 mysteriorum
635 277 699 305 fidei
716 277 915 312 expositionem
928 283 1002 303 eom-

207 326 371 363 prehensam
384 331 455 351 esse.
478 323 582 351 Verum
597 331 648 351 cur
659 323 761 351 dicitur
775 331 864 358 nuper
879 322 1002 350 conscri-

206 371 304 408 ptum?
327 372 368 398 An
381 379 434 398 vox
448 371 541 398 Grmca
557 371 664 406 πρώην,
681 378 737 398 non
749 378 842 405 nuper,
860 369 908 396 sed
922 372 1002 395 antea

207 417 364 452 significat?
393 417 449 444 Cur
476 417 559 444 etiam
587 417 690 444 dicitur
709 416 807 443 ‘liber
832 415 1003 450 theologicus

208 472 282 492 nunc
295 463 481 498 compositus?
507 464 547 491 An
563 463 667 498 pariter
690 470 742 490 vox
755 462 848 490 Graeca
858 462 905 489 νῦν
924 461 1001 488 reddi

207 509 297 546 potuit
312 517 388 536 more
403 517 458 536 non
472 509 613 542 insolenti,
629 513 706 541 tunc,
732 513 762 535 ut
779 508 941 537 ostendatur
955 516 1002 535 eo-

207 556 270 583 dem
285 559 409 590 tempore
424 560 573 590 utrumque
586 563 656 590 opus
668 555 877 582 elucubratum?
894 554 1003 583 Utrius-

207 609 261 636 que
275 601 351 628 vocis
367 600 627 635 interpretationem
644 604 719 626 certa
730 598 800 625 ratio
813 598 1000 625 demonstrat:

209 654 271 674 nam
283 646 371 673 libros
384 646 576 673 Hazrcticarum
588 645 742 680 fabularum
756 644 945 671 Thcodoretus
956 651 1003 670 an—

208 700 244 719 no
253 692 305 720 452
320 692 490 726 composuit;
509 691 636 718 meminit
647 696 712 717 vero
728 691 807 725 longe
821 693 884 717 ante
896 689 1004 717 theolo-

207 737 331 772 gicorum
347 737 483 764 librorum
509 745 516 763 :
540 744 595 763 non
613 736 688 770 ipsos
704 735 787 771 igitur
801 743 884 770 nuper
896 739 1003 762 etnunc

208 783 394 811 elucubravit.

279 861 293 897 ᾗ
306 861 340 889 ll.
358 861 430 889 Libri
445 861 476 888 de
491 860 621 896 theologia
640 865 719 896 atque
734 860 930 887 incarnatione.

243 929 263 956 Ι.
291 928 366 964 Opus
382 937 397 956 a
413 936 442 956 se
458 928 644 963 conscriptum
666 927 700 955 de
712 926 849 962 theologia
865 931 893 954 et
908 926 999 953 incar-
1014 917 1036 945 Β

207 975 320 1002 natione
338 975 423 1001 tradit
438 973 630 1001 Theodoretus
654 973 716 1000 loco
733 980 796 1000 mox
810 972 911 1004 citato,
929 976 957 999 et
974 972 1003 999 in

207 1021 308 1049 litteris
334 1021 367 1048 ad
392 1021 512 1048 Leonem
536 1019 704 1055 pontificem.
727 1029 736 1045 ‹
756 1019 859 1054 Scripsi
877 1018 1002 1053 quaedam

207 1068 341 1095 adversus
364 1067 480 1094 Arianos
503 1071 531 1094 et
550 1066 752 1098 Eunomianos;
774 1081 808 1085 ——
833 1065 886 1092 alia
907 1073 1003 1092 rursus

208 1113 242 1140 de
255 1112 402 1148 theologia,
419 1113 508 1147 deque
525 1111 618 1138 divina
633 1111 853 1138 incarnatione“.
866 1119 875 1136 ι

230 1193 233 1195 ἓ
245 1157 278 1185 11.
294 1157 374 1185 Solus
386 1157 442 1192 ipse
455 1162 580 1184 veterum
592 1155 762 1183 mentionem
773 1155 839 1182 facit
851 1163 857 1181 τ
870 1162 921 1182 nec
928 1154 1002 1181 enim

208 1204 333 1235 Photius,
358 1207 406 1230 aut
429 1202 612 1238 Nicephorus,
640 1206 689 1228 aut
709 1201 780 1228 alius
791 1201 928 1236 quispiam
943 1208 1002 1227 me-

209 1249 305 1280 minit;
322 1249 378 1275 imo
394 1255 444 1274 nec
459 1247 513 1273 ulla
526 1247 611 1281 hujus
622 1246 742 1273 nominis
756 1245 928 1273 elucubratio
939 1245 1004 1272 hac-

209 1301 290 1322 tenus
306 1293 419 1330 prodiit.
443 1292 586 1320 lnteriitne
600 1291 713 1319 omnino
731 1296 785 1318 tam
800 1291 907 1326 insigne
921 1298 1001 1325 opus,

208 1348 242 1367 an
255 1339 336 1367 alteri
350 1338 523 1373 suppositum
534 1341 576 1364 est
589 1337 769 1371 auctori,jam
779 1336 842 1363 inde
853 1345 868 1363 a
877 1336 1003 1371 pluribus

208 1385 332 1413 seculis?
360 1385 485 1412 Alterum
513 1383 585 1411 istud
600 1384 772 1419 probabilius
786 1383 976 1410 mihividetur
994 1392 1002 1410 :

209 1430 308 1466 opinor
321 1430 395 1458 enim
406 1450 413 1462 ,
439 1437 500 1464 qua:
515 1429 658 1464 scripsisse
671 1437 700 1456 se
716 1427 800 1456 tradit
811 1428 1003 1456 Theodoretus

209 1478 243 1504 de
256 1477 393 1512 theologia
410 1480 438 1503 et
450 1475 542 1503 divina
559 1475 759 1507 incarnatione,
778 1475 934 1502 nullatenus
950 1474 1003 1502 dif-

210 1523 283 1550 ferre
301 1530 316 1550 a
331 1522 411 1549 libris
426 1521 515 1548 tribus
536 1521 670 1548 adversus
683 1520 957 1552 Pneumatornachos,
975 1526 1003 1549 et

209 1568 319 1595 duobus
330 1572 428 1606 contra
438 1566 648 1602 Apollinaristas
663 1566 833 1601 compositis,
850 1565 897 1600 qui
910 1570 938 1593 et
949 1565 1001 1601 ipsi

210 1613 332 1649 quinque
354 1613 455 1641 diversi
478 1621 533 1641 non
547 1615 611 1639 sunt
626 1620 641 1638 a
656 1612 771 1648 dialogis
784 1613 898 1640 totidem
908 1633 916 1646 ,
933 1620 1002 1648 quos

209 1659 360 1688 Athanasio
383 1663 584 1694 supposuerant
596 1659 630 1691 ii.
658 1658 705 1694 qui
724 1666 807 1693 opera
824 1659 911 1694 ipsius
925 1666 1002 1686 com-

210 1706 369 1734 melinianis
379 1706 451 1741 typis
466 1713 538 1733 anno
552 1705 620 1732 1600
632 1705 780 1733 ediderunt
792 1705 813 1733 ⁸.

245 1752 292 1779 Ill.
311 1752 340 1779 ln
361 1752 433 1779 hanc
446 1751 606 1786 opinionem
618 1751 680 1779 veni
707 1751 751 1778 bis
765 1751 844 1786 quasi
858 1752 1001 1787 gradibus.

211 1796 409 1827 Animadverti,
443 1797 468 1823 l.
481 1796 528 1823 ubi
548 1800 725 1824 recensentur
740 1797 803 1824 libri
818 1797 851 1824 de
867 1798 1002 1834 theologia

211 1846 239 1869 et
264 1841 357 1869 divina
380 1841 591 1874 incarnatione,
623 1842 725 1869 nullam
749 1842 807 1870 fieri
833 1843 1000 1871 mentionem

211 1896 325 1923 operum
343 1887 474 1915 adversus
485 1887 674 1915 Macedoninm
686 1888 932 1923 etApollinarium,
945 1889 1002 1917 vel-

212 1937 243 1960 ut
255 1933 282 1960 in
297 1933 412 1968 epistola
426 1933 477 1961 115
490 1933 524 1960 ad
537 1938 662 1962 sanctum
680 1933 810 1966 Leonem,
829 1939 895 1967 etc.;
912 1935 941 1962 2.
953 1936 1000 1962 ubi

212 1983 393 2007 recensentur
413 1979 502 2014 Opera
523 1979 654 2007 adversus
671 1979 859 2007 Macedoniam
874 1985 902 2008 et
915 1981 1000 2016 Apol-

211 2025 340 2053 linarium
350 2046 357 2059 ,
376 2030 406 2053 ut
420 2025 447 2052 in
459 2026 542 2060 epist.
556 2025 590 2053 8'2
605 2025 638 2052 ad
652 2025 801 2053 Eusebium
813 2026 1000 2063 Ancyranum,

211 2075 240 2098 ct
251 2071 303 2099 ll6
318 2070 350 2098 ad
365 2071 511 2103 Renatum,
535 2079 590 2097 non
605 2071 751 2098 memorari
769 2072 855 2099 libros
872 2072 906 2100 de
921 2073 999 2100 theo-

211 2115 282 2152 logia
305 2121 333 2144 et
351 2117 560 2149 incarnatione;
579 2116 606 2144 3.
627 2117 725 2144 solitos
736 2116 820 2153 416
832 2123 939 2146 veteres
948 2127 999 2147 no-

211 2160 286 2188 mine
301 2160 445 2196 theologiae
457 2160 608 2188 inscribere
632 2161 729 2193 libros,
743 2162 846 2197 quibus
860 2163 1000 2198 ὁμοουσιύι

210 2214 261 2241 της
271 2205 426 2234 divinarum
441 2214 623 2241 personarum
634 2207 786 2242 probatur;
804 2208 831 2236 id
847 2214 955 2237 constat
966 2218 1000 2238 ex

1053 278 1102 313 τῆς
1117 279 1199 312 ἁγίας
1215 278 1340 314 Τριάδος.
1368 278 1422 306 Sed
1437 281 1582 313 postquam
1598 282 1626 305 et
1641 277 1716 304 illius
1726 284 1835 312 apogra-

1052 325 1151 360 phum,
1167 331 1196 353 et
1207 325 1290 352 istum
1307 324 1467 360 diligentius
1478 323 1594 360 perlegi,
1610 323 1703 358 reperi
1715 323 1783 350 nihil
1794 322 1840 350 dif-

1052 371 1126 399 ferre
1141 380 1158 399 a
1169 371 1312 407 prioribus
1323 371 1414 399 tribus
1427 371 1585 398 divinorum
1601 369 1760 404 dogmatum
1772 368 1840 404 capi-

1053 416 1137 448 tibus,
1152 424 1213 451 quae
1225 415 1366 451 pertinent
1380 415 1413 443 ad
1426 415 1528 442 librum
1539 414 1718 450 subjunctum
1730 417 1840 448 quatuor

1052 461 1132 488 libris
1146 462 1339 489 Haareticaruirt
1352 461 1516 497 fabularum.

1089 507 1121 535 γ.
1133 507 1212 540 Quod
1226 508 1249 535 si
1261 508 1324 543 quis
1336 507 1495 534 divinorum
1508 506 1683 534 decretorum
1695 504 1839 540 epitomen,

1052 561 1113 588 quae
1125 554 1302 589 subjungitur
1316 553 1395 581 libris
1407 557 1527 588 quatuor
1540 552 1732 579 Harreticarum
1744 551 1841 585 fabula-

1053 608 1124 632 rum,
1150 599 1243 634 operis
1262 599 1410 634 theologici
1423 599 1546 632 nomine,
1571 603 1683 634 propter
1695 598 1841 634 argumenti

1052 645 1256 680 cognationem,
1279 645 1444 680 appellatam
1463 650 1556 680 putet;
1575 653 1617 672 nae
1631 645 1676 672 ille
1692 644 1788 680 procul
1800 644 1842 671 ab-

1051 694 1195 718 erraturus
1203 695 1245 717 est
1253 698 1268 717 a
1277 698 1353 717 vero.
1360 690 1427 717 Nam
1439 690 1501 717 libri
1514 690 1548 718 de
1557 690 1693 725 theologia
1706 689 1736 717 fit
1746 689 1842 717 mentio

1053 736 1081 763 in
1094 736 1195 764 litteris
1208 740 1272 764 ante
1284 744 1389 764 annum
1401 737 1452 764 119
1463 736 1591 771 scriptis;
1608 744 1670 764 cum
1684 736 1747 763 libri
1759 736 1843 764 Haere-

1054 782 1169 808 tr'raram
1194 781 1347 816 fabularum
1358 800 1366 814 ,
1394 789 1457 808 cum
1473 782 1618 816 subjuncta
1631 781 1788 808 divinorum
1801 780 1843 808 de.

1055 830 1195 853 cretorum
1211 825 1343 861 cpitome,
1369 826 1480 853 nonnisi
1498 830 1560 861 post
1575 825 1724 853 concilium
1737 825 1848 853 Chalce-

1055 873 1177 900 donense
1193 872 1317 899 habitum
1333 880 1406 899 anno
1419 872 1468 899 451
1486 870 1632 906 compositi
1642 871 1707 898 sint.

1209 951 1222 987 §
1240 951 1285 978 lll.
1304 950 1375 986 Opus
1391 951 1516 978 adversus
1528 949 1699 977 Marrionem.

1091 1034 1111 1046 ι.
1130 1019 1215 1046 Nemo
1229 1024 1355 1046 veterum
1371 1019 1486 1054 hujusce
1498 1027 1590 1054 operis
1606 1019 1733 1046 meminit
1749 1024 1845 1054 praeter

1055 1065 1272 1092 Theodoretum.
1301 1065 1426 1092 Meminit
1450 1064 1495 1091 ille
1515 1072 1580 1092 vero
1608 1063 1696 1091 tribus
1719 1064 1747 1091 in
1769 1064 1844 1092 locis.

1054 1110 1177 1146 Epistola
1190 1111 1224 1137 82
1238 1111 1272 1138 ad
1286 1111 1437 1138 Eusebium
1452 1119 1459 1137 :
1475 1110 1595 1138 «Contra
1606 1110 1769 1145 Apollinarii
1781 1119 1847 1146 prte-

1054 1156 1159 1191 stigias,
1174 1155 1336 1190 rabiemque
1348 1155 1496 1183 Marcionis
1507 1155 1593 1182 libros
1601 1155 1667 1182 olim
1677 1155 1843 1190 composui.»

1054 1200 1176 1236 Epistula
1191 1201 1242 1228 116
1256 1201 1290 1228 ad
1303 1200 1440 1228 Renatum
1457 1210 1463 1227 :
1483 1210 1491 1226 ι
1505 1200 1604 1228 Libros
1621 1201 1717 1235 scripsi
1733 1201 1849 1236 amplius

1054 1246 1167 1282 triginta
1192 1247 1327 1274 adversus
1347 1247 1443 1273 Arium
1467 1251 1495 1274 et
1518 1247 1697 1279 Eunomium,
1715 1246 1849 1274 adversus

1053 1292 1230 1325 Marcionem,
1246 1302 1255 1318 ι
1274 1296 1328 1320 etc.
1346 1292 1380 1320 Et
1394 1293 1510 1328 epistola
1523 1292 1574 1320 MS
1588 1293 1621 1320 ad
1637 1292 1788 1319 monachos
1802 1301 1848 1320 ur-

1053 1339 1096 1367 bis
1107 1340 1198 1375 Regiae
1209 1348 1215 1366 :
1231 1339 1385 1367 «Adversus
1396 1347 1456 1371 eos,
1467 1339 1513 1374 qui
1525 1337 1672 1367 Marcionis
1682 1339 1744 1366 tabe
1753 1347 1849 1366 corru-

1053 1385 1093 1420 pti
1106 1389 1180 1417 sunt,
1193 1390 1302 1413 certare
1313 1393 1454 1420 nunquam
1468 1385 1636 1418 dcstitimus,
1650 1384 1850 1420 persuadentes

1053 1431 1201 1459 Marcionis
1212 1432 1306 1459 furore
1321 1431 1536 1465 insanientibus,
1553 1439 1609 1458 non
1624 1431 1726 1458 bonum
1743 1436 1849 1459 tantum

1053 1484 1124 1509 esse,
1142 1484 1238 1504 verum
1251 1477 1335 1503 etiam
1355 1477 1477 1511 justum;
1502 1485 1558 1504 non
1571 1477 1736 1509 alienorum,
1754 1482 1785 1504 ut
1798 1477 1849 1512 ipsi

1053 1522 1223 1554 fabulantur,
1240 1522 1287 1549 sed
1300 1530 1414 1549 suorum
1428 1522 1515 1556 ipsius
1527 1530 1644 1557 operum
1657 1523 1844 1550 salvatorem.»

1054 1568 1120 1601 Quze
1143 1572 1281 1602 postrema
1296 1567 1381 1595 verba
1397 1567 1501 1595 idcirco
1523 1568 1638 1599 adduxi.
1656 1573 1686 1595 ut
1703 1569 1756 1596 hoc
1768 1577 1848 1604 opus,

1055 1615 1143 1642 sicubi
1155 1615 1246 1642 alieno
1260 1614 1311 1642 sub
1325 1615 1436 1642 nomine
1448 1614 1541 1646 lateat,
1554 1614 1627 1649 quod
1640 1615 1777 1650 suspicor,
1790 1615 1850 1650 ipso

1053 1661 1188 1695 prodente
1203 1664 1377 1696 argumento,
1394 1660 1567 1695 deprehendi
1584 1661 1681 1696 possit.

1087 1705 1120 1732 ll.
1148 1705 1340 1732 Thcodoretus
1368 1705 1471 1739 passim
1494 1705 1575 1732 docet
1599 1705 1627 1733 in
1645 1705 1780 1740 epistolis,
1799 1714 1852 1734 cur

1053 1751 1194 1787 scripserit
1208 1751 1340 1779 adversus
1351 1751 1528 1784 Marcionem,
1540 1756 1567 1778 et
1577 1759 1632 1786 quo
1644 1759 1733 1786 operae
1742 1752 1849 1786 pretio:

1053 1802 1147 1825 narrat
1163 1798 1238 1825 enim
1255 1805 1304 1825 sua
1320 1798 1349 1825 in
1368 1798 1514 1833 parochia,
1538 1801 1604 1825 tunc
1619 1805 1680 1825 cum
1700 1798 1850 1833 regendam

1051 1844 1182 1878 suscepit,
1212 1843 1331 1878 viguisse
1354 1844 1503 1871 Marcionis
1525 1843 1662 1876 hacrcsin,
1690 1843 1852 1880 factumque

1052 1890 1110 1917 suis
1119 1889 1279 1920 sudoribus,
1298 1894 1381 1924 atque
1395 1890 1479 1917 etiam
1493 1894 1652 1917 sanctorum
1665 1890 1806 1924 precibus,
1819 1895 1852 1918 ut

1052 1933 1274 1961 lllarcionitarum
1291 1933 1386 1961 decem
1402 1934 1486 1961 millia
1506 1934 1539 1961 ad
1553 1933 1634 1961 fidem
1651 1938 1852 1961 converteren-

1052 1984 1105 2007 tur.
1121 1979 1174 2008 Sed
1190 1980 1216 2007 in
1229 1980 1346 2007 Historia
1358 1980 1490 2015 religiosa,
1506 1980 1594 2015 capite
1603 1979 1648 2012 20,
1659 1980 1795 2015 prolixius
1807 1989 1854 2008 re-

1050 2025 1120 2058 fert,
1148 2026 1288 2060 quomodo
1308 2030 1468 2054 sanctorum
1482 2026 1612 2060 precibus
1637 2031 1741 2053 tantam
1757 2026 1792 2054 de
1809 2030 1853 2054 tot

1051 2072 1179 2099 hostibus
1195 2071 1339 2099 victoriam
1355 2071 1515 2106 reportarit.

1086 2117 1130 2145 Ill.
1160 2116 1369 2145 Observandum
1390 2124 1473 2152 porro
1496 2125 1642 2145 numerum
1673 2117 1854 2146 Marcionita—

1052 2172 1111 2191 rum
1127 2164 1161 2191 ad
1177 2167 1281 2191 rectam
1296 2163 1377 2191 fidem
1391 2171 1588 2191 conversurum
1601 2163 1742 2191 diversum
1756 2164 1854 2192 diver-

1051 2211 1089 2237 sis
1104 2209 1186 2245 417
1197 2209 1266 2237 locis
1279 2209 1331 2244 legi
1346 2218 1353 2236 :
1366 2209 1460 2235 Decem
1470 2211 1478 2218 '
1487 2209 1573 2236 millia
1584 2215 1612 2238 et
1623 2210 1741 2245 amplius
1749 2210 1858 2238 dicun«

211 2252 383 2279 motionibus
408 2252 590 2285 Nazianzeni;
609 2253 636 2280 1.
658 2253 731 2288 apud
753 2254 865 2282 eosdem
889 2261 999 2284 veteres
1014 2258 1037 2287 Ι)
1051 2259 1096 2282 tur
1107 2263 1241 2282 conversa
1256 2255 1283 2282 in
1297 2256 1379 2290 epist.
1393 2255 1459 2288 HS;
1478 2256 1505 2282 in
1518 2255 1600 2290 epist.
1611 2256 1662 2282 115
1674 2256 1706 2282 ad
1720 2260 1854 2283 sanctum

210 2297 356 2332 theologia:
368 2302 395 2325 et
407 2297 550 2325 Trinitatis
561 2299 682 2331 nomina,
695 2307 757 2327 cum
769 2300 860 2335 agitur
869 2301 902 2328 de
913 2302 1002 2333 libris,

210 2341 366 2378 promiscue
389 2343 515 2378 usurpari
544 2352 550 2370 :
576 2343 602 2370 id
617 2343 720 2378 ubique
745 2344 846 2379 passim
860 2347 999 2381 occurrit;

210 2389 237 2416 5.
259 2388 382 2423 dialogos
402 2387 535 2416 adversus
547 2388 736 2415 Macedonium
753 2392 781 2416 et
798 2389 999 2424 Apollinarium

209 2437 293 2467 atque
312 2433 396 2460 etiam
412 2433 507 2460 Arium
531 2433 559 2460 in
575 2433 704 2460 omnibus
719 2433 777 2460 fere
790 2435 933 2462 codicibus
948 2435 1001 2465 hoc

210 2479 292 2506 titulo
307 2479 443 2514 insigniri,
460 2479 524 2515 περὶ
538 2480 587 2515 τῆς
600 2479 679 2514 ἁγίας
691 2480 816 2515 Τριάδος,
832 2482 876 2508 cui
890 2487 999 2517 poterat

209 2524 273 2552 addi
301 2529 415 2560 propter
428 2525 552 2560 dialogos
573 2524 707 2553 adversus
720 2525 932 2561 Apollinarium,
951 2529 999 2555 καὶ

210 2570 285 2602 Θείας
295 2571 537 2607 ἑνανθρωπήσεως.

244 2614 288 2642 lV.
315 2615 344 2642 ln
361 2616 556 2651 manuscriptis
569 2616 678 2645 duobus
691 2617 843 2652 codicibus,
865 2619 999 2647 Vaticano

1052 2301 1173 2329 Leonem
1187 2301 1321 2329 duntaxat
1337 2302 1396 2337 plus
1410 2311 1490 2337 quam
1501 2302 1598 2329 millia.
1616 2302 1702 2329 Error
1718 2302 1745 2329 in
1757 2307 1857 2337 poste-

1051 2347 1155 2374 riorem
1167 2347 1258 2374 locum
1275 2347 1388 2383 irrepsit
1399 2348 1409 2364 ⁷
1424 2357 1431 2374 :
1445 2349 1565 2383 positum
1577 2348 1650 2376 enim
1664 2353 1706 2376 est
1716 2357 1723 2376 :
1733 2348 1856 2380 Πλείους

1053 2393 1103 2428 μὲν
1117 2393 1133 2428 ἢ
1148 2393 1235 2428 χιλίας
1250 2393 1349 2429 ψυχὰς.
1366 2402 1416 2429 pro
1437 2394 1546 2426 πλείους
1563 2395 1579 2430 ἢ
1597 2395 1698 2429 μυρίας
1710 2394 1812 2429 ψυχάς.

1086 2439 1130 2466 ιν.
1148 2439 1207 2466 Non
1223 2447 1306 2466 nemo
1323 2440 1375 2467 sibi
1403 2441 1541 2475 persuasit
1557 2440 1695 2476 dialogum
1714 2440 1857 2468 adversus

1051 2483 1226 2517 Manichtcos,
1251 2485 1298 2520 qui
1316 2486 1389 2514 inter
1413 2494 1497 2521 opera
1517 2486 1677 2514 Damasceni
1696 2487 1856 2522 reperitur,

1051 2538 1189 2565 quemque
1203 2531 1325 2563 Jacobus
1345 2532 1439 2559 Billius
1461 2532 1488 2559 in
1513 2532 1640 2559 Latinum
1663 2533 1762 2560 vertit.
1785 2540 1858 2561 esse

1052 2583 1124 2610 opus
1143 2583 1158 2602 a
1174 2575 1351 2604 Theodoreto
1366 2577 1418 2605 sibi
1436 2577 1606 2605 vindicatum
1623 2586 1630 2604 :
1646 2577 1775 2605 utebatur
1788 2577 1858 2609 ille,

1052 2620 1086 2648 ad
1100 2621 1256 2656 opinionem
1275 2621 1448 2655 firmandam,
1463 2623 1589 2658 pluribus
1604 2623 1725 2658 quidem,
1740 2623 1787 2650 sed
1806 2623 1861 2651 his

878 2696 1034 2725 SCIIULle
1053 2697 1169 2726 NOTA'Z.

263 2782 292 2828 Ei
302 2783 511 2828 ppquam‘tal'isi
525 2785 630 2828 exstitit
642 2784 807 2828 Theodoreti
825 2787 906 2828 liber,
924 2788 1032 2828 qualem
1047 2789 1141 2828 Sixtus
1152 2789 1359 2828 Senensisiloco
1375 2792 1409 2819 ad
1424 2793 1438 2828 ᾗ
1458 2793 1474 2821 5
1488 2794 1571 2822 allato
1588 2799 1796 2826 commemorat,
1815 2794 1862 2822 ad

210 2818 394 2861 illmppotius
404 2819 457 2861 hoc
471 2819 663 2861 loco‘speetari
684 2818 911 2861 euisti‘maverim.
927 2818 959 2861 ξ’
977 2823 1038 2850 Vid.
1060 2824 1141 2861 epist.
1163 2825 1222 2852 115.
1263 2818 1357 2855 “Hane
1377 2818 1865 2857 timearis};'eib'éiiiié'sfdiiﬁﬁ

211 2852 513 2900 illo}
520 2852 710 2900 ῥέξει-11ιίοηί
722 2857 861 2900 βιῴῂζςιθ.
873 2892 890 2900 Δ.
901 2858 911 2873 ⁷
924 2857 1054 2899 βποῐνθηι
1071 2852 1098 2886 in
1114 2860 1157 2887 his
1175 2861 1269 2889 verbis
1282 2852 1355 2889 non
1372 2852 1556 2898 a‘g’ﬁ'déé‘i'ﬁi's‘,

211 2895 340 2923 magnum
362 2896 504 2916 numerum
517 2892 671 2924 exprimere
683 2894 783 2925 potest.
799 2892 977 2920 Exactissima
992 2898 1083 2921 autem
1092 2902 1145 2922 non
1158 2903 1228 2930 opus
1240 2901 1298 2924 erat
1309 2892 1524 2934 computatione.
1551 2892 1555 2896 ’
