1971 3046
193 165 244 197 367
617 159 808 191 GARNERII
826 158 1142 190 DISSERTATIONIS
1159 160 1187 189 ΙΙ
1209 160 1412 190 APPENDIX.

513 214 626 243 CAPUT
643 215 677 242 Χ.

335 262 433 299 Opera,
451 269 509 298 qua:
524 261 649 288 Auctario
669 261 846 287 continentur.

1781 159 1830 191 368

1004 216 1027 244 Α
1075 214 1120 242 Ill.
1133 215 1242 250 Reliqui
1254 223 1320 250 ergo
1331 214 1399 242 tomi
1410 219 1466 242 tres
1481 221 1556 242 nunc
1565 218 1711 249 augentur,
1725 213 1773 240 sed
1784 214 1830 242 alii
1853 222 1857 233 ί

232 309 254 337 Ι.
281 310 315 338 Ut
331 316 413 344 quam
429 307 633 335 absolutissima
654 306 754 341 potuit,
769 314 884 341 operum
898 305 990 333 Theo-

196 356 284 385 doreti
296 354 421 382 collectio
431 353 565 389 prodiret,
579 353 637 380 visa
649 356 715 380 sunt
726 352 759 379 ad
769 356 889 387 quatuor
901 356 991 379 tomos

195 409 210 429 α
235 400 382 428 Sirmondo
413 399 504 427 editos
530 398 667 431 addenda,
696 405 758 432 quae
783 397 990 428 desiderantur,

195 455 310 482 quaeque
335 449 486 482 potuerunt
508 443 638 472 inveniri.
655 444 694 471 Ea
708 451 773 470 vero
795 447 859 471 sunt
872 443 990 470 duorum

195 499 327 528 generum
346 500 353 518 :
372 491 426 518 alia
449 491 524 518 enim
542 497 683 524 nunquam
701 488 836 516 hactenus
858 488 992 515 viderunt

195 538 367 572 lueem;alia
386 537 518 565 viderunt
542 536 665 572 quidem,
680 535 729 563 sed
752 535 844 562 alieno
866 535 918 562 sub
942 542 992 562 no-

195 583 281 610 mine.

231 628 265 656 ll.
285 628 347 655 Non
367 628 458 663 potuit
484 632 577 655 autem
606 626 717 661 partitio
743 625 842 653 melior
867 625 991 653 Auctarii

197 674 267 707 ﬁeri,
284 682 365 709 quam
386 682 447 709 qua:
459 674 511 702 fuit
533 681 648 708 operum
661 680 677 699 a
691 672 838 700 Sirmondo
851 671 990 699 instituta.

197 720 287 753 Quare
311 720 344 748 ad
367 721 492 756 singulos
506 724 594 747 tomos
618 718 721 753 aliquid
736 718 857 751 additur,
880 722 994 752 praeter-

198 774 280 801 quam
291 765 326 793 ad
338 766 502 798 secundum,
521 765 568 800 qui
580 765 730 800 prophetas
742 771 839 791 omnes
853 763 993 791 sexdecim

198 811 390 846 complectitur
403 821 411 845 ;
423 819 487 839 nam
498 810 696 838 Commentarii
708 810 736 836 in
753 809 862 841 Isaiam,
874 809 922 844 qui
938 817 993 836 non

200 857 336 885 habentur
348 857 459 893 integri,
476 857 524 885 sed
538 865 572 884 ex
589 856 655 884 solis
672 855 783 883 Catenis
796 855 905 882 collecti
918 860 992 888 sunt,

1040 260 1160 294 parcius,
1175 260 1222 288 alii
1234 260 1383 295 copiosius.
1392 259 1434 287 Ad
1445 260 1527 295 primi
1536 260 1717 295 posteriorem
1731 264 1833 294 partem

1041 306 1147 334 accedit
1159 314 1192 334 ex
1216 307 1345 334 Vaticana
1360 306 1530 334 bibliotheca
1552 306 1679 334 nonnihil
1695 306 1835 340 pertinens

1041 351 1075 377 ad
1095 351 1232 384 Psalmos;
1249 360 1283 378 ex
1298 357 1402 383 nostra,
1422 351 1644 379 Commentarius
1657 351 1789 386 mysticus
1807 351 1835 378 in

1041 395 1153 424 Cantica
1175 397 1345 424 canticorum
1361 397 1382 413 ⁸⁵
1395 406 1402 428 ς
1416 397 1450 425 ad
1473 397 1548 425 tertii
1568 397 1752 432 posteriorem
1767 405 1835 432 quo-

1041 449 1095 476 que
1107 447 1224 477 partem,
1245 443 1368 478 epistolae
1383 443 1480 478 viginti
1498 447 1623 478 septem;
1649 443 1685 471 ad
1708 447 1835 478 quartum

1042 497 1183 518 sermones
1200 495 1317 525 septem,
1333 494 1361 518 et
1372 494 1503 518 tractatus
1513 490 1641 518 undecim
1652 499 1659 523 ;
1673 498 1728 518 non
1740 499 1836 518 omnes

1043 540 1135 564 tamen
1158 536 1274 572 integri,
1296 536 1345 564 sed
1360 537 1485 564 nonnulli
1502 537 1636 564 duntaxat
1655 537 1684 564 in
1701 537 1837 572 fragmen—

1044 581 1089 609 tis.

1077 628 1122 655 1V.
1141 628 1179 655 De
1187 628 1303 663 singulis
1316 628 1511 656 additamentis
1523 629 1673 664 copiosius,
1686 633 1716 655 ut
1729 628 1763 656 de
1777 628 1837 655 aliis

1044 674 1177 710 operibus
1199 674 1301 702 factum
1317 674 1460 707 hactenus,
1485 674 1578 702 dicere
1597 674 1666 701 nihil
1688 673 1836 701 admodum

1043 721 1122 756 juvat
1137 729 1143 747 :
1162 720 1248 748 satius
1260 721 1334 748 enim
1351 720 1502 755 unicuique
1514 728 1674 755 prmponerc
1688 727 1765 747 suam
1776 727 1839 747 cen-

1045 775 1148 799 suram,
1169 771 1304 802 notasque
1328 767 1496 803 subjungere
1509 787 1516 799 ,
1537 772 1620 801 atque
1636 767 1673 794 ita
1693 765 1838 794 consulere

1045 812 1157 839 lectoris
1168 812 1266 844 labori,
1283 819 1338 847 quo
1351 811 1492 839 fastidiose
1504 812 1628 846 requirat
1641 811 1749 846 procul,
1768 809 1839 838 unde

1045 862 1197 893 praesentes
1215 858 1301 891 locos,
1316 859 1338 886 si
1350 857 1536 886 diiIicultatem
1552 862 1657 890 creent,
1670 857 1779 884 facilius
1795 856 1838 883 in-

200 903 252 930 etsi
267 902 426 938 diligentius
435 902 584 938 conquisiti
597 902 661 934 sint,
679 901 796 937 reperiri
816 905 908 928 tamen
921 909 990 928 nus-
1012 897 1031 924 Β
1048 904 1158 940 mitigat,
1187 904 1291 932 sumcii
1306 912 1372 939 ergo
1386 904 1510 931 Auctarii
1537 903 1671 940 syllahum
1691 902 1838 934 exhibere,

202 956 284 983 quam
299 952 459 984 potuerunt.

1050 949 1195 977 recensitis
1205 950 1357 986 sigillatim,
1368 958 1429 985 qua:
1456 949 1572 985 singulis
1593 948 1675 976 tomis
1691 947 1838 976 adduntur.

877 1027 1040 1055 SCllULZH
1060 1027 1177 1055 ΝΟΤᾹΞ.

239 1076 261 1092 ¹¹
273 1076 334 1104 Non
350 1077 425 1104 stetit
440 1076 592 1105 Garnerius
609 1076 763 1112 promissis.
775 1076 837 1103 Vid.
854 1083 881 1111 p.
897 1075 948 1102 27!

205 1173 1816 1186 __.—_____—————-————————————-——-————————n

529 1254 1131 1314 DISSERTATIONIS
1175 1255 1299 1312 SEC
1311 1254 1525 1313 UND/E

854 1373 1183 1419 APPENDIX.

422 1475 465 1506 De
482 1476 604 1514 septem
623 1471 760 1511 Dialogis
775 1471 924 1502 adversus
938 1443 1334 1508 Arianos,Macedonianos
1353 1473 1383 1502 et
1395 1470 1641 1512 Apollinaristas.

719 1608 803 1646 5-20
821 1610 1035 1642 ADMONITIO
1053 1611 1104 1640 AD
1121 1611 1334 1642 LECTOREM.

242 1742 380 1771 llarduini
395 1742 476 1778 culpa
489 1741 623 1770 accidisse
637 1741 758 1774 videtur,
771 1745 802 1768 ut
813 1741 878 1770 huic
891 1741 1048 1769 tractationi
1064 1741 1170 1776 pariter
1180 1749 1213 1769 ac
1226 1740 1366 1776 sequenti,
1389 1747 1451 1775 quae
1464 1738 1500 1768 de
1513 1740 1567 1768 ﬁde
1580 1738 1747 1780 Theodoreti
1763 1747 1848 1775 expo-

207 1788 259 1819 nit,
276 1796 378 1816 nomen
388 1787 596 1816 Dissertationis
610 1788 696 1814 tcrtiw
721 1786 928 1814 inscriberetur.
942 1786 1170 1822 Prospiciendum
1182 1786 1235 1814 fuit
1247 1794 1282 1814 ne
1294 1785 1377 1821 hujus
1393 1786 1498 1814 erroris
1513 1785 1629 1820 vestigia
1641 1785 1669 1813 in
1679 1790 1773 1813 nostra
1786 1786 1849 1814 edi.

210 1833 280 1861 liene
292 1838 386 1861 essent
397 1833 519 1868 reliqua;
533 1837 592 1861 erat
602 1833 675 1859 enim
687 1832 835 1860 admodum
844 1832 1028 1864 molestum.si
1042 1831 1076 1859 ad
1090 1831 1313 1860 dissertationem
1324 1831 1432 1858 tertiam
1442 1831 1603 1859 remittendi
1613 1836 1706 1859 essent
1719 1832 1848 1860 lectores.

205 1878 300 1906 Visum
316 1884 358 1907 est
371 1880 463 1915 itaque
477 1880 549 1906 hanc
566 1879 600 1906 de
608 1878 730 1913 quinque
744 1877 862 1914 dialogis
877 1877 1069 1905 tractationem
1090 1877 1280 1905 dissertationi
1300 1876 1428 1904 secundae
1447 1876 1535 1904 instar
1557 1876 1724 1911 Appendieis
1735 1878 1851 1912 subjun-

205 1932 281 1960 gere.
300 1925 357 1952 Hoc
373 1925 518 1953 consilium
531 1924 686 1959 argumenti
700 1924 853 1951 similitudo
874 1923 1017 1950 suadebat.
1035 1923 1225 1958 Dialogi-enim
1239 1923 1295 1955 isti,
1309 1930 1379 1957 quos
1389 1923 1502 1957 plurimi
1518 1923 1682 1955 Athanasio,
1698 1922 1852 1951 Garnerius

205 1971 391 2003 Theodoreto.
402 1971 519 1998 aliicum
532 1970 655 2002 Petavio,
667 1969 834 1998 Combeiisio
846 1974 873 1997 et
887 1969 1007 2004 Dupinio
1024 1969 1129 1996 rectius
1144 1969 1262 1996 Maximo
1289 1968 1470 1996 vindicandos
1490 1977 1553 1996 esse
1575 1973 1716 2004 putarunt,
1730 1969 1784 1997 illis
1800 1977 1853 1997 an-

204 2017 370 2046 numerandi
381 2021 446 2044 sunt
457 2015 546 2048 libris,
563 2016 597 2043 de
609 2023 728 2050 quorum
742 2020 855 2042 auctore
865 2015 956 2042 adhuc
971 2014 1023 2042 sub
1035 2015 1128 2050 judice
1144 2014 1179 2041 lis
1190 2019 1242 2042 est.
1271 2015 1302 2042 In
1322 2018 1397 2042 tanta
1418 2015 1511 2050 itaque
1521 2015 1691 2050 judiciorum
1703 2016 1852 2049 varietate,

204 2069 233 2093 et
244 2065 308 2100 quia
323 2064 475 2092 Garncrius
490 2063 587 2099 peritis
600 2063 698 2090 harum
713 2071 806 2091 rerum
820 2063 933 2090 arbitris
944 2063 1090 2090 veritatem
1105 2063 1272 2098 conjecturae
1293 2071 1349 2091 suae
1363 2063 1531 2098 persuadere
1542 2071 1598 2091 non
1611 2063 1707 2097 valuit,
1723 2063 1795 2091 hanc
1807 2057 1854 2091 in;

206 2107 388 2147 grediendam
405 2118 466 2138 esse
480 2110 639 2145 putavimus
652 2110 737 2143 viam,
754 2114 794 2143 ut,
812 2109 902 2137 deleto
914 2117 996 2144 quem
1012 2109 1100 2136 editio
1115 2109 1192 2144 prior
1205 2109 1326 2137 habebat
1339 2110 1429 2144 titulo,
1445 2110 1517 2138 hanc
1541 2110 1734 2138 tractationem
1751 2110 1854 2138 inscri-

206 2158 335 2186 heremus
350 2156 526 2192 Appendicem
535 2163 583 2182 seu
595 2155 824 2190 Supplementum
839 2155 873 2182 ad
886 2155 1089 2183 dissertationis
1102 2155 1254 2190 superioris
1265 2159 1348 2190 caput
1360 2161 1497 2183 octavum.
1513 2156 1662 2184 Mutandus
1675 2164 1786 2191 quoque
1796 2156 1853 2183 fuit

206 2203 292 2236 locus,
308 2211 390 2238 quem
414 2203 513 2238 dialogi
529 2203 572 2230 isti
590 2203 618 2230 in
627 2203 748 2230 editione
762 2203 846 2238 priori
860 2202 1000 2230 tenebant.
1017 2202 1091 2230 inter
1106 2202 1178 2229 hanc
1191 2207 1219 2230 et
1234 2207 1396 2237 sequentem
1415 2204 1609 2231 tractationem
1637 2204 1719 2239 positi
1732 2203 1855 2238 prolixi-

208 2254 263 2277 tate
277 2257 327 2276 sua
354 2248 535 2276 morabantur
553 2248 685 2275 lectorem
702 2248 730 2275 in
744 2248 948 2284 perlustrandis
971 2247 1015 2275 his
1029 2247 1155 2274 Garnerii
1174 2247 1416 2275 dissertationibus
1428 2253 1595 2276 versantem.
1615 2248 1718 2276 Locum
1735 2248 1788 2275 illis
1800 2248 1854 2275 de-

209 2295 268 2323 beri
284 2299 414 2330 putamus
426 2298 489 2331 post
510 2294 733 2322 dissertationem
744 2295 939 2328 ultimam,seu
951 2294 1088 2330 quintam.
1101 2293 1283 2330 Adjungimus
1307 2295 1400 2331 itaque
1416 2294 1480 2323 illos
1497 2295 1683 2329 sermonibus,
1696 2303 1767 2331 quos
1784 2295 1858 2323 Gar-

209 2341 306 2370 nerius
319 2340 454 2369 Eutherio
468 2340 605 2377 Tyanensi
620 2340 728 2369 tribuit.

245 2476 264 2503 ι.
280 2475 377 2503 Tradit
391 2475 584 2502 Theodoretus
603 2482 632 2502 se
648 2478 745 2502 contra
772 2474 900 2508 Arianos,
913 2475 1007 2503 Euno—
1021 2477 1043 2507 c
1058 2473 1127 2510 glas,
1144 2475 1305 2510 rabiemque
1333 2474 1492 2508 Marcionis,
1509 2475 1596 2503 libros
1610 2475 1676 2503 olim
1698 2477 1860 2511 composui,

209 2522 328 2554 mianos,
346 2521 557 2549 Macedonianos
572 2525 600 2549 et
613 2521 824 2557 Apollinaristas
838 2522 982 2557 scripsisse
996 2531 1004 2555 ;

209 2567 243 2593 ad
258 2574 362 2601 eosque
382 2566 479 2598 libros,
495 2574 558 2594 cum
575 2570 764 2599 accusaretur,
779 2566 856 2594 velut
869 2567 902 2594 ad
914 2571 1005 2594 certos

210 2620 267 2641 sua!
290 2612 353 2640 ﬁdei
375 2616 459 2640 testes
485 2617 626 2647 provocat.
656 2612 742 2647 Epist.
774 2612 828 2639 82:
849 2621 858 2637 ε
873 2612 939 2645 Quae
956 2613 1004 2640 Dei

211 2658 299 2694 gratia
329 2662 382 2689 est,
407 2661 436 2684 et
455 2657 605 2692 prophetas
621 2664 718 2684 omnes
733 2657 941 2684 commentariis
956 2665 1005 2684 ex-

210 2701 301 2737 posui,
318 2705 347 2729 et
369 2701 543 2733 Psalterium,
571 2705 600 2728 et
630 2701 802 2737 Apostolum,
830 2706 858 2729 et
873 2702 1005 2730 adversus

210 2746 328 2779 Arianos
353 2752 386 2773 ac
404 2744 618 2773 Macedonianos
631 2766 638 2778 ,
662 2750 690 2773 et
708 2746 876 2781 Apollinaris
897 2747 1006 2782 praesti-

1057 2527 1087 2549 ct
1101 2522 1129 2549 in
1147 2521 1264 2557 singulis
1281 2521 1360 2549 libris
1384 2522 1603 2550 ecclesiasticum
1617 2523 1716 2558 dogma
1732 2531 1783 2558 per
1806 2523 1860 2551 Dei

1056 2566 1173 2601 gratiam
1188 2566 1287 2594 elucet.
1299 2576 1308 2593 t
1326 2567 1414 2602 Epist.
1429 2565 1504 2594 “5':
1529 2567 1648 2595 «Jubeat
1660 2568 1791 2596 sanctitas
1806 2576 1862 2596 ve-

1055 2617 1113 2640 stra
1129 2621 1173 2641 me
1188 2613 1222 2640 ad
1236 2621 1285 2642 vos
1304 2614 1411 2646 venire,
1427 2619 1455 2641 et
1469 2614 1624 2642 doctrinam
1641 2622 1730 2642 meam
1746 2619 1864 2650 aposto-

1055 2658 1118 2686 licis
1144 2659 1268 2694 vestigiis
1294 2659 1474 2687 inhaerentem
1500 2660 1660 2688 ostendere.
1685 2661 1756 2688 Sunt
1779 2661 1862 2689 enim

1057 2704 1135 2736 mihi,
1159 2712 1220 2739 quae
1258 2706 1360 2740 partim
1392 2709 1456 2733 ante
1484 2714 1573 2734 annos
1612 2706 1720 2742 viginti,
1752 2707 1860 2742 partim

1056 2753 1120 2777 ante
1147 2750 1312 2785 octodecim,
1337 2750 1438 2786 partim
1473 2756 1537 2780 ante
1566 2751 1725 2788 quindecim
1741 2753 1762 2786 ¹,
1788 2760 1864 2788 par-

887 2823 1046 2853 SCHULZH
1067 2824 1182 2855 ΝΟΤΛΕ.

248 2884 258 2900 ⁸
272 2883 348 2912 Part.
364 2887 425 2912 ante
439 2883 530 2918 quind.
544 2882 607 2911 Haec
619 2882 734 2910 aberant
748 2882 782 2910 ab
796 2883 918 2911 editione
932 2883 1031 2918 priori.
