1971 3046
129 129 183 160 369

469 131 517 162 DE
539 132 716 164 DIALOGIS
731 135 814 165 ADV.
835 134 1010 172 ARIANOS,
1031 136 1332 172 MACEDONIANOS,
1352 136 1431 166 ETC.

1713 138 1765 170 370

130 187 177 214 tim
204 192 267 214 ante
289 187 367 223 42],
384 187 529 216 duodecim
555 189 664 224 scripsi,
681 191 805 225 quaedam
825 194 922 218 contra
937 193 960 221 Α
1008 191 1051 219 Vi.
1068 191 1143 219 lianc
1158 199 1246 219 meam
1270 191 1436 219 sententiam
1453 195 1483 218 ut
1501 192 1562 219 aliis
1574 193 1764 227 persuadeam,

128 233 246 261 Arianos
268 238 297 261 et
321 234 518 266 Eunomianos,
534 244 543 261 ι
561 240 614 263 etc.
641 236 730 271 Epist.
747 237 817 264 “6:
838 246 846 262 ι
873 236 920 263 Li-

128 280 194 307 bros
216 280 314 315 scripsi
338 280 456 314 amplius
480 281 592 316 triginta
613 282 746 310 adversus
770 282 866 310 Arium
892 286 920 310 et

130 325 294 353 Eunomium
311 346 319 358 ,
360 326 493 353 adversus
529 327 694 355 Marcionem
734 332 762 356 et
793 327 921 356 Macedo-

128 372 217 403 nium,
235 381 245 398 ›
259 376 314 400 etc.
330 371 364 399 Et
374 371 424 399 lib.
435 381 452 400 v
466 372 657 401 ereticarum
673 374 836 409 fabularum,
851 381 875 401 c.
892 373 920 407 2,

128 418 203 452 quod
227 421 270 445 est
293 417 328 445 de
360 416 428 445 Filio
446 418 608 454 unigenito:
628 428 637 446 ‹
656 419 711 447 Sed
729 420 763 447 de
775 419 810 447 iis
825 427 876 447 nos
893 418 922 446 in

129 463 174 496 iis,
189 471 250 498 qua:
264 464 396 491 adversus
411 463 506 491 Arium
522 469 550 492 et
564 465 730 493 Eunomium
741 465 903 501 scripsimus
913 486 920 498 ,

129 509 240 545 copiose
265 509 458 538 disseruimus.
486 519 495 536 ›
514 510 548 538 Et
572 518 632 546 cap.
655 519 714 546 seq.
738 511 812 546 quod
831 515 874 538 est
888 511 922 539 de

129 555 236 590 Spiritu
260 560 369 587 sancto,
385 556 465 591 cujus
486 563 550 583 cum
565 556 738 584 divinitatem
760 557 920 592 probasset:

133 609 142 626 ι
157 601 192 627 At
206 601 292 633 enim,
308 601 412 633 subdit,
426 601 461 628 de
474 601 578 636 Spiritu
602 607 697 630 sancto
712 602 845 630 adversus
863 603 923 638 ejus

130 647 218 682 gratia
239 647 388 674 destitutos
410 647 555 675 ltzcreticos
577 651 632 675 tres
656 647 742 675 libros
759 649 922 683 conscripsi,

130 696 158 719 et
186 699 423 726 supervacaneum
452 691 581 720 existimo
608 700 764 719 sermonem
792 693 844 720 hoc
862 693 923 720 loco

131 737 297 772 producere.
317 747 327 763 ι

167 783 200 810 ll.
213 783 291 810 Circa
306 783 364 811 ilth
385 783 543 811 testimonia
568 783 685 811 observo
704 792 710 811 :
727 784 860 816 Primum,
877 793 924 812 or-

131 827 223 854 dinem
238 828 285 862 qui
302 828 329 854 in
341 827 518 855 recensendis
534 828 667 862 operibus
687 833 812 855 servatur
826 828 924 856 adver—

972 238 1148 266 ostendendte
1173 243 1238 265 sunt
1254 238 1394 273 sigillatim
1419 246 1468 266 sex
1481 239 1629 273 partes:l.
1651 238 1717 272 Qua:
1738 243 1766 267 et

973 285 1050 320 cujus
1076 284 1208 319 temporis
1237 284 1376 319 agitentur
1396 284 1424 311 in
1445 283 1561 319 dialogis
1580 284 1764 319 quzestiones;

972 330 1000 357 2.
1015 337 1098 364 quam
1115 329 1238 357 incertus
1263 329 1347 357 fuerit
1369 330 1397 356 in
1416 329 1491 356 hunc
1515 337 1601 365 usque
1616 329 1689 357 diem
1716 338 1765 357 au-

974 378 1047 408 ctor;
1060 374 1086 401 3.
1102 374 1176 409 quod
1188 375 1222 402 ab
1237 382 1292 401 uno
1301 382 1396 402 omnes
1408 375 1463 401 sint
1474 374 1619 409 compositi
1631 384 1638 408 ;
1648 375 1674 402 4.
1691 375 1764 409 quod

974 428 1045 448 unus
1059 420 1105 447 ille
1117 424 1214 448 auctor
1229 420 1307 447 sitab
1320 419 1483 447 Athanasio‘
1495 419 1638 453 diversus;
1649 420 1675 447 5.
1691 420 1765 455 quod

974 471 1072 493 auctor
1087 465 1258 501 dialogorum
1288 466 1324 494 sit
1341 466 1467 494 diversus
1496 474 1512 493 a
1531 466 1648 493 Maximo
1668 474 1765 494 mona-

974 511 1061 544 cho‘;
1077 511 1103 538 6.
1121 511 1195 546 quod
1208 518 1303 538 omnes
1320 519 1388 546 quas
1407 511 1600 539 Theodoretus
1615 511 1694 540 libris
1709 513 1766 540 suis

975 555 1106 583 adversus
1129 554 1246 582 Arianos
1258 575 1265 588 ,
1290 555 1500 582 Macedonianos
1514 558 1541 581 et
1555 554 1765 590 Apollinaristas

976 601 1087 636 apponit
1103 605 1182 628 notas
1192 621 1199 633 ,
1214 601 1257 628 his
1271 605 1377 636 septem
1397 600 1513 635 dialogis
1524 599 1648 634 apprime
1665 606 1767 628 conve—

978 647 1064 674 niant.

980 705 993 741 §
1016 705 1035 732 Ι.
1050 703 1116 737 Qui:
1131 709 1154 732 et
1171 705 1246 740 cujus
1262 704 1386 741 temporis
1403 703 1569 741 jqutestiones
1589 703 1722 739 agitentur
1737 702 1766 730 in

1308 738 1432 774 dialogis.

1013 785 1033 812 Ι.
1052 785 1082 812 in
1098 785 1153 812 illis
1165 789 1270 820 septem
1282 783 1407 819 dialogis,
1418 789 1448 811 ut
1460 792 1492 811 ex
1508 783 1627 811 lectione
1637 785 1764 817 apertum

978 834 1029 864 est,
1047 834 1166 865 quatuor
1176 829 1288 856 omnino
1303 831 1497 863 oppugnantur
1514 825 1646 857 haeretici,
1667 831 1765 859 nempe

132 881 178 900 sus
192 873 316 905 Arianos,
330 872 534 900 Maccdonianos
547 877 569 900 et
580 872 798 908 Apollinaristas.
808 874 922 907 Deinde,
941 872 960 899 Β
975 876 1002 902 in
1026 875 1134 902 duobus
1158 873 1298 910 prioribus
1321 873 1416 900 Aetius
1433 876 1516 908 atque
1538 870 1700 902 Eunomius,
1717 869 1766 904 qui

130 919 226 946 Arium
251 926 313 946 cum
332 918 469 946 Eunomio
494 918 588 954 jungi,
618 918 736 946 Arianos
751 927 814 946 cum
829 919 923 946 Euno-

132 961 241 994 mianis,
251 961 282 989 id
298 966 350 994 est,
363 969 425 989 cum
435 962 513 996 puris
527 961 647 994 Arianis,
664 961 711 996 qui
723 962 848 989 Anomtei
858 962 923 989 dicti

132 1013 209 1036 sunt.
223 1008 329 1039 Tertio,
345 1012 405 1035 tres
417 1007 505 1035 libros
515 1008 647 1035 adversus
661 1007 925 1035 Pneumatomachos

132 1054 278 1082 hereticos
291 1061 307 1080 a
321 1052 497 1081 Theodoreto
526 1060 586 1080 esse
599 1053 779 1087 conscriptos.
810 1052 923 1085 Quarto,

132 1100 333 1135 praestigiarum
344 1098 510 1134 Apollinaris
521 1098 633 1125 nomine
646 1097 760 1133 intelligi
773 1098 923 1133 captiones,

132 1146 263 1178 fallacias,
279 1145 455 1180 rationesque
466 1144 640 1180 sophisticas,
654 1144 755 1179 quibus
768 1144 816 1171 ille
829 1143 922 1171 homi-

133 1199 182 1219 nes
198 1191 290 1218 minns
303 1190 426 1218 eruditos
441 1190 569 1225 decipere
585 1189 700 1217 Solebat.

167 1235 212 1263 Ill.
225 1235 356 1269 Quamvis
373 1235 407 1262 de
432 1235 475 1262 his
489 1235 569 1262 libris
584 1234 717 1262 adversus
728 1233 854 1267 Arianos,
870 1234 926 1261 Ma—

133 1282 300 1310 cedonianos
308 1286 336 1309 et
344 1281 553 1316 Apollinaristas
560 1280 751 1308 T‘heodoretus
758 1285 813 1307 tam
830 1284 925 1315 aperte

133 1329 273 1364 loquatur;
289 1335 379 1363 neque
394 1327 511 1355 Pbotius
526 1331 627 1360 tamen,
642 1334 732 1362 neque
742 1326 923 1361 Nicephorus,

134 1382 224 1409 neque
239 1374 321 1405 ullus,
338 1372 413 1408 quod
438 1373 533 1405 sciam,
549 1377 674 1400 veterum
691 1372 858 1400 mentientem
875 1379 924 1399 eo-

134 1427 195 1446 rum
211 1419 286 1446 l'ecit.
310 1419 368 1446 hno
383 1426 439 1446 non
460 1418 573 1446 memini
595 1427 639 1446 me
668 1418 775 1454 legere,
798 1419 881 1445 etiam
897 1418 924 1445 in

134 1465 254 1498 Catenis,
270 1464 420 1500 quidquam
436 1464 500 1492 inde
514 1463 680 1499 productum
696 1473 702 1491 ε
718 1464 827 1492 tametsi
842 1471 926 1500 opor—

135 1511 220 1538 tuerit
234 1510 472 1538 elucubratissima
487 1517 547 1537 esse
564 1517 648 1545 opera
665 1530 673 1543 ,
700 1518 763 1545 quae
777 1513 853 1538 tanto
869 1518 926 1537 am-

135 1557 194 1584 bitu
210 1556 401 1584 Theodoretus
416 1555 592 1591 depraadicet.

168 1603 212 1630 IV.
230 1602 292 1630 Haec
307 1610 370 1629 cum
385 1602 520 1629 attentius
532 1600 733 1636 perpenderem
747 1601 928 1636 mirarerquc,

135 1648 212 1676 venit
227 1648 255 1675 in
279 1652 400 1675 mentem
416 1647 569 1682 inquirere,
584 1655 618 1674 an
634 1646 806 1675 interiissent
823 1646 868 1674 illa
880 1654 929 1681 pc-

137 1695 222 1726 nitus,
243 1698 275 1721 ut
290 1693 359 1720 nihil
379 1693 500 1728 supersit
511 1697 611 1728 praeter
621 1692 800 1725 memoriam;
814 1700 848 1719 an
861 1691 931 1720 inte-

136 1748 184 1775 gra
198 1740 316 1767 laterent
331 1739 444 1772 alicubi,
457 1738 505 1766 sed
521 1738 611 1765 alieno
619 1738 671 1765 sub
682 1737 803 1764 nomine.
820 1737 929 1764 Postre-

137 1794 214 1814 mum
233 1785 260 1813 id
276 1785 346 1812 mihi
372 1784 463 1812 visum
486 1788 528 1811 est
553 1782 726 1816 credibilius,
757 1789 841 1818 reque
866 1781 930 1809 dili-

138 1833 247 1868 gentius
267 1839 387 1867 expensa
403 1830 537 1862 conclusi,
554 1829 678 1864 dialogos
703 1829 765 1856 illos
786 1832 892 1863 septem
908 1829 929 1861 ’,

137 1879 185 1914 qui
199 1878 377 1913 reperiuntur
391 1877 418 1904 in
435 1880 509 1903 tomo
531 1875 654 1903 secundo
666 1873 786 1910 Operum
808 1874 930 1901 Athana-

139 1925 186 1957 sii,
202 1924 304 1959 quique
319 1923 354 1950 ab
369 1923 431 1950 aliis
444 1921 604 1953 Athanasio,
616 1921 649 1948 ab
664 1920 725 1947 aliis
738 1919 855 1947 Maximo
874 1927 933 1947 mo—

139 1969 228 1996 nacho
248 1969 417 1999 tribuuntur,
438 1973 494 1993 non
510 1965 634 1992 diversos
654 1972 715 1992 esse
731 1972 745 1991 a
765 1964 844 1991 libris
862 1971 932 1999 quos

138 2015 331 2042 Theodoretus
354 2021 384 2041 se
414 2013 546 2040 adversus
563 2011 682 2039 Arianos
696 2031 703 2043 ,
734 2010 930 2044 Eunomianos,

139 2060 405 2095 Macedonianosque
428 2064 455 2086 et
482 2057 692 2094 Apolllnaristas
711 2057 856 2092 scripsisse
872 2065 931 2084 me-

140 2112 240 2135 moral.

175 2153 208 2180 V.
234 2152 263 2179 ln
283 2152 356 2178 hanc
373 2150 531 2186 opinionem
552 2149 615 2177 veni
642 2148 687 2176 his
710 2148 766 2176 fere
790 2148 930 2185 gradibus.

975 921 1170 948 Anommornm
1184 924 1329 955 parentes;
1346 919 1375 946 in
1388 918 1482 950 tertio,
1502 921 1579 945 sexto
1593 920 1621 944 et
1635 915 1763 951 septimo,

974 965 1159 998 Macedonius,
1176 965 1222 1000 qui
1239 963 1553 992 Pneumatomachorum
1573 962 1719 997 princeps;
1736 960 1765 987 iu

975 1011 1090 1046 reliquis
1105 1010 1214 1038 duobus
1224 1031 1230 1043 ,
1258 1009 1455 1045 Apollinarius,
1471 1012 1520 1036 aut
1541 1006 1702 1042 Apollinarii
1713 1013 1764 1041 po-

975 1056 1030 1084 tius
1048 1060 1209 1088 sectatores,
1222 1063 1339 1091 quorum
1353 1055 1466 1090 triginta
1481 1054 1594 1089 argutia
1604 1053 1691 1080 forma
1709 1052 1765 1088 syl-

974 1102 1098 1138 logistica
1117 1106 1320 1138 proponuntur,
1341 1105 1369 1129 ct
1391 1101 1426 1128 ab
1441 1099 1595 1128 orthodoxe
1607 1099 1764 1126 solvuntur.

1010 1148 1042 1175 li.
1063 1147 1093 1175 In
1120 1147 1209 1183 primo
1225 1147 1344 1182 agitatur
1364 1145 1454 1173 obiter
1467 1145 1663 1172 Anomceorum
1688 1149 1765 1178 qne-

975 1195 1028 1222 stio
1038 1194 1072 1221 de
1089 1193 1246 1229 cognitione
1259 1193 1317 1226 Dei,
1332 1191 1373 1220 An
1391 1191 1499 1227 perinde
1517 1191 1550 1218 sit
1565 1194 1640 1217 natus
1656 1189 1765 1221 homini,

975 1241 1056 1267 etiam
1072 1239 1190 1272 mortali,
1206 1247 1236 1266 ac
1250 1240 1305 1274 ipse
1323 1238 1392 1265 sibi:
1408 1243 1466 1265 tum
1482 1236 1628 1272 diligenter
1641 1235 1767 1270 disputa-

976 1290 1019 1313 tur
1028 1285 1066 1313 De
1080 1285 1198 1321 ingenito
1217 1289 1241 1311 et
1261 1284 1363 1312 Genito.
1373 1283 1438 1317 Qua:
1449 1282 1510 1310 dum
1523 1281 1688 1317 quastiones
1702 1285 1768 1309 Dro-

975 1332 1018 1360 cul
1033 1332 1118 1359 dubio
1131 1331 1164 1358 ad
1177 1331 1259 1358 ﬁnem
1271 1329 1363 1365 quarti
1383 1329 1484 1361 smculi;
1497 1327 1642 1363 quintique
1658 1326 1768 1353 initium

975 1383 1099 1414 spectant
1118 1381 1203 1405 :sunt
1226 1376 1300 1404 enim
1316 1380 1397 1403 mota:
1424 1375 1459 1402 ab
1480 1374 1563 1402 Aetio
1580 1377 1609 1400 et
1633 1371 1768 1400 Eunomia

975 1423 1200 1459 Aetiidiscipulo,
1212 1430 1329 1458 quorum
1349 1426 1508 1457 postremus
1528 1420 1598 1447 obiit
1611 1426 1683 1446 anno
1696 1417 1767 1444 592;

975 1477 1148 1506 quorumque
1161 1467 1442 1497 sectatorcsAnomoei
1452 1466 1518 1493 dicti
1530 1469 1605 1493 sunt.
1621 1464 1675 1491 llos
1686 1469 1769 1498 porro

979 1516 1097 1543 Basilius
1112 1515 1163 1542 sub
1177 1514 1289 1541 nomine
1300 1513 1546 1543 Eunomianorum,
1566 1510 1769 1545 Gregoriusque

981 1561 1121 1597 Nyssenus
1136 1564 1164 1587 et
1181 1559 1393 1595 Chrysostomus
1411 1557 1462 1585 sub
1491 1556 1603 1583 nomine
1622 1555 1769 1581 Anommo-

982 1616 1043 1635 rum
1062 1606 1250 1634 confutarunt.
1268 1604 1375 1639 Dialogi
1396 1603 1451 1630 duo
1467 1602 1586 1638 priores,
1611 1600 1645 1628 de
1669 1599 1770 1635 quibus

982 1659 1073 1679 sermo
1085 1654 1136 1682 est,
1150 1658 1212 1677 cum
1235 1649 1376 1676 Anommis
1387 1647 1541 1680 habentur;
1558 1654 1620 1682 qua:
1634 1649 1708 1674 secta
1718 1644 1772 1672 fuit

981 1695 1035 1723 illis
1048 1694 1217 1730 temporibus
1231 1694 1386 1722 notissima.

1015 1741 1060 1768 III.
1078 1741 1108 1768 ln
1122 1740 1213 1773 tertio,
1233 1744 1311 1768 sexto
1323 1745 1351 1767 et
1365 1739 1493 1775 septimo,
1507 1737 1545 1765 Dc
1558 1737 1672 1773 Spiritus
1686 1736 1771 1763 sancti

981 1786 1127 1817 divinitate,
1135 1789 1213 1820 atque
1221 1785 1300 1811 etiam
1309 1783 1405 1811 Chriin
1413 1784 1514 1816 anima,
1524 1782 1709 1810 controversia
1716 1789 1773 1808 mo-

981 1835 1070 1858 vetur.
1078 1830 1143 1863 Quae
1154 1829 1214 1857 dua:
1225 1829 1391 1864 quaestiones
1401 1828 1553 1855 Macedonii
1570 1831 1634 1855 sunt
1644 1827 1770 1862 propriae,

981 1879 1012 1903 ut
1033 1876 1134 1911 partim
1154 1883 1189 1903 ex
1211 1875 1272 1902 aliis
1293 1874 1474 1909 scriptoribus
1487 1894 1494 1906 ,
1513 1874 1613 1909 partim
1630 1882 1664 1901 ex
1686 1873 1772 1901 Mario

981 1920 1133 1949 Mercatore
1158 1920 1301 1948 discimus.
1320 1920 1395 1948 Vixit
1413 1923 1505 1947 autem
1528 1919 1705 1947 Macedonius
1720 1918 1772 1946 sub

983 1967 1065 1995 ﬁnem
1077 1967 1168 2002 quarti
1183 1966 1275 1994 saeculi
1293 1976 1300 1993 :
1317 1965 1459 2000 depositus
1471 1969 1546 1992 certe
1563 1969 1605 1992 est
1621 1972 1694 1991 anno
1708 1963 1771 1996 560,

982 2016 1010 2040 et
1026 2012 1172 2040 damnatus
1189 2011 1217 2039 in
1236 2011 1355 2039 concilio
1370 2019 1389 2038 ιι
1413 2010 1596 2041 (ecumenieo,
1613 2017 1686 2036 anno
1707 2009 1770 2037 581.

982 2056 1100 2084 Ηυετεεῑε
1111 2061 1204 2084 tamen
1221 2056 1309 2091 viguit
1326 2055 1417 2083 adhuc
1440 2059 1552 2089 postea,
1577 2057 1606 2081 ut
1623 2061 1657 2080 ex
1674 2061 1772 2081 conse-

982 2103 1125 2138 quentium
1134 2107 1289 2137 temporum
1301 2101 1416 2129 historia
1425 2104 1542 2132 constat,
1554 2106 1709 2135 quanquam
1722 2099 1773 2125 mi-

982 2156 1035 2178 nus
1050 2148 1192 2176 turbarum
1205 2148 1334 2176 excitavit
1348 2151 1409 2182 post
1420 2153 1522 2173 annum
1533 2145 1595 2173 450.

140 2197 327 2227 Animadverti
339 2197 542 2232 primum,quae
557 2195 584 2223 in
596 2195 711 2230 singulis
726 2194 841 2229 dialogis
855 2202 930 2229 qure-
948 2208 971 2238 ι)
1018 2194 1062 2222 ιν.
1077 2194 1108 2221 In
1120 2197 1219 2229 quarto
1231 2198 1258 2220 et
1270 2192 1368 2228 quinto
1380 2191 1516 2218 retellitur
1532 2190 1645 2217 haeresis
1656 2189 1773 2216 Ariano—

141 2244 244 2273 stiones
259 2247 445 2271 moverentur.
464 2242 544 2275 Tum,
561 2248 644 2276 quam
659 2240 782 2268 incertus
802 2240 886 2267 fuerit
903 2239 932 2267 in

141 2291 215 2318 hunc
234 2298 322 2325 usque
344 2289 417 2317 diem
446 2288 568 2324 ipsorum
593 2291 699 2314 auctor.
716 2286 830 2318 Postea,
847 2293 933 2313 unum

139 2344 201 2364 esse
215 2337 337 2363 omnium
353 2339 503 2362 auctorem.
519 2333 634 2365 Deinde,
648 2333 723 2359 hunc
741 2336 882 2359 auctorem
898 2331 932 2359 ab

141 2381 290 2409 Athanasio
301 2380 422 2412 diﬁ‘crre,
437 2384 520 2415 atque
533 2379 616 2407 etiam
627 2386 643 2405 a
657 2377 776 2405 Maximo
785 2377 931 2404 monacho.

142 2427 276 2462 Denique,
292 2435 346 2454 non
363 2427 447 2454 alium
462 2425 574 2453 omnino
588 2431 660 2456 esse,
676 2431 758 2458 quam
777 2422 933 2450 Theodore-

144 2478 213 2506 tum,
229 2472 452 2508 quandoquidem
467 2478 574 2502 omnes,
587 2477 655 2504 quas
670 2469 726 2495 suis
743 2467 822 2496 libris
834 2468 932 2495 adver-

143 2527 192 2547 sus
202 2519 328 2551 Arianos,
344 2517 553 2545 Macedonianos
573 2520 601 2543 ct
622 2514 831 2550 Apollinaristas
847 2521 933 2549 appo-

143 2565 185 2592 nit
212 2563 293 2599 422
317 2567 414 2594 notas,
440 2562 564 2597 apprime
588 2560 754 2588 conveniant
767 2559 812 2586 his
827 2563 932 2594 septem

141 2610 270 2645 dialogis,
283 2616 400 2644 quorum
416 2608 538 2643 quinque
554 2606 715 2634 Theodorus
730 2606 809 2638 Beza,
825 2604 933 2632 Sculte-

143 2661 188 2685 tus
199 2656 270 2684 duos
285 2655 397 2683 Latinos
411 2654 503 2682 fecit'.

985 2248 1056 2272 rum,
1081 2246 1189 2266 necnon
1218 2237 1486 2273 Apollinaristarum,
1513 2236 1547 2264 de
1564 2235 1656 2264 Verbo
1679 2234 1773 2262 divino

983 2285 1115 2320 fungente
1125 2283 1233 2311 vicibus
1248 2283 1276 2310 in
1286 2281 1405 2317 _Christo
1422 2281 1480 2309 sive
1497 2281 1582 2308 totius
1599 2280 1709 2312 animm,
1725 2279 1773 2314 qui

983 2330 1148 2358 Arianorum
1168 2336 1263 2362 error;
1277 2327 1334 2355 sive
1347 2326 1433 2354 solius
1445 2326 1555 2359 mentis,
1571 2325 1619 2361 qui
1632 2324 1773 2360 Apollina-

984 2377 1028 2404 rii.
1046 2376 1092 2404 Ha:
1111 2376 1172 2403 duae
1197 2375 1362 2410 quaestiones
1389 2373 1440 2401 sub
1465 2371 1547 2400 ﬁnem
1569 2371 1659 2407 quarti
1679 2370 1773 2397 saeculi

986 2427 1054 2450 erue
1088 2425 1168 2454 sunt,
1194 2425 1222 2448 et
1246 2419 1398 2451 damnata,
1425 2419 1454 2446 in
1480 2417 1598 2445 concilio
1620 2416 1732 2452 quidem
1759 2423 1774 2442 a

985 2468 1066 2504 423
1089 2467 1216 2495 Patribus
1238 2463 1549 2500 Constantinopolitanis
1562 2470 1635 2490 anno
1655 2461 1717 2494 581,
1745 2461 1773 2488 in

983 2513 1063 2540 libris
1083 2516 1175 2540 autem
1196 2511 1231 2538 ab
1253 2509 1422 2541 Athanasio,
1444 2508 1628 2539 Nazianzeno,
1652 2505 1773 2542 Cyrilio,

984 2559 1100 2594 aliisque
1114 2557 1206 2594 quarti
1220 2556 1345 2593 quintive
1355 2555 1458 2583 saeculi.

1020 2605 1052 2633 V.
1078 2603 1268 2632 Animadverti
1298 2602 1399 2630 deinde
1429 2600 1580 2628 recensitas
1609 2598 1774 2635 quaestiones

985 2657 1063 2677 suam
1079 2648 1220 2681 habuisse,
1237 2655 1318 2683 quam
1335 2650 1474 2683 gererent,
1484 2649 1603 2677 aetatem,
1625 2643 1774 2679 tandiuque

813 2706 967 2737 SCHULZH
988 2705 1104 2734 NOTIE.

178 2769 189 2785 ι
204 2769 276 2797 solis
289 2769 454 2804 conjecturis
467 2769 525 2796 haec
540 2767 633 2804 opinio
648 2767 754 2795 nititur.
767 2766 832 2799 Quae
841 2766 873 2804 si
891 2765 997 2804 codicis
1010 2762 1150 2799 cujusdam
1162 2761 1397 2804 pauciorita‘teﬁaut
1405 2759 1598 2804 antiquiorum
1608 2757 1773 2804 sfriptgrtnp

143 2794 653 2839 ealculo‘ex—orriariposset:strigorem
671 2794 823 2839 φηςι-εἶα]-
837 2800 928 2839 ﬁdem.
946 2801 975 2827 ln
991 2794 1233 2839 hoc-consentiunt
1259 2795 1514 2839 e‘ditprei-Bened.‘
1531 2794 1563 2822 ad
1583 2794 1777 2823 Athanasium,

144 2829 539 2875 til‘lI'p.‘-—iilnseqf“ibid.
553 2829 586 2873 p4.
598 2829 660 2870 Ri,
677 2838 689 2873 ς
707 2837 734 2864 2.
773 2836 782 2852 ⁸
799 2836 873 2869 Quod
887 2852 920 2857 -
937 2836 1071 2864 monacho.
1095 2833 1157 2861 Haec
1169 2832 1282 2860 aberant
1298 2830 1331 2858 ab
1347 2829 1413 2858 edit.
1430 2829 1526 2866 priori.
