1971 3046
201 127 251 157 371

625 125 815 154 GARNERII
833 123 1148 154 DISSERTATIONIS
1169 125 1197 154 11
1215 123 1418 154 ΑΡΡΕΝΙΠΧ.

1778 122 1829 153 3ῗῖ

200 182 316 217 agitatas
333 181 535 212 vehementius.
550 179 638 207 donec
661 180 757 215 ingens
772 179 817 207 illa
832 179 866 207 de
883 178 995 207 Christo
1011 181 1029 211 Α
1045 184 1107 214 post
1121 179 1238 215 synodos
1253 179 1375 206 scribere
1389 178 1486 209 libros,
1498 177 1600 212 quibus
1615 177 1720 206 ratione
1740 178 1835 207 suade-
1859 169 1869 187 ³

201 227 353 260 contentio,
367 234 448 262 quam
476 226 619 254 Nestorius
632 229 660 253 et
677 226 815 261 Eutyches
835 230 994 255 moverunt,

201 273 346 308 occupavit
367 272 484 305 animos,
506 271 727 306 industriamque
748 275 926 299 tractatorum
948 279 994 298 cc-

202 318 418 346 clesiasticordm
449 316 583 344 exercuit.
604 316 699 351 Neque
721 316 795 343 cnim
822 320 915 350 postea
939 315 995 342 fere

203 363 237 390 de
256 363 323 398 ipsis
344 367 436 390 actum
456 366 508 393 est,
531 361 585 388 nisi
609 361 754 389 occasione
772 361 885 388 haeresis
909 360 995 396 Euty-

204 409 320 440 chianze,
333 416 393 443 quae
407 407 567 442 Apollinarii
589 407 697 435 soboles
713 407 836 442 quadam
855 406 997 436 nonnullis

205 454 263 481 visa
282 457 333 481 cst.

241 499 283 527 Vl.
304 498 370 526 lnde
387 496 453 525 mihi
469 498 588 533 primum
604 498 680 525 venit
694 498 722 524 in
742 501 873 530 mentem,
889 497 997 532 opinari

204 545 375 580 dialogorum
395 548 548 577 auctorem,
575 548 640 571 ante
661 543 854 570 haereticorum
868 543 996 575 duorum,

204 598 273 625 quos
293 590 360 623 dixi,
376 590 494 617 Nestorii
517 594 545 618 et
564 589 706 624 Eutychis,
725 589 820 616 turbas
842 589 998 624 scripsisse,

205 642 286 671 atque
309 635 377 663 adeo
397 643 445 670 per
465 635 490 662 id
508 636 649 670 temporis,
667 634 739 670 quod
762 642 777 661 a
792 634 908 661 concilio
922 642 940 662 ιι
964 634 997 661 ad

206 690 234 709 ιιι
249 682 364 709 effluxit.
378 681 542 716 Opinionem
557 682 688 716 juverunt
703 681 766 707 tria.
779 680 912 712 Primum,
924 678 999 714 quod

205 726 382 756 Orthodoxus
403 727 431 754 in
450 726 572 754 secundo
598 727 706 761 dialogo
719 725 828 753 Aetium
846 725 997 760 alloquens.

205 782 238 800 ex
253 773 311 808 ipso
324 773 458 808 prodiisse
469 781 558 807 nuper
574 772 647 808 (χθὲς
661 773 709 798 καὶ
722 772 851 808 σήμερον)
867 772 999 806 quosdam

206 820 326 854 objiciat.
342 826 445 853 eosque
466 822 587 853 opponat
601 818 646 850 iis,
671 827 680 843 ι
695 817 742 852 qui
756 818 812 853 jam
832 817 895 844 inde
908 825 923 843 a
938 824 1000 844 san-

207 851 259 892 ctis
268 851 551 899 apostolis—usquead
576 851 740 891 hodiernum
756 851 829 890 diem
845 857 1001 890 collaudant
1016 851 1037 878 Β

207 910 316 938 Patrem
336 915 364 937 et
382 911 480 938 Filium
496 914 523 937 et
545 909 676 945 Spiritum
695 913 830 936 sanctum.
846 918 854 934 ι
879 908 938 935 Non
954 907 1002 935 diu

208 954 290 989 igitur
307 958 369 989 post
388 955 511 990 vulgatos
532 953 603 981 Aetii
626 953 712 981 libros
726 953 846 988 scriptus
862 957 903 980 est
916 952 1005 980 dialo-

207 1007 258 1034 gus
273 999 428 1032 secundus;
453 999 554 1034 vulgati
578 1002 642 1026 sunt
658 1002 749 1025 autem
765 997 837 1026 Aetii
849 997 912 1025 libri
925 997 1000 1025 Con-

207 1045 385 1080 stautinopoli
412 1046 463 1073 sub
486 1045 569 1072 finem
591 1044 683 1080 quarti
701 1043 804 1072 szeculi.

242 1091 377 1122 Alterum,
396 1091 469 1126 quod
492 1090 538 1117 fiat
553 1091 580 1117 in
595 1090 675 1117 tertio
691 1090 801 1125 dialogo
814 1089 917 1117 mentio
935 1096 1002 1116 con-

210 1137 277 1168 cilii,
301 1137 328 1163 in
339 1144 393 1171 quo
403 1136 529 1163 nonnihil
543 1136 576 1163 de
588 1132 689 1170 Spiritu
702 1139 797 1162 sancto
813 1137 859 1162 aut
878 1134 1002 1162 additum

207 1187 250 1210 est
272 1183 396 1218 symbolo
417 1182 539 1214 Nicano,
564 1182 586 1209 si
607 1186 697 1209 tamen
717 1189 782 1208 vere
804 1180 927 1208 additum
950 1185 1001 1213 est,

208 1234 236 1255 et
252 1236 307 1256 non
327 1228 419 1263 potius
438 1227 606 1263 explicatum
628 1222 761 1254 adversus
784 1226 935 1254 Macedonii
949 1226 1004 1253 hae—

210 1273 295 1304 resin,
326 1272 399 1307 quod
428 1272 536 1298 Nicmna
566 1270 687 1306 synodus
716 1269 828 1297 brevius
852 1270 1001 1297 docuisset.

210 1317 325 1352 Scripsit
335 1324 400 1351 ergo
408 1316 577 1350 dialogorum
589 1320 684 1342 auctor
692 1319 754 1350 post
763 1322 864 1342 annum
874 1315 937 1347 581,
949 1322 1004 1350 quo

210 1370 281 1389 anno
301 1361 468 1389 celebratum
489 1365 530 1387 est
544 1359 783 1395 Constantinopoli
806 1360 952 1387 concilium
972 1368 1002 1386 ιι.

247 1408 429 1437 Postremum,
451 1405 524 1440 quod
545 1405 619 1432 nulla
642 1413 657 1432 e
674 1405 812 1432 contrario
830 1405 877 1432 fiat
900 1405 1003 1433 mentio

212 1457 349 1480 motarum
367 1460 381 1478 a
405 1451 531 1479 Nestorio
546 1459 578 1478 ac
592 1450 715 1487 Eutyche
731 1452 764 1479 de
777 1451 860 1479 Verbi
877 1451 1003 1479 incarna-

1046 230 1116 258 rent,
1133 226 1206 261 quod
1220 225 1382 253 auctoritate
1398 224 1520 252 Ecclesia
1535 223 1706 258 sanciverat;
1719 225 1837 261 denique

1045 279 1101 299 non
1122 271 1199 306 prius
1213 271 1328 298 desiisse
1343 270 1428 298 unius
1443 270 1565 297 materiae
1581 271 1740 304 tractandae,
1757 279 1836 306 quam

1046 316 1098 343 alia
1114 316 1225 351 majoris
1237 323 1288 351 pro
1310 319 1432 350 tempore
1445 315 1578 342 momenti
1594 315 1627 342 ad
1651 323 1679 343 se
1693 323 1838 347 generosos

1047 360 1111 388 fidei
1124 361 1282 389 defensores
1294 361 1430 394 traheret;
1443 361 1511 390 adeo
1523 365 1553 388 ut
1563 361 1756 397 ebronologica
1768 369 1838 397 qua:-

1048 406 1110 433 dam
1136 406 1272 434 sententia
1286 405 1351 434 ferri
1370 406 1467 441 possit,
1482 409 1511 433 et
1531 406 1566 433 de
1589 406 1736 434 haeresium
1749 410 1837 438 aetate.

1047 460 1082 480 ex
1101 453 1199 487 libris;
1221 458 1249 480 et
1271 453 1303 480 de
1322 452 1457 480 librorum
1479 455 1615 487 tempore,
1631 459 1666 479 ex
1678 451 1837 480 haeresibus.

1049 529 1063 567 ᾗ
1078 529 1111 559 ll.
1125 528 1211 564 Quam
1226 531 1340 558 incertus
1355 530 1435 566 fuerit
1449 531 1478 557 in
1495 532 1562 557 hunc
1575 538 1656 566 usque
1669 531 1738 558 diem
1753 530 1838 559 dialo-

1281 573 1375 601 gorum
1403 570 1506 593 auctor.

1083 633 1104 661 1.
1121 633 1206 665 Quam
1221 633 1344 660 incertus
1357 631 1439 660 fuerit
1452 632 1480 660 in
1500 632 1574 660 hunc
1592 641 1679 668 usque
1694 633 1766 661 diem
1782 633 1839 660 dia-

1049 676 1174 715 logorum
1195 683 1301 711 auctor,
1319 678 1463 706 manifeste
1481 678 1630 706 ostendunt
1653 678 1712 706 aliae
1725 678 1841 706 aliorqu

1049 733 1133 760 super
1153 733 1186 753 ea
1214 733 1243 752 re
1270 724 1422 752 sententiae.
1446 723 1601 759 Scriptores
1627 723 1700 751 enim
1720 723 1842 760 ejusdem

1049 772 1138 799 aetatis
1162 771 1234 799 inter
1258 779 1287 798 se
1316 775 1448 807 pugnant,
1473 775 1501 798 et
1525 770 1614 799 Graeci
1629 779 1646 798 a
1668 779 1698 798 se
1721 770 1839 798 invicem

1051 817 1226 849 dissentiunt,
1240 819 1268 843 et
1284 824 1357 844 unus
1369 816 1495 850 idemque
1513 815 1632 850 scriptor
1641 814 1694 842 sibi
1708 822 1762 842 non
1779 822 1843 842 con-

1052 863 1145 895 sentit,
1171 862 1298 897 idemque
1324 869 1394 897 opus
1415 861 1498 888 modo
1525 861 1591 888 huic
1614 861 1732 894 auctori,
1757 860 1841 888 modo

1052 908 1132 936 alteri
1159 907 1266 935 tribuit.

1087 955 1121 982 ll.
1137 953 1301 989 Scriptores,
1311 960 1383 988 quos
1394 952 1468 985 dico,
1475 953 1596 981 recentis
1610 957 1674 981 sunt
1687 953 1738 982 aevi
1756 961 1764 980 :
1779 960 1842 980 nam

1052 999 1100 1034 qui
1116 1007 1131 1026 e
1151 998 1292 1026 veteribus
1314 997 1483 1033 dialogorum
1512 997 1680 1030 meminerit,
1704 998 1840 1025 neminem

1052 1053 1143 1080 neque
1170 1044 1305 1076 Graecum,
1323 1051 1412 1078 neque
1434 1041 1561 1071 Latinum
1579 1043 1653 1071 novi.
1668 1043 1729 1071 Non
1748 1044 1846 1072 memi-

1054 1092 1095 1119 nit
1116 1096 1190 1119 ocrte
1213 1090 1338 1122 Photius,
1364 1097 1415 1117 nec
1438 1089 1509 1116 alius
1529 1089 1716 1117 nomenclator
1727 1089 1842 1124 scripto.

1053 1146 1124 1166 rum.
1141 1137 1214 1164 Inter
1229 1136 1341 1164 Latinos
1357 1135 1524 1163 mentionem
1541 1134 1606 1161 fecit
1627 1134 1696 1162 Beza
1712 1135 1842 1169 primum,

1053 1186 1111 1209 tum
1130 1182 1279 1213 Scultctus,
1301 1185 1395 1216 postea
1412 1179 1574 1207 Franciscus
1588 1179 1779 1212 Combelisius,
1797 1180 1845 1214 qui

1052 1231 1081 1254 et
1105 1234 1175 1261 opus
1196 1226 1248 1253 hoc
1269 1233 1284 1253 e
1312 1225 1406 1253 Grmco
1430 1227 1584 1252 verterunt.
1605 1224 1674 1251 Beza
1685 1223 1797 1258 quidem
1817 1227 1845 1250 et

1053 1271 1233 1300 Combelisius
1243 1272 1350 1306 priores
1359 1271 1480 1306 quinque
1490 1270 1624 1305 dialogos,
1632 1269 1772 1297 Scultctus
1781 1276 1846 1296 vero

1054 1319 1175 1353 reliquos
1198 1317 1278 1345 duos.
1295 1317 1318 1344 E
1337 1317 1439 1344 Graecis
1458 1324 1551 1348 neum,
1569 1315 1642 1350 quod
1662 1315 1775 1350 quidem
1799 1322 1841 1341 re—

1054 1364 1162 1396 corder,
1183 1363 1237 1390 nisi
1258 1363 1332 1390 circa
1348 1367 1471 1397 tempora
1488 1361 1598 1389 concilii
1620 1360 1784 1393 Florentini,
1799 1366 1846 1388 aut

1054 1413 1130 1437 certe
1149 1417 1211 1437 eum
1225 1409 1259 1436 de
1280 1408 1455 1443 processione
1480 1407 1598 1442 Spiritus
1623 1407 1710 1434 sancti
1734 1410 1847 1434 conten-

1054 1457 1152 1484 tiosius
1175 1455 1335 1483 dimicatum
1360 1459 1411 1486 est,
1437 1454 1560 1490 dialogos
1579 1453 1647 1481 istos
1663 1452 1795 1480 laudavit.

210 1499 287 1526 tione
312 1497 505 1543 quaestionum,
522 1505 585 1543 cum
608 1501 699 1524 tamen
719 1497 820 1524 mirum
841 1497 869 1524 in
891 1497 1001 1525 modum
1017 1514 1038 1543 ο
1089 1501 1135 1529 Ill.
1156 1501 1247 1528 Latini
1262 1508 1345 1535 porro
1357 1500 1396 1527 illi
1415 1504 1482 1532 tres,
1505 1482 1575 1534 duos
1591 1482 1847 1534 appellavi,aliique

210 1544 320 1578 utrique
338 1542 531 1575 (orthodoxum
554 1542 616 1569 dico
641 1547 670 1569 et
687 1542 925 1578 Apollinaristam)
941 1551 1005 1578 pro-

210 1591 308 1619 fuisset
331 1594 469 1618 momenta
496 1588 634 1616 rationum
660 1583 948 1617 suarum‘deﬁnitione
962 1597 1006 1626 sy-

211 1637 276 1664 nodi
302 1636 446 1671 Ephesinaa
457 1634 578 1667 firmare,
592 1635 649 1662 sive
664 1637 840 1663 naturaeduae
853 1635 879 1662 in
894 1635 1006 1663 Christo

211 1683 332 1718 perfecte
355 1679 502 1716 probandae
525 1685 627 1712 essent,
658 1681 715 1708 sive
735 1681 882 1708 asserenda
902 1681 1006 1716 Virgini

212 1727 391 1756 sanctissima:
407 1734 456 1753 sua
468 1726 590 1760 Deiparze
605 1725 734 1761 dignitas.
751 1726 851 1762 Scripti
864 1731 929 1754 sunt
941 1735 1006 1762 ergo

212 1773 313 1808 dialogi
333 1777 396 1799 ante
423 1770 573 1798 concilium
591 1770 762 1806 Ephesinum
786 1771 808 1805 ‘,
833 1775 915 1807 atque
938 1772 1008 1800 adeo

211 1822 274 1846 ante
299 1824 401 1844 annum
426 1816 488 1844 45L

247 1862 336 1895 Quid?
349 1861 422 1896 quod
436 1862 545 1890 videtur
559 1861 727 1897 dialogorum
745 1861 864 1897 scriptor
879 1861 907 1889 id
921 1868 1006 1888 unum

213 1908 322 1936 consilii
348 1908 488 1940 habuisse,
517 1912 557 1940 ut,
577 1915 647 1942 quos
674 1908 822 1935 concilium
846 1915 874 1938 ιι,
901 1914 1005 1934 canone

214 1952 303 1986 primo
320 1952 473 1985 haereticos,
488 1952 675 1979 Ennomianos
686 1952 743 1979 sive
756 1950 914 1983 Anomceos,
929 1951 1005 1978 Aria-

214 2004 265 2024 nos
287 2000 316 2023 et
329 1996 524 2029 Semiarianos,
545 1997 602 2024 sive
625 1994 892 2024 Pneumatomachos
914 2001 942 2023 et
959 1997 1007 2025 Sa-

213 2041 357 2074 bellianos,
366 2040 562 2074 Marcellianos,
575 2041 754 2070 Photinianos
761 2049 792 2069 ac
800 2038 1007 2077 Apollinaristas

213 2086 400 2120 damnaverat,
417 2094 465 2114 eos
475 2087 574 2122 partim
586 2087 690 2114 ratione
704 2086 890 2120 convinceret,
905 2088 1005 2123 partim

214 2132 398 2168 objectionum
407 2133 544 2160 solutione
556 2131 722 2160 dcbililaret.
736 2131 836 2168 Scripti
845 2139 909 2161 sunt
922 2134 1005 2169 igitur

1055 1555 1110 1574 non
1126 1546 1238 1581 majoris
1250 1545 1433 1578 auctoritatis,
1451 1545 1575 1580 dialogos
1584 1545 1628 1572 vel
1638 1544 1788 1572 Athanasio
1798 1544 1848 1571 tri-

1054 1593 1152 1624 buunt.
1169 1592 1213 1620 vel
1227 1591 1344 1619 Maximo
1369 1590 1504 1619 monacho
1520 1599 1526 1617 :
1541 1597 1596 1617 non
1610 1593 1701 1619 tamen
1722 1597 1848 1624 magnam

1055 1639 1107 1666 sibi
1126 1638 1276 1667 conciliant
1302 1637 1394 1664 ﬁdem.
1411 1636 1479 1664 Nam
1496 1636 1615 1671 primum
1640 1635 1667 1663 id
1695 1635 1789 1663 timide
1803 1632 1848 1660 fa-

1055 1685 1142 1717 ciunt,
1166 1689 1194 1712 et
1208 1683 1266 1711 fere
1285 1687 1403 1716 tantum,
1420 1687 1450 1710 ut
1466 1689 1522 1710 non
1543 1682 1603 1710 sine
1617 1682 1709 1718 aliqua
1725 1681 1850 1709 auctoris

1054 1731 1166 1758 nomine
1185 1733 1315 1765 appareat
1334 1736 1415 1764 opus,
1431 1728 1465 1755 de
1478 1736 1534 1762 quo
1550 1727 1718 1763 loquuntur;
1736 1727 1853 1759 deinde;

1054 1775 1202 1804 levissimis
1228 1775 1373 1809 dubiisque
1398 1773 1508 1801 indiciis
1530 1773 1641 1808 impulsi
1663 1777 1737 1801 sunt.
1753 1772 1846 1801 Co‘dcx

1055 1828 1129 1850 certe
1156 1820 1277 1852 Gnaeus,
1300 1827 1354 1855 quo
1374 1827 1440 1847 usus
1460 1823 1502 1846 est
1513 1819 1594 1851 Bcza,
1611 1819 1717 1853 priores
1730 1823 1850 1853 quatuor

1057 1867 1179 1902 dialogos
1197 1865 1338 1893 Athanasii
1364 1864 1474 1892 nomine
1494 1863 1642 1899 inseriptos
1665 1863 1771 1895 habuit,
1799 1861 1849 1890 sed

1057 1912 1154 1940 habuit
1162 1911 1242 1939 simul
1254 1910 1288 1938 ad
1297 1911 1445 1945 marginem
1456 1909 1537 1945 primi
1547 1909 1713 1945 ascriptum:
1724 1909 1775 1936 Τδν
1782 1917 1849 1944 πιρ-

1055 1959 1119 1985 ὀντα
1147 1957 1282 1991 διάλογον,
1311 1957 1335 1982 οἱ
1364 1955 1413 1990 μὲν
1437 1955 1608 1986 Ἀθανασὲον,
1625 1956 1648 1982 οἱ
1671 1955 1698 1981 δὲ
1721 1954 1850 1989 Μαξίμου

1055 2001 1124 2030 εἶναι
1138 2002 1271 2037 λέγουσιν.
1288 2000 1428 2028 Palatinus
1435 1999 1521 2028 codex
1536 2000 1698 2035 insignior',
1713 1999 1759 2034 qui
1775 2007 1850 2027 nune

1056 2050 1084 2078 in
1099 2048 1265 2077 bibliotheca
1281 2047 1411 2075 Vaticana
1426 2050 1478 2079 est,
1496 2047 1600 2074 nullius
1612 2046 1732 2074 auctoris
1747 2053 1851 2073 nomen

1055 2093 1179 2128 profert;
1195 2093 1265 2118 alter
1284 2099 1350 2118 vero
1370 2091 1468 2126 aliquis
1484 2090 1623 2118 inferioris
1643 2096 1714 2118 notae
1730 2091 1850 2126 particu-

1055 2139 1109 2166 lam
1129 2136 1244 2164 secundi
1273 2135 1373 2171 dialogi
1400 2135 1551 2163 Athanasio
1578 2135 1732 2170 adjudicat;
1752 2143 1849 2163 verum

214 2178 314 2214 dialogi
335 2187 368 2206 eo
393 2179 524 2213 temporis
541 2179 638 2214 spatio,
664 2178 736 2214 quod
756 2179 827 2207 inter
842 2181 1004 2208 'concilium
1023 2183 1043 2210 D
1057 2183 1191 2219 ejusmodi
1200 2182 1345 2217 judicium,
1359 2190 1421 2208 cum
1445 2182 1471 2209 in
1490 2181 1612 2216 margine
1636 2185 1741 2208 tantum
1754 2189 1768 2208 a
1784 2189 1853 2209 con—

214 2224 366 2252 secundum
388 2228 416 2252 et
441 2224 589 2252 concilium
607 2223 776 2259 Ephesinum
791 2223 949 2260 intc‘rtlux'it.

251 2270 310 2297 Huc
341 2270 404 2297 facit
414 2270 572 2305 plurimum,
590 2271 664 2305 quod
683 2271 799 2306 quisque
821 2275 911 2306 potest
933 2270 1006 2298 facili

215 2315 325 2351 negotio
345 2315 417 2342 inter
534 2315 683 2350 scriptores
700 2316 900 2344 ecclesiasticos
912 2316 1005 2352 legen-

215 2361 265 2388 dos
284 2361 429 2388 observare
443 2370 449 2386 :
462 2368 510 2388 eos
523 2369 620 2396 nempe
636 2362 731 2389 solitos
753 2362 848 2394 fuisse,
862 2366 1006 2397 postquam

217 2407 334 2434 haereses
352 2410 400 2434 aut
425 2411 511 2434 enataa
535 2411 609 2439 sunt,
628 2411 675 2434 aut
693 2407 785 2443 potius
804 2408 965 2443 prodierunt
979 2409 1006 2435 in

216 2453 367 2488 publicum,
384 2453 505 2487 primum
520 2460 570 2487 pro
595 2452 647 2480 fide
661 2458 756 2487 aperto
773 2458 860 2480 marte
873 2461 1006 2488 pugnare,

217 2497 306 2525 donec
325 2498 446 2525 Ecclesia
468 2498 496 2524 in
514 2497 627 2532 synodis
641 2502 669 2524 et
691 2497 899 2525 definitionibus
914 2497 1007 2525 fideles

218 2541 338 2576 doceret,
353 2546 380 2570 et
391 2542 532 2570 haereticos
539 2542 711 2570 anathemate
720 2543 896 2578 percelleret;
906 2542 1006 2571 deinde

1056 2230 1161 2266 jectore
1177 2228 1269 2263 aliquo
1288 2227 1437 2262 ascriptum
1455 2227 1501 2259 sit,
1526 2227 1604 2262 parvi
1626 2232 1668 2254 est
1687 2227 1831 2254 momenti.

1094 2273 1137 2301 ιν.
1150 2272 1237 2300 Graeci
1252 2271 1317 2304 duo,
1335 2271 1482 2306 Gregorius
1498 2271 1724 2307 protosyncellns.
1740 2271 1786 2306 qui
1800 2271 1852 2298 ad-

1059 2326 1155 2345 versus
1169 2317 1313 2352 epistolam
1322 2315 1405 2344 Marci
1416 2315 1539 2350 Ephesii,
1555 2315 1707 2351 apologiam
1719 2324 1854 2350 quorum-

1060 2363 1122 2391 dam
1132 2361 1211 2399 425
1223 2361 1333 2390 Patrum
1344 2362 1464 2397 scripsit,
1475 2366 1503 2388 et
1514 2361 1668 2391 Demetrius
1679 2361 1853 2396 Cydonius',

1059 2410 1137 2444 cujus
1158 2415 1239 2443 opera
1264 2406 1395 2434 nonnulla
1412 2406 1549 2434 Arcudius
1569 2407 1690 2439 edidit”,
1711 2407 1855 2439 nonnihil.

1059 2452 1157 2484 fateor,
1173 2460 1207 2480 ex
1217 2452 1307 2487 primo
1319 2451 1457 2486 tertioque
1468 2451 1622 2486 proferunt,
1637 2452 1713 2480 velut
1723 2460 1755 2479 ex
1766 2459 1854 2488 opere

1059 2498 1178 2525 Maximi.
1198 2498 1300 2525 Verum
1315 2497 1442 2525 homines
1460 2497 1510 2530 illi,
1523 2503 1704 2533 praeterquam
1717 2497 1789 2533 quod
1807 2505 1855 2524 re-

1059 2543 1195 2571 centiores
1207 2547 1279 2575 sunt,
1292 2550 1374 2578 quam
1386 2547 1417 2570 ut
1431 2542 1540 2570 valeant
1554 2543 1718 2570 auctoritate
1731 2550 1780 2570 sua
1793 2542 1853 2570 sola

883 2617 1043 2649 SGHULZII
1061 2618 1180 2648 NOTA'J.

254 2692 265 2708 '
279 2692 401 2719 Primum
418 2691 522 2719 scilicet
549 2692 602 2719 hoc
616 2699 675 2719 esse
699 2691 819 2726 Operum
842 2690 1019 2722 Theodoreti,
1047 2691 1176 2726 etrcirca
1208 2697 1309 2726 annth
1336 2690 1388 2726 425
1421 2690 1614 2726 compositum,
1625 2690 1784 2726 jamdsupra
1803 2688 1856 2726 de-

156 2719 170 2727 "
221 2727 335 2754 claravit
347 2726 504 2753 Garnerius.
529 2726 588 2753 Huc
604 2727 677 2753 enim
694 2719 819 2760 spectare
833 2730 960 2760 putamus
979 2719 1069 2753 locum
1084 2725 1114 2752 in
1126 2723 1251 2752 Historia
1271 2724 1448 2760 Theodoreti,
1463 2719 1493 2760 p.-
1512 2725 1573 2756 149,
1588 2719 1658 2760 θ’ΐό.
1679 2719 1744 2760 Viri.-
1763 2723 1852 2760 Uudi-

221 2769 298 2793 rium,
315 2762 333 2788 l.
348 2769 386 2792 οη
400 2765 423 2788 t.
440 2761 461 2792 Ι,
521 2761 600 2788 “2%.
639 2762 649 2776 ⁸
663 2758 742 2793 Alius
758 2758 850 2788 autem
868 2760 982 2788 Palatini
997 2760 1110 2791 codicis,
1126 2761 1174 2794 qui
1189 2760 1240 2787 hos
1259 2759 1381 2794 dialogos
1394 2764 1455 2794 post
1463 2758 1522 2787 alia
1541 2758 1651 2787 Μιιὶἰωὶ
1663 2759 1776 2794 scripta,
1789 2758 1854 2786 sine

221 2804 292 2822 novo
308 2796 391 2822 titulo
410 2796 473 2822 eshi
494 2800 532 2822 et.
553 2795 679 2822 meminit
691 2795 901 2822 Felelunannus.
917 2795 984 2822 edit.
1002 2795 1145 2822 Commel..
1166 2803 1191 2822 ι).
1208 2795 1253 2822 8.5.
1288 2795 1297 2809 ⁷
1313 2793 1456 2822 Cudonius.
1474 2793 1527 2822 Seu
1549 2794 1684 2822 Cydonea.
1697 2793 1739 2821 vel
1756 2798 1785 2821 ut
1801 2792 1853 2820 alii

220 2804 292 2823 novo
308 2796 391 2823 titulo
410 2796 473 2823 eshi

513 2800 532 2827 t,
553 2795 679 2823 meminit
691 2795 901 2829 Felclttnannus,
917 2795 984 2822 edit.
1002 2792 1145 2825 Commelf,
1166 2803 1191 2829 pp.
1208 2795 1253 2822 8.5.
1288 2795 1297 2809 ⁷
1313 2792 1456 2829 Εῂίιοὴὴιις.
1474 2793 1527 2822 Seu
1549 2794 1684 2829 Cydonea,
1697 2792 1739 2821 vel
1756 2798 1785 2821 ut
1801 2792 1853 2820 alii

223 2831 338 2862 malunt,
367 2825 541 2866 Byzantinus.
578 2831 701 2858 lEdidit.
723 2831 751 2858 ιη
778 2825 924 2867 Opusculis
952 2830 1140 2866 theologorum
1166 2825 1346 2863 'Graccorum;
1374 2829 1454 2857 Rom.
1479 2828 1545 2858 “$50
1566 2825 1592 2857 ét
1612 2829 1688 2857 l67l.
