1971 3046
141 138 193 170 373

133 240 297 276 iamdudum
316 243 454 277 corruptis
470 244 628 278 utebantur,
651 248 816 277 auctoritate
849 248 927 279 moti,

136 287 305 323 populariter
314 287 445 316 citarunt.
464 289 554 322 Quid?
565 291 639 325 quod
656 296 772 326 uterque
788 293 856 320 visit
868 297 929 327 post

136 332 275 362 decimum
292 338 420 368 quartum
433 335 574 368 tusculum,
589 344 644 371 quo
660 342 783 372 tempore
801 338 927 372 supposi-

134 377 174 405 tio
191 378 354 414 jamdudum
371 379 443 407 facta
461 379 560 408 fuerat.
583 381 617 409 Et
632 390 714 409 nemo
734 383 782 418 qui
798 391 927 419 κριτικω-

137 422 223 458 τέρως
237 422 395 453 Graecorum
406 424 516 452 codices
524 426 699 460 mss.legerit,
710 435 764 454 non
777 428 925 463 perspexit,

132 474 214 500 quam
230 470 352 505 corrupti
376 471 443 503 sint,
470 479 607 507 quamque
629 474 702 508 apud
726 475 800 509 ipsos
821 475 928 502 soleant

133 513 317 546 supposititiis
342 514 423 543 libris
447 515 457 531 ⁹
478 517 612 545 nobilium
637 518 750 546 Patrum
775 526 858 554 opera
885 520 927 547 in-

133 557 274 591 terpolari.

168 602 198 629 ν.
218 603 372 632 Prudenter
384 604 567 634 Combefisius
578 607 605 634 iu
622 608 732 643 synopsi
743 616 857 643 operum
871 609 926 636 Ma-

132 649 209 680 ximi,
231 657 291 685 quze
304 651 403 684 edidit,
417 659 467 680 eos
482 660 511 680 se
528 653 650 689 dialogos
675 655 792 683 Marium
803 655 925 683 tribuere

131 695 249 727 monuit,
270 703 382 732 propter
400 699 510 726 codices
523 699 603 732 duos,
626 701 777 728 Romanum
797 709 813 729 a
837 701 925 728 cardi—

131 741 193 768 nale
205 741 321 769 Baronio
339 743 465 775 relatum,
479 748 508 771 et
519 745 654 772 Venetum
671 745 805 773 Gerasimi
819 747 922 780 Blachi,

130 786 211 813 donec
230 788 287 821 quis
302 789 453 817 certioribus
471 797 502 816 es
525 793 700 819 monumentis
721 792 798 819 aliter
809 793 922 828 opinan-

131 831 194 859 dum
203 834 315 861 suaserit
330 834 360 861 ιθ.
377 834 483 867 Quibus
495 836 588 864 verbis
603 837 689 864 videri
711 842 802 872 potest
817 837 922 872 opinari

131 877 249 911 codices,
280 887 398 913 quorum
426 882 561 914 meminit,
585 883 676 911 minus
706 884 806 911 habere
829 889 924 912 aucto-

132 923 232 956 ritatis,
256 932 338 958 quam
361 933 431 960 opus
445 931 519 956 esset
542 927 576 956 ad
596 928 749 957 faciendam
769 934 871 957 certain
894 929 926 956 fi-

131 967 205 996 dem.

168 1014 211 1046 Vi.
226 1015 246 1043 E
272 1017 474 1046 recentioribus
491 1018 592 1047 Graecis
609 1019 654 1048 vix
669 1020 819 1055 quidquam
834 1021 925 1057 colligi

131 1068 211 1094 posse
234 1067 369 1091 autumo:
391 1064 613 1099 quandoquidem
635 1073 687 1093 nec
701 1074 797 1094 omnes
811 1060 882 1095 inter
895 1075 925 1096 se

130 1108 308 1140 conveniunt,
327 1118 378 1138 nec
396 1117 467 1139 unus
489 1110 546 1138 fere
565 1118 669 1138 secum.
688 1111 820 1140 Eumdem
834 1112 924 1140 dialo-

130 1160 195 1187 gum
211 1154 293 1186 alius,
303 1155 357 1184 imo
368 1155 441 1185 idem
449 1155 559 1191 aliquis,
573 1157 654 1185 modo
665 1157 740 1190 huic,
752 1159 834 1186 modo
845 1159 927 1187 alteri

131 1199 237 1228 auctori
252 1201 358 1229 tribuit.
380 1201 446 1236 Legi
459 1207 534 1230 certe
547 1210 630 1237 super
641 1210 673 1231 ca
688 1211 718 1231 re
736 1211 791 1231 non
804 1204 924 1232 oscitan-

131 1248 173 1271 ter
196 1245 365 1275 Demetrium
386 1246 551 1282 Cydoniam,
578 1248 617 1275 De
638 1249 799 1283 praemione
811 1248 926 1284 Spiritus

129 1291 234 1323 sancti;
250 1291 400 1326 Josephum
422 1292 628 1321 tiethonensem
650 1294 678 1322 in
702 1294 879 1329 Responsione
890 1295 926 1322 ad

131 1335 280 1371 Epistulam
292 1337 376 1365 Marci
394 1338 516 1373 Ephesii,-
534 1339 654 1367 Marcum
672 1340 761 1375 ipsum
776 1340 925 1375 Ephesium

131 1382 160 1408 in
177 1383 287 1410 concilio
306 1383 478 1418 Florentino;
501 1385 635 1413 Joannem
646 1386 785 1414 Vecchum
796 1386 925 1417 Adventu

130 1428 267 1456 Andream
295 1429 478 1462 Comaterum,
506 1435 535 1458 et
553 1431 615 1458 aliis
636 1431 664 1458 in
694 1432 836 1467 operibus,
865 1441 926 1467 qum

130 1473 235 1503 Gracia
248 1475 401 1503 orthodoxa
411 1476 504 1503 Allatii
525 1476 653 1509 exhibet;
677 1477 816 1504 Andream
835 1477 925 1512 ipsum

129 1518 306 1548 Gomaterum
331 1520 405 1555 apud
428 1521 582 1554 Veccbum;
606 1521 766 1557 Gregorium
780 1527 924 1558 protosyu-

130 1565 231 1593 cellum
249 1566 290 1593 Ad
309 1566 496 1601 imperatorem
518 1567 756 1602 Trapezuutiuum;
776 1567 922 1603 Georgium

132 1610 317 1644 lietochitam,
328 1613 337 1622 '
348 1612 376 1640 in
385 1612 553 1647 Refutatione
563 1613 645 1640 trium
655 1612 785 1641 Planudie
795 1615 921 1649 capitum.

132 1657 208 1691 Legi,
227 1657 349 1691 inquam,
367 1661 396 1685 et
413 1657 484 1685 inter
498 1658 643 1692 legendum
658 1659 839 1687 animadverti
854 1660 925 1687 duos

131 1701 189 1728 fere
217 1705 323 1728 tantum
343 1702 378 1729 ab
401 1702 469 1737 ipsis
492 1703 616 1738 dialogos
633 1703 723 1735 citari,
744 1704 864 1739 primum
894 1712 925 1732 ac

133 1747 260 1779 tertium;
278 1751 306 1774 et
322 1747 442 1782 priorem
456 1748 566 1783 quidem
582 1749 733 1776 Athanasio
746 1749 830 1776 tribui
845 1757 860 1776 a
873 1750 925 1776 Me-

133 1793 247 1824 tochita,
263 1798 345 1827 atque
357 1793 441 1820 etiam
455 1802 471 1821 a
482 1794 604 1826 Veccho;
621 1794 669 1822 sed
680 1802 694 1821 a
709 1795 817 1822 Veccho
846 1795 922 1827 alios,

133 1843 215 1872 atque
232 1846 248 1866 a
269 1839 482 1874 protosyncello,
503 1839 619 1871 Maximo
642 1840 809 1875 adiudicari;
832 1845 924 1875 poste—

133 1883 236 1911 riorem
261 1892 327 1911 vero
352 1883 471 1912 Maximo
486 1885 621 1916 vindicari
641 1894 656 1912 a
674 1885 819 1914 Comatero
835 1890 863 1913 et
874 1885 926 1922 Cy-

133 1929 233 1962 donio;
257 1929 407 1958 Athanasio
425 1934 466 1958 ter
486 1934 534 1957 aut
550 1936 648 1965 quater
665 1939 681 1958 a
700 1931 818 1959 Veccho.

171 1975 225 2002 Vll.
243 1975 338 2010 Neque
361 1984 377 2003 a
402 1976 598 2011 manuscriptis
619 1976 762 2009 codicibus
779 1977 841 2014 plus
862 1985 925 2012 spe—

134 2020 251 2049 randum
267 2021 347 2055 lucis,
359 2029 441 2056 quam
455 2022 490 2049 ab
506 2022 598 2049 editis.
614 2022 682 2049 Nam
697 2025 727 2057 ut
742 2015 849 2050 ex‘uno
865 2030 924 2050 om—

133 2065 212 2093 nium
235 2066 339 2101 optimo
355 2067 390 2094 de
422 2067 536 2102 reliquis
564 2067 698 2102 judicium
718 2067 833 2101 feratur,
855 2076 925 2104 quos

135 2112 229 2146 plures
248 2112 430 2139 Felkmannus
445 2121 460 2140 a
478 2121 507 2140 se
525 2113 598 2147 visos
616 2113 713 2141 scribit
730 2113 761 2146 “,
775 2113 924 2148 Palatinus,

134 2157 182 2192 qui
199 2165 273 2185 nunc
289 2157 317 2187 in
337 2158 465 2189 Vaticana
485 2158 650 2187 bibliotheca
668 2162 805 2191 servatur,
823 2159 927 2186 nullius

473 141 522 171 DE
542 142 718 173 DIALOGIS
735 144 820 175 ADV.
837 142 1014 181 ARIANOS,
1036 145 1337 183 MACEDONIANOS,
1355 146 1435 177 ETC.

139 196 222 225 iidem
238 199 342 225 certam
363 196 468 231 facere;
491 203 566 227 certe
586 201 645 227 sola
670 201 808 233 codicum,
832 202 932 236 quibus
945 202 969 230 Δ

1716 147 1768 180 171

1104 203 1118 238 §
1133 203 1177 231 lil.
1191 203 1267 236 Quod
1281 211 1350 231 unus
1372 204 1407 231 sit
1421 205 1538 231 omnium
1556 209 1657 232 auctor.

1015 248 1035 274 l.
1054 248 1084 276 In
1105 253 1210 284 septem
1235 249 1350 285 dialogis
1367 250 1563 285 impugnantur
1579 250 1697 279 haereses
1708 259 1764 279 om-

978 293 1045 320 nino
1063 298 1127 326 tres,
1151 294 1250 322 Ariana
1266 295 1406 330 prioribus
1429 296 1555 329 duobus;
1574 296 1662 324 tribus
1676 301 1765 332 poste-

979 338 1100 366 rioribus
1111 339 1319 374 Macedoniam;
1335 340 1539 375 Apollinariana
1554 341 1671 368 duobus.
1684 341 1766 376 Opor-

978 387 1017 411 tet
1033 384 1117 419 igitur
1125 385 1270 413 ostendere
1283 394 1290 412 :
1303 386 1433 420 primum,
1443 387 1549 421 priores
1564 386 1634 414 duos
1647 386 1768 422 dialogos

977 428 1012 459 ab
1026 437 1082 456 uno
1100 437 1161 457 esse
1176 435 1287 458 auctore
1303 431 1483 466 compositos;
1509 431 1621 464 deinde,
1649 432 1684 459 ab
1710 439 1766 459 uno

977 474 1042 502 item
1059 479 1116 502 tres
1137 480 1233 503 contra
1254 476 1461 510 Macedonium;
1480 477 1572 509 tertio,
1598 477 1631 505 ab
1647 485 1702 505 uno
1718 485 1766 512 pa~

977 521 1045 549 riter
1066 522 1136 549 duos
1158 527 1252 550 contra
1268 521 1483 557 Apollinarium;
1513 523 1632 557 denique
1652 523 1688 550 ab
1711 531 1768 551 uno

976 567 1129 602 eodemque
1152 575 1259 596 omnes.

1010 612 1043 639 ll.
1062 612 1157 645 Quoad
1174 612 1292 648 primum
1308 621 1315 640 :
1334 613 1460 648 quisquis
1480 621 1535 641 non
1556 614 1705 642 oscitanter
1724 615 1765 642 le-

974 658 1045 692 gerit
1062 659 1170 694 priores
1187 659 1256 687 duos
1269 659 1402 691 adversus
1416 659 1545 687 Arianam
1563 660 1690 693 Μελ-θείη,
1705 661 1765 688 ani«

975 704 1129 733 madvertet
1160 705 1251 738 facile,
1278 713 1334 732 non
1364 713 1425 732 esse
1449 705 1592 734 diversum
1620 706 1766 741 utriusque

973 753 1126 778 auctorem.
1154 751 1202 778 Est
1222 751 1296 779 enim
1315 751 1459 781 amborum
1484 759 1539 785 una
1554 752 1670 786 quastio
1685 759 1694 784 ;
1712 759 1765 781 una

972 796 1131 830 quaestionis
1147 796 1285 825 solvendae
1307 796 1393 829 ratio;
1412 796 1485 824 idem
1502 797 1598 832 stylus,
1613 796 1765 832 eademque

975 841 1129 869 disserendi
1153 842 1241 875 ratio;
1261 842 1358 870 eadem
1382 842 1533 877 Scriptura:
1556 841 1767 877 interpretatioi

976 887 1032 914 imo
1058 891 1087 914 et
1102 888 1262 917 earumdem
1287 888 1372 916 veluti
1397 888 1591 923 paruemiarum
1616 888 1764 919 aﬂ‘ectatio.

974 933 1095 966 Quaestio
1117 933 1264 968 utrobique
1285 938 1327 962 est
1355 934 1389 961 de
1415 934 1554 968 ἀγεννήτῳ
1577 936 1605 962 et
1633 933 1764 968 γεννητῷ.

975 978 1119 1013 Patrisque
1131 982 1158 1006 et
1170 978 1242 1011 Filii,
1259 983 1341 1013 atque
1354 979 1436 1014 etiam
1451 979 1535 1006 totius
1544 978 1687 1013 Trinitatis
1701 986 1769 1013 con:

975 1024 1216 1058 substantialitate.
1234 1024 1312 1058 Quod
1328 1024 1424 1052 iisdem
1440 1024 1588 1060 utrobique
1604 1024 1719 1059 vocibus
1733 1033 1767 1057 ac

975 1069 1105 1103 loquendi
1117 1069 1243 1097 formulis
1252 1070 1370 1106 scriptor
1385 1074 1489 1102 utatur,
1507 1070 1686 1105 eamdemque
1704 1078 1764 1099 ser-

976 1119 1020 1143 Vet
1039 1115 1173 1142 tractandi
1184 1116 1337 1150 argumenti
1354 1115 1479 1147 formam,
1493 1115 1557 1150 quia
1570 1115 1689 1143 lectione
1707 1115 1764 1150 ipsa

975 1160 1077 1187 nemini
1091 1168 1145 1187 non
1161 1165 1287 1188 constare
1301 1164 1402 1195 potest,
1419 1161 1551 1197 exemplis
1565 1168 1618 1188 non
1628 1165 1670 1188 est
1684 1168 1763 1196 opus.

974 1205 1095 1233 Celebris
1109 1205 1154 1233 ille
1167 1206 1253 1238 locus,
1265 1206 1347 1241 Pater
1358 1206 1444 1241 major
1454 1213 1494 1232 me
1507 1210 1555 1238 est,
1572 1206 1668 1233 eodem
1684 1205 1765 1233 modo

975 1251 1120 1286 exponitur
1141 1251 1168 1277 in
1181 1255 1299 1285 utroque
1324 1251 1431 1286 dialogo
1447 1250 1481 1278 dc
1497 1250 1587 1279 Verbo
1612 1250 1763 1287 incarnato,

975 1300 1028 1323 etc.
1048 1295 1156 1323 Eaedem
1180 1295 1314 1322 affectatae
1342 1295 1481 1334 partemin:
1497 1303 1504 1321 :
1524 1294 1553 1322 Si
1572 1295 1651 1322 scires
1668 1295 1765 1321 donum

975 1341 1033 1373 Dei,
1052 1342 1130 1371 scires
1153 1341 1253 1376 utique,
1273 1345 1327 1369 etc.
1357 1340 1436 1376 (Dial.
1459 1339 1496 1376 i.)
1521 1339 1550 1367 Si
1568 1341 1646 1371 scires
1669 1339 1766 1366 donum

975 1385 1033 1417 Dei,
1054 1390 1079 1412 ct
1100 1387 1157 1421 quis
1179 1387 1221 1416 Iit,
1240 1386 1285 1421 qui
1315 1384 1412 1416 docuit,
1436 1389 1489 1412 etc.
1510 1384 1590 1420 (Dial.
1608 1383 1647 1419 2.)
1672 1383 1767 1417 Quid?

975 1430 1049 1466 quod
1067 1439 1083 1458 a
1100 1430 1303 1458 recentioribus
1325 1430 1428 1458 Graecis
1453 1429 1574 1457 citantur
1598 1429 1679 1457 ambo
1692 1431 1766 1458 velut

977 1484 1058 1504 unus.
1070 1476 1214 1504 Videndus
1222 1476 1342 1504 Joannes
1352 1475 1474 1503 Vecchus
1481 1475 1629 1511 epigraphe
1641 1476 1674 1503 15
1682 1477 1766 1509 semel

976 1526 1058 1557 atque
1075 1521 1186 1549 iterum.
1205 1521 1361 1549 Demetrius
1382 1520 1533 1557 Cydonius,
1547 1514 1586 1548 De
1604 1522 1767 1557 proceuione

974 1566 1089 1602 Spiritus
1104 1567 1199 1598 sancti,
1230 1573 1290 1601 cap.
1316 1566 1343 1593 5.
1363 1565 1512 1599 Gregorius
1537 1565 1765 1601 protosyncellus,

973 1612 1013 1639 Ad
1030 1612 1218 1646 imperatorem
1241 1611 1475 1646 Trapezuntinum,
1497 1614 1541 1637 etc

1009 1657 1052 1684 ill.
1072 1656 1149 1684 Adde
1174 1656 1248 1691 quod
1274 1656 1413 1683 secundus
1442 1655 1517 1682 aliud
1544 1654 1602 1683 fere
1626 1655 1696 1692 nihil
1719 1655 1765 1688 sit,

973 1705 1074 1736 praeter
1095 1702 1177 1736 primi
1193 1702 1268 1728 velut
1282 1701 1452 1733 coronidem,
1473 1708 1527 1736 qua
1541 1701 1667 1728 Eunomii
1680 1708 1767 1736 pauca

973 1745 1099 1780 quaedam
1116 1745 1219 1773 scholia
1242 1745 1271 1773 in
1292 1745 1437 1781 epistolam
1455 1745 1538 1779 Aetii,
1565 1751 1594 1773 et
1615 1746 1673 1782 ipsa
1694 1746 1768 1783 Aetii

974 1791 1087 1826 epistola
1116 1791 1266 1819 secundum
1296 1792 1402 1826 singula
1428 1799 1477 1818 sua
1500 1792 1589 1827 capita
1609 1792 1766 1825 refellitur;

974 1837 1047 1872 quod
1058 1837 1110 1864 fuit
1124 1837 1158 1864 ad
1169 1837 1370 1864 absolutionem
1384 1837 1475 1873 operis
1490 1838 1687 1865 necessarium.
1699 1838 1767 1866 Nam

975 1886 1031 1909 tota
1047 1883 1081 1910 de
1101 1883 1225 1918 ingenito
1237 1887 1265 1911 et
1276 1882 1375 1911 Genito
1385 1883 1501 1918 quaestio
1517 1891 1551 1911 ex
1565 1884 1638 1911 Aetii
1651 1883 1770 1919 epistola

975 1928 1151 1963 produxerat.

1010 1975 1054 2003 lV.
1068 1975 1131 2002 Sive
1146 1983 1211 2010 ergo
1224 1975 1279 2002 duo
1298 1975 1352 2002 sint
1367 1974 1479 2010 dialogi,
1493 1975 1567 2010 quod
1584 1975 1670 2011 magis
1688 1983 1767 2009 reor;

975 2021 1033 2048 sive
1054 2021 1138 2048 unius
1166 2020 1227 2048 duae
1250 2024 1361 2055 partes,
1386 2025 1416 2047 ut
1441 2021 1643 2048 recentioribus
1668 2021 1769 2049 Graecis

974 2066 1079 2099 visum;
1106 2074 1180 2094 unus
1203 2071 1278 2094 certe
1303 2066 1422 2101 scriptor
1451 2071 1502 2094 est.

1011 2113 1042 2140 γ.
1068 2112 1146 2145 Quod
1161 2112 1281 2147 pertinet
1299 2112 1333 2139 ad
1347 2112 1510 2144 secundum,
1532 2120 1631 2148 nempe
1647 2112 1770 2148 diaiogos

976 2163 1034 2186 tres
1053 2157 1187 2185 adversus
1199 2157 1389 2184 Macedonium
1411 2158 1494 2185 unius
1508 2166 1569 2185 esse
1588 2159 1718 2191 auctoris.
1735 2166 1769 2187 ei

134 2203 258 2235 auctoris
274 2211 374 2233 nomen
390 2203 474 2240 426
490 2204 539 2238 ulli
556 2204 640 2231 trium
660 2204 786 2240 priorum
801 2204 923 2241 dialogo-
939 2206 962 2234 ι)
975 2202 1056 2239 ﬂ.”
1076 2203 1204 2238 pluribus
1214 2210 1273 2230 non
1288 2203 1407 2230 obscure
1419 2202 1605 2235 concluditur,
1626 2203 1675 2231 sed
1689 2211 1775 2237 esse

137 2256 198 2276 rum
214 2248 376 2284 inscriptum
398 2249 500 2283 habet;
529 2249 577 2278 sed
600 2249 674 2281 hunc
693 2253 798 2277 tantum
815 2250 925 2283 titulum

136 2293 277 2328 praeﬁxum
293 2294 405 2329 primo:
423 2295 563 2329 ‘Avspoiou
582 2295 641 2330 ἤτοι
654 2295 837 2330 Ἀρειανίστου
852 2296 925 2331 dm-

136 2339 212 2373 ὶο-(ία
238 2340 305 2374 μετὰ
327 2340 480 2376 ὀρθοόόξου.
493 2340 638 2368 Secundus
654 2341 722 2368 nihil
738 2341 809 2376 gerit
826 2342 925 2370 inscri-

136 2389 222 2419 ptum.
242 2385 335 2413 Tertio
349 2386 385 2413 ad
411 2386 573 2422 marginem,
602 2387 654 2419 Τοῦ
683 2387 763 2421 ᾲγίου
789 2388 925 2424 Μαξίμου,

136 2431 296 2466 ascriptum.
308 2431 428 2464 Quartus
444 2432 484 2459 sic
495 2431 655 2461 inscribitur
666 2441 672 2460 :
684 2433 736 2460 Τοῦ
750 2433 828 2468 ἁγίου
847 2434 927 2461 Ἀοι-

137 2478 229 2504 νασίου
247 2478 315 2513 πρὸς
330 2477 517 2513 Ἀπολινάριον
537 2478 665 2511 διάλεξις.
689 2478 809 2513 Quintus
834 2487 900 2507 vero
919 2488 926 2506 :

138 2523 192 2549 Τοῦ
213 2523 297 2554 αὐτοῦ
322 2524 546 2560 ’ᾼπρλιναρίστον
564 2525 748 2559 χεφαλαίωπις
761 2525 808 2557 καὶ
824 2526 928 2560 Γρηγο⁵

140 2569 198 2603 ρίου
225 2569 387 2598 ἐπισκόπου.
422 2571 482 2599 Duo
511 2570 611 2606 reliqui
641 2571 804 2606 inscriptum
829 2575 928 2607 gerunt

138 2615 278 2644 Athanasii
302 2624 413 2645 nomen.

173 2661 240 2688 Vltt.
257 2661 357 2689 Verum
371 2663 454 2698 igitur
467 2667 518 2695 est.
534 2663 607 2698 quod
619 2663 700 2694 initio
709 2663 776 2695 dixi.
793 2664 929 2696 incertum

137 2705 223 2736 fuisse
240 2707 373 2737 hactenus
396 2709 566 2746 dialesorum
591 2716 744 2740 auctorem.

975 2249 1139 2281 clarissime,
1162 2249 1236 2283 quod
1253 2248 1281 2275 in
1295 2247 1378 2277 tertio
1389 2248 1441 2275 sub
1454 2247 1546 2281 finem,
1563 2255 1625 2275 cum
1638 2248 1768 2277 recedere

978 2295 1127 2323 meditatur
1146 2293 1369 2326 Macedonianus,
1392 2293 1530 2328 finemque
1552 2293 1660 2330 dialogo
1682 2295 1769 2330 impo-

977 2349 1056 2373 nere,
1081 2340 1126 2367 his
1143 2339 1237 2369 verbis
1261 2339 1349 2366 utitur
1365 2347 1371 2365 :
1394 2339 1499 2373 Ὀλιγος
1517 2340 1585 2374 εἰμὶ,
1604 2340 1723 2375 εὑρίσκω
1741 2340 1769 2366 δὲ

978 2387 1026 2415 τὸν
1037 2387 1185 2421 δυνάμενον
1200 2385 1268 2420 πρὸς
1279 2384 1365 2411 ταῦτα
1379 2386 1467 2411 εἰπεῖν
1476 2392 1482 2398 ·
1508 2385 1605 2411 Πεῖσον
1624 2385 1687 2416 τοὺς
1698 2385 1770 2418 655:»-

980 2432 1097 2463 σκάλους
1120 2440 1182 2467 μου,
1208 2430 1256 2457 καὶ
1271 2430 1409 2465 πείθομαι.
1435 2430 1535 2458 Iisdem
1561 2430 1618 2458 fere
1632 2429 1721 2459 utitur
1740 2430 1769 2459 in

974 2484 1052 2508 sexto
1064 2478 1115 2506 sub
1125 2477 1218 2510 finem,
1230 2485 1293 2504 cum
1303 2476 1517 2512 disputationem
1529 2476 1676 2504 terminare
1689 2476 1749 2505 vult
1761 2485 1767 2503 :

984 2524 1055 2559 Ἐγὼ
1080 2523 1190 2559 ἀμαθής
1213 2524 1282 2557 ειμι,
1309 2522 1369 2556 ᾇγω
1389 2523 1435 2549 τὸν
1457 2521 1618 2549 διδάσκαλόν
1638 2530 1702 2556 μου.
1722 2522 1769 2549 καὶ

979 2570 1131 2605 διαλέγεται
1148 2577 1198 2595 σοι.
1210 2568 1288 2596 Unus
1299 2575 1366 2603 ergo
1382 2572 1425 2596 est
1435 2567 1579 2596 amborum
1594 2571 1700 2596 auctor.
1712 2567 1769 2596 imo

981 2622 1010 2646 et
1021 2615 1131 2651 septimi
1143 2622 1223 2647 ;cum
1237 2613 1310 2641 enim
1323 2613 1387 2641 inde
1400 2612 1509 2646 initium
1522 2613 1604 2650 ducat
1616 2622 1622 2639 :
1640 2613 1676 2640 οὐ
1691 2613 1769 2648 μόνον

983 2661 1114 2697 σφάλλετε
1136 2659 1269 2693 λέγοντες,
1293 2659 1334 2685 ὅτι
1355 2658 1497 2694 όμοούσιός
1517 2659 1591 2686 ἐστιν
1609 2658 1623 2685 ὁ
1648 2658 1710 2689 Υἱὸς
1731 2658 1771 2692 τῷ

984 2707 1083 2743 [la-.91,
1094 2704 1161 2733 ἀλλὰ
1178 2704 1226 2739 xui.
1236 2704 1276 2730 ὃτι
1292 2703 1380 2740 ψυχὴν
1393 2701 1450 2739 εἶχε
1464 2703 1614 2740 σαρκωθέις
1624 2703 1637 2730 ὸ
1651 2703 1768 2738 Κύριος,

808 2756 970 2788 δαιιυιλιι
982 2753 1100 2784 NOTAE-

173 2825 185 2840 '
199 2825 292 2852 libris.
312 2824 394 2856 Oud.,
407 2825 425 2852 l.
439 2833 475 2855 οη
512 2846 517 2852 .
537 2825 613 2856 lll7,
628 2824 711 2851 habet
725 2823 818 2851 titulis.

173 2861 262 2887 nloeos
278 2859 411 2887 tribuunt.
455 2860 473 2876 ¹¹
488 2832 516 2887 Ρη
539 2860 612 2887 notis
634 2859 666 2887 ad
683 2864 748 2887 tom.
763 2859 784 2887 ll
797 2859 818 2887 0

140 2858 262 2896 dialogos
278 2859 411 2887 tribuunt.
455 2860 473 2876 ¹¹
488 2858 516 2887 [η

874 2826 895 2840 ¹⁰
907 2824 1032 2853 Potiores
1049 2827 1149 2853 tamen,

539 2860 612 2887 notis
634 2859 666 2887 ad
683 2864 748 2887 tom.
763 2859 915 2895 llOperum
938 2857 1026 2888 sancti
1050 2856 1201 2886 Athanasii.

1166 2828 1193 2862 ρ..
1215 2820 1276 2854 715,
1305 2820 1371 2848 dicit
1395 2819 1504 2848 codices
1523 2819 1569 2854 qui
1588 2818 1704 2846 Maximo
1720 2817 1771 2844 hoe
