1971 3046
202 152 237 184 75
606 150 796 182 GARNERII
816 148 1130 181 DISSERTATIONIS
1151 150 1180 181 Il
1200 151 1403 183 Al’PENDIX.

1766 147 1818 180 376

182 209 314 241 ostendit,
335 208 443 244 opinor,
467 207 612 235 manifeste
642 214 671 234 se
702 206 884 241 posteriorem
913 212 973 232 esse
990 207 1012 234 A
1027 210 1108 241 gente
1119 206 1226 234 vicibus
1240 208 1341 234 mentis
1353 208 1378 234 in
1391 207 1512 234 Christo.
1527 206 1598 238 Quin
1611 209 1639 232 et
1653 205 1820 232 convenien-

183 255 280 288 altero,
298 255 333 282 .in
347 262 401 289 quo
418 254 450 281 de
467 251 751 284 consubstantialitate
775 250 836 278 Filii
850 250 973 284 disputa-

185 307 244 329 tum
264 301 316 334 sit;
345 301 514 335 disputatum
532 306 599 326 vero
612 303 655 326 est
669 298 780 332 copiose
803 297 831 324 in
851 299 938 323 sexto.

220 354 264 382 Vl.
283 352 434 380 Observare
456 358 538 386 porro
559 351 606 377 hic
620 351 698 385 juvat
722 348 911 376 Macedonium
928 355 975 373 er-

185 407 260 427 rasse
274 406 336 426 cum
349 398 424 429 Ario,
441 405 495 424 non
514 401 620 424 tantum
639 395 673 422 de
690 392 976 422 consubstantialitate

188 444 280 475 Verbi,
300 443 348 471 sed
371 443 454 470 etiarn
478 442 511 469 de
536 442 723 476 assumptione
743 441 841 468 animm
862 449 868 467 :
890 439 975 474 quod,

186 494 286 525 praeter
300 489 336 516 Μ.
350 489 530 516 Mercatorem
548 495 639 519 nemo,
653 487 728 522 quod
746 487 841 518 sciam,
854 485 906 512 nisi
919 485 978 512 dia-

187 535 241 570 logi
264 535 379 569 hujusce
400 538 508 565 auctor,
530 532 654 560 tradidit.
677 531 765 563 Adde,
783 530 857 565 quod
882 537 978 557 recen-

188 581 273 608 tiores
280 579 365 607 Grmci
376 579 466 606 eidem
477 577 583 605 auctori
594 577 703 604 tertium
712 576 849 610 dialogum
857 578 980 602 sextum-

188 634 241 662 que
260 625 392 653 tribuant.
411 625 450 652 Ita
463 624 583 652 Joannes
598 623 732 650 Vccchus.

224 682 280 710 νη.
297 681 357 709 Jam
373 688 450 713 vero,
467 679 541 715 quod
557 679 668 708 tertium
680 682 732 709 est,
748 676 782 704 de
797 675 905 703 duobus
918 674 978 702 dia-

189 728 260 764 logis
274 728 406 755 adversus
417 726 628 762 Apollinarium,
640 724 687 760 qui
701 728 815 758 quartus
827 726 855 749 et
867 721 980 757 quintus

190 776 218 802 in
244 774 326 802 editis
351 773 431 800 libris
458 776 650 803 numerantur.
674 778 722 798 eos
744 777 842 804 nempe
869 768 980 795 unicum

191 820 292 848 habere
320 823 479 851 auctorem,
499 818 572 845 facili
597 817 707 852 negotio
731 815 885 843 conﬁcitur.
912 813 980 842 Nam

190 865 325 900 'quintus
342 863 433 898 quarti
454 862 590 890 absolutio
610 865 663 889 est.
685 860 828 895 Siquidem
843 864 874 886 ut
894 858 921 885 in
938 865 981 885 se-

191 910 282 938 cundo
295 909 377 941 Aetii,
392 908 433 936 sic
447 908 475 935 in
488 908 585 943 quinto
596 906 761 942 Apollinaris
772 905 892 932 rationes
905 903 981 939 sigil-

191 955 268 984 latim
282 959 310 983 et
326 959 517 991 proponuntur
532 959 560 981 et
577 953 732 981 solvuntur.
747 951 850 979 Deinde
865 957 980 977 concors

191 1006 234 1031 est
257 1001 400 1036 utriusque
424 999 567 1032 doctrina,
594 999 649 1026 imo
670 998 782 1030 eadem,
806 996 902 1024 iisdem
924 996 982 1024 fere

192 1048 284 1077 verbis
297 1047 430 1083 exposita,
442 1046 517 1074 idem
530 1045 674 1073 manifeste
689 1044 785 1080 stylus.

228 1105 295 1133 Vill.
325 1105 499 1133 Postremum
529 1103 565 1130 ita
594 1101 778 1130 concluditur.
804 1101 925 1128 Primum
955 1103 983 1127 et

193 1155 299 1179 sextum
310 1150 446 1187 dialogum
460 1148 583 1186 ejusdem
596 1155 656 1176 esse
668 1147 800 1180 auctoris,
814 1146 984 1174 demonstrat

193 1197 316 1225 insolens
340 1196 478 1232 quoddam
499 1195 532 1222 de
554 1194 650 1226 Petro‘,
672 1193 757 1221 Paulo
784 1200 816 1220 ac
839 1192 983 1219 Timotheo

192 1242 308 1274 dictum,
324 1241 403 1278 quasi
418 1248 473 1269 non
492 1241 548 1268 sint
568 1244 624 1267 tres
642 1239 778 1270 homines,
794 1237 842 1265 sed
860 1242 915 1264 tres
931 1237 984 1263 hu-

193 1288 333 1316 manitatis
344 1287 427 1314 unius
436 1287 606 1322 hypostases.
618 1285 686 1312 Nam
703 1285 732 1313 in
746 1287 863 1318 utroque
877 1283 985 1316 dialogo

195 1335 292 1364 iisdem
306 1335 364 1363 fere
378 1333 472 1361 verbis
490 1332 636 1367 exponitur
649 1341 656 1358 ι
670 1336 698 1359 et
713 1330 740 1357 in
757 1330 846 1366 primo
862 1329 985 1366 quidem,

195 1381 328 1417 quaerenti
350 1380 494 1412 Anommo,
511 1378 649 1415 quomodo
670 1377 811 1405 diceretur
832 1376 866 1403 ab
885 1375 986 1403 Ortho-

195 1427 267 1455 doxo
290 1435 299 1452 ‹
316 1434 370 1453 una
387 1425 527 1457 divinitas,
542 1427 571 1451 et
587 1428 642 1451 tres
658 1423 831 1459 hypostascs;
852 1430 861 1447 ί
875 1429 988 1456 respon-

196 1472 242 1500 det
254 1470 449 1500 Orthodoxus:
466 1480 474 1496 ‹
491 1470 525 1498 Ut
545 1469 701 1501 suntPetri,
714 1474 742 1496 et
753 1467 840 1500 Pauli,
855 1472 883 1495 et
897 1467 989 1494 Timo-

197 1519 254 1548 thei
272 1523 328 1546 tres
343 1518 512 1554 hypostases,
529 1520 558 1544 et
577 1524 631 1544 una
653 1515 819 1543 humanitas.
837 1523 846 1540 ι
866 1514 963 1540 Anom.
980 1521 987 1539 :

200 1574 210 1590 ι
227 1564 298 1599 Ergo
314 1549 371 1591 tres
380 1549 449 1590 sunt
461 1562 530 1594 dii,n
546 1566 599 1588 etc.
609 1561 637 1588 In
653 1564 730 1588 sexto
745 1564 847 1592 autem,
857 1566 919 1586 cum
935 1558 990 1585 Μει-
1002 1549 1025 1579 θ

197 1609 366 1638 ecdonianus
387 1609 439 1636 tria
457 1617 540 1635 unum
556 1607 652 1634 dicere!
670 1607 697 1634 in
713 1606 860 1637 Trinitate,
889 1604 990 1639 excipit

198 1656 395 1684 Orthodoxus:
414 1664 423 1680 ι
439 1653 637 1690 llypostasibus
657 1653 709 1681 tria
728 1656 802 1684 sunt,
818 1658 874 1679 non
892 1657 988 1678 unum.

200 1702 304 1731 Maced.
329 1711 339 1727 ι
356 1700 500 1735 Quomodo
523 1700 607 1735 igitur
628 1706 711 1726 unam
735 1698 797 1725 dico
819 1695 962 1724 naturam?
978 1704 987 1722 ι

200 1748 317 1776 Ortbod.
334 1757 343 1772 ι
359 1747 428 1781 Quia
441 1750 468 1773 et
478 1745 559 1774 Pater
575 1749 603 1772 et
614 1745 700 1772 Filius
712 1749 740 1771 et
752 1743 872 1778 Spiritus
882 1746 992 1770 sanctus

202 1794 299 1822 codem
319 1792 400 1828 plane
420 1791 502 1819 modo
524 1790 758 1818 immortalitatem
777 1789 866 1817 Patris
888 1788 991 1815 habet:

203 1843 286 1875 atque
305 1843 337 1866 ut
356 1838 464 1870 Petrus,
479 1837 580 1864 Paulus
601 1841 629 1864 et
651 1836 812 1863 Timotheus
830 1834 912 1862 unius
929 1838 993 1861 sunt

204 1889 319 1917 naturae,
340 1886 368 1912 et
391 1887 447 1910 tres
466 1882 645 1918 hypostases,
661 1881 699 1908 ita
718 1881 825 1909 Patrem
847 1883 875 1907 et
894 1879 993 1906 Filium

203 1935 231 1957 et
244 1929 378 1965 Spiritum
396 1931 521 1956 sanctum
543 1932 597 1955 tres
612 1927 773 1962 hypostases
784 1925 856 1957 dico,
871 1928 899 1952 ct
912 1932 993 1952 unam

203 1982 326 2003 naturam
335 1995 342 2007 ,
358 1984 366 2000 ι
385 1979 438 2001 etc.

242 2031 287 2059 lx.
306 2031 409 2058 Deinde
429 2030 560 2065 parmmia
577 2029 623 2056 illa
643 2029 733 2064 primo
748 2027 924 2062 secundoque
935 2026 995 2053 dia-

206 2079 270 2115 logo
283 2081 422 2112 usurpata,
435 2076 464 2104 Si
481 2077 559 2104 scires
577 2076 675 2102 donum
695 2075 753 2107 Dei,
771 2074 887 2102 aﬁertur
903 2073 996 2100 statim

208 2125 237 2152 in
252 2128 339 2152 sexto.
361 2123 437 2152 Unus
457 2123 539 2158 igitur
561 2126 603 2149 est
619 2121 742 2156 quinque
759 2120 930 2155 dialogorum
946 2126 996 2146 au-

207 2176 279 2204 ct0r,
296 2178 424 2205 unusque
441 2169 550 2196 Arianae
564 2172 592 2195 et
605 2167 804 2195 Macedonianae
820 2166 933 2194 haeresis
948 2166 998 2193 im—

1027 252 1063 279 tia
1083 252 1183 287 dialogi
1201 253 1331 287 postremi
1351 260 1414 280 eum
1431 252 1546 286 reliquis
1560 254 1656 278 contra
1671 250 1819 278 Anomom

1027 297 1071 325 his
1082 305 1115 324 cx
1132 297 1225 324 verbis
1238 302 1323 332 patet,
1338 306 1353 324 a
1367 297 1468 332 quibus
1486 296 1595 324 initium
1613 295 1735 323 ducitur.
1749 295 1818 322 Curti

1026 343 1099 370 enim
1119 343 1331 370 Macedonianus
1346 343 1471 374 dixisset,
1490 341 1524 369 ab
1537 340 1699 369 orthodoxis
1710 340 1755 367 bis
1772 347 1820 367 er—

1028 389 1093 420 rari,
1108 389 1191 416 semel
1207 396 1269 416 cum
1285 388 1384 415 Filium
1399 387 1472 415 Patri
1491 386 1754 414 consubstantialem
1774 386 1819 413 di-

1028 438 1104 465 cunt,
1123 435 1222 461 iterum
1239 442 1301 462 cum
1319 434 1459 461 Christum
1481 437 1608 460 asserunt
1629 433 1749 459 animam
1768 432 1818 458 ha-

1030 479 1123 506 buisse
1140 488 1145 505 :
1163 479 1312 514 respondet
1326 479 1511 510 Orthodoxus,
1530 483 1678 512 utrumque
1693 477 1819 512 religiose

1029 525 1124 557 asscri,
1141 526 1327 560 continuoque
1342 525 1446 552 crimen
1459 525 1487 551 in
1501 523 1726 552 Maeedoniannm
1739 530 1818 558 rege-

1029 570 1075 596 rit.
1093 580 1101 595 ι
1116 569 1210 604 Neque
1219 577 1295 601 vero,
1307 568 1406 604 inquit,
1416 575 1543 603 magnum
1555 567 1685 602 quiddam
1695 571 1818 602 praestas.

1029 617 1068 647 si,
1096 619 1241 650 pastquam
1266 614 1410 650 negaveris
1433 613 1712 644 consubstantialem,
1737 619 1820 646 neges

1029 662 1191 689 animatum.
1207 661 1236 688 ω
1248 661 1322 688 enim
1335 660 1477 695 proprium
1490 667 1597 692 eorum,
1612 659 1658 694 qui
1671 658 1818 686 diversita-

1031 712 1085 735 tem
1108 712 1136 735 et
1156 706 1409 734 dissimilitudinem
1433 705 1594 733 substantiae
1614 708 1752 735 astruunt,
1791 708 1822 730 ut

1030 753 1174 789 patibilem
1204 752 1343 788 Unigeniti
1374 751 1557 780 substantiam
1586 751 1693 782 dicant,
1725 757 1822 777 carere

1031 799 1122 827 anima
1148 799 1261 831 dicunt,
1289 802 1372 833 atque
1403 797 1468 825 inde
1493 797 1600 825 exstitit
1625 797 1822 824 Anomoeorum

1032 845 1201 881 ﬁgmentum.
1220 854 1230 870 ι
1252 844 1419 880 Idemigitur
1437 848 1480 871 est
1504 842 1628 871 omnium
1649 841 1821 877 dialogorum

996 881 1017 910 Β
1031 892 1160 927 scriptor.

1067 938 1112 965 XI.
1129 938 1230 965 Verum
1247 945 1292 966 res
1307 941 1366 964 tota
1384 937 1485 964 clarius
1500 934 1683 968 elucescet,si
1695 933 1824 962 conside-

1033 990 1109 1013 retur
1123 984 1280 1017 methodus,
1295 991 1356 1019 quae
1375 983 1403 1010 in
1424 981 1582 1010 refellendis
1597 980 1748 1008 hmresibus
1764 987 1823 1006 me-

1033 1032 1146 1059 moratis
1175 1034 1312 1058 servatur.
1338 1029 1406 1057 Nam
1429 1028 1519 1064 primo
1545 1027 1572 1054 vi
1599 1029 1824 1061 argumentorum

1033 1081 1180 1113 pugnatur,
1201 1075 1229 1103 in
1248 1082 1338 1110 eoque
1350 1074 1463 1109 ponitur
1480 1072 1557 1108 prior
1573 1071 1707 1106 dialogus.
1719 1069 1825 1097 Deinde

1034 1122 1197 1151 refelluntur
1211 1122 1240 1148 in
1257 1121 1422 1156 posteriore,
1434 1127 1496 1154 quae
1510 1118 1592 1153 vulgo
1606 1117 1720 1145 haeresis
1732 1116 1827 1144 defen-

1034 1177 1112 1198 sores
1135 1168 1277 1200 aﬂ‘errent,
1293 1167 1448 1202 quibusque
1470 1165 1591 1193 solerent
1611 1162 1829 1199 simplicioribus

1036 1214 1170 1242 insidiari.
1196 1212 1241 1240 Sic
1262 1212 1369 1247 dialogo
1391 1211 1482 1246 primo
1501 1208 1652 1244 disputatio
1673 1206 1827 1236 instituitur

1036 1267 1099 1287 cum
1110 1259 1256 1290 Anommo;
1272 1256 1395 1285 secundo
1408 1255 1520 1284 scholiis
1532 1253 1660 1282 Eunomii
1671 1257 1700 1282 et
1711 1252 1828 1288 singulis

1036 1304 1108 1332 Aetii
1130 1304 1246 1339 argutiis
1266 1302 1460 1337 respondetur.
1479 1300 1525 1328 Sic
1543 1300 1570 1327 in
1589 1299 1679 1334 primo
1695 1298 1828 1326 adversus

1037 1349 1250 1378 Macedonianos
1267 1349 1443 1383 impngnatur
1456 1347 1585 1379 haeresis;
1602 1346 1629 1373 in
1646 1344 1768 1373 secundo
1782 1351 1829 1371 sa-

1038 1395 1106 1423 tisfit
1120 1394 1319 1430 quaestionibus
1339 1393 1367 1420 in
1386 1391 1488 1420 scheda
1507 1390 1666 1426 propositis,
1681 1394 1709 1417 et
1725 1389 1752 1416 in
1769 1389 1829 1416 vul-

1039 1449 1089 1477 gus
1103 1440 1215 1476 sparsis.
1229 1439 1276 1468 Sic
1291 1438 1411 1473 denique
1429 1437 1458 1464 in
1471 1436 1564 1471 priore
1579 1439 1676 1463 contra
1690 1433 1830 1469 Apollina-

1041 1488 1113 1515 rium
1127 1494 1207 1514 mens
1221 1486 1341 1512 humana
1352 1483 1456 1512 Christi
1466 1482 1620 1510 rationibus
1629 1480 1781 1511 astruitur;
1800 1479 1831 1506 in

1040 1533 1194 1568 posteriore
1215 1530 1378 1566 Apollinarii
1399 1529 1543 1564 praestigiae
1561 1527 1715 1555 diluuntur.
1735 1525 1832 1554 Unius

1041 1580 1087 1607 illa
1105 1577 1228 1606 methodi
1252 1583 1337 1604 unum
1359 1583 1409 1610 per
1428 1583 1457 1603 se
1478 1575 1535 1602 sola
1552 1578 1694 1601 auctorem
1715 1571 1832 1600 suadere

1041 1629 1152 1660 potest:
1170 1630 1198 1651 at
1217 1623 1364 1659 conjuncta
1381 1629 1444 1650 cum
1467 1621 1529 1649 aliis
1548 1619 1671 1652 indiciis,
1691 1617 1832 1649 eumdem,

1041 1671 1094 1698 nisi
1109 1670 1200 1701 fallor,
1214 1669 1394 1697 demonstrat.

1077 1749 1149 1786 §lV.
1171 1749 1248 1782 Quod
1269 1755 1337 1775 unus
1357 1746 1404 1786 itte
1423 1749 1515 1786 auctor
1531 1745 1565 1772 sit
1584 1743 1653 1771 alius
1668 1751 1684 1770 α
1701 1749 1797 1777 magno

1359 1781 1516 1809 Athanasio.

1079 1859 1099 1886 Ι.
1116 1857 1194 1891 Quod
1209 1857 1231 1885 si
1245 1855 1293 1884 uni
1307 1855 1357 1883 soli
1371 1861 1467 1882 omnes
1482 1852 1581 1887 dialogi
1593 1850 1706 1879 attribui
1722 1849 1833 1881 debent,

1043 1907 1074 1931 ut
1084 1909 1160 1931 certe
1174 1903 1285 1933 debent,
1305 1901 1398 1928 nullus
1410 1907 1506 1927 eorum
1524 1898 1557 1925 ad
1571 1896 1750 1925 Athanasium
1770 1902 1835 1929 per-

1045 1950 1130 1982 tinet,
1153 1956 1216 1976 cum
1241 1950 1393 1983 repugnent
1415 1945 1572 1973 communia
1592 1943 1639 1971 illa
1659 1942 1711 1969 tria
1737 1940 1836 1976 κριτή-

1046 2005 1101 2032 ρια,
1121 2000 1238 2029 tempus,
1259 1993 1383 2020 doctrina
1403 1995 1431 2019 et
1451 1990 1546 2018 dictio.
1568 1989 1634 2022 Qua:
1659 1986 1786 2022 quamvis
1807 1985 1835 2012 in

1046 2040 1236 2077 adjudicandis
1264 2039 1369 2066 auctori
1400 2037 1481 2065 alicui
1510 2035 1641 2071 operibus
1665 2032 1837 2068 probabilem

1046 2091 1153 2114 tantum
1177 2086 1280 2113 faciant
1303 2084 1505 2119 conjecturam,
1518 2082 1546 2108 in
1565 2078 1757 2116 abjudicandis
1776 2085 1838 2105 cer-

1048 2137 1102 2161 tam
1126 2132 1292 2160 sententiam
1305 2130 1426 2166 pariunt.

1084 2179 1117 2206 ll.
1134 2178 1224 2213 Atque
1238 2181 1268 2204 ut
1286 2185 1301 2204 a
1319 2181 1442 2211 tempore
1464 2174 1563 2202 ducam
1585 2172 1705 2205 initium,
1719 2170 1782 2198 inde
1800 2170 1841 2197 sic

209 2220 354 2253 pugnam"
379 2216 413 2243 Et
434 2222 501 2242 vero
522 2222 583 2249 qua
604 2213 713 2248 dialogo
730 2212 822 2259 Prii“?
837 2211 871 2239 de
887 2218 998 2246 Pmces'
1015 2227 1036 2255 D
1050 2211 1237 2259 argumentor.
1253 2221 1420 2249 Athanasius
1438 2227 1472 2248 ex
1490 2219 1542 2247 hac
1558 2218 1616 2246 vita
1632 2216 1751 2245 decessit
1769 2222 1841 2243 anno

210 2264 288 2292 sione
317 2262 439 2298 Spiritus
464 2260 551 2288 sancti
578 2259 663 2296 428
685 2262 713 2286 et
739 2257 878 2286 locutione
902 2264 958 2284 non
983 2264 998 2284 a

211 2308 359 2343 semetipso
379 2307 520 2338 dicuntur,
537 2305 634 2333 eadem
655 2304 753 2332 iisdem
772 2304 830 2332 fere
846 2302 939 2330 verbis
957 2310 1000 2329 re-

213 2359 344 2390 petuntur
364 2353 393 2381 in
414 2357 501 2380 sexto.
517 2352 604 2384 Adde,
621 2350 695 2386 quod
717 2351 745 2378 in
766 2350 856 2385 primo
872 2354 901 2377 et
920 2348 1001 2376 tertio

211 2400 396 2436 exprobratur
416 2398 472 2426 Arii
491 2397 684 2429 sectatoribus,
701 2395 774 2431 quod
793 2394 944 2429 Epistolam
967 2393 1001 2421 ad

214 2448 342 2475 llebrreos
358 2445 494 2481 rejiciant.
515 2444 643 2471 infinitus
663 2443 726 2474 sim,
745 2442 768 2469 si
788 2441 895 2476 singula
911 2447 1003 2474 perse-

214 2501 292 2529 quar.
318 2492 422 2524 Nemo,
446 2491 494 2526 qui
520 2489 632 2524 legerit,
653 2496 709 2515 non
731 2487 831 2522 sacpius
854 2485 1004 2514 adverterit

215 2537 422 2566 consonantiam
441 2535 623 2570 dialogorum,
641 2534 688 2569 qui
710 2533 842 2561 adversus
857 2532 1005 2559 Anommos

215 2590 244 2612 et
257 2583 469 2612 Macedonianos
483 2585 559 2609 sunt.

251 2639 352 2667 Verum
374 2637 453 2666 facile
470 2643 580 2672 quoque
601 2641 644 2664 est
660 2635 816 2671 perspicere
835 2642 942 2665 eorum,
959 2634 1005 2668 qui

217 2689 314 2712 contra
331 2683 530 2718 Apollinarium
550 2686 624 2713 sunt,
640 2688 702 2709 cum
721 2680 925 2708 Macedonianis
943 2686 1008 2706 con-

218 2730 396 2759 venientiam.
415 2728 481 2757 Nam
498 2728 545 2763 qui
563 2727 662 2755 tertius
678 2731 773 2754 contra
785 2725 1006 2756 Macedonianos,

219 2777 323 2812 quique
345 2775 478 2810 septimus
504 2773 532 2801 in
554 2773 632 2800 libris
653 2772 735 2801 editis
756 2778 896 2805 censetur,
915 2776 1008 2807 aperte

221 2820 398 2849 consentiunt
413 2826 474 2846 cum
491 2818 600 2846 duobus
616 2818 643 2846 in
657 2818 855 2854 Apollinarium
873 2817 983 2852 scriptis
1001 2826 1007 2843 :

221 2867 318 2895 eadem
337 2866 410 2893 enim
433 2864 580 2900 utrobique
598 2869 639 2892 est
661 2864 784 2893 doctrina
797 2864 830 2892 de
844 2863 932 2893 Verbo
950 2863 1010 2891 fun-

1049 2270 1112 2297 371.
1126 2268 1243 2304 Scripsit
1260 2266 1343 2303 429
1361 2266 1533 2301 dialogorum
1553 2268 1650 2292 auctor
1666 2266 1726 2298 post
1739 2267 1840 2289 annum

1051 2315 1118 2346 58l,
1143 2321 1198 2349 quo
1225 2320 1298 2340 anno
1323 2311 1442 2339 secunda
1466 2309 1587 2345 synodus
1607 2305 1843 2341 Constantinopoli

1052 2361 1145 2389 habita
1158 2364 1209 2387 est.
1230 2359 1306 2386 Alter
1321 2357 1404 2393 igitur
1416 2356 1450 2383 ab
1464 2356 1551 2383 altero
1563 2354 1689 2381 diversus
1703 2357 1753 2380 est.

1089 2407 1134 2434 lll.
1150 2405 1304 2441 Propositio
1322 2407 1397 2431 certa
1416 2406 1469 2435 cst,
1483 2409 1546 2429 cum
1562 2401 1597 2428 de
1618 2405 1740 2435 tempore
1752 2399 1844 2426 obitus

1054 2451 1206 2483 Athanasii,
1224 2452 1357 2485 quantum
1378 2447 1434 2475 huc
1456 2447 1566 2479 sullicit,
1582 2451 1711 2474 constans
1732 2445 1768 2472 sit
1787 2451 1845 2471 om-

1054 2497 1131 2524 nium
1143 2495 1247 2531 opinio.
1260 2495 1299 2522 De
1315 2493 1435 2521 triennio
1448 2492 1522 2520 enim
1538 2492 1596 2519 solo
1609 2491 1691 2526 vulgo
1704 2489 1773 2517 solet
1784 2496 1845 2516 esse

1055 2541 1180 2577 qumstio.
1202 2540 1267 2567 Nam
1288 2538 1416 2567 Petavius
1434 2537 1467 2564 ad
1487 2544 1590 2563 annum
1606 2535 1668 2566 571,
1684 2534 1730 2561 alii
1748 2533 1782 2560 ad
1800 2540 1846 2560 se-

1055 2589 1197 2622 quentem,
1214 2583 1340 2612 nonnulli
1358 2582 1441 2610 etiam
1458 2581 1492 2608 ad
1507 2580 1568 2613 575,
1586 2580 1718 2607 referunt.
1733 2577 1846 2605 Assum-

1057 2633 1115 2668 ptio
1130 2631 1192 2659 inde
1211 2630 1366 2658 coniicitur.
1380 2627 1576 2656 Macedoniano
1591 2625 1702 2654 Luciani
1718 2623 1848 2658 martyris

1058 2678 1140 2706 fidem
1160 2685 1190 2705 se
1210 2680 1304 2704 tenere
1316 2678 1323 2685 '
1337 2673 1461 2711 jactanti,
1481 2672 1671 2708 quaerentique
1691 2669 1726 2697 ab
1745 2668 1848 2696 0rtho~

1058 2725 1130 2752 doxo
1153 2723 1293 2750 Nicmnum
1310 2720 1470 2756 Symbolum
1486 2718 1647 2754 proﬁtente,
1667 2715 1732 2750 quid
1758 2719 1849 2742 tamen

1060 2771 1087 2798 in
1110 2769 1224 2798 Luciani
1246 2767 1299 2795 fide
1312 2767 1470 2798 damnaret;
1493 2763 1642 2799 respondet
1663 2761 1848 2791 Orthodoxus,

1062 2817 1088 2844 id
1104 2824 1133 2844 se
1147 2816 1288 2846 damnare,
1306 2823 1314 2839 ί
1333 2812 1406 2848 quod
1428 2815 1524 2840 contra
1541 2809 1666 2846 martyris
1684 2807 1849 2835 sententiam

1061 2862 1184 2891 additum
1204 2860 1300 2888 fuisset
1320 2858 1434 2894 aliquid,
1451 2856 1532 2892 idum:
1550 2864 1578 2884 se
1596 2855 1711 2892 probare
1727 2860 1816 2889 posse.
1837 2861 1847 2878 ι
