1971 3046
118 152 171 183 3ῗ7

454 151 502 181 DE
522 152 698 182 DIALOUIS
717 153 800 183 ADV.
823 153 999 190 AIUANOS,
1018 153 1320 190 MACEDONIANOS,
1343 154 1422 185 ETC.

1700 154 1753 185 378

119 211 225 246 Excipit
239 210 466 240 Macedonianus:
483 221 492 236 ι
502 211 543 238 An
553 219 608 238 non
619 216 649 238 et
658 219 709 238 vos
719 211 836 238 Nicaeum
845 211 908 239 lldei
923 213 946 242 Α
960 215 988 238 et
1009 211 1108 239 horum
1132 216 1282 240 sectatores
1303 221 1309 239 :
1329 212 1497 240 Athanasius
1519 216 1613 240 contra
1636 213 1753 242 Arianos

119 256 222 291 aliquid
243 255 401 291 adjecistis?
419 270 455 275 —
475 255 631 291 Adjecimus
652 263 729 288 sane,
750 256 840 291 inquit
858 255 909 284 0r-

119 301 267 333 thodoxus,
299 301 346 329 sed
375 309 447 328 non.
461 301 514 336 ipsi
530 302 688 337 pugnantia.
706 311 716 327 ι
736 302 805 329 Tum
823 302 912 330 Mace-

118 348 256 375 donianus
274 356 281 374 :
307 357 317 373 ‹
335 347 434 382 Aliqua
458 348 571 374 omnino
593 347 741 382 adjecistis.
769 348 807 375 Ea
828 355 909 379 sane,

119 394 205 421 refert
219 393 404 425 Orthodoxus,
420 393 454 421 de
467 394 568 428 quibus
581 398 646 421 tunc
656 401 710 421 non
725 394 908 428 quaerebatur,

117 443 144 466 et
160 447 221 473 quae
234 446 308 466 nunc
321 442 384 466 sunt
399 446 414 466 a
431 439 558 466 Patribus
574 439 618 473 pie
632 439 777 474 explicata.
791 449 801 465 ι

151 484 194 512 IV.
215 484 346 518 Apertum
365 488 418 515 est,
433 483 468 510 de
491 484 525 510 iis
545 484 599 518 agi,
619 492 680 518 quae
693 485 728 511 ad
750 484 908 519 Symbolum

117 529 259 557 Niemnum
270 529 566 564 Constantinopolitani
576 530 670 556 Patres
680 529 814 557 adversus
822 530 909 557 Mace-

117 575 193 602 donii
213 581 334 602 errorem
353 575 531 602 addiderunt.
556 575 624 602 Cum
644 575 718 603 enim
737 575 765 602 iu
785 576 909 610 symbolo

115 619 192 646 aliud
206 619 277 646 nihil
287 620 321 646 de
335 619 441 654 Spiritu
458 624 554 647 sancto
567 624 642 647 esset
658 620 778 655 positum
793 628 808 648 a
820 620 908 648 Nicae-

115 665 169 697 nis,
184 670 284 700 preter
299 666 349 693 has
363 670 481 700 quatuor
495 673 586 697 voces.
606 666 640 693 Et
657 666 684 693 in
699 665 831 702 Spiritum
845 675 910 693 san-

115 717 202 745 ctum;
219 713 323 740 dictqu
344 713 412 740 illud
432 713 545 741 brevius
562 713 649 741 coacti
670 717 734 740 sunt
749 713 908 741 Constanti-

114 759 286 794 nopolitani,
318 763 432 794 propter
457 759 740 791 Pneumatomachos,
769 759 908 793 explicare

115 804 168 832 hac
181 805 334 836 additione,
353 814 362 830 ι
378 805 412 832 Ει
429 805 457 832 in
467 804 601 840 Spiritum
614 810 740 833 sanetum
750 806 907 838 Dominum,

961 256 1048 292 ipsos,
1062 257 1162 292 vixque
1178 258 1249 284 Aetii
1260 257 1445 292 Eunomiique
1459 258 1565 292 uspiam
1583 259 1714 286 meminit.

996 301 1143 336 Dialogista
1159 301 1348 329 Macedoniam
1371 307 1523 337 oppugnat,
1539 303 1614 330 velut
1629 303 1662 330 de
1683 304 1752 331 Filio

961 347 1008 374 Dei
1027 353 1121 381 aperte
1134 348 1300 375 sentientem
1322 355 1384 375 eum
1401 348 1481 375 Aetio
1499 357 1506 374 :
1524 348 1690 378 Athanasius
1708 352 1750 378 vel

960 393 1112 420 Macedonii
1135 401 1234 420 nomen
1256 402 1391 428 nusquam
1413 399 1557 427 memorat,
1573 396 1615 422 vel
1634 404 1697 423 eum
1716 397 1750 424 de

961 438 1030 465 Filio
1046 444 1119 466 recte
1134 439 1253 466 sensisse
1271 439 1363 472 docet,
1381 440 1404 467 si
1426 440 1546 468 secunda
1560 441 1594 468 ad
1614 441 1748 476 Spiridio-

959 492 1022 511 netn
1039 485 1152 519 epistola
1170 485 1290 520 genuina
1302 485 1348 513 sit.

994 529 1143 565 Dialogista
1171 530 1270 565 saepius
1296 530 1458 566 Apollinarii
1490 540 1589 561 nomen
1621 541 1749 569 expresse

959 575 1094 610 appellat,
1119 575 1261 611 ipsiusque
1285 584 1314 604 se
1341 577 1540 606 confessionem
1565 580 1663 614 legisse
1685 581 1743 607 ait:

959 620 1124 648 Athanasius
1146 622 1231 649 semel
1255 626 1369 654 tantum,
1384 623 1457 657 quod
1480 625 1574 656 sciam,
1590 629 1618 652 et
1637 626 1748 660 quidem

959 667 1048 694 obiter
1058 667 1187 702 appellat,
1203 667 1232 694 in
1243 667 1359 702 epistola
1371 669 1477 696 scilicet
1489 669 1523 696 ad
1537 669 1747 704 Antioclieuses,

959 720 1022 740 eum
1035 713 1069 740 de
1081 713 1273 741 Alexandrinae
1286 714 1381 749 synodi
1396 715 1597 750 subseriptione
1610 721 1712 751 ageret.

994 759 1143 794 Dialogista
1168 763 1223 788 tres
1250 760 1411 796 hypostascs
1438 761 1581 790 Trinitatis
1605 763 1749 791 manifeste

959 805 1036 837 dicit,
1054 813 1109 839 quo
1130 806 1204 833 dicto
1226 814 1255 833 se
1275 806 1479 834 Antiochenum
1500 807 1602 842 prodit,
1619 813 1650 835 ut
1667 816 1749 836 nemo

113 854 144 878 et
167 850 362 881 vivificantem,
381 858 415 878 ex
439 850 519 878 Patre
542 851 747 886 procedentem,
771 851 820 886 qui
844 859 907 879 cum
925 887 938 888 γ
958 850 1084 878 eruditus
1106 851 1194 878 nescit
1216 860 1222 877 :
1242 851 1408 879 Athanasius
1433 857 1488 879 tres
1512 852 1671 888 hypostascs
1693 862 1748 881 non

113 897 196 924 Patre
220 901 248 924 et
272 896 342 924 Filio
360 896 443 924 simul
467 896 599 924 adoretur
616 901 644 924 et
663 897 842 932 glorificatur,
858 897 905 932 qui
925 887 944 913 Β
958 895 1035 928 dicit,
1050 895 1099 923 sed
1117 904 1198 924 unam
1211 896 1353 929 duntaxat,
1371 897 1473 932 quippe
1490 897 1538 932 qui
1551 898 1749 926 Alexandrino-

114 943 225 970 locutus
250 947 293 970 est
318 951 368 978 per
388 947 498 970 sanctos
517 942 676 978 prophetas.
696 953 706 969 ι
732 943 839 977 Quibus
859 951 906 971 sex

113 989 255 1016 attributis
266 994 295 1016 et
305 989 619 1016 Pneumatomachorum
632 989 744 1017 haeresis
755 990 906 1025 proscripta

112 1039 166 1067 est,
179 1039 207 1063 et
218 1035 300 1063 simul
315 1039 420 1062 asserta
434 1035 555 1070 Spiritus
570 1035 656 1062 sancti
670 1035 810 1068 divinitas,
824 1040 906 1071 atque

112 1081 397 1108 eonsubstantialitas.
415 1080 532 1115 Scripsit
547 1080 631 1116 igitur
647 1085 744 1108 auctor
758 1081 832 1109 tertii
849 1082 907 1109 dia-

113 1127 168 1161 logi
188 1131 250 1162 post
268 1126 402 1162 synodum
415 1134 444 1159 ιι,
462 1126 489 1154 id
503 1130 555 1158 est,
575 1131 639 1162 post
657 1135 760 1154 annum
777 1128 840 1161 581,
857 1128 905 1164 qui

112 1172 248 1204 decimus,
261 1176 309 1199 aut
321 1172 418 1199 saltem
432 1175 546 1200 octavus
561 1172 596 1199 ab
609 1172 686 1200 obitu
698 1172 851 1201 Athanasii.

148 1218 177 1245 V.
193 1218 227 1245 Et
243 1221 318 1245 certe
333 1217 442 1254 dialogo
451 1218 534 1245 tertio
544 1223 677 1253 sextoque
686 1219 761 1246 aliud
770 1219 827 1247 fere
836 1219 905 1247 nihil

111 1262 213 1298 agitur,
227 1271 310 1298 quam
324 1263 398 1298 quod
417 1263 572 1291 rationibus
589 1263 814 1292 demonstrentur
830 1265 906 1300 sigil-

111 1308 188 1335 latim
206 1308 251 1335 illa
266 1316 313 1335 sex
329 1316 344 1335 a
359 1307 669 1343 Constantinopolitanis
680 1308 795 1344 Spiritui
809 1315 904 1337 sancto

111 1354 256 1386 attributa,
266 1362 322 1389 quo
330 1354 373 1381 vel
387 1362 442 1382 uno
453 1355 588 1382 evertitur
597 1355 708 1388 invicte,
721 1363 782 1383 mea
792 1357 903 1391 quidem

110 1401 267 1432 sententia,
290 1400 454 1428 recentioris
475 1399 588 1428 Gracia:
611 1400 734 1437 dialogos
754 1402 904 1431 Athanasio

111 1446 259 1474 tribuentis
274 1446 420 1481 judicium.

148 1491 191 1518 Vl.
209 1490 338 1526 Oportuit
352 1491 436 1526 igitur
446 1491 555 1520 Graecos
570 1493 707 1523 homines.
718 1501 838 1528 quorum
851 1502 903 1522 no-

109 1537 186 1564 mina
200 1544 263 1564 mox
274 1537 409 1572 appellata
426 1543 500 1571 sunt,
514 1547 604 1574 neque
615 1539 825 1575 diligentissime
840 1547 903 1568 ver-

109 1587 186 1610 satos
206 1582 290 1610 fuisse
308 1583 337 1610 in
358 1584 416 1611 suis
434 1585 596 1612 auctoribus
615 1585 799 1620 perlegendis,
814 1593 904 1621 neque

109 1629 228 1656 multum
254 1629 378 1661 scivisse,
399 1637 471 1664 quae,
487 1630 588 1664 quibus
613 1631 794 1665 temporibus,
816 1639 904 1666 quave

108 1675 256 1702 occasione
270 1675 437 1709 quaestiones
451 1680 532 1703 motae
547 1676 612 1708 sint,
625 1679 653 1703 et
669 1677 764 1711 scripti
780 1677 814 1704 de
830 1684 904 1712 quae-

108 1720 247 1747 stionibus
264 1720 339 1747 libri.
358 1720 560 1748 intellexissent
581 1721 704 1756 alioquin
723 1723 902 1756 quastiouem

108 1765 144 1792 de
162 1765 302 1800 ἀγεννήτῳ
324 1769 353 1792 et
375 1765 507 1801 γεννητῷ,
523 1766 664 1794 Athanasii
679 1771 769 1799 aelate,
785 1772 832 1795 aut
847 1776 902 1796 non

106 1811 257 1838 admodum
280 1815 394 1843 motam,
413 1815 461 1838 aut
484 1812 642 1839 ventilatam
665 1813 815 1846 duntaxat,
838 1822 901 1841 cuin

106 1857 232 1883 nondum
249 1856 380 1891 pubiicati
402 1860 496 1884 essent
513 1856 548 1883 ab
565 1857 702 1885 Eunomio
721 1857 794 1885 Aetii
810 1858 874 1886 libri
893 1867 900 1886 :

106 1902 238 1937 agitatam
251 1910 317 1929 vero
329 1902 503 1937 pugnaciter,
520 1910 581 1929 eum
597 1903 636 1930 illi
651 1903 703 1941 ipsi
719 1904 782 1931 libri
798 1905 901 1940 vulgati

106 1951 188 1980 sunt;
210 1947 260 1974 hos
279 1951 372 1974 autem
393 1947 563 1982 Epiphanius
583 1956 680 1976 recens
697 1950 786 1978 editos
808 1952 899 1982 tradit.

105 2000 162 2028 quo
177 1997 300 2027 tempore
314 1993 448 2020 adversus
460 1993 607 2021 Anomteos
621 1994 759 2022 scribebat
776 2004 781 2022 :
795 1996 900 2024 scribe-

106 2038 156 2065 bat
171 2046 238 2066 vero
255 2046 328 2066 anno
342 2039 445 2067 Christi
463 2039 526 2071 375,
542 2043 591 2068 aut
606 2040 689 2067 etiam
706 2041 768 2068 576.
785 2042 901 2071 Videtur

104 2083 180 2111 enim
204 2088 260 2111 tres
283 2091 370 2112 annos
388 2085 417 2112 in
435 2085 602 2113 elaborando
618 2085 700 2121 430
715 2087 832 2115 Panario
849 2096 900 2123 po-

104 2130 197 2157 suisse
213 2139 220 2157 :
234 2130 336 2165 quippe
351 2139 425 2163 cum,
441 2135 471 2158 ut
484 2135 577 2158 censet
592 2132 729 2165 Petavius,
750 2133 897 2162 inchoave-

105 2175 144 2203 rit
165 2183 238 2202 anno
258 2176 380 2204 Valentis
399 2176 556 2209 undecimo,
574 2177 621 2212 qui
643 2177 705 2210 574,
723 2179 897 2213 duodecimo,

958 949 1019 968 rtun
1040 950 1117 969 more
1135 942 1291 978 hypostasis
1307 943 1419 970 nomine
1435 943 1516 977 φύσιν
1532 951 1581 971 seu
1597 944 1690 971 οὐσίαν
1707 945 1749 972 in-

959 986 1104 1022 telligeret.
1125 987 1192 1015 Vide
1215 987 1360 1022 epistolam
1377 988 1517 1016 Athanasii
1530 989 1563 1016 ad
1581 990 1750 1018 Antiochen-

957 1041 1017 1066 ses;
1035 1038 1063 1060 et
1082 1033 1226 1069 epistolam
1239 1033 1388 1062 Alexandri
1405 1035 1478 1071 apud
1497 1035 1700 1064 Theodoretum
1719 1036 1748 1064 in

956 1078 1082 1105 historia.

991 1125 1138 1159 Dialogista
1159 1125 1224 1152 totis
1242 1125 1331 1153 tribus
1350 1125 1467 1162 dialogis
1483 1127 1592 1154 curiose
1608 1131 1697 1160 cavet,
1713 1136 1747 1156 ne

924 1169 932 1179 ’
955 1169 998 1196 vel
1011 1170 1110 1197 leviter
1122 1170 1224 1197 indicet
1239 1170 1356 1205 Spiritus
1373 1171 1461 1199 sancti
1478 1179 1493 1198 a
1510 1172 1579 1199 Filio
1595 1173 1748 1206 processio-

955 1223 1018 1242 ncm
1036 1224 1043 1242 :
1057 1215 1224 1243 Athanasius
1239 1215 1371 1251 Spiritum
1383 1222 1508 1245 sanctum
1522 1225 1537 1244 a
1550 1217 1618 1245 Filio
1633 1217 1746 1249 habere.

955 1268 1126 1295 quaecunque
1151 1261 1242 1293 habet,
1262 1262 1417 1297 Filiumque
1437 1270 1497 1290 esse
1521 1262 1640 1297 Spiritus
1659 1263 1746 1290 sancti

954 1305 1069 1338 fontem,
1085 1314 1213 1341 expresse
1235 1307 1318 1334 tradit
1340 1307 1415 1334 Orat.
1436 1307 1454 1334 2
1472 1307 1604 1335 adversus
1620 1308 1746 1341 Arianos,

955 1351 983 1378 in
1000 1351 1070 1379 libro
1083 1351 1117 1378 de
1131 1351 1235 1387 Spiritu
1251 1356 1346 1380 sancto
1362 1353 1396 1380 ad
1410 1353 1609 1388 Spiridionem,
1624 1354 1651 1380 in
1673 1354 1746 1381 libro

953 1397 988 1425 de
1014 1402 1113 1425 natura
1138 1397 1258 1425 humana
1281 1403 1424 1434 suscepta,
1451 1403 1479 1427 et
1503 1400 1629 1435 oratione
1652 1405 1747 1427 contra

953 1443 1076 1478 gregales
1090 1442 1213 1470 Sabellii.

988 1489 1137 1524 Dialogista
1156 1488 1276 1525 denique
1295 1489 1552 1525 Apollinaristarum
1572 1490 1681 1526 triginta
1696 1491 1748 1518 sol-

931 1560 937 1569 ‘
954 1534 994 1561 vit
1014 1534 1145 1569 argutias.
1171 1534 1337 1563 Athanasius
1362 1535 1485 1571 quinque
1512 1540 1635 1569 tantum,
1659 1541 1687 1564 et
1709 1536 1746 1564 ita

955 1580 1077 1615 quidem,
1098 1584 1126 1607 ut
1152 1587 1204 1607 ucc
1228 1580 1325 1608 iisdem
1348 1581 1476 1608 omnibus
1502 1581 1677 1616 respondeat,
1695 1589 1746 1609 nec

954 1625 1052 1653 iisdem
1068 1625 1165 1652 eodem
1184 1625 1275 1653 modo.

989 1671 1056 1698 Vlll.
1072 1670 1143 1704 Quid
1158 1671 1256 1706 plttra?
1272 1671 1451 1699 Verissimqu
1466 1672 1589 1707 profecto
1603 1678 1654 1705 est,
1670 1673 1744 1707 quod

953 1716 1081 1744 Petavius
1105 1716 1253 1751 aliquando
1273 1717 1374 1750 aiebat,
1395 1726 1458 1745 cum
1484 1723 1592 1753 urgeret
1617 1718 1744 1746 insanum

952 1763 1098 1797 quemdam
1114 1762 1256 1790 Athanasii
1274 1764 1490 1797 criminatorem,
1507 1764 1554 1799 qui
1573 1765 1743 1800 dialogorum

953 1808 1111 1836 testimonio
1124 1810 1252 1837 utebatur
1264 1810 1297 1837 ad
1311 1809 1462 1838 faciendam
1475 1810 1640 1838 Arianorum
1656 1810 1745 1838 domi-

953 1854 1006 1881 tori
1022 1854 1130 1882 Arianae
1150 1855 1264 1883 haeresis
1280 1855 1421 1883 invidiam.
1437 1855 1618 1884 Verissimum
1635 1860 1687 1889 est,
1703 1856 1745 1883 in-

952 1908 1046 1935 quam,
1071 1910 1079 1926 ι
1101 1901 1251 1934 neminem,
1269 1902 1315 1936 qui
1335 1903 1343 1911 ‘
1362 1902 1563 1937 dialogisticum
1589 1902 1654 1929 illud
1674 1909 1743 1936 opus

951 1946 1059 1982 legerit,
1075 1951 1103 1974 et
1122 1946 1150 1973 in
1170 1946 1222 1974 hoc.
1239 1947 1329 1982 ipsum
1345 1946 1477 1974 doctrina:
1495 1947 1637 1982 paululum
1655 1954 1686 1974 ac
1699 1947 1745 1982 ju-

952 1991 1017 2018 dieii
1032 1992 1189 2023 contulerit,
1202 1991 1330 2019 dubitare
1344 2000 1434 2028 posse,
1448 1993 1520 2028 quod
1534 1993 1673 2021 Athanasii
1689 2001 1743 2020 non

951 2037 987 2064 sit
1004 2037 1030 2064 id
1049 2041 1148 2070 totum,
1165 2037 1299 2072 quidquid
1318 2044 1372 2071 est,
1388 2044 1586 2074 quantumque,
1604 2043 1632 2066 et
1649 2039 1742 2074 cujus-

951 2082 1036 2110 modi.
1056 2092 1065 2108 ι
1087 2083 1266 2110 Vcrissimum
1283 2092 1403 2119 quoque,
1422 2085 1495 2119 quod
1519 2084 1591 2111 idem
1610 2084 1674 2111 alibi
1694 2083 1743 2110 eb—

950 2133 1052 2160 servat,
1066 2128 1214 2156 dictionem
1230 2129 1400 2165 dialogorum
1414 2130 1448 2157 ab
1462 2129 1646 2157 Athanasiana
1661 2128 1736 2164 431

950 2173 1108 2201 iuimitabili
1120 2174 1245 2202 oratione
1257 2175 1356 2202 mirum
1369 2180 1501 2210 quantum
1514 2175 1625 2202 dill‘erre
1638 2175 1669 2201 ".

103 2222 153 2257 qui
168 2222 230 2254 375,
247 2222 281 2249 ad
296 2223 416 2250 medium
431 2223 598 2257 pervenerit,
612 2223 660 2251 ubi
675 2224 808 2253 adversus
820 2225 898 2254 cam-
914 2228 936 2255 ι)
983 2219 1030 2247 IX.
1049 2219 1073 2246 A
1086 2220 1145 2247 viro
1161 2224 1214 2247 tam
1237 2220 1380 2256 insigniter
1396 2221 1505 2248 erudito
1519 2229 1573 2247 non
1591 2221 1656 2248 licet
1674 2221 1740 2248 mihi

104 2266 223 2302 phrygas
246 2267 378 2302 disputat.
403 2267 518 2302 Oportet
542 2268 625 2302 igitur
647 2268 719 2296 Aetii
741 2270 896 2304 epistolam,

102 2320 166 2347 qua
181 2312 290 2348 dialogo
313 2321 331 2340 ιι
350 2313 536 2348 impugnatur,
553 2313 790 2349 Constantinopoli
805 2316 899 2352 vulga-

104 2362 161 2384 tam
176 2357 262 2384 fuisse
277 2365 350 2385 anno
365 2357 428 2390 572,
445 2361 493 2384 aut
508 2357 570 2391 375,
588 2358 636 2393 qui
652 2359 722 2386 alter
735 2364 782 2387 aut
797 2367 896 2388 secun-

102 2402 158 2429 dus
178 2402 213 2429 ab
236 2402 379 2430 Athanasii
404 2402 493 2436 obitu,
514 2402 538 2430 si
562 2402 768 2439 chronologiam
793 2405 897 2433 Petavii

103 2448 258 2482 sequimur.

139 2493 196 2521 Vll.
213 2494 302 2528 Atque
316 2493 374 2521 haec
388 2493 423 2521 de
440 2498 579 2528 tempore;
595 2494 650 2529 jam
662 2495 696 2522 de
706 2495 841 2523 doctrina.
858 2497 896 2525 De

103 2539 195 2566 tribus
215 2539 366 2567 hzeres'tbus
383 2539 410 2566 in
427 2539 544 2574 dialogis
566 2540 668 2574 agitur,
685 2540 795 2574 Ariana,
810 2541 899 2569 Macc-

101 2584 223 2612 doniana
238 2590 266 2612 et
286 2583 501 2619 Apollinariaua.
520 2585 660 2614 Adversus
678 2587 800 2622 singulas
818 2587 898 2615 aliter

101 2629 281 2660 Athanasius,
297 2629 379 2657 aliter
395 2629 538 2665 dialogista
555 2629 687 2664 disputat.

136 2675 287 2710 Dialogista
302 2678 406 2710 pugnat
425 2678 521 2702 contra
539 2675 648 2702 Aetium
664 2676 894 2712 Eunomiumque,

951 2265 980 2293 in
1001 2266 1052 2293 hac
1073 2270 1188 2300 utraque
1209 2265 1344 2293 sententia
1364 2265 1512 2293 dissentire
1529 2275 1535 2292 :
1552 2267 1679 2294 assentiri
1699 2272 1740 2294 ta-

954 2319 1017 2340 men
1031 2319 1085 2339 nou
1101 2319 1212 2346 possum
1227 2311 1254 2338 in
1271 2319 1304 2338 eo
1326 2311 1410 2346 quod,
1426 2319 1487 2347 qua‘.
1506 2312 1606 2346 scripta
1622 2313 1741 2340 Athana—

951 2358 992 2385 sio
1011 2357 1161 2393 abjudicat,
1183 2358 1300 2385 Maximo
1321 2358 1456 2385 monacho
1479 2359 1614 2391 attribuit,
1636 2359 1744 2386 Grmco—

950 2412 1023 2435 rum,
1040 2407 1070 2431 ut
1084 2403 1132 2435 ait,
1158 2403 1292 2438 judicium
1308 2409 1429 2432 secutus.
1445 2404 1527 2439 Atqui
1541 2412 1591 2439 ego
1605 2405 1744 2432 contendo

950 2449 1053 2477 nullius
1076 2457 1136 2477 esse
1163 2450 1294 2476 momenti
1313 2450 1364 2477 hac
1387 2450 1414 2477 in
1432 2454 1508 2485 parte
1522 2449 1678 2477 Graecorum
1695 2458 1739 2477 rc-

949 2494 1103 2522 centiorum
1119 2494 1264 2530 judicium,
1279 2503 1341 2522 cum
1361 2499 1390 2522 et
1406 2495 1457 2530 ipsi
1475 2499 1596 2531 pugnent
1615 2496 1687 2522 inter
1699 2503 1738 2526 sc,

948 2542 1022 2576 quod
1045 2545 1125 2569 antea
1146 2542 1336 2575 ostendimus;
1360 2545 1388 2569 et
1409 2542 1644 2570 demonstratione
1667 2546 1740 2570 certa

948 2587 1137 2619 revincuntur,
1162 2587 1236 2622 quod
1264 2595 1339 2616 nunc
1363 2588 1549 2623 praestandum
1571 2596 1578 2616 :
1600 2588 1623 2615 si
1649 2592 1740 2615 tamen

947 2633 1024 2669 prius
1037 2634 1186 2669 objectioni
1200 2642 1362 2670 responsum
1383 2635 1477 2668 fuerit,
1496 2642 1556 2670 qua:
1572 2642 1606 2662 ex
1622 2634 1740 2662 concilio

950 2679 1129 2707 Latet‘anensi
1144 2679 1196 2707 sub
1212 2679 1329 2707 Martino
1341 2680 1350 2708 l
1363 2679 1501 2708 celebrato
1513 2679 1604 2708 afferri
1619 2683 1718 2715 potest.

770 2770 929 2800 SCllUllll
948 2771 1064 2799 NOT/E.

141 2860 162 2875 λ·
178 2859 252 2889 idem
271 2860 327 2890 fere
341 2866 383 2890 est
399 2867 602 2898 argumentum,
619 2871 673 2898 quo
689 2863 729 2890 υδὶ
750 2867 811 2891 sunl
834 2863 956 2891 editores
981 2863 1084 2891 Bcut‘tl.
1112 2867 1131 2890 t.
1149 2861 1183 2897 ll,
1201 2862 1268 2898 Opp.
1284 2862 1395 2896 Athan,
1411 2870 1438 2898 p.
1458 2862 1521 2891 472.
