1971 3046
245 126 297 158 379

275 182 315 211 .X.
338 183 520 211 Adducuntur
544 183 570 210 in
586 182 740 210 Secretario
758 191 784 210 γ.
807 183 964 211 testimonia
985 183 1037 210 tria
1052 185 1072 213 A

243 230 396 262 Athanasii,
412 234 439 257 et
454 230 564 257 tertium
582 229 693 264 quidem
706 229 758 257 hoc
774 230 855 257 titulo
871 239 877 256 :
897 239 906 255 ‹
926 230 967 257 Ex
979 237 1035 257 ser-

243 283 324 303 mone
340 276 492 308 Athanasii,
509 276 556 310 qui
575 283 624 311 per
643 276 755 303 modum
771 275 993 311 interrogationis
1007 281 1036 304 et

245 322 433 357 responsionis
455 330 517 350 cum
534 322 685 357 Apollinari
708 323 746 350 ﬁt.
762 332 771 348 ι
794 322 862 356 Quis
881 330 947 350 vero
963 323 1035 357 ejus-

243 366 316 393 modi
333 375 422 394 sermo
438 371 480 394 est
499 371 599 402 praeter
614 368 751 402 dialogum
770 375 853 395 unum
874 367 908 395 de
925 367 1035 394 duobus

242 412 375 440 adversus
384 413 602 447 Apollinarium?
614 413 714 440 Verum
727 417 835 448 oportet
848 416 896 440 aut
907 412 1033 440 vitiosam

241 465 301 484 esse
317 458 486 490 citationem,
501 463 548 485 aut
563 459 647 486 alium
664 458 812 494 dialogum,
828 466 910 493 quam
927 458 974 493 qui
989 466 1034 494 ge-

241 503 344 531 nuinus
362 504 492 536 habetur,
513 504 631 531 laudari.
646 504 712 537 Qua:
732 504 806 532 enim
826 504 981 532 afferuntur
1000 512 1033 532 eo

241 549 311 581 loco,
326 549 353 576 in
375 555 474 577 neutro
496 550 688 585 reperiuntur;
711 549 767 577 imo
788 558 839 577 nec
855 550 884 577 in
903 550 1032 585 septimo,

240 593 287 628 qui
303 594 428 622 nonnihil
444 595 528 622 habet
549 595 721 631 cognationis
739 604 801 623 cum
820 596 883 623 aliis
901 596 1031 624 duobus:

239 639 306 673 quin
327 640 409 668 etiam
433 641 624 669 testimonium
646 641 809 674 secundum,
825 641 899 677 quod
919 642 1033 670 aﬁertur

240 684 292 712 hac
315 685 517 722 inscriptione:
543 697 551 713 ι
569 687 700 722 Ejusdem
722 687 756 715 de
778 695 904 715 sermone
928 688 1032 724 majore

238 735 334 758 contra
358 732 559 767 Apollinarem,
581 733 615 760 de
635 733 697 764 ﬁde,
715 742 724 758 ι
748 732 852 760 frustra
873 740 980 768 quaaras
1003 734 1031 761 in

237 777 413 804 sermonibus
427 777 517 805 tribus
531 777 664 805 adversus
678 778 888 812 Apollinarium,
899 779 946 814 qui
960 779 1032 806 inter

238 827 321 854 opera
341 821 484 849 Athanasii
505 822 645 856 leguntur.
663 822 741 850 Unde
755 831 809 850 non
825 824 971 851 temeraria
990 824 1031 851 in-

676 126 865 157 GARNEBII
882 125 1197 156 DISSERTATIONIS
1219 126 1249 156 lI
1265 127 1465 157 APPENDIX-

1823 124 1868 155 380

1087 183 1201 218 jaceret,
1221 184 1365 220 ipsumque
1390 189 1492 211 nomen
1515 182 1572 213 fere
1593 181 1696 210 oblivio
1714 180 1870 209 delevisset?

1087 228 1168 263 Atqui
1186 229 1356 263 temporibus
1369 228 1477 256 Maximi
1491 227 1529 254 ita
1544 235 1572 254 se
1587 235 1632 254 res
1644 226 1777 259 habebat;
1792 226 1869 254 altum

1085 273 1136 299 fuit
1155 273 1188 300 de
1207 273 1348 301 Anomceis
1369 273 1527 306 silentium;
1551 273 1627 300 nulla
1647 272 1704 300 fere
1727 276 1868 303 manserat,

1086 319 1138 345 nisi
1161 319 1233 354 apud
1255 319 1422 346 eruditiores
1440 319 1558 354 aliquos,
1575 318 1722 350 memoria;
1742 321 1770 344 et
1789 316 1868 344 dialo-

1085 365 1155 400 gisla
1170 365 1351 392 nihilominus
1367 365 1395 392 in
1416 365 1443 392 id
1462 372 1548 393 unum
1569 363 1685 399 dialogis
1712 363 1820 390 duobus
1833 362 1869 390 in—

1085 411 1213 438 cumbit:
1232 410 1369 444 Quorsum
1395 410 1519 445 epistolae
1545 409 1655 438 duobus
1677 411 1740 444 post
1769 408 1868 436 saeculis

1085 457 1295 491 respondeatur,
1310 465 1346 485 ne
1366 465 1416 484 sua
1437 457 1558 484 novitate
1579 455 1655 485 fallat
1676 455 1867 490 imprudentes,

1083 507 1112 529 et
1127 503 1190 530 ﬁdei
1205 503 1322 530 noceat?

1120 549 1162 576 iV.
1183 549 1306 584 Denique
1328 549 1436 576 Maximi
1457 553 1537 576 atate
1552 547 1680 583 vigebant
1699 545 1868 581 Monophysi-

1084 598 1173 622 tarum
1192 600 1219 622 et
1234 595 1475 624 Monothr-litarum
1491 595 1611 622 basreses
1624 593 1697 626 due,
1711 600 1773 627 quae
1788 591 1869 621 amba:

1083 642 1117 669 ab
1129 642 1300 678 Eutychiana
1306 646 1462 677 propagatae
1473 645 1548 672 sunt,
1559 648 1685 676 quaeque.
1696 638 1869 674 proutvarios

1082 687 1160 721 quasi
1176 694 1226 722 per
1240 687 1349 714 canales
1364 687 1540 718 transierant,
1560 685 1598 712 ita
1620 684 1758 712 variorum
1779 688 1869 710 aucto-

1082 741 1154 765 rum,
1173 741 1292 768 quorum
1311 733 1473 761 notissimus
1493 731 1622 762 Severus.
1641 730 1753 757 nomina
1771 729 1869 757 sortita:

1081 782 1170 805 erant.
1184 778 1324 806 Adversus
1335 782 1493 813 utramque,
1506 777 1553 805 sed
1566 775 1746 811 posteriorem
1758 781 1868 810 preser-

1083 825 1142 856 tim,
1162 824 1228 853 totis
1242 825 1347 852 viribus
1365 824 1532 859 depugnavit
1550 822 1693 854 Maximus,
1711 820 1867 856 pugnando-

237 866 304 892 cidit
328 867 420 902 opinio
438 876 444 894 z
463 868 592 902 primum,
614 869 725 896 nomine
748 869 890 897 Athanasii
913 870 1029 905 proferri
1048 871 1069 898 Β
1083 878 1137 904 que
1152 871 1313 906 martyrium
1329 870 1436 898 illustre
1450 870 1525 897 fecit.

236 919 320 946 opera
338 912 452 940 alterius
464 914 620 949 scriptoris;
638 914 749 948 deinde,
767 916 953 943 certissimum
973 923 1029 944 non

235 965 295 985 esse
310 957 344 985 ab
358 957 510 986 Athanasio
540 960 615 987 aliud
631 961 782 996 quidquam
800 961 932 989 adversus
946 962 1029 997 Apol-

233 1002 363 1030 linarium
376 1005 510 1039 scriptum
521 1004 616 1036 fuisse,
626 1013 707 1040 quam
719 1006 863 1041 epistolam
874 1005 908 1034 ad
920 1006 1028 1042 Epicte—

234 1052 302 1081 tum,
321 1054 349 1076 et
363 1057 518 1078 sermonem
530 1059 615 1078 unum
632 1051 666 1079 de
684 1052 772 1080 tribus
790 1059 853 1079 mox
871 1053 1024 1088 appellatis.

233 1094 285 1121 Sed
302 1095 358 1123 inec
375 1103 424 1130 per
440 1101 628 1125 transennam.

233 1140 246 1175 ς
265 1141 295 1168 ν.
315 1141 389 1174 Quod
404 1146 497 1169 auctor
508 1143 675 1179 dialogorum
688 1144 721 1170 sit
734 1144 850 1172 diversus
867 1153 883 1171 α
897 1145 1023 1173 Maximo.

266 1187 286 1214 Ι.
303 1186 360 1214 Cur
377 1195 433 1215 non
455 1189 591 1216 assentiar
611 1190 639 1216 in
663 1197 706 1223 eo,
727 1190 800 1225 quod
820 1190 886 1223 dixi,
902 1191 1023 1224 Petavio,

230 1233 301 1261 ratio
325 1237 378 1265 est.
402 1234 487 1268 quod,
508 1235 560 1262 etsi
584 1235 702 1262 maxime
727 1236 818 1269 velim,
842 1244 898 1263 non
922 1237 1023 1271 possim

229 1283 321 1306 tamen
333 1279 478 1314 cogitando
497 1279 618 1315 assequi,
635 1288 696 1315 qua:
713 1288 795 1309 causa
809 1282 899 1309 virum
916 1284 1023 1318 perspi-

228 1325 380 1352 cacissimae
394 1326 495 1352 mentis
510 1330 538 1352 et
553 1326 654 1354 eximie
670 1327 810 1355 eruditum
827 1328 977 1363 impulerit,
994 1333 1024 1357 ut

229 1370 367 1397 Demetrio
389 1371 529 1406 Cydonio,
558 1371 637 1408 cujus
659 1373 834 1407 potissimum
860 1375 1022 1403 auctoritate

227 1416 349 1448 ducitur,
364 1417 521 1444 adhibuerit
537 1417 629 1450 ﬁdem,
646 1418 761 1451 homini,
775 1419 821 1454 qui
837 1420 957 1448 recentis
971 1421 1021 1449 :evi

227 1467 280 1496 est,
297 1467 327 1490 ut
350 1464 396 1498 qui
417 1463 525 1491 decimo
548 1464 647 1499 quinto
668 1466 769 1493 smculo
787 1466 902 1500 vixerit;
918 1471 946 1494 et
962 1467 1020 1503 qui,

228 1513 258 1536 ut
279 1509 393 1536 haberet
415 1510 476 1544 plus
497 1509 596 1542 :elatis,
617 1510 651 1537 de
675 1510 764 1546 primo
787 1515 892 1540 tantum
912 1512 1021 1549 dialogo

225 1554 348 1589 loquitur
361 1563 367 1581 :
381 1562 443 1582 cum
458 1559 548 1582 tamen
562 1556 702 1583 secundus
715 1557 838 1592 ejusdem
853 1565 916 1585 eum
931 1558 1020 1593 primo

226 1600 261 1628 sit
277 1601 409 1632 auctoris,
423 1605 578 1637 quartoque
598 1602 748 1630 inclinante
763 1604 864 1631 saeculo
878 1604 960 1639 q‘uam
982 1604 1021 1632 ci-

226 1647 341 1680 tissime,
358 1648 401 1675 vel
418 1648 515 1682 quinto
537 1648 656 1682 scriptus
672 1648 765 1681 fuerit,
782 1649 809 1676 id
823 1653 876 1682 est,
893 1649 1020 1678 ducentis

224 1693 305 1720 annis
319 1697 347 1721 et
362 1692 481 1727 amplius
495 1697 558 1720 ante
573 1693 681 1720 Maximi
697 1693 813 1721 obitum.
826 1694 856 1722 id
873 1699 965 1723 autem
982 1696 1019 1724 ita

224 1739 372 1767 conﬁcitur
388 1739 420 1765 “.

258 1784 292 1811 ll.
308 1785 413 1820 Dialogi
433 1785 488 1812 duo
507 1785 614 1820 priores
636 1793 691 1812 non
713 1786 795 1822 longo
813 1792 875 1822 post
895 1793 1018 1824 tempore

224 1830 369 1865 compositi
395 1835 476 1863 sunt,
501 1839 582 1866 quam
612 1832 727 1866 quzestio
758 1833 792 1859 de
820 1833 960 1870 ἁγεννήτῳ
989 1839 1018 1863 et

224 1875 345 1910 γεννητῷ
357 1879 514 1903 moveretur
536 1876 570 1903 ab
584 1877 663 1904 Aetio
678 1886 684 1903 :
699 1878 835 1912 siquidem
848 1879 1017 1908 orthodoxus

224 1921 314 1953 Actio,
330 1921 456 1956 querenti
471 1929 500 1949 se
519 1930 533 1949 a
548 1922 688 1950 Chronitis
709 1924 927 1958 persecutionem
947 1926 1014 1960 pati,

221 1967 303 2003 432
323 1967 472 2002 respondet
494 1967 522 1994 in
541 1967 599 1994 hate
619 1968 701 1995 verba
721 1977 726 1995 :
749 1977 758 1993 ‹
776 1968 850 2002 Quos
868 1969 1015 1998 Chronitas

222 2013 310 2041 dicis?
324 2012 365 2040 An
381 2021 440 2044 eos,
457 2013 504 2047 qui
521 2013 577 2048 jam
598 2013 661 2040 inde
683 2021 697 2040 a
720 2014 891 2048 temporibus
905 2020 1015 2050 aposto-

222 2059 282 2087 licis
297 2058 330 2086 ad
346 2059 510 2086 hodiernum
531 2066 616 2094 usque
635 2059 707 2086 diem
724 2059 836 2086 laudant
851 2060 970 2094 Patrem,
986 2066 1014 2089 et

222 2105 333 2138 Filium,
349 2109 377 2133 et
392 2105 524 2141 Spiritum
541 2105 686 2132 sanctum?
698 2105 738 2132 An
754 2113 811 2138 eos,
827 2106 873 2142 qui
889 2107 951 2142 χθὲς
966 2108 1014 2135 καὶ

196 2150 206 2161 ⁸
222 2152 352 2187 σήμερον,
368 2152 402 2179 ab
418 2160 472 2178 uno
487 2151 608 2179 alterove
623 2151 678 2183 die,
697 2157 895 2186 apparuerunt,
912 2157 940 2180 et
956 2153 1012 2181 ba:-

221 2199 275 2226 rcsi
296 2198 441 2226 laborant?
461 2197 509 2233 qui
531 2202 655 2225 sanctum
679 2197 767 2225 Patris
781 2203 809 2226 et
826 2198 887 2226 Filii
911 2207 1011 2227 nomen
1030 2217 1050 2244 υ

220 2244 472 2278 praetermiserunt.
502 2244 583 2279 eique
604 2251 632 2271 se
657 2244 824 2279 praeferunt,
848 2245 895 2280 qui
918 2245 1013 2273 docuit

219 2290 360 2324 baptizare
382 2290 410 2316 in
433 2290 544 2317 nomine
569 2289 671 2322 Patris,
693 2294 721 2317 et
745 2289 821 2322 Filii,
844 2295 871 2318 ct
894 2291 1014 2326 Spiritus

218 2336 317 2369 sancti,
336 2340 418 2371 atque
442 2336 525 2364 etiam
548 2337 730 2372 sapientiores
746 2344 775 2365 se
793 2341 890 2372 putant
903 2345 947 2370 eo,
964 2339 1012 2374 qui

219 2383 326 2411 Patrem
335 2383 454 2415 Patrem,
466 2391 495 2410 se
506 2383 605 2411 Filium
624 2390 684 2410 esse
701 2382 823 2411 tradidit.
843 2393 852 2409 ι
870 2383 927 2417 Qua
947 2393 1013 2413 vero

217 2428 280 2463 quis
303 2428 409 2456 ratione
432 2428 466 2455 de
493 2428 651 2455 hominibus
676 2432 740 2455 ante
764 2433 902 2457 trecentos
923 2438 1010 2458 annos

217 2475 320 2502 exortis
338 2475 455 2509 (tantum
477 2474 551 2501 enim
577 2474 708 2509 temporis
729 2473 808 2502 ﬂuxit
824 2475 858 2502 ab
878 2475 956 2504 Aetio
974 2477 1008 2504 ad

217 2521 376 2549 Max-imum)
398 2520 499 2547 dixerit
516 2527 573 2552 eos,
591 2520 654 2554 χθὲς
674 2520 721 2546 καὶ
744 2520 874 2556 σήμερον,
895 2521 929 2548 ab
952 2530 1008 2550 uno

216 2567 337 2594 alterove
353 2566 397 2594 die
412 2566 567 2594 exstitisse?

252 2610 296 2638 lll.
318 2611 422 2638 Deinde
438 2610 502 2646 quis
523 2610 639 2646 singulis
655 2610 726 2639 Aetii
749 2611 875 2647 argutiis,
891 2619 925 2640 ne
942 2612 1009 2648 ipsis

217 2655 379 2683 irretiantur
409 2656 521 2688 ﬁdeles,
549 2657 772 2691 respondendum
803 2657 910 2685 curiose
942 2663 1009 2686 tunc

215 2705 304 2737 putet,
320 2710 382 2730 cum
399 2702 513 2730 han-esis
528 2702 722 2730 Anommorum
741 2704 875 2731 exstincta
895 2704 1007 2732 omnino

1034 1547 1055 1576 C

1118 915 1196 943 Tunc
1211 915 1342 950 temporis
1357 915 1494 950 praecipua
1515 914 1701 943 contentionis
1721 920 1803 941 causa
1821 912 1869 942 fuit

1080 962 1206 990 Ecthesis
1228 962 1362 994 Heraclii,
1383 966 1412 989 et
1437 962 1529 997 Typus
1553 960 1710 990 Constantis
1732 969 1739 986 :
1758 959 1820 987 aliis
1836 959 1868 987 de

1078 1008 1254 1043 dogmatibus
1272 1008 1315 1035 vel
1330 1008 1487 1040 consensio,
1503 1007 1546 1035 vel
1560 1007 1712 1036 silentium.

1114 1052 1251 1085 Quorsum
1275 1053 1410 1080 Maximus
1434 1053 1571 1080 laboriose
1594 1060 1657 1080 cum
1682 1051 1822 1079 Anomoeis
1842 1055 1868 1078 et

1078 1098 1295 1132 Macedonianis,
1318 1099 1375 1126 imo
1397 1103 1426 1126 et
1447 1099 1664 1133 Apollini-istis”
1687 1097 1868 1132 disputassct?

1078 1145 1299 1193 quandoquidem
1314 1145 1509 1177 Monotbelitm,
1546 1153 1561 1172 a
1576 1145 1679 1179 quibus
1695 1143 1869 1193 importuan

1076 1189 1181 1217 simam'
1202 1190 1417 1225 continuamque
1445 1190 1618 1219 vexationem
1648 1189 1814 1225 patiebatur,
1840 1191 1868 1216 et

1075 1235 1132 1263 Arii
1161 1236 1324 1272 impietatem
1347 1236 1382 1263 de
1407 1236 1500 1264 Verbo
1523 1235 1589 1268 Dei.
1610 1239 1638 1263 et
1660 1235 1810 1264 Macedonii
1833 1234 1867 1267 de

1075 1281 1179 1316 Spiritu
1206 1286 1302 1309 sancto
1328 1281 1530 1317 blasphemiam,
1549 1286 1577 1309 et
1593 1282 1754 1317 Apollinarii
1778 1289 1867 1309 amen-

1074 1327 1151 1360 tiam,
1168 1327 1224 1354 imo
1238 1332 1267 1355 et
1280 1327 1412 1363 Eutycius
1427 1327 1551 1356 delirium
1564 1327 1787 1356 exsecrabantur.
1803 1327 1867 1354 Pro-

1074 1372 1222 1401 ﬁtebantur
1232 1373 1306 1401 enim
1319 1373 1584 1401 consubstantialem
1596 1373 1770 1405 Trinitatem,
1786 1373 1867 1400 duas-

1073 1426 1127 1453 que
1148 1419 1176 1446 in
1193 1419 1303 1447 Christo
1323 1423 1437 1446 naturas
1459 1419 1589 1455 integras.
1605 1419 1661 1447 imo
1676 1427 1726 1447 sua
1745 1419 1867 1454 singulas

1073 1470 1164 1493 mente
1177 1465 1307 1500 pmditas
1325 1465 1364 1492 ita
1377 1465 1571 1498 defendebant,
1588 1469 1620 1493 ut
1637 1465 1720 1493 etiam
1735 1473 1798 1493 cum
1810 1465 1864 1492 Ne-

1072 1511 1159 1539 storio
1182 1511 1358 1546 aliquatenus
1383 1512 1502 1539 sensisse
1528 1519 1543 1539 a
1568 1511 1672 1539 Joanne
1695 1515 1723 1539 et
1749 1510 1869 1542 Martiae

1071 1556 1187 1584 summis
1211 1556 1402 1591 pontiﬁcibus,
1430 1555 1544 1591 ipsoque
1569 1556 1687 1584 Maximo
1713 1555 1865 1588 monacho,

1071 1600 1242 1629 dicerentur.

1105 1647 1138 1674 ν.
1156 1647 1234 1680 Quod
1248 1647 1272 1674 si
1292 1647 1401 1675 Maximi
1421 1646 1604 1676 indubitatam
1629 1647 1782 1676 doctrinam
1800 1656 1865 1677 cum

1069 1692 1221 1728 dialogislae
1244 1693 1381 1720 sententia
1404 1692 1530 1720 conferre
1549 1692 1643 1725 libeat,
1661 1692 1689 1720 id
1709 1693 1782 1728 quod
1805 1693 1864 1729 agi-

1069 1745 1142 1770 mus,
1156 1738 1263 1765 facilius
1278 1731 1449 1766 conﬁeietur.

1104 1783 1188 1811 Cavet
1210 1783 1365 1818 dialogista,
1387 1787 1418 1811 ut
1441 1783 1497 1819 jam
1519 1783 1587 1815 dixi,
1608 1784 1726 1817 curiose,
1749 1792 1785 1812 ne
1808 1793 1866 1820 qua

1069 1829 1172 1857 indicet
1190 1829 1323 1864 Spiritum
1351 1834 1476 1857 sanctum
1493 1838 1508 1857 a
1525 1830 1596 1857 Filio
1616 1830 1753 1859 ullatenus
1766 1838 1865 1865 prooe-

1067 1875 1133 1902 dere
1150 1884 1156 1901 :
1173 1875 1200 1902 id
1212 1879 1306 1909 aperte
1320 1875 1455 1903 Maximus
1471 1875 1556 1903 tradit
1571 1876 1598 1903 in
1611 1875 1726 1910 epistola
1742 1876 1774 1904 ad
1787 1876 1864 1907 Mar-

1067 1921 1154 1948 tinum
1177 1921 1380 1956 presbyterum,
1399 1925 1482 1956 prout
1503 1921 1620 1950 aﬂ'ertur
1638 1922 1666 1950 iu
1685 1922 1867 1951 collectaneis

1066 1966 1213 1994 Anastasii.

1100 2012 1180 2048 ‘33
1206 2011 1353 2047 Dialogista
1379 2012 1462 2041 refert
1483 2014 1514 2046 ιδ,
1536 2021 1566 2041 se
1582 2014 1680 2049 legisse
1697 2013 1863 2049 Apollinarii

1065 2058 1276 2089 confessionem,
1291 2057 1319 2085 in
1338 2065 1393 2092 qua
1411 2066 1511 2094 corpus
1526 2059 1634 2087 Domini
1648 2059 1737 2088 nostri
1754 2059 1864 2089 diceret

1064 2104 1206 2138 ὁμοούσιον
1230 2103 1324 2131 Marica
1344 2112 1354 2130 :
1373 2104 1508 2132 Maximus
1532 2105 1560 2132 in
1585 2104 1772 2141 disputatione
1795 2114 1866 2134 cum

1064 2150 1168 2185 Pyrrho
1179 2149 1378 2184 Apollinarium
1390 2150 1428 2177 ait
1438 2151 1554 2178 abusum
1565 2159 1632 2179 voce
1644 2153 1722 2179 unius
1731 2152 1859 2181 uolunta-

1065 2195 1115 2227 iis,
1132 2199 1163 2222 ut
1182 2194 1341 2222 ostenderet
1363 2203 1473 2223 carnem
1499 2197 1608 2224 Domini
1629 2205 1690 2225 esse
1714 2197 1859 2232 όμοούσιον

1066 2242 1157 2269 Verbo.

1099 2289 1247 2324 Dialogista
1267 2290 1393 2325 pluribus
1409 2297 1471 2317 cum
1493 2289 1626 2318 Anotan
1643 2289 1781 2325 disputat;
1799 2290 1860 2318 imo

1063 2334 1185 2371 dialogos
1197 2335 1267 2364 duos
1281 2336 1338 2364 fere
1353 2336 1486 2371 integros,
1506 2335 1625 2370 primum
1644 2340 1672 2362 et
1692 2335 1861 2368 secundum.

1063 2382 1198 2417 impendit
1217 2382 1245 2409 in
1262 2381 1403 2409 tractanda
1421 2382 1582 2416 quastione,
1598 2386 1691 2409 utrum
1709 2381 1863 2416 ἀγέννητον

1063 2433 1090 2455 et
1104 2428 1234 2463 γεννητόν
1249 2429 1304 2455 sint
1324 2428 1413 2455 οὺσια.
1435 2427 1578 2460 Maximus,
1593 2428 1667 2455 velut
1681 2427 1709 2455 in
1731 2427 1863 2455 confesso

1063 2475 1135 2509 apud
1152 2481 1258 2506 omnes,
1274 2474 1367 2506 sumit,
1388 2474 1540 2509 Ingenitum
1553 2477 1579 2500 et
1593 2473 1716 2501 Geuitum
1729 2481 1781 2500 non
1801 2481 1864 2500 esse

1061 2521 1236 2549 substantiam
1249 2520 1313 2553 Dei;
1328 2520 1458 2555 additque
1476 2528 1482 2546 :
1498 2519 1562 2552 Quis
1583 2520 1653 2546 enim
1669 2520 1717 2546 hoc
1730 2519 1801 2546 dicat
1817 2519 1864 2546 “?

1094 2567 1241 2602 Dialogista
1262 2567 1334 2594 inter
1350 2566 1545 2602 disputandum
1563 2574 1625 2594 eum
1641 2566 1861 2601 Apollinaristis,

1060 2621 1148 2648 neque
1164 2613 1296 2649 Eutychis
1315 2613 1451 2644 meminit,
1468 2621 1557 2647 neque
1572 2612 1785 2647 Acephalorum,
1806 2620 1864 2640 ne-

1059 2667 1112 2695 que
1129 2659 1233 2692 Severi,
1252 2659 1423 2694 aliorumque
1445 2658 1597 2694 ejusmodi;
1622 2659 1678 2686 imo
1698 2666 1750 2686 nec
1769 2657 1863 2686 ullius

1059 2705 1156 2742 synodi
1168 2710 1348 2741 praeterquam
1364 2705 1470 2740 primae,
1484 2712 1546 2740 quae
1562 2705 1672 2732 Nicena
1688 2709 1740 2733 est.
1754 2704 1863 2732 adver-

890 2772 1051 2802 SCIlL‘Lle
1070 2773 1185 2802 NOTIE.

253 2826 354 2868 {illane
375 2831 536 2868 argumenta
554 2828 681 2868 codicum
706 2828 869 2859 auctoritate
895 2830 1090 2867 infringuntur,
1117 2836 1146 2859 ut
1181 2832 1364 2860 Combeﬁsius
1379 2832 1514 2868 probavit.

216 2860 296 2896 epist.
319 2862 352 2891 ad
373 2860 521 2899 Georgium
545 2863 682 2892 abbatem.

1563 2832 1583 2849 “
1601 2832 1669 2860 Dial.
1686 2832 1710 2860 6.
1751 2833 1772 2848 "
1788 2831 1860 2860 \"Ed.
