1971 3046
101 132 155 164 381

441 132 491 163 DE
511 131 688 162 DIALOGIS
705 132 790 163 ADV.
807 131 984 168 ARIANOS,
1004 132 1310 169 MACEDONIANOS,
1330 133 1411 163 ETC.

1694 133 1748 164 382

102 195 154 216 sus
173 186 281 220 Arium,
297 190 326 214 et
341 186 479 220 secundae,
500 194 561 222 quae
581 185 882 222 Constantinopolitana
893 207 900 218 ,
915 189 939 216 Α
953 190 1077 214 mentum
1093 192 1151 219 est,
1173 186 1270 215 eadem
1293 186 1444 222 Scriptura:
1460 186 1616 214 testimonia
1626 207 1633 219 ,
1644 186 1745 224 eadem

103 233 238 261 adversus
248 232 438 260 Macedonium
453 241 460 259 :
475 232 601 260 meminit
612 232 716 267 ubique
731 232 832 267 passim
845 231 899 259 Ma-

103 279 196 307 ximus
211 278 355 306 hominum
370 278 518 314 ejusmodi,
537 277 772 313 synodorumque,
787 277 817 304 in
835 277 898 312 qui-

102 325 156 352 bus
171 323 325 359 proscripta
341 328 383 350 est
400 323 533 358 Eutychis
549 323 685 358 impietas.

140 369 288 404 Dialogista
311 369 406 404 jejune
433 369 582 396 admodum
607 368 641 396 de
665 367 749 395 Maria
776 367 900 404 Θεοτόκῳ

103 415 237 451 loquitur,
255 423 308 443 nec
329 415 392 442 aliis
411 414 468 443 fere
491 415 594 447 verbis,
618 422 700 449 quam
717 414 818 449 quibus
841 413 899 448 ipse

102 462 251 490 Nestorius
274 469 329 489 non
356 461 482 496 ingratiis
506 465 631 489 uteretur
654 470 661 488 :
685 467 748 488 cum
770 461 844 488 enim
866 460 900 488 de

103 514 185 544 partu
202 508 322 543 Virginis
339 507 465 535 nonnihil
488 507 612 540 dixisset,
634 506 783 541 excipienti
797 506 901 541 Apolli—

103 555 226 587 naristie,
242 554 380 582 Honn'nm
395 555 477 590 igitur
494 554 584 581 Maria
604 554 715 590 genuit?
730 554 878 589 respondet
892 563 898 581 :

103 601 141 627 οὐ
155 600 243 634 ψιλὸν,
256 600 323 627 ἀλλὰ
344 600 411 627 Θεὸν
431 599 690 636 amomum.
716 600 827 635 Πρῶτον
846 599 901 636 γὰρ

103 645 120 671 ό
134 644 238 680 Κύριος
253 646 312 680 μετ’
323 646 410 680 αὐτῆς
423 644 533 678 θεῐκῶς,
552 645 600 672 καὶ
613 645 675 672 τότε
686 645 716 677 ἐξ
729 645 814 681 αὐτῆς
829 646 902 672 olxo-

104 690 227 725 νομικῶς
242 691 349 718 παιδίον
360 699 368 706 ·
392 691 434 717 διὸ
449 691 497 718 καὶ
512 691 643 723 Geo-rom;
657 692 673 726 ἡ
693 690 798 725 Μαρία,
816 701 825 716 ‹
841 691 901 718 Non

103 735 228 768 nudum,
254 736 302 764 sed
324 736 411 764 Deum
433 736 656 764 inhumanatum.
679 736 803 763 Primum
826 736 902 763 enim

104 787 169 808 cum
182 789 213 808 ea
226 782 360 810 Dominus
372 781 476 815 divine,
494 790 528 810 ex
542 782 601 817 ipsa
615 786 711 817 postea
725 781 814 809 infans
826 790 901 810 ieco-

104 827 214 854 nomice
224 836 232 860 ;
244 827 362 862 ideoque
377 827 462 855 Maria
478 828 595 862 Deipara
606 832 659 855 est.
676 836 686 854 ι
704 827 806 856 Contra
814 827 901 855 Maxi-

104 880 178 906 mus,
195 880 258 900 cum
276 881 374 908 passus
388 878 462 901 esset
477 873 654 906 calumniam,
670 873 749 909 quasi
761 874 900 909 Virginem

104 926 161 945 non
176 919 283 946 diceret
299 919 455 954 Deiparam,
477 929 487 945 ε
509 920 592 947 missa
613 924 749 948 metanaaa
768 920 899 952 surrexit,

104 965 263 992 etextensis
271 965 300 992 in
312 966 412 993 omium
421 965 560 998 manibus,
569 973 632 993 cum
643 966 773 1001 lacrymis
787 966 874 993 dixit:
888 976 897 992 ι

109 1020 118 1036 ι
137 1011 188 1044 Qui
210 1019 265 1039 non
278 1003 364 1044 dicit,
387 1012 532 1040 Dominam
549 1016 672 1040 nostram
694 1011 902 1046 superlaudabi-

105 1057 171 1094 lem,
185 1058 404 1089 sanctissimam,
425 1058 636 1090 intemeratam,
657 1062 685 1085 et
704 1058 781 1085 omni
794 1062 902 1086 natura;

107 1103 287 1131 iutellectuali
300 1104 497 1137 venerandam,
510 1104 666 1131 naturalem
685 1104 819 1131 veraciter
841 1111 899 1131 ma-

106 1155 179 1178 trem
200 1150 250 1178 Dei
272 1151 409 1183 eﬂ'ectam,
432 1151 479 1186 qui
500 1151 567 1179 fecit
581 1151 682 1178 omium
697 1155 727 1178 et
741 1154 855 1182 terram,
873 1154 901 1177 et

106 1203 193 1228 mare,
208 1200 238 1223 et
263 1196 355 1223 omnia
375 1203 437 1231 quas
447 1197 481 1235 in
500 1195 543 1223 eis
563 1199 638 1227 sunt,
655 1195 692 1223 sit
711 1195 857 1223 anathema
873 1200 901 1222 et

106 1243 261 1269 catathema
275 1250 290 1269 a
312 1243 392 1270 Patre
409 1246 438 1269 et
452 1242 522 1270 Filio
536 1246 564 1269 et
584 1241 687 1277 Spiritu
706 1246 813 1274 sancto,
835 1248 902 1269 con-

106 1288 282 1315 substantiali
296 1292 325 1316 et
346 1287 607 1323 sonet-substantia“
618 1287 765 1319 Trinitate,
781 1294 813 1314 ac
825 1286 900 1313 omni

106 1334 212 1362 cealesti
227 1334 338 1366 virtute,
359 1339 442 1369 atque
459 1342 474 1361 a
489 1334 576 1362 choro
589 1337 748 1361 sanctorum
764 1332 902 1367 apostolo-

106 1386 187 1410 rum,
213 1379 428 1414 prophetarum,
454 1383 484 1407 et
505 1379 611 1406 inﬁnita
639 1379 718 1414 plebe
743 1381 901 1405 sanctorum

106 1429 270 1460 martyrum,
286 1425 415 1460 onmique
431 1425 529 1460 spiritu
545 1425 573 1452 in
582 1424 687 1460 iustitia
697 1427 899 1456 consummato,

105 1478 182 1499 nunc
192 1474 222 1498 et
235 1478 355 1506 semper,
370 1475 398 1498 et
413 1471 441 1498 in
457 1471 557 1498 sacuh
574 1471 749 1498 saeculorum.
769 1470 866 1497 Amen.
886 1478 896 1495 ι

143 1517 158 1552 §
177 1517 221 1544 Vl.
243 1516 320 1549 Quod
336 1517 509 1544 Theodorum
524 1517 558 1543 sit
573 1515 741 1551 dialogorum
761 1518 863 1542 auctor.

140 1563 182 1590 Ex
196 1562 250 1594 his,
266 1570 327 1597 quae
349 1562 482 1589 hactenus
505 1561 578 1589 dicta
603 1566 677 1593 sunt,
698 1560 809 1588 videtur
830 1559 898 1587 mihi

105 1616 179 1637 unus
195 1608 242 1636 ille
261 1613 357 1636 auctor
373 1608 544 1644 dialogorum
566 1607 669 1635 sensim
686 1607 746 1634 sine
767 1614 849 1634 sensu
869 1614 899 1634 se

104 1655 239 1691 prodere,
264 1654 409 1690 patefactis
432 1654 559 1686 indiciis,
584 1653 687 1688 quibus
713 1652 898 1688 dignoscatur.

104 1701 201 1736 Neque
216 1701 291 1728 enim
307 1699 434 1727 diversus
447 1704 499 1732 est,
514 1707 575 1727 mea
589 1699 701 1734 quidem
722 1698 868 1730 sententia,
884 1705 900 1725 a

105 1745 294 1777 Theodoreto,
308 1744 385 1780 quod
399 1752 454 1772 non
472 1745 591 1772 obscure
609 1744 705 1771 videre
721 1743 838 1778 quisque
852 1750 902 1777 po-

106 1795 171 1823 test,
183 1791 207 1818 si
218 1791 300 1818 modo
311 1790 486 1818 collationem
498 1790 671 1825 dialogistarn
688 1789 760 1816 inter
772 1792 801 1815 et
812 1787 902 1815 Theo.

105 1836 246 1868 doretum,
262 1835 344 1872 434
365 1836 456 1871 quoad
471 1836 625 1863 doctrinam
641 1835 748 1869 aliaque
761 1834 899 1869 adjuncta,

106 1883 234 1910 instituat
249 1891 254 1909 :
276 1882 402 1910 instituet
413 1890 481 1909 vero
495 1881 639 1909 commode
654 1884 773 1916 quatuor
789 1880 878 1908 modis
893 1889 900 1907 :

106 1928 197 1964 primo
212 1928 240 1955 in
253 1927 403 1960 communi,
415 1932 442 1955 et
453 1927 544 1963 quoad
559 1934 655 1954 omnes
667 1925 749 1954 simul
759 1926 900 1960 dialogos:

106 1974 218 2006 deinde,
233 1974 324 2009 quoad
340 1974 446 2009 priores
463 1974 542 2004 duos,
562 1981 626 2000 cum
641 1972 751 1999 Arianis
771 1980 778 1999 :
795 1975 900 2007 postea,

106 2020 197 2055 quoad
209 2025 265 2047 tres
273 2019 353 2051 alios,
365 2027 428 2047 cum
441 2019 637 2047 Macedoniam
650 2027 657 2045 :
669 2018 800 2053 denique,
811 2018 902 2053 quoad

106 2066 240 2101 reliquos,
253 2073 316 2093 cum
329 2065 533 2101 Apollinarista.

142 2111 297 2145 Antequam
313 2111 401 2138 lector
417 2109 530 2138 accedat
542 2109 576 2136 ad
589 2109 755 2137 laboriosam
765 2108 902 2144 ejusmodi

105 2156 300 2188 collationem,
317 2156 441 2184 facturus
453 2159 510 2188 est,
524 2155 640 2191 opinor,
655 2162 748 2190 operae
765 2154 901 2190 pretium,

106 2204 131 2231 si
145 2203 271 2230 advertat
289 2203 411 2230 animum
435 2203 469 2230 ad
500 2201 763 2230 demonstrationem
786 2200 899 2229 manife~
919 2205 939 2232 Β

913 1526 935 1556 C

107 2252 177 2276 stam
191 2248 326 2280 veritatis,
340 2255 394 2282 qua
407 2247 441 2274 de
457 2247 547 2282 agitur
556 2247 592 2279 “;
612 2246 758 2281 ipsumque
775 2245 902 2273 Theodo-

107 2298 198 2322 return
210 2293 245 2321 de
260 2294 339 2321 libris
351 2302 366 2321 a
377 2301 408 2321 se
422 2293 542 2328 scriptis.
555 2292 664 2320 duobus
676 2292 788 2327 quidem
803 2292 901 2319 adver-

107 2347 158 2367 sus
169 2339 280 2367 Aetium
296 2344 325 2367 et
339 2339 517 2371 Eunomium,
532 2338 620 2366 tribus
631 2345 699 2365 vero
710 2342 804 2365 contra
815 2337 903 2365 Mace-

107 2385 265 2418 donianos,,
282 2390 381 2413 testem
395 2385 500 2413 audiat.
520 2385 589 2412 Nam
603 2387 685 2418 caput
699 2383 852 2411 secundum
873 2387 902 2410 et

108 2432 222 2459 tertium
237 2431 300 2459 libri
313 2431 470 2459 divinorum
484 2431 652 2466 dogmatum,
666 2430 713 2466 qui
727 2430 841 2465 quintus
851 2429 903 2456 Fa-

106 2477 233 2505 balarum
248 2478 442 2509 hmcticarum,
455 2484 572 2511 quorum
586 2476 703 2504 alterum
715 2476 750 2504 de
762 2475 832 2503 Filio
843 2475 902 2508 Dei,

108 2523 228 2551 alterum
246 2523 281 2551 de
297 2523 401 2559 Spiritu
417 2527 524 2555 sancto,
541 2523 611 2550 nihil
629 2522 720 2558 reipsa
735 2525 799 2550 sunt
816 2521 903 2554 aliud,

107 2576 191 2604 quam
205 2569 401 2604 compendiosa
416 2569 542 2604 quaedam
558 2568 711 2596 contractio
724 2575 830 2601 eorum,
844 2576 905 2603 quae

107 2616 215 2650 prolixe
237 2615 265 2643 in
287 2615 404 2650 dialogis
423 2619 587 2643 tractantur.
603 2615 679 2643 Idem
700 2615 803 2651 qu'mpe
824 2623 905 2651 argm-

782 2693 941 2722 SCHULle

949 232 1172 260 testimoniorum
1180 232 1325 268 expositio,
1334 232 1430 260 eadem
1440 232 1579 260 rationum
1589 237 1726 259 momenta
1738 241 1745 260 :

950 279 1052 314 quibus
1063 279 1239 314 subjungitur
1252 287 1334 307 causa
1348 284 1403 307 tam
1422 283 1571 307 contractae
1591 280 1746 314 argumenti

950 325 1074 359 alioquin
1089 329 1144 352 tam
1157 324 1241 360 ampli
1259 323 1441 352 tractationis.
1455 325 1489 352 Et
1503 324 1531 352 in
1549 325 1672 353 secundo
1686 326 1747 360 qui—

950 370 1013 398 dem
1029 371 1118 406 capite
1133 380 1140 398 :
1157 381 1166 397 ε
1184 370 1237 398 Sed
1253 371 1287 398 de
1304 371 1347 399 liis
1362 379 1413 399 nos
1427 370 1455 398 in
1476 371 1521 404 iis,
1536 379 1597 406 quae
1613 372 1747 400 adversus

949 417 1046 446 Arium
1066 421 1094 445 et
1114 417 1281 445 Eunomium
1296 417 1469 452 scripsimus,
1487 418 1598 452 copiose
1614 418 1748 446 disserui-

950 471 1022 491 mus.
1039 473 1048 489 ›
1064 463 1095 490 ln
1109 463 1192 490 tertio
1204 466 1297 490 autem
1312 471 1318 489 :
1337 471 1346 488 ί
1361 462 1469 490 Etenim
1483 462 1518 490 de
1530 463 1635 498 Spiritu
1650 467 1746 491 sancto

950 509 1083 538 adversus
1097 509 1223 544 ejusdem
1236 510 1245 520 '
1260 509 1348 545 gratia
1362 509 1511 537 destitutos
1521 509 1676 541 haereticos,
1690 513 1747 537 tres

950 561 1061 589 quoque
1082 554 1170 582 libros
1191 554 1358 590 conscripsi,
1381 558 1411 582 et
1433 561 1668 589 supervacaneum
1687 555 1746 582 eai-

951 599 1034 626 stimo
1050 606 1205 627 sermonem
1221 599 1275 627 hoc
1291 599 1354 627 loco
1367 599 1531 634 producere.
1552 607 1561 624 ι
1579 599 1639 626 Non
1651 599 1745 631 video,

950 645 1019 679 quid
1032 645 1232 673 consonantius
1249 645 1303 672 dici
1319 649 1413 680 queat.
1425 644 1492 680 quid
1510 643 1629 672 validius
1641 644 1675 672 ad
1686 644 1748 680 opi-

952 693 1064 720 nionem
1081 691 1244 721 ﬁrmandam
1265 691 1377 720 adduci.

986 739 1047 766 Jam
1057 746 1134 771 vero,
1146 746 1208 766 cum
1223 738 1324 773 dialogi
1334 737 1390 765 duo
1402 737 1535 765 adversus
1545 737 1746 772 Apollinarium

951 785 1022 812 nihil
1036 784 1110 812 aliud
1126 784 1182 812 sint
1195 784 1311 819 pariter,
1326 791 1410 818 quam
1420 782 1522 810 solutio
1532 781 1745 818 prasstig-iarum.

952 831 1010 858 sive
1033 830 1245 865 sophismatum,
1270 830 1372 865 quibus
1388 829 1538 857 haereticus
1553 828 1600 856 ille
1622 827 1748 856 tentabat

953 876 1153 912 simpliciorum
1170 876 1269 904 animis
1283 875 1400 903 illudcre
1423 884 1430 902 :
1450 882 1569 910 cumque
1589 874 1748 907 Theodore-

953 927 998 950 tus
1013 926 1130 950 testetur
1150 930 1180 950 se
1198 921 1351 957 prastigias
1365 920 1525 956 Apollinarii
1538 920 1640 955 scripto
1654 920 1747 955 aliquo

951 968 1078 1001 solvisse,
1091 973 1120 996 et
1133 968 1255 1000 easdem,
1269 975 1302 995 ex
1318 967 1417 995 eodem
1433 967 1505 995 libro
1521 966 1684 994 nominatim
1698 973 1748 1001 ap-

951 1014 1067 1049 pellato,
1091 1014 1119 1041 in
1140 1014 1266 1041 Eraniste
1289 1013 1388 1045 solvat,
1406 1021 1475 1048 quas
1494 1013 1523 1040 in
1544 1012 1676 1047 dialogis,
1699 1011 1746 1039 ubi

951 1061 1079 1088 eumdem
1098 1061 1201 1088 librum
1219 1060 1354 1093 nominat,
1367 1059 1551 1095 eamdemque
1568 1059 1598 1086 in
1618 1058 1745 1094 dialogis,

951 1114 1034 1142 quam
1058 1107 1119 1134 aliis
1139 1107 1167 1134 in
1187 1107 1267 1139 locis,
1284 1106 1437 1134 doctrinam
1456 1106 1491 1133 de
1505 1105 1616 1133 Christo
1634 1104 1745 1132 tradat:

952 1153 1133 1181 indubitabile
1162 1153 1284 1185 videtur,
1306 1160 1322 1180 a
1343 1152 1519 1180 Theodoreto
1540 1151 1664 1187 dialogos
1683 1150 1747 1178 illos

950 1204 1048 1227 contra
1060 1198 1271 1234 Apollinarium,
1282 1203 1364 1233 atque
1377 1198 1446 1225 adeo
1456 1205 1554 1225 omnes
1567 1201 1671 1232 septem
1685 1203 1746 1224 esse

951 1246 1130 1281 compositos,
1139 1245 1363 1280 quandoquidem
1372 1252 1445 1272 unus
1452 1248 1494 1272 est
1504 1243 1626 1271 omnium
1637 1246 1744 1273 auctor,

951 1296 982 1319 ut
997 1296 1076 1319 utea
1088 1291 1245 1320 confectum
1258 1295 1311 1319 est.

987 1338 1118 1365 Advertat
1132 1338 1237 1372 pariter
1254 1337 1287 1364 ad
1309 1335 1481 1368 melhodum,
1501 1342 1564 1370 qua
1577 1333 1673 1361 eadem
1688 1339 1748 1360 ser-

951 1386 1032 1410 vatur
1048 1382 1077 1409 in
1094 1382 1210 1417 dialogis
1227 1381 1297 1413 istis,
1313 1388 1375 1416 quas
1391 1381 1420 1408 in
1436 1380 1552 1416 dialogis
1571 1379 1661 1407 tribus
1680 1378 1748 1406 Era-

951 1428 1040 1456 nistze.
1057 1429 1124 1456 Nam
1148 1428 1243 1455 eadem
1267 1427 1490 1462 colloquentibus
1509 1425 1637 1461 personis
1659 1425 1748 1459 impo-

951 1478 1057 1501 nuntur
1078 1473 1201 1505 nomina,
1217 1473 1365 1500 haereticus
1380 1479 1480 1506 nempe
1501 1471 1543 1499 sui
1567 1469 1704 1502 nominis,
1719 1472 1747 1497 et

951 1518 1122 1545 orthodoxus
1136 1526 1142 1544 :
1160 1525 1220 1552 quae
1229 1517 1378 1544 methodus
1386 1524 1442 1544 non
1455 1516 1566 1544 videtur
1580 1520 1643 1544 ante
1657 1514 1748 1542 Theo-

949 1564 1076 1592 doretum
1091 1568 1232 1600 usurpata.
1249 1563 1304 1591 Sed
1318 1564 1374 1599 jam
1388 1562 1558 1590 instituenda
1571 1560 1692 1589 collatio.

1216 1652 1297 1689 535
1315 1659 1439 1681 com-rio
1456 1660 1476 1679 ι.

950 1720 1026 1748 Inter
1050 1719 1222 1756 dialogistam
1245 1723 1270 1756 et
1302 1718 1511 1756 Theodoretum,
1541 1717 1630 1753 quoad
1657 1724 1747 1745 autne:

1231 1753 1313 1782 simul
1332 1753 1463 1790 dialogos.

987 1834 1007 1861 Ι.
1027 1833 1144 1868 Scripsit
1154 1832 1299 1868 dialogista
1316 1831 1450 1859 adversus
1461 1834 1518 1858 tres
1530 1829 1660 1861 haereses,
1677 1829 1745 1861 Arii,

953 1878 1104 1906 Macedonii
1125 1883 1154 1906 ct
1169 1877 1343 1913 Apollinarii.
1359 1876 1550 1904 Theodorctus
1563 1876 1582 1891 ¹⁷
1597 1884 1604 1902 :
1621 1885 1630 1901 ι
1644 1875 1748 1910 Scripsi

953 1925 1089 1953 adversus
1105 1925 1223 1953 Arianos
1242 1931 1274 1951 ac
1289 1923 1510 1955 Macedonianos,
1522 1926 1550 1949 et
1559 1926 1655 1950 contra
1665 1921 1748 1956 Apol-

952 1971 1049 1999 linaris
1062 1971 1225 2007 praestigias.
1247 1979 1256 1996 ι
1272 1969 1403 2002 Advorte,
1417 1969 1514 2001 lector,
1529 1967 1627 1996 eodem
1649 1967 1747 1996 ordine

953 2018 1056 2052 scripta
1077 2025 1127 2044 sua
1144 2016 1349 2044 Thcodoretum
1373 2022 1528 2047 recensere,
1542 2021 1624 2049 quem
1645 2012 1747 2048 dialogi

953 2063 1026 2091 inter
1043 2071 1072 2090 se
1086 2067 1208 2090 servant.

989 2109 1021 2136 ll.
1049 2109 1118 2136 Tres
1139 2113 1204 2136 sunt
1224 2107 1361 2136 adversus
1388 2105 1599 2134 Macedonianos
1625 2103 1746 2138 dialogi,

957 2155 1067 2186 tertius,
1087 2159 1181 2182 sextus
1199 2158 1229 2181 et
1245 2153 1388 2188 septimus.
1404 2151 1597 2179 Theodorctus
1613 2150 1634 2165 ι’
1650 2158 1657 2176 ;
1675 2158 1684 2175 i
1708 2148 1747 2176 De

952 2200 1058 2236 Spiritu
1073 2204 1179 2232 sancto,
1197 2200 1330 2227 adversus
1351 2197 1438 2233 gratia
1451 2197 1512 2232 eius
1529 2196 1676 2224 destitutos
1692 2194 1748 2222 ha)-

952 2247 1065 2278 reticos,
1079 2251 1135 2273 tres
1148 2246 1235 2274 libros
1254 2244 1417 2279 conscripsi.
1435 2253 1445 2269 ι

989 2292 1033 2320 lll.
1054 2291 1200 2327 Dialogista
1226 2290 1309 2318 solvit
1331 2290 1412 2318 libris
1430 2297 1481 2316 seu
1502 2287 1618 2323 dialogis
1639 2286 1748 2314 duobus

952 2338 1140 2374 syllogismos,
1164 2336 1265 2371 quibus
1291 2335 1370 2371 quasi
1400 2334 1546 2370 praestigiis
1562 2332 1748 2368 Apollinarius

952 2382 1126 2418 simplicibus
1142 2381 1285 2409 illudebat.
1309 2379 1501 2408 Tlteodoretus
1521 2379 1564 2405 ηε
1581 2387 1590 2403 ι
1610 2377 1748 2405 Adversus

953 2428 1115 2464 Apollinarii
1129 2427 1280 2464 praestigias
1293 2427 1379 2455 libros
1390 2424 1542 2460 composui.
1558 2434 1568 2450 ι

988 2476 1032 2504 iV.
1050 2475 1167 2511 Scripsit
1179 2474 1327 2510 dialogisla
1344 2477 1410 2509 post
1431 2471 1583 2500 secundam
1599 2469 1745 2507 synodum,

951 2530 1015 2558 quae
1029 2521 1122 2549 habita
1139 2529 1212 2549 anno
1226 2520 1290 2554 581,
1306 2523 1335 2548 et
1348 2523 1414 2548 ante
1432 2518 1552 2557 tertiam,
1569 2525 1630 2552 qua:
1647 2515 1748 2552 Ephesi

950 2571 1048 2596 coacta
1062 2575 1135 2595 anno
1148 2567 1211 2594 451.
1230 2565 1422 2594 Theodoreus
1438 2564 1462 2581 ¹⁶
1482 2573 1489 2591 ;
1505 2573 1514 2589 i
1536 2563 1675 2598 [ntegrum
1687 2565 1747 2593 est,

952 2614 998 2642 cui
1015 2613 1126 2641 animus
1140 2613 1225 2640 fuerit
1235 2612 1351 2647 antiqua
1360 2618 1423 2639 mea
1435 2617 1519 2645 opera
1531 2609 1673 2640 evolvere,
1690 2611 1747 2634 tum

962 2693 1079 2722 NOTAE.

146 2784 167 2800 "
181 2785 439 2820 Hociargumentum
467 2784 535 2820 nihil
562 2784 665 2820 valere,
693 2783 891 2820 nisicodicum
916 2791 981 2811 mss.
1010 2781 1156 2820 accesserit
1173 2780 1341 2820 auctoritas,_
1352 2779 1408 2814 jam
1426 2775 1747 2820 monueruntLEditpEs

108 2811 212 2847 Bened.
229 2811 299 2854 Opp:
315 2819 468 2849 Athanasii.
487 2824 506 2846 t.
523 2819 555 2850 II,
577 2827 603 2854 p.
620 2811 682 2846 4T2.
702 2818 806 2854 ibidem
822 2826 984 2853 responsum
999 2823 1041 2854 est
1056 2817 1089 2845 ad
1105 2811 1654 2854 argumentum}locorumnuorpmdam
1670 2811 1746 2854 sitni—

104 2854 227 2884 liludinc
241 2847 366 2889 p'e'titum.
406 2856 426 2871 "
444 2847 505 2882 Vid.
518 2847 599 2891 cpis't.
615 2854 659 2882 82.
699 2854 720 2870 "
737 2853 795 2881 Vid.
812 2854 859 2882 lib.
870 2847 893 2880 ’ν
913 2854 984 2882 Hier.
1002 2853 1078 2887 Fab.,
1092 2847 1151 2888 cap”.
1168 2851 1194 2879 ’5.
1233 2851 1253 2868 ¹⁹
1273 2849 1334 2879 Vid.
1347 2849 1428 2885 epist.
1445 2847 1492 2877 cit.
1532 2849 1554 2865 ὀ
1568 2847 1642 2875 Doce
1665 2847 1715 2873 cit.
