1971 3046
223 143 276 174 383

626 141 815 171 GARNERII
835 139 1148 171 DISSERTATIONIS
1171 141 1197 170 ΙΙ
1204 137 1419 170 -APPENDIX.

1801 138 1852 170 38L

223 206 256 226 ea
271 205 331 233 qua:
354 202 417 225 ante
439 197 572 233 synodum
596 196 778 232 Ephesinam,
801 201 858 224 tum
879 203 940 230 quae
956 198 1018 230 post
1031 197 1054 224 Α
1103 195 1136 222 ιι.
1150 194 1261 230 Dialogo
1277 203 1285 222 ι
1299 194 1398 229 quaerit
1419 193 1578 224 Anomuaus,
1591 191 1637 218 ubi
1655 190 1786 224 scriptum
1801 191 1847 224 sit,

226 244 299 271 illam
324 251 432 270 rursum
455 246 518 270 ante
542 243 686 270 duodecim
709 250 796 269 annos
817 242 924 277 scripsi.
948 241 1013 275 (huc

225 288 300 315 enim
322 288 370 314 Dei
390 287 475 322 gratia
491 291 544 320 est,
560 292 588 315 et
602 288 750 322 prophetas
763 295 859 315 omnes
874 294 1015 314 commen-

227 333 303 360 tariis
319 333 442 367 exposui,
456 336 484 360 et
498 333 670 366 Psalterium,
684 337 712 361 et
729 333 905 368 Apostolum;
926 337 954 361 et
966 333 1015 360 ad-

225 385 323 405 versus
339 378 455 405 Arianos
474 386 506 405 ac
518 378 737 410 Macedonianos,
758 384 787 406 et
801 384 896 406 contra
913 379 1015 414 Apolli-

226 423 300 450 naris
316 424 478 459 praestigias,
499 424 658 460 rabiemque
677 425 832 457 Marcionis,
848 425 934 452 libros
947 425 1013 453 olim

226 469 379 503 composui.
390 479 399 495 ι

261 514 293 541 ν.
311 514 456 550 Dialogista
470 520 536 543 tunc
546 516 666 551 scripsit,
680 524 742 544 cum
755 517 873 544 haereses
882 516 935 544 illa:
946 522 1012 550 tres,

225 565 294 593 quas
307 558 379 589 dixi.
401 559 535 594 vigerent.
560 561 750 588 Theodoretus
771 568 911 596 exponens
934 569 1014 596 argu-

226 607 349 631 mentum
365 603 534 640 singulorum
546 605 668 640 quinque
682 606 814 633 librorum
828 606 863 633 de
877 606 1014 634 hareticis

226 649 325 680 fabulis
337 658 344 676 :
362 659 370 675 ι
384 650 414 676 lu
426 655 526 684 quarto
538 651 706 678 recentiores
716 651 833 679 hareses
844 651 1014 679 demonstra-

225 694 317 721 bimus
330 695 364 728 ",
385 695 454 727 Arii,
479 696 605 730 inquam,
621 701 650 724 et
670 697 815 730 Eunomii,
832 702 859 724 et
879 702 1014 733 quotquot

225 742 288 773 post
302 739 364 767 illos
375 744 549 768 emerserunt
560 748 648 775 usque
658 741 692 768 ad
705 741 828 768 ultimam
839 741 919 774 hanc,
931 750 1012 777 quam

226 784 358 812 Dominus
373 785 521 820 derepente
539 785 664 814 funditus
676 786 847 821 exstirpavit.
867 797 875 812 ι
894 787 963 814 Tum
985 788 1013 815 in

223 829 329 864 syllabo
337 831 442 863 Arium,
453 831 635 858 Macedonium
647 837 672 859 et
681 831 865 868 Apollinarem
878 837 1012 866 recenset,

224 883 288 903 cum
305 876 363 903 suis
380 876 501 912 singulos
515 877 649 905 sectariis.

261 922 305 949 Vl.
329 922 367 950 Ita
387 928 491 958 pugnat
507 923 650 959 dialogista
670 931 733 952 cum
754 924 874 958 Ariauis,
889 929 920 952 ut
939 925 1014 953 Ano-

225 974 312 995 moeos
327 967 499 1000 nominatim,
516 968 766 1004 Anomceorumque
785 974 913 1004 parentes
932 970 1013 1002 duos,

224 1012 334 1039 Aetium
347 1017 375 1040 et
390 1012 553 1040 Eunomium
570 1017 654 1048 petat.
669 1014 869 1046 Theodoretus,
883 1014 930 1042 ubi
949 1022 1015 1042 suos

224 1057 311 1085 libros
324 1058 456 1091 nominat,
472 1058 526 1085 imo
545 1063 574 1086 et
592 1067 655 1086 cum
672 1059 804 1094 disputat,
818 1060 927 1087 Aetium
945 1060 1016 1088 solet

224 1110 287 1129 cum
310 1103 456 1135 Eunomio,
475 1104 592 1132 Arianos
614 1112 677 1132 cum
699 1105 878 1134 Eunomianis
897 1106 1013 1141 conjun-

223 1155 299 1182 gere.
313 1148 458 1176 innumera
470 1149 594 1184 exempla
606 1154 769 1185 suppetunt.

259 1193 315 1220 νη.
338 1193 409 1226 Quid
431 1194 528 1229 plura?
545 1194 734 1223 Theodoretus
752 1203 782 1223 se
802 1195 870 1223 dicit
884 1196 1014 1224 adversus

224 1239 369 1268 hatreticos
380 1240 442 1268 illos
453 1241 607 1276 scripsisse,
622 1246 719 1269 contra
734 1250 804 1276 quos
821 1246 886 1270 sunt
900 1243 1013 1278 dialogi,

224 1287 254 1310 et
270 1284 382 1312 totidem
395 1284 480 1312 libros
495 1286 647 1320 scripsisse,
663 1291 731 1321 quot
747 1286 775 1314 in
789 1287 904 1323 dialogis
915 1289 1013 1323 legun-

226 1334 281 1362 tur,
293 1335 322 1358 et
336 1331 440 1366 prolixe
457 1336 599 1365 tractasse,
616 1341 676 1368 qua:
693 1334 797 1368 prolixe
819 1338 970 1362 tractantur
985 1335 1014 1363 in

224 1377 350 1412 dialogis.
366 1378 432 1411 Quae
454 1382 568 1413 possunt
588 1387 649 1408 esse
669 1385 745 1409 certa
765 1381 930 1417 conjectum
953 1390 1012 1410 mo-

225 1427 328 1457 menta,
347 1424 401 1452 nisi
421 1425 479 1452 haec
494 1425 577 1453 sunt?

530 1511 654 1530 COLLATIO
679 1511 707 1530 ll.

1068 251 1077 267 ι
1088 241 1187 268 Filium
1196 247 1257 267 esse
1265 240 1380 275 figuram
1389 237 1575 265 substantiam
1589 234 1853 271 RespondetOrtho—

1064 287 1168 314 doxus:
1181 296 1190 312 ι
1198 286 1277 321 Apud
1289 285 1443 320 apostolum
1452 284 1578 315 Paulum,
1588 283 1615 310 in
1626 282 1747 317 Epistula
1757 282 1790 309 ad
1801 283 1852 310 lle-

1063 332 1162 360 braos.
1173 342 1182 358 ι
1201 332 1310 367 Excipit
1318 332 1484 359 Anomuaus:
1497 339 1506 356 ι
1515 330 1575 357 Non
1584 329 1717 364 recipitur
1725 329 1752 355 in
1760 329 1853 356 Eccle-

1064 379 1114 407 sia.
1121 378 1294 414 iExceptioni
1306 377 1390 405 refert
1397 376 1572 404 Orthodosus
1585 384 1592 402 :
1605 385 1614 400 ι
1625 375 1665 402 Ex
1680 383 1735 410 quo
1743 383 1851 402 annun-

1063 424 1160 452 tiatum
1176 429 1218 452 est
1226 424 1329 452 Christi
1344 422 1533 458 Evangelium,
1551 421 1656 448 credita
1666 424 1708 448 est
1724 421 1782 448 haec
1793 421 1852 455 epi—

1065 469 1136 497 stola
1146 469 1222 496 Pauli
1235 476 1306 501 esse,
1323 475 1411 503 eaque
1424 471 1604 494 annumerata
1615 473 1711 493 omnes
1725 465 1852 500 Epistula:

1064 516 1141 543 Pauli
1158 520 1222 542 sunt
1242 522 1358 542 numero
1374 512 1595 549 quatuordecim.
1617 511 1807 538 Theodoretus
1823 511 1852 538 in

1063 562 1222 597 praefatione
1245 559 1424 596 expositionis
1441 558 1568 594 Epistolas
1592 557 1626 585 ad
1648 557 1778 584 Hebraeos
1799 558 1822 573 “
1843 566 1850 583 ε

1067 616 1077 633 ι
1095 607 1168 634 Nihil
1183 606 1287 634 faciunt
1307 605 1517 636 admirandum,
1539 603 1586 638 qui
1608 603 1705 630 morbo
1724 602 1852 630 Arianico

1064 652 1206 684 laborant;
1217 652 1240 679 si
1251 651 1396 678 adversum
1410 650 1514 677 litteras
1524 649 1688 684 apostolicas
1701 648 1849 680 insaniant;

1064 701 1092 724 et
1116 697 1267 732 Epistulam
1301 696 1336 723 ad
1363 695 1493 723 Hebraeos
1521 702 1537 722 a
1568 693 1685 728 reliquis
1708 697 1850 728 separent,

1063 751 1179 778 eamque
1192 743 1375 770 adulterinam
1391 741 1538 776 appellent.
1561 740 1614 773 Qui
1630 739 1703 767 enim
1720 739 1852 766 adversus

1064 790 1148 816 Deum
1164 793 1192 816 et
1204 789 1377 816 Servatorem
1389 791 1515 814 nostrum
1528 786 1636 819 linguas
1649 789 1770 817 movent,
1785 785 1850 819 quid

1064 842 1118 862 non
1136 835 1255 862 audeant
1274 833 1406 861 adversus
1426 833 1487 868 ejus
1502 831 1650 859 benevolos
1669 835 1699 858 et
1714 830 1850 865 grandilo-

1064 887 1134 914 quos
1145 879 1268 907 veritatis
1283 878 1484 913 praecones?—
1493 876 1642 912 Oportebat
1655 879 1746 903 autem
1767 875 1850 910 ipsos,

1064 924 1116 951 etsi
1129 924 1198 951 nihil
1214 923 1299 955 aliud,
1316 922 1448 957 temporis
1461 925 1537 949 certe
1549 920 1758 948 diuturnitatem
1776 927 1852 946 reve<

1064 969 1130 1001 reri,
1145 976 1201 1003 quo
1217 969 1288 995 hanc
1302 967 1446 1003 epistolam
1470 967 1500 993 in
1521 965 1647 993 ecclesiis
1661 968 1795 1000 perpetuo
1811 964 1852 991 le-

1063 1019 1163 1051 gerunt
1183 1014 1286 1041 alumni
1310 1013 1445 1041 veritatis.
1469 1013 1510 1040 Ex
1530 1019 1585 1047 quo
1602 1011 1675 1038 enim
1697 1011 1851 1038 litterarum

1063 1061 1274 1096 apostolicarum
1298 1059 1411 1087 fuerunt
1424 1058 1554 1086 Ecclesiae
1573 1057 1622 1085 Dei
1639 1057 1796 1092 participes,
1819 1063 1852 1083 ex

1063 1106 1110 1133 illo
1127 1106 1209 1134 etiam
1230 1106 1360 1140 Epistolas
1379 1105 1414 1132 ad
1438 1104 1568 1132 Hebraeos
1589 1103 1734 1131 utilitatem
1761 1101 1852 1136 perci-

1063 1151 1152 1187 piunt.
1174 1161 1184 1178 »
1209 1151 1269 1179 Νοιι
1289 1150 1403 1178 memini
1428 1158 1471 1178 me
1495 1150 1586 1185 legere
1617 1149 1702 1176 alium
1724 1149 1810 1176 ullum
1836 1155 1852 1176 e

1063 1197 1215 1230 veteribus,
1238 1202 1339 1232 praeter
1361 1196 1544 1232 Epiphanium
1569 1195 1667 1223 haeresi
1683 1195 1727 1228 69,
1746 1194 1793 1229 qui
1817 1194 1852 1222 de

1062 1243 1172 1270 Arianis
1195 1242 1268 1270 istud
1291 1241 1436 1269 tradiderit
1451 1249 1459 1268 :
1474 1248 1631 1276 quanquam
1656 1240 1749 1274 plures
1773 1244 1851 1271 sunt,

1063 1289 1111 1324 qui
1128 1288 1162 1315 de
1180 1287 1349 1315 Marcionitis
1367 1286 1483 1321 aliisque
1502 1285 1640 1314 haereticis
1662 1285 1698 1312 ita
1720 1284 1849 1311 sentiant.

1098 1333 1144 1360 ill.
1161 1332 1309 1367 Dialogista
1324 1331 1418 1363 refert,
1439 1339 1495 1366 quo
1510 1334 1672 1365 argumento
1683 1329 1779 1359 Ariani
1793 1328 1852 1363 epi-

1063 1380 1162 1407 stolam
1174 1379 1245 1406 hanc
1259 1379 1415 1413 rejicerent,
1427 1377 1491 1412 quia
1503 1385 1557 1404 non
1577 1376 1689 1411 perinde
1702 1384 1735 1402 ac
1749 1375 1777 1402 in
1793 1375 1853 1404 aliis

1064 1426 1141 1454 Pauli
1151 1433 1250 1452 nomen
1264 1428 1338 1452 esset
1350 1424 1523 1458 inscriptum.
1537 1423 1582 1451 Sic
1595 1423 1668 1450 enim
1682 1422 1832 1450 Anommus
1844 1431 1851 1449 :

1068 1481 1077 1498 ι
1096 1472 1156 1499 Non
1169 1471 1386 1500 animadvertisti
1409 1470 1436 1498 in
1458 1469 1564 1498 ceteris
1585 1469 1708 1504 prmiorri
1732 1468 1853 1503 Apostoll

1027 1525 1049 1555 ο
1065 1524 1176 1548 nomen,
1193 1516 1221 1543 in
1242 1516 1294 1543 hac
1308 1523 1364 1543 non
1385 1515 1461 1544 item.
1479 1526 1488 1542 ι
1504 1516 1695 1543 Theodoretus
1708 1515 1731 1531 “
1744 1523 1751 1542 :
1766 1524 1775 1539 ι
1793 1514 1854 1541 Sua:

226 1555 299 1584 Inter
321 1556 490 1592 dialogistam
509 1564 534 1584 et
555 1557 759 1596 Theodoretum,
785 1559 874 1595 quoad
895 1559 1014 1595 dialogos
1065 1561 1233 1590 accusationi
1245 1562 1488 1596 huncpruetexltlm
1500 1561 1712 1595 aii‘erunt,quod
1723 1559 1853 1595 apostoli—

503 1596 596 1619 contra
612 1593 736 1620 Arianos.

263 1659 283 1686 Ι.
301 1659 457 1695 Dialogisla,
471 1660 563 1687 statim
576 1660 656 1688 initio
668 1661 769 1697 dialogi
784 1662 865 1697 primi
884 1662 1016 1690 adversus

225 1704 399 1737 Auomueum,
418 1706 511 1732 renuit
523 1705 615 1733 dicere
626 1711 731 1741 aperte,
744 1715 914 1742 quaecunque
930 1708 1014 1742 perti-

226 1754 293 1777 nent
309 1749 342 1777 ad
359 1751 499 1785 mysteria,
515 1750 567 1778 nisi
580 1751 656 1785 prius
671 1753 790 1784 noverit,
806 1753 850 1780 cui
864 1753 993 1788 loquatur
1007 1762 1014 1781 :

230 1805 240 1821 ε
254 1795 367 1830 Aperire
390 1795 472 1832 436
504 1804 587 1828 vero,
604 1797 670 1831 quid
703 1798 739 1825 sit
767 1798 995 1827 Christianismus
1007 1820 1014 1831 ,

226 1849 282 1868 non
295 1841 410 1876 perinde
428 1845 517 1869 tutum
530 1847 582 1874 est,
595 1843 648 1872 nisi
668 1843 840 1876 intellexero,
853 1845 915 1879 quis
928 1845 1015 1873 inter-

226 1890 314 1922 roget,
328 1894 364 1914 ne
379 1887 473 1914 videar
484 1887 549 1915 dare
567 1892 660 1915 sancta
675 1889 800 1922 canibus,
818 1894 846 1917 et
857 1891 1016 1925 margaritas

227 1935 290 1958 ante
307 1938 405 1966 porcos
424 1933 570 1967 projicere.
587 1933 616 1961 Si
637 1934 711 1961 enim
732 1942 776 1962 me
797 1935 967 1971 interroges,
988 1941 1017 1964 et

227 1977 310 2005 simul
324 1978 361 2005 sis
374 1986 445 2006 unus
463 1979 499 2007 de
519 1978 656 2012 ﬁdelibus,
670 1980 789 2008 libenter
800 1980 873 2013 dico,
887 1981 947 2016 quis
966 1990 1016 2017 ego

227 2022 289 2050 sim.
303 2023 373 2056 Quid
386 2032 453 2051 vero
465 2024 510 2056 sit,
524 2024 632 2053 ﬁdelem
646 2033 717 2058 esse,
735 2034 789 2053 non
802 2026 875 2059 dico,
894 2035 929 2054 ne
947 2028 1017 2055 forte

227 2067 338 2096 Iudaeus
350 2069 387 2096 sis
398 2073 426 2096 tu
440 2069 487 2104 qui
498 2063 709 2106 ineiuterrogas.
724 2081 733 2097 ι
751 2071 779 2098 ld
794 2072 916 2100 solemne
928 2073 1018 2100 Theo—

227 2113 325 2142 doreto
340 2114 365 2141 iu
386 2115 455 2142 Dial.
474 2122 491 2142 ιι
513 2115 654 2143 Erauistaz.
673 2116 741 2143 Cum
759 2124 849 2145 sermo
875 2119 1018 2146 incidisset

226 2159 262 2186 de
279 2160 461 2193 Eucharistia,
475 2161 661 2197 interrogante
674 2163 800 2190 Eranista
815 2164 837 2179 “
851 2172 857 2190 :
875 2174 883 2189 ι
900 2164 951 2197 Qui
969 2172 1016 2199 ap-

226 2206 314 2241 pellas
329 2206 443 2240 douum,
462 2207 535 2242 quod
549 2207 674 2240 oﬂ‘ertur,
692 2213 756 2236 ante
771 2209 920 2237 sacerdotis
936 2198 1014 2238 invo-
1032 2198 1054 2226 ί)

227 2253 381 2280 cntionem?
400 2262 409 2278 ι
425 2254 574 2288 respondet
587 2254 763 2282 Orthodoxus
783 2264 789 2282 :
816 2265 825 2281 ι
849 2256 948 2291 Aperte
970 2257 1015 2284 di-

226 2297 345 2324 cendum
359 2306 412 2325 non
424 2304 482 2331 est;
496 2299 644 2327 verisimile
658 2304 700 2327 est
717 2301 790 2327 enim
801 2301 897 2328 adesse
909 2301 1015 2336 aliquos

227 2343 366 2377 mysteriis
384 2351 438 2370 non
455 2344 586 2372 initiatos.
601 2345 634 2372 Et
662 2345 711 2373 lib.
727 2353 743 2372 v
758 2345 856 2372 eret.
879 2347 932 2380 fab.
952 2355 1014 2374 cum

227 2392 321 2423 ageret
340 2389 374 2416 de
395 2389 562 2424 baptismo“
579 2399 587 2416 :
610 2399 619 2415 ι
634 2389 696 2418 Haec
717 2398 767 2417 nos
789 2390 823 2417 de
841 2392 1014 2420 sanctissimo

228 2434 364 2469 baptismo
378 2435 480 2462 sentire
494 2435 588 2462 docuit
599 2435 710 2462 divinus
720 2435 878 2469 Apostolus,
895 2438 904 2447 ‘
917 2435 975 2464 fore
985 2440 1015 2463 ut

229 2479 329 2515 sepulti
339 2487 400 2508 cum
409 2479 519 2507 Christo
526 2479 741 2507 resurrectionis
754 2480 902 2515 participes
912 2481 1013 2514 simus;

229 2532 324 2552 verum
342 2525 387 2552 hic
402 2525 487 2560 magis
502 2525 618 2560 mystico
631 2532 759 2552 sermone
779 2533 849 2560 opus
862 2530 922 2558 est,
934 2535 943 2551 ι
960 2531 1014 2554 ete.

229 2569 263 2597 Et
269 2570 297 2597 in
304 2570 454 2606 qumstione
462 2569 509 2597 XV
519 2569 771 2605 super-Numeros“
783 2579 789 2597 :
803 2580 812 2595 ι
822 2570 945 2598 Obscure
954 2579 1016 2606 pro-

229 2621 290 2651 pter
306 2625 360 2645 non
375 2617 497 2645 initiatos
521 2617 684 2645 disserimus
699 2617 734 2645 de
750 2617 852 2645 divinis
862 2618 1014 2654 mysteriis;

229 2661 272 2690 his
286 2670 351 2690 vero
365 2663 477 2691 semotis
502 2662 624 2690 initiatos
637 2667 731 2698 aperte
742 2662 882 2691 docemus.
898 2673 906 2688 ι

1064 1615 1128 1635 cum
1142 1615 1242 1634 nomen
1253 1614 1308 1634 non
1320 1607 1356 1634 sit
1366 1607 1493 1634 similiter
1506 1607 1625 1642 positum
1635 1607 1663 1634 in
1674 1606 1818 1641 prooemio.
1840 1615 1851 1630 ι

1099 1653 1143 1680 1V.
1158 1652 1191 1680 lu
1204 1653 1301 1680 eodem
1312 1653 1429 1688 dialogo
1445 1652 1596 1680 Anomoeus
1616 1653 1757 1684 inducitur
1773 1652 1855 1679 abro-

1065 1705 1132 1732 gans
1147 1698 1341 1725 auctoritatem
1354 1698 1434 1734 437
1450 1698 1579 1733 Ερίειοιω
1588 1698 1622 1725 ad
1637 1698 1775 1729 Hebraeos,
1790 1697 1855 1732 quia

1065 1750 1116 1777 pro
1128 1743 1271 1770 divinitate
1288 1743 1348 1770 Filii
1367 1748 1559 1779 argumentum
1572 1743 1636 1770 inde
1651 1743 1746 1770 eﬂicax
1762 1749 1854 1770 sume-

1067 1792 1159 1820 retur,
1188 1788 1262 1823 quod
1290 1789 1400 1816 dicatur
1426 1788 1569 1824 χαρακτὴρ
1594 1788 1645 1823 τῆς
1669 1788 1854 1818 ὑποστάσεως.

1067 1835 1258 1862 Theodorelus
1271 1834 1299 1861 in
1312 1834 1482 1869 expositione
1496 1834 1594 1869 capitis
1604 1834 1696 1869 primi,
1710 1838 1855 1868 postquam

1066 1879 1125 1907 haec
1151 1879 1210 1914 ipsa
1233 1878 1311 1905 Pauli
1336 1879 1420 1906 verba
1443 1879 1550 1906 erudite
1574 1879 1771 1913 interpretatus
1796 1882 1854 1909 est,

1070 1933 1080 1950 ι
1096 1924 1176 1957 Cum,
1193 1925 1293 1959 inquit,
1315 1925 1398 1960 hujus
1430 1925 1574 1959 theologia:
1605 1924 1707 1952 nullam
1725 1931 1785 1951 esse
1802 1923 1855 1951 du-

1067 1971 1227 1998 bitationem
1241 1971 1377 2003 viderent.
1390 1971 1509 2005 quicum
1523 1971 1589 1998 Ario
1599 1971 1732 2001 sentiunt,
1743 1978 1776 1998 ex
1790 1977 1857 2004 apo-

1066 2018 1170 2046 stolicis
1197 2017 1333 2045 thesauris
1366 2017 1437 2044 hanc
1469 2017 1612 2052 epistolam
1640 2017 1740 2051 ejicere
1764 2014 1856 2043 conati

1067 2068 1141 2096 sunt,
1152 2063 1214 2090 ideo
1229 2071 1280 2091 nos
1291 2070 1352 2091 eam
1367 2063 1538 2091 ostendimus
1550 2062 1707 2090 consentire
1723 2061 1857 2089 doctrinae

1068 2107 1233 2142 evangelicae
1249 2107 1281 2134 ’⁷.
1301 2116 1311 2134 ι

1102 2163 1171 2190 Nota
1199 2171 1279 2195 vero,
1305 2163 1464 2198 ubicunque
1488 2163 1676 2190 Theodoretus
1697 2162 1751 2189 hoc
1772 2168 1857 2196 argu-

1068 2211 1161 2234 mento
1176 2207 1275 2239 utitur,
1292 2208 1379 2234 utitur
1399 2212 1490 2235 autem
1506 2216 1560 2235 non
1576 2207 1669 2238 semel,
1683 2206 1793 2241 adjungi
1811 2205 1856 2232 di-

1066 2256 1141 2279 ctum
1157 2252 1222 2279 illud
1235 2252 1349 2285 Christi,
1360 2253 1473 2280 Joannis
1487 2260 1541 2283 xw,
1552 2253 1568 2279 9
1581 2262 1587 2279 :
1605 2251 1657 2284 Qui
1670 2251 1738 2279 videt
1753 2259 1803 2283 me,
1818 2251 1857 2278 vi~
1891 2255 1901 2263 ’

1068 2298 1110 2325 det
1123 2302 1148 2324 et
1160 2297 1268 2325 Patrem
1280 2306 1375 2325 meum.
1387 2298 1464 2331 Quod
1477 2298 1543 2325 facit
1554 2298 1636 2325 etiam
1649 2297 1802 2332 dialogista.

1103 2344 1135 2370 V.
1150 2344 1254 2371 Ibidem
1268 2344 1412 2379 dialogista
1424 2343 1486 2371 Filii
1497 2351 1512 2371 a
1521 2347 1648 2371 creatura
1659 2342 1856 2373 ditior-entiam,

1067 2390 1208 2425 ipsiusque
1220 2398 1283 2418 cum
1298 2391 1378 2418 Patre
1395 2389 1707 2417 consubstantialitatem
1720 2396 1754 2415 ex
1764 2395 1798 2414 eo
1810 2395 1858 2415 os—

1068 2436 1165 2467 tendit,
1175 2435 1247 2470 quod
1258 2436 1343 2462 Filius
1353 2444 1385 2463 ex
1397 2440 1475 2462 utero
1485 2435 1593 2470 genitus
1603 2435 1711 2462 dicatur
1722 2434 1788 2468 psal.
1802 2441 1856 2465 cn,

1066 2485 1192 2508 creatura
1207 2481 1336 2509 mandato
1351 2481 1420 2509 facta
1440 2489 1488 2508 seu
1503 2481 1602 2508 Verbo.
1619 2480 1810 2508 Theodoretus
1828 2479 1857 2505 in

1066 2528 1237 2563 expositione
1256 2528 1354 2563 psalmi
1369 2536 1421 2558 CIX,
1439 2527 1472 2554 ad
1491 2527 1549 2554 haec
1563 2527 1646 2553 verba
1661 2534 1668 2552 :
1685 2535 1694 2550 ι
1716 2525 1758 2552 Ea:
1779 2529 1858 2550 utero

1068 2576 1129 2599 ante
1152 2572 1289 2607 luciferum
1312 2573 1389 2608 genui
1408 2576 1432 2599 te
1453 2580 1461 2599 :
1479 2572 1537 2599 Hoc
1560 2571 1588 2598 iu
1611 2571 1670 2598 loco
1694 2578 1750 2597 sua:
1772 2569 1857 2596 etiam

1067 2617 1220 2645 divinitatis
1251 2617 1479 2653 magniﬁcentiam
1506 2616 1614 2651 aperuit
1628 2617 1666 2647 ¹“¹;
1698 2618 1726 2642 et
1755 2614 1801 2649 qui
1830 2614 1857 2641 ei

1069 2663 1201 2690 Dominus
1233 2663 1351 2694 dixerat,
1372 2662 1438 2690 Sede
1467 2671 1483 2689 a
1512 2662 1610 2688 dextris
1643 2662 1716 2691 meis,
1735 2659 1855 2687 consub-

898 2741 1055 2770 SCilULle
1075 2738 1191 2769 ΝΟΤΛΞ.

261 2820 281 2836 ι’
296 2820 356 2846 vm.
373 2825 392 2854 ε.
413 2820 454 2852 IV,
487 2827 512 2854 p.
525 2820 586 2850 28-2,.

642 2821 663 2836 “
680 2821 738 2848 Vid.
756 2820 833 2850 iiiili.,
851 2829 876 2855 p.
896 2821 954 2849 1'25.

228 2859 247 2881 t.
265 2854 306 2887 Ill,
327 2863 352 2890 p.
368 2852 414 2882 Sil
438 2852 494 2890 seq;

1007 2821 1030 2836 η
1046 2819 1105 2846 vui.
1135 2819 1213 2847 una.
1233 2828 1258 2853 [ι.

534 2855 555 2870 ’⁸
573 2855 632 2883 Vid.
651 2856 668 2883 l.
690 2864 725 2890 0.,
744 2863 770 2891 ρ.
788 2854 857 2883 5η(
887 2857 908 2871 ’⁷
929 2855 986 2883 Vid.
1000 2859 1020 2883 ι.

1068 2855 1083 2887 I,
1102 2863 1128 2889 p.
1143 2855 1203 2882 διεδ.
1243 2855 1265 2871 τε
1281 2854 1338 2882 Viri.
1356 2859 1374 2881 l.
1394 2854 1412 2886 l,
1427 2862 1453 2889 ιι.
1471 2854 1534 2882 ιδιιι
1551 2860 1608 2887 ειη.

1292 2819 1351 2845 Litt.
1402 2819 1423 2834 ⁵³
1439 2819 1498 2845 Viti.
1518 2823 1536 2846 ιν
1559 2818 1578 2847 1,
1599 2826 1624 2852 p.
1647 2817 1709 2844 250.
1757 2815 1778 2829 "
1794 2815 1856 2843 νῆά-
