1971 3046
105 125 159 157 385

443 127 492 157 DE
507 128 682 160 DIALOGIS
702 130 784 161 ADV.
804 131 978 170 ARIANOS,
997 133 1297 171 MACEDONIANOS,
1319 133 1397 164 ETC.

1683 126 1735 163 386

106 180 312 208 stantialitatem
330 182 446 214 fatetur,
470 187 498 210 et
519 183 688 212 identitatem
706 189 810 213 natura:
827 193 895 220 ιπερ-
913 189 932 217 Λ
948 188 1020 222 quod
1034 188 1068 215 ab
1083 189 1135 216 alio
1150 193 1201 220 est,
1224 197 1283 216 esse
1300 196 1333 215 co
1349 187 1495 222 posterius,
1513 194 1527 213 a
1548 193 1603 222 quo
1622 190 1673 219 est,
1689 195 1734 214 os—

105 227 187 255 dicat.
202 228 270 254 Ante
301 228 440 263 luciferum
466 229 552 261 enim,
582 234 646 257 ante
667 235 775 265 tempus
791 235 818 258 et
832 234 895 258 ante

105 273 202 299 secula
234 273 324 307 ipsum
347 281 408 301 esse
435 274 616 302 demonstrat.
636 275 677 302 Ex
696 280 770 302 utero
792 279 895 307 autem,

103 318 227 353 ejusdem
249 326 310 346 esse
323 319 483 348 substantize
503 320 594 348 docet.
617 321 676 348 Non
697 322 770 348 enim
785 321 895 348 aliunde

105 364 156 395 ait,
168 364 216 391 sed
233 372 267 392 ex
282 372 342 392 mea
356 369 454 392 natura
467 366 577 400 genitus
595 373 636 398 es,
649 370 745 393 ventre
763 366 895 393 nimirum

105 416 154 445 per
173 409 381 437 similitudinem
403 411 553 438 intellecto.
573 411 609 438 Ut
626 411 699 438 enim
712 419 745 438 ex
760 415 839 438 utero
853 411 895 446 gi-

105 460 193 491 gnunt
204 456 341 487 homines,
353 461 381 483 et
395 464 456 490 quas
467 456 625 492 gignuntur,
641 457 765 484 eamdem
781 457 894 489 habent,

105 509 186 536 quam
204 501 353 535 genitores,
370 507 513 534 naturam;
531 503 570 529 sic
583 510 616 529 ex
633 510 676 529 me
690 502 800 537 genitus
813 510 853 535 es,
869 506 896 530 et

105 547 237 581 genitoris
252 547 279 573 in
294 551 320 574 te
334 547 516 574 substantiam
530 547 662 574 ostendis.
681 557 689 572 I

142 593 184 619 VI.
199 592 346 627 Dialogista
368 592 494 627 pluribus
510 592 538 619 in
560 592 650 626 primo
664 592 771 628 dialogo
783 592 898 627 exponit

106 639 209 666 dictum
225 639 292 666 illud
308 639 443 674 Apostoli,
458 640 513 667 Hoc
524 641 593 667 enim
606 640 700 666 sentite
717 646 740 673 α,
756 645 822 673 etc.,
840 648 896 675 quo

105 685 222 712 Arianos
237 685 390 711 convincat.
406 685 597 712 Theodoretus
617 685 692 712 hunc
714 686 802 720 ipsum
821 686 896 720 Apo—

106 731 168 758 stoli
183 731 275 758 locum
287 730 314 757 in
324 730 536 758 Commentariis
553 731 677 758 eamdem
688 731 715 758 in
731 731 894 758 sententiam

104 776 314 811 interpretatur,
331 777 482 811 Ariumque
504 781 532 804 et
555 777 720 804 Eunomium
738 777 814 812 argui
835 777 896 804 bla-

106 822 237 856 sphemiae
259 822 294 849 ab
319 821 451 856 Apostolo
475 821 561 849 refert
577 831 584 848 :
603 823 708 857 totique
732 821 895 856 expositioni

947 233 1042 261 tendat
1055 234 1153 261 Filium
1175 241 1235 262 esse
1248 235 1322 262 Patri
1338 238 1502 261 eozeternum
1515 238 1541 260 ct
1553 233 1734 260 consubslam

946 279 1050 312 tialem,
1073 280 1184 314 copiose
1205 280 1316 307 disserit
1331 280 1364 307 de
1387 280 1447 306 loco
1464 279 1540 306 Pauli
1561 279 1644 305 IIebr.
1663 287 1682 310 I,
1706 278 1733 310 5,

946 324 994 351 ubi
1010 324 1096 351 Filius
1108 325 1209 352 dicitur
1221 325 1350 360 splendor
1365 325 1457 360 gloriae
1469 329 1497 351 et
1512 324 1596 359 ﬁgura
1609 324 1736 351 substan-

947 369 1000 402 tiae,
1019 370 1135 405 indeque
1157 370 1307 402 concludit,
1332 380 1340 395 ι
1363 370 1411 397 Dei
1429 369 1526 397 Filium
1541 378 1572 397 ex
1590 370 1646 396 Deo
1663 377 1734 401 esse,

946 422 1001 442 non
1018 419 1109 443 tamen
1124 420 1186 451 post
1205 416 1302 448 Deum,
1319 423 1407 450 neque
1424 419 1502 442 extra
1521 415 1618 447 Deum,
1634 414 1681 442 sed
1697 414 1736 442 si-

947 461 1003 488 mul
1020 465 1100 495 atque
1116 461 1199 493 Deus,
1217 461 1245 487 in
1264 461 1330 492 Deo,
1348 465 1375 487 et
1397 468 1458 487 cum
1472 461 1538 487 Deo.
1552 460 1735 493 Quemadmo-

946 506 1010 532 dum
1027 506 1158 541 spIendor
1174 514 1206 533 ex
1224 507 1280 534 sole
1296 509 1353 538 est,
1374 514 1430 533 non
1451 510 1540 532 tamen
1557 509 1619 540 post
1634 505 1734 537 solem.

946 555 994 578 aut
1016 555 1093 578 extra
1116 552 1201 579 solem
1213 572 1219 584 ,
1236 551 1283 579 sed
1299 551 1379 578 simul
1395 556 1475 586 atque
1495 551 1552 583 sol,
1570 550 1597 577 in
1618 551 1691 582 sole,
1710 554 1737 577 et

946 603 1009 622 cum
1021 597 1087 624 sole.
1103 606 1112 622 ι
1127 597 1317 624 Theodoretus
1328 597 1360 624 ad
1371 597 1462 624 locum
1473 596 1596 630 Apostoli
1609 604 1615 622 :
1631 605 1639 620 ι
1654 595 1735 628 Quia.

947 640 1046 668 Filium
1062 641 1158 669 dicens
1171 641 1204 674 ³³,
1221 642 1310 676 ipsum
1329 641 1474 676 appellavit
1488 645 1631 672 aeternum,
1647 640 1737 667 incre—

947 685 1032 714 dibile
1048 691 1139 714 autem
1159 688 1201 719 iis,
1218 688 1264 722 qui
1286 695 1342 714 non
1357 691 1421 714 sunt
1442 686 1542 714 divinis
1563 685 1674 718 iniiiati,
1695 689 1736 717 ut,

947 732 995 767 qui
1018 733 1053 760 sit
1067 733 1161 766 Filius,
1184 741 1238 760 non
1257 733 1294 760 sit
1316 738 1439 768 tempore
1460 733 1596 768 posterior
1619 740 1667 764 eo,
1690 732 1738 767 qui

947 777 1025 805 illum
1042 779 1145 814 genuit,
1169 787 1202 806 ex
1218 778 1334 814 quadam
1357 778 1445 806 oculis
1461 778 1584 813 subjecta
1608 777 1738 804 similitu-

950 823 1015 851 dine
1028 824 1179 851 divinitatis
1213 824 1355 851 veritatem
1376 823 1556 855 demonstrat,
1570 827 1598 850 et
1614 823 1662 855 ait,
1688 821 1739 855 Qui

106 868 248 903 subjungit
269 868 328 895 haec
349 867 432 895 verba
451 867 473 884 ¹⁹
489 876 496 894 :
515 877 524 893 ι
542 867 595 895 Sed
618 868 652 895 de
668 868 712 895 his
731 868 813 895 etiam
832 868 897 895 alibi
914 874 934 902 Β
949 877 1008 896 cum
1019 870 1053 896 sit
1065 868 1188 904 splendor
1202 868 1293 903 gloria:
1311 877 1320 895 :
1334 867 1465 903 splendor
1491 867 1563 895 enim
1582 871 1610 894 et
1626 875 1659 894 ex
1677 867 1738 902 igne

106 914 217 948 copiose
227 913 417 941 disseruimus.
429 922 437 938 ι
451 913 595 944 nisis-mu;
606 913 778 947 διεξήλθομεν
789 913 895 947 λόγους,

110 968 121 984 ι
136 959 238 986 multos
251 958 476 985 commiscuimus
495 966 653 991 sermones;
670 968 678 983 ι
693 958 794 993 quibus
805 959 897 986 verbis

107 1001 271 1036 signiﬁcavit
299 1002 521 1034 dissertationes,
546 1010 607 1036 qua:
630 1003 844 1037 interrogatione
869 1007 898 1030 et

107 1047 287 1082 responsione
311 1047 388 1074 liunt.
415 1047 618 1074 Theodoretum
642 1055 739 1082 porro,
761 1056 824 1075 cum
845 1048 897 1075 ista

108 1092 259 1125 scriberet,
285 1093 437 1120 intendisse
469 1093 591 1120 animum
625 1093 653 1120 in
677 1101 741 1120 suos
766 1093 898 1121 adversus

108 1137 204 1165 Arium
226 1142 254 1165 et
274 1138 439 1166 Eunomium
460 1138 563 1170 libros,
587 1143 713 1173 apertum
731 1143 774 1166 est
795 1146 829 1165 ex
849 1146 896 1166 ca-

108 1183 166 1218 pite
181 1184 208 1216 2,
227 1184 292 1211 libri
312 1193 328 1211 v
345 1184 537 1212 ereticarum
558 1184 721 1218 fabularum,
752 1184 810 1216 ubi,
834 1192 898 1212 eum

108 1229 143 1257 de
159 1229 229 1257 Filio
242 1230 290 1257 Dei
302 1230 479 1265 disputasset,
494 1230 588 1257 subdit
602 1238 609 1256 :
624 1229 704 1256 Ἀλλὰ
717 1230 783 1263 περὶ
796 1230 898 1257 τούτων

109 1275 225 1307 πολλοὺς
246 1276 316 1311 πρὸς
343 1276 452 1311 Ἄρειον
475 1276 521 1302 καὶ
545 1275 687 1310 Εὐνόμιον,
703 1275 732 1301 ἐν
752 1277 807 1307 τοῖς
830 1276 899 1311 πρὸς

108 1320 239 1352 ἐκείνους,
259 1321 433 1357 διεξήλθομεν
449 1321 554 1355 λόγους.
571 1320 701 1348 Nonnihil
717 1321 817 1356 opponi
833 1328 898 1356 pos-

108 1371 160 1398 set,
176 1367 249 1401 quod
265 1367 316 1394 sub
331 1367 413 1394 ﬁnem
427 1367 583 1395 collationis
596 1367 728 1394 solvetur.

144 1413 200 1439 VII.
217 1413 373 1448 Dialogista,
390 1417 419 1440 ut
432 1413 575 1445 Anomoao,
593 1412 771 1448 interroganti
784 1413 818 1441 de
837 1412 899 1448 Spi-

108 1457 163 1485 ritu
178 1463 284 1489 sancto,
297 1458 396 1493 probet
411 1458 498 1493 ipsius
509 1458 820 1486 consubstantialitatem
834 1467 896 1486 cum

108 1503 199 1535 Patre,
212 1503 324 1531 adhibet
333 1504 424 1531 locum
437 1503 561 1538 Apostoli
577 1504 588 1531 I
601 1503 664 1532 Cor.
678 1512 708 1536 ιι,
718 1505 749 1531 ll
764 1514 771 1531 ε
784 1504 898 1540 Spiritus

107 1553 244 1576 scrutatur
259 1549 391 1584 profunda
404 1549 486 1584 ωε
499 1549 562 1581 Dei;
578 1552 720 1584 totumque
733 1550 824 1577 locum
837 1551 900 1585 plu-
913 1541 932 1568 (ἶ

109 1595 188 1623 ribus
201 1594 338 1622 edisserit.
356 1594 545 1622 Theodoretus
563 1595 592 1621 in
607 1595 823 1628 commentariis,
836 1603 900 1622 cum

108 1640 185 1668 hunc
194 1641 284 1667 locum
295 1641 479 1675 exposuisset,
491 1650 499 1666 ι
510 1640 563 1668 Sed
574 1641 633 1668 haec
645 1641 782 1675 pluribus,
797 1641 899 1676 inquit,

107 1686 175 1713 alibi
187 1686 365 1721 exposuimus
376 1686 396 1702 ¹⁰
407 1695 414 1719 ;
429 1695 438 1711 ι
448 1693 566 1720 moxque
574 1685 715 1721 subjungit
726 1693 733 1712 :
746 1695 754 1710 ι
763 1685 898 1718 Ostendit,

109 1730 243 1765 Spiritum
259 1735 384 1758 sanctum
399 1738 454 1758 non
471 1738 530 1758 esse
551 1738 644 1758 rerum
665 1735 818 1758 creatamm
835 1738 899 1766 par-

108 1779 176 1807 tem,
194 1775 242 1802 sed
258 1783 334 1803 suam
348 1775 451 1803 habere
471 1784 486 1803 a
504 1776 561 1803 Deo
574 1775 764 1803 substantiam.
783 1786 792 1803 ι

147 1821 215 1849 VIII.
235 1822 363 1856 Dialogus
385 1821 522 1850 secundus
538 1825 612 1849 totus
632 1825 674 1849 est
694 1826 790 1849 contra
805 1822 900 1850 Euno-

108 1867 208 1899 mium,
226 1868 339 1902 ejusque
353 1867 513 1902 magistrum
528 1867 655 1900 Aetium;
670 1873 748 1902 urget
761 1875 827 1894 vero
845 1870 901 1895 sta-

109 1913 159 1940 tim
174 1913 253 1940 initio
265 1912 407 1947 dialogista
422 1913 512 1940 locum
533 1913 608 1940 Isaiae
623 1920 696 1945 xxvr,
712 1912 755 1943 12,
775 1913 807 1939 l5
823 1913 856 1945 ³¹,
869 1917 900 1940 ut

109 1963 152 1986 est
168 1958 239 1993 apud
249 1960 255 1968 ‘
269 1957 349 1989 LXX,
359 1958 470 1985 Domine
479 1958 559 1989 Deus,
571 1965 661 1993 pacem
676 1957 709 1984 da
724 1957 808 1989 nobis,
823 1961 900 1984 extra

109 2009 135 2031 te
146 2004 231 2031 alium
250 2005 377 2030 nescimus
389 2012 397 2030 :
408 2011 463 2038 quo
474 2002 573 2038 probet
588 2003 688 2029 Filium
706 2010 766 2030 esse
782 2002 901 2030 consub-

109 2051 267 2078 stantialem
287 2050 360 2077 Patri
374 2058 381 2076 :
394 2050 457 2084 quia
474 2049 558 2076 Filius
572 2056 624 2076 nec
637 2053 713 2076 extra
728 2048 836 2075 Patrem
851 2055 899 2075 co-

108 2097 270 2132 gnoscitur,
293 2095 340 2123 sed
364 2096 391 2122 in
413 2095 506 2127 Patre,
530 2098 558 2122 et
580 2102 643 2121 cum
664 2094 758 2126 Patre,
776 2097 804 2121 et
818 2093 899 2120 simul

112 2147 197 2177 atque
218 2142 309 2173 Pater,
328 2146 382 2168 etc.
403 2139 593 2167 Theodoretus
607 2139 681 2166 hunc
697 2139 787 2174 ipsum
810 2138 900 2165 locum

111 2195 256 2222 exponens
268 2188 301 2219 ",
318 2195 327 2212 ι
348 2187 444 2213 Pacem
467 2189 552 2217 tuam,
568 2185 693 2216 Domine,
713 2183 831 2219 amplexi
851 2191 899 2211 su-

108 2241 184 2265 mus,
197 2241 214 2260 a
226 2231 397 2267 providentia
412 2235 458 2258 tua
477 2238 512 2258 ne
529 2230 687 2257 excidamus
701 2238 708 2256 :
722 2229 808 2256 Deum
826 2229 899 2256 enim

108 2277 195 2305 alium
213 2277 320 2304 nullum
335 2276 472 2303 novimus.
493 2275 555 2302 Hac
568 2273 696 2302 Eunomii
710 2272 900 2308 stupiditatem

107 2323 443 2358 convincunt:quomodo
454 2322 527 2349 enim
543 2321 635 2348 dicere
652 2323 775 2355 possunt,
793 2329 802 2345 ι
818 2319 902 2347 Extra

109 2373 139 2397 te
157 2369 243 2396 alium
257 2369 406 2400 nescimus,
428 2377 437 2393 ι
457 2367 503 2403 qui
522 2367 607 2394 Deum
625 2370 748 2394 creatum
764 2365 901 2400 appellant

109 2415 232 2443 Filium?
242 2415 297 2442 Nos
310 2422 376 2442 vero
388 2421 470 2442 unam
481 2412 624 2440 Trinitatis
639 2411 818 2439 substantiam
831 2418 900 2446 prae-

108 2461 245 2493 dicantes,
259 2468 324 2488 vere
337 2459 514 2491 allirmamus,
531 2465 594 2486 cum
608 2457 735 2490 dicimus,
753 2466 762 2483 ι
777 2457 861 2484 Extra
873 2459 900 2483 te

108 2506 196 2534 alium
211 2506 358 2534 nescimus.

148 2552 195 2580 IX.
214 2552 360 2588 Dialogista
378 2551 492 2584 ibidem.
511 2554 542 2578 ut
561 2550 706 2583 Anommo,
722 2549 856 2582 causanti,
872 2549 900 2577 id

152 2635 164 2650 ⁸
176 2631 296 2666 Philipp.
311 2639 341 2663 ιι,
355 2628 382 2657 5.

948 919 1001 945 est,
1014 918 1043 941 et
1059 921 1120 940 cum
1143 913 1218 948 igne;
1233 917 1260 940 et
1280 921 1388 940 causam
1405 912 1516 947 quidem
1532 913 1614 940 habet
1628 912 1717 947 ignem
1729 933 1736 944 ,

948 967 1002 987 non
1017 963 1107 994 potest
1122 963 1212 986 autem
1229 959 1263 985 ab
1280 958 1341 993 igne
1355 957 1487 993 separari,
1504 968 1513 983 ι
1529 962 1582 985 etc.
1596 957 1661 991 Quae
1675 964 1737 985 cum

948 1005 1046 1032 iisdem
1059 1005 1115 1031 fere
1131 1004 1233 1035 verbis,
1252 1009 1334 1038 alque
1349 1003 1502 1038 dialogista,
1516 1003 1625 1038 copiose
1643 1011 1738 1038 prose-

948 1055 1028 1078 cutus
1052 1055 1140 1082 esset,
1167 1050 1308 1085 subjungit
1332 1049 1415 1076 verba
1428 1050 1482 1084 jam
1504 1049 1578 1076 illata
1600 1058 1607 1075 :
1633 1058 1642 1074 ι
1669 1049 1737 1076 Cum

948 1097 1030 1132 hujus
1053 1097 1197 1131 theologite
1221 1095 1323 1122 nullam
1347 1102 1407 1122 esse
1436 1095 1636 1122 dubitationem
1660 1093 1738 1121 vide-

948 1147 1010 1170 rent
1027 1142 1060 1175 ",
1076 1143 1122 1177 qni
1135 1150 1198 1169 cum
1214 1141 1279 1168 Ario
1299 1141 1431 1173 sentiunt,
1451 1149 1483 1168 ex
1500 1140 1656 1175 apostolicis
1677 1139 1738 1167 the-

948 1188 1037 1215 sauris
1051 1188 1123 1215 hanc
1137 1187 1280 1222 epistolam
1299 1186 1399 1222 ejicere
1415 1186 1505 1213 conati
1522 1189 1595 1213 sunt.
1614 1194 1623 1211 ι

983 1233 1018 1260 Χ.
1027 1233 1176 1268 Dialogista
1186 1233 1318 1267 quaarenti
1325 1232 1469 1264 Anomoeo,
1479 1239 1528 1259 cur
1538 1231 1670 1267 Spiritum
1677 1238 1740 1259 san-

948 1281 1022 1305 ctum
1031 1278 1134 1305 bonum
1141 1277 1254 1309 diceret,
1261 1277 1379 1312 indeque
1385 1277 1503 1312 Spiritus
1509 1277 1667 1313 dignitatem
1676 1285 1738 1305 cum

947 1324 1008 1352 aliis
1019 1323 1146 1358 personis
1157 1330 1330 1350 communem
1340 1323 1481 1358 probaret,
1498 1323 1644 1358 respondet
1657 1323 1740 1350 allato

948 1369 1059 1398 Davidis
1074 1367 1243 1402 testimonio,
1260 1367 1374 1405 Spiritus
1389 1373 1449 1396 tuus
1467 1369 1546 1396 bonus
1567 1369 1673 1395 deducet
1689 1376 1738 1395 me.

949 1416 1141 1444 Theodoretns
1166 1415 1193 1442 in
1218 1415 1292 1442 hunc
1315 1415 1404 1450 ipsum
1433 1413 1706 1449 versumpsal.cxt.n
1731 1422 1738 1440 :

953 1471 962 1488 ι
979 1462 1049 1490 Ilinc
1062 1461 1181 1497 Spiritus
1194 1461 1352 1496 dignitatem
1365 1460 1512 1488 didicimus
1525 1460 1547 1476 "
1561 1469 1567 1486 :
1581 1460 1652 1488 sicut
1665 1460 1739 1487 enim

948 1508 1021 1534 Deus
1036 1506 1135 1538 bonus,
1158 1506 1198 1533 sic
1217 1505 1300 1533 etiam
1316 1504 1436 1540 Spiritus
1452 1504 1608 1531 nominatus
1630 1507 1672 1531 est
1689 1504 1739 1530 bo-

949 1560 1003 1580 nus
1015 1561 1021 1579 :
1036 1556 1064 1579 et
1078 1549 1309 1586 quemadmodum
1321 1549 1408 1576 Deum
1422 1548 1585 1580 obsecravit,
1602 1551 1632 1575 ut
1650 1549 1739 1583 ipsum

950 1597 1110 1629 deduceret,
1135 1596 1176 1624 sic
1197 1596 1279 1623 etiam
1301 1599 1440 1630 precatur,
1465 1593 1547 1630 439
1569 1598 1599 1622 ut
1621 1593 1740 1628 Spiritus

949 1643 1036 1671 sancti
1051 1643 1163 1670 ductum
1178 1644 1373 1676 consequatur.
1393 1649 1402 1666 ι
1530 1641 1533 1643 ”

987 1687 1032 1715 XI.
1053 1687 1093 1715 Ad
1110 1687 1230 1722 singulas
1242 1685 1313 1713 Aetii
1328 1686 1448 1721 argutias
1463 1684 1610 1720 respondet
1621 1685 1737 1720 dialogi-

950 1738 1002 1766 sta,
1019 1733 1092 1768 quod
1107 1736 1170 1759 ante
1183 1732 1381 1767 quinquaginta
1400 1738 1486 1758 annos
1496 1730 1661 1765 prmstiterat
1675 1730 1741 1765 Epi-

949 1777 1069 1813 phanius
1084 1786 1091 1803 :
1109 1784 1204 1804 verum
1217 1784 1279 1804 cum
1292 1775 1437 1811 Epiphanii
1453 1782 1536 1810 opera
1549 1774 1740 1802 Theodoretus

949 1823 1042 1852 forsan
1059 1830 1114 1850 non
1128 1822 1237 1850 noverit
1251 1822 1284 1855 ",
1301 1821 1356 1848 imo
1370 1829 1422 1848 nec
1437 1821 1525 1856 ipsum
1541 1820 1737 1855 Epiphanium,

951 1870 1051 1905 quippe
1063 1869 1141 1904 cujus
1155 1874 1290 1902 nusquam
1301 1866 1437 1898 meminit,
1449 1866 1532 1893 etiam
1545 1873 1607 1893 cum
1620 1866 1738 1893 maxime

951 1915 1076 1946 deberet,
1093 1914 1164 1941 sicut
1179 1914 1206 1940 in
1224 1912 1400 1941 recensendis
1411 1911 1607 1947 Haereseologis
1623 1911 1656 1944 ⁸⁷,
1668 1916 1695 1938 et
1711 1911 1739 1938 in

951 1960 1034 1995 gestis
1045 1967 1060 1987 a
1073 1959 1268 1994 Chrysostomo
1280 1956 1434 1989 narrandis,
1448 1956 1558 1983 videtur
1571 1955 1680 1983 easdem
1691 1963 1738 1983 ar-

951 2005 1041 2040 gutias
1062 2004 1188 2031 refellere
1210 2002 1355 2035 debuisse,
1375 2001 1476 2036 quippe
1497 2008 1566 2035 quas
1582 2000 1640 2028 suis
1656 2000 1738 2028 etiam

951 2050 1123 2085 temporibus
1144 2056 1245 2076 nocere
1268 2051 1405 2079 cerneret,
1427 2052 1458 2074 ut
1480 2054 1513 2074 ex
1533 2053 1567 2073 eo
1590 2045 1737 2082 colligitur,

951 2095 1024 2131 quod
1035 2095 1139 2122 nullam
1154 2094 1212 2121 fere
1221 2093 1393 2121 occasionem
1405 2091 1596 2127 praetermittat
1608 2091 1736 2123 docendi,

951 2141 1053 2176 quibus
1059 2139 1206 2174 Scriptum
1214 2138 1388 2170 testimoniis,
1395 2144 1483 2172 quave
1491 2136 1596 2163 ratione
1601 2136 1672 2163 Aetii
1686 2136 1739 2163 En-

952 2186 1092 2220 nomiique
1098 2184 1229 2219 magistro
1237 2182 1411 2213 recentioris,
1423 2181 1550 2216 impietas
1558 2181 1736 2215 reprimatur.

986 2231 1044 2259 XII.
1062 2230 1262 2260 Theodoretus,
1275 2235 1337 2255 eum
1352 2228 1386 2255 de
1408 2227 1544 2262 baptismo
1559 2226 1618 2254 Arii
1634 2226 1738 2254 scribes

952 2281 1005 2308 ret,
1021 2276 1080 2303 haec
1097 2275 1181 2302 habet
1197 2283 1203 2300 :
1223 2283 1233 2299 ι
1247 2273 1322 2300 Idem
1337 2271 1430 2307 gloriae
1446 2270 1623 2298 decantandae
1633 2271 1740 2306 legibus

951 2321 1056 2349 relictis
1071 2320 1104 2352 ",
1129 2327 1197 2354 quas
1212 2317 1391 2350 tradiderant,
1411 2317 1459 2352 qui
1480 2317 1515 2344 ab
1531 2317 1610 2344 initio
1631 2321 1738 2351 specta-

954 2372 1027 2395 tores
1048 2370 1077 2394 et
1094 2365 1213 2393 ministri
1225 2363 1309 2392 Verbi
1327 2363 1450 2395 fuerant,
1467 2362 1548 2390 aliam
1562 2362 1678 2389 formam
1693 2363 1738 2389 in-

953 2413 1086 2445 troduxit,
1098 2410 1262 2446 gloriﬁcare,
1273 2417 1342 2445 quos
1354 2409 1511 2444 deceperat,
1519 2408 1621 2436 docens
1629 2409 1738 2436 Patrem

953 2466 1003 2494 per
1030 2458 1130 2486 Filium
1153 2452 1182 2484 In
1208 2460 1301 2484 sancto
1323 2455 1437 2490 Spiritu.
1458 2454 1492 2482 Et.
1515 2454 1601 2482 divini
1626 2454 1738 2489 quidem

953 2502 1129 2538 baptismatis
1143 2501 1272 2529 usitatam
1292 2500 1493 2528 invocationem
1508 2503 1615 2526 mutare
1627 2503 1740 2534 propter

955 2552 1078 2583 apertam
1094 2547 1339 2586 transgressionem
1353 2553 1438 2574 ausus
1452 2553 1508 2573 non
1522 2548 1580 2578 est,
1601 2545 1648 2572 sed
1662 2545 1738 2581 juxta

785 2656 874 2710 SCIIU
880 2680 944 2709 LZII
962 2679 1079 2708 ΝΟΤᾸΞ.

150 2765 173 2781 ¹⁹
186 2764 248 2792 Vid.
264 2769 284 2792 t.
301 2763 347 2796 III,
363 2771 390 2798 p.
405 2763 466 2790 456.

110 2809 143 2837 ι).

533 2762 555 2778 ³⁸
571 2761 632 2789 Vid.
653 2765 672 2788 t.
701 2760 746 2793 Ill,
762 2768 790 2794 p.
805 2760 864 2786 177.

920 2759 941 2774 ιι
957 2757 1008 2774 Fr”

264 2769 284 2792 t.
301 2763 347 2796 ιιι,
363 2771 390 2798 ρ.
405 2763 466 2790 456.
533 2762 555 2778 ιο
571 2761 632 2789 vsa.
653 2765 672 2788 ι.
701 2760 746 2793 ιιι,
762 2760 864 2794 p.177.

253 2800 275 2816 η
289 2799 351 2828 vm.
380 2803 400 2825 t.
415 2797 567 2832 III,p.54'1.
583 2831 589 2832 γ
606 2795 628 2812 ιδ
642 2796 766 2832 tua").
778 2794 897 2832 ξιθη-,η

957 2758 1032 2786 Edit.
1061 2758 1138 2792 prior
1165 2758 1182 2784 h

951 2794 975 2820 [1.
1000 2793 1184 2832 i_.t,p,t_551_.

1545 2756 1565 2773 ⁸¹
1582 2755 1642 2782 Vid.
1673 2759 1692 2782 t.
1707 2755 1745 2784 II.

1061 2757 1138 2792 prior
1165 2757 1284 2792 habebat
1307 2757 1359 2784 Isa.
1376 2764 1447 2789 xxvi,
1467 2757 1493 2784 7.

1552 2790 1630 2824 Quod
1645 2797 1739 2825 parum

1224 2792 1245 2808 "
1261 2791 1360 2819 Forsan
1371 2799 1423 2818 mm
1431 2795 1540 2819 nouerit.

112 2825 268 2871 ﬁ'réiiibue.
301 2825 368 2862 'Vid.
387 2825 480 2868 supra:
497 2840 524 2868 p.
541 2831 602 2860 396.
642 2831 663 2847 "
681 2825 834 2858 InPrtefat.
848 2829 897 2857 lib.
917 2828 1039 2856 "teretia
1052 2825 1135 2862 fabul.
1175 2827 1196 2843 ³³
1210 2826 1270 2854 Lib.
1287 2835 1312 2854 iv
1336 2825 1433 2855 ﬂaret.
1448 2826 1544 2862 fabul.,
1555 2833 1614 2860 cap.
1632 2825 1659 2854 1.
