1971 3046
220 168 272 201 387

645 161 834 193 GARNERII
854 158 1168 199 DISSERTATIONIS
1188 158 1217 188 ΙΙ
1237 156 1438 189 ᾹΡΡΕΝΒῙΧ.

1793 149 1846 189 383

222 219 396 250 Dominicum
410 221 576 253 praeceptum
591 215 730 250 baptizare
744 215 839 242 docuit
854 214 882 241 in
896 213 1008 241 nomine
1025 217 1046 245 Α
1060 212 1141 245 Deus,
1157 218 1181 239 et
1199 220 1251 239 non
1269 216 1307 239 est
1323 215 1419 246 preter
1438 218 1478 237 me
1491 209 1615 238 Saluator
1630 210 1662 243 b;
1679 218 1767 246 eaque
1782 220 1846 248 gra-

222 267 328 299 Patris,
344 269 373 292 et
386 263 462 296 Filii,
483 267 512 290 et
525 261 643 297 Spiritus
657 262 744 289 sancti
763 271 769 288 :
790 261 943 296 gloriﬁcare
961 267 1010 287 au-

223 317 279 340 tem
294 312 372 347 juxta
396 308 570 344 baptismatis
592 307 678 343 legem
692 307 789 339 vetuit,
809 307 875 334 licet
894 306 967 333 Deus
982 309 1011 332 et

224 359 349 386 Salvator
364 360 457 383 noster
470 362 525 382 non
538 353 702 388 simpliciter
711 353 862 387 baptizare,
874 351 924 379 sed
932 351 1011 386 prius

223 403 323 430 docere
349 399 521 435 praeceperit.
551 398 650 425 Euntes
674 397 763 429 enim,
790 397 895 432 inquit,
924 395 1012 422 docete

223 454 313 473 omnes
333 449 438 480 gentes,
461 436 624 478 baptizantes
637 450 679 468 eos
702 442 728 469 in
742 442 847 468 nomine
860 440 963 472 Patris,
987 443 1012 466 et

226 491 297 523 Filii,
321 495 344 518 et
361 490 476 525 Spiritus
488 489 584 516 sancti.
617 488 657 515 Ex
671 487 722 515 hac
732 491 823 514 autem
839 487 908 522 lege,
928 491 956 514 et
968 486 1012 513 di-

227 535 282 562 vini
299 533 434 569 Apostoii,
457 538 482 560 el
499 532 546 567 qui
561 539 609 559 eos
623 531 710 559 secuti
732 535 796 558 sunt
809 531 939 558 Ecclesiae
954 538 1013 558 ma-

226 581 316 616 gistri,
327 580 427 607 docent
440 585 498 611 eos,
510 578 557 612 qni
571 576 716 609 accedunt,
730 576 844 604 credere
859 577 887 603 in
901 576 1013 604 nomine

224 626 324 658 Patris.
344 630 373 653 et
387 624 466 656 Filii,
481 627 511 650 et
525 622 644 657 Spiritus
660 622 760 655 sancti,
777 626 807 650 et
824 629 894 657 quos
907 622 1012 649 docue-

226 675 302 705 runt,
321 670 463 705 baptizant
475 669 502 696 in
514 668 625 696 nomine
638 668 736 700 Patris,
753 673 782 695 et
795 667 867 699 Filii,
884 671 912 695 et
925 667 1013 702 8ρίιί-

226 723 271 746 tus
289 716 388 744 sancti.
414 715 548 748 Quocirca
562 714 609 749 qui
622 714 724 741 donum
744 716 922 748 acceperunt,
941 713 1014 740 sicut

226 761 316 789 edocti
328 763 402 793 sunt,
413 764 440 787 et
450 759 580 794 baptizati
594 762 668 791 sunt,
678 758 720 785 sic
730 758 882 794 gloriﬁcant
893 757 1013 790 Patrem,

226 811 255 835 et
273 807 382 838 Filium,
409 809 437 832 et
464 804 598 840 Spiritum
623 808 759 831 sanetum.
785 803 944 831 Absurdum
972 806 1015 830 est

226 853 302 880 enim
319 861 378 886 eos,
396 851 443 887 qui
456 850 585 886 baptismi
607 849 710 877 donum
733 857 748 876 a
769 852 862 876 sancta
878 848 1013 875 Trinitate

227 898 395 933 acceperint,
409 897 494 925 solam
508 895 623 931 gloriam
637 895 713 922 Patri
727 894 837 926 offerre,
853 898 880 922 et
896 894 1014 921 inhono-
1031 887 1052 915 Β

229 947 319 971 ratum
333 942 431 970 Filium
444 949 477 969 ac
492 940 626 975 Spiritum
641 944 766 967 sanctum
778 939 943 973 relinquam.
963 937 1013 965 νε-

229 999 290 1018 rum
305 997 356 1018 nos
370 990 422 1016 ista
437 989 465 1016 in
482 988 570 1020 libris,
583 994 653 1022 quos
663 991 757 1014 contra
771 985 831 1012 illos
843 984 1015 1019 scripsimus,

229 1033 334 1069 prolixe
351 1033 481 1060 diximus.
498 1041 507 1057 ι
524 1031 597 1058 Dixit
613 1037 678 1058 vero
703 1029 810 1065 dialogo
825 1037 863 1061 In,
877 1028 960 1056 semel
976 1033 1017 1055 at-

229 1087 283 1114 que
305 1079 417 1110 iterum,
442 1082 470 1105 et
495 1076 604 1112 dialogo
627 1084 664 1108 v1,
691 1075 795 1111 pariter
820 1073 905 1101 semel
932 1077 1015 1108 atque

231 1125 342 1151 iterum.

266 1168 335 1196 Xlll.
356 1168 504 1203 Dialogista
521 1166 616 1194 herbae
629 1165 740 1193 nomine
754 1164 891 1200 dogmata,
913 1167 941 1191 et
958 1170 1019 1198 qua:

230 1214 303 1242 Deus
314 1214 419 1247 docuit,
438 1213 498 1248 agri
521 1212 670 1247 Scriptum
683 1210 788 1239 semina
809 1209 938 1244 appellat.
955 1209 1019 1236 Haec

231 1259 361 1295 loquendi
382 1259 470 1286 forma
489 1257 657 1288 Theodoreti
675 1256 786 1292 propria
803 1256 913 1284 videtur
932 1255 965 1287 ³¹,
988 1258 1020 1282 ιιι

230 1305 279 1339 qui
294 1311 356 1332 eam
370 1302 472 1337 ubique
488 1302 545 1329 fere
556 1302 677 1333 aﬂ'ectet,
692 1305 757 1336 puta
769 1307 831 1328 cum
844 1299 1019 1327 Theodorum

232 1347 460 1383 Mopsuestenum
488 1346 526 1374 ait
547 1345 574 1373 in
598 1345 758 1380 episcopatu
776 1352 863 1372 annos
881 1345 1020 1380 peregisse

232 1401 281 1421 sex
296 1397 324 1420 et
337 1392 449 1428 triginta
463 1395 629 1427 pugnantem
645 1396 739 1418 contra
758 1390 815 1418 Arii
841 1394 869 1418 et
892 1390 1019 1417 Eunomii

233 1440 346 1469 sectam,
357 1442 385 1464 et
399 1435 561 1471 Apollinarii
574 1435 603 1462 τὸ
619 1435 763 1471 λῃστρικὸν
774 1435 972 1471 proﬁigantem,
993 1439 1022 1463 et

233 1483 360 1518 optimam
373 1482 480 1509 herbam
496 1482 589 1508 diuinis
601 1481 690 1508 ovibus
702 1481 933 1516 suppeditantem.
950 1480 1020 1513 Quin

232 1528 317 1556 etiam
342 1526 518 1556 Theodoreto
539 1527 674 1554 familiare
696 1535 728 1554 ac
747 1534 818 1561 pene
841 1526 1021 1553 domesticum

233 1577 286 1606 est,
304 1573 492 1608 metaphoram
502 1580 612 1601 sumere
627 1572 661 1599 ab
673 1572 850 1607 agricultura,
865 1571 947 1607 ιω
959 1579 1022 1599 cum

234 1619 269 1647 de
293 1619 425 1647 docendis
451 1618 579 1646 ﬁdelibus
604 1618 673 1653 agit;
702 1617 743 1645 sic
766 1617 795 1644 in
819 1616 1023 1645 commentariis

235 1664 363 1700 Epistola:
378 1664 412 1691 ad
431 1664 568 1692 Romanos
586 1672 593 1690 :
615 1673 624 1689 ι
642 1664 682 1691 Ex
701 1663 734 1691 iis
752 1663 880 1698 gentibus
897 1662 964 1690 estis
988 1662 1022 1695 ⁸ο,

235 1716 353 1743 quarum
382 1707 520 1735 culturam
547 1707 703 1742 (γεωργίαν)
726 1707 845 1742 suscepi,
870 1714 906 1734 ne
930 1706 1024 1734 existi-

235 1754 316 1782 metis
326 1754 335 1762 ⁶
345 1761 388 1780 me
396 1761 478 1788 agros
489 1753 551 1780 aliis
559 1753 709 1788 assignatos
720 1752 860 1780 invadere.
874 1762 884 1778 ι
897 1752 932 1780 Ει
943 1752 1024 1788 paulo

236 1803 298 1834 post
314 1808 321 1825 :
341 1808 350 1824 ι
363 1798 484 1826 Arbores
498 1799 553 1834 jam
569 1798 704 1833 plantatas
716 1798 831 1833 irrigare
842 1798 944 1826 volo“.
964 1807 973 1823 ι
989 1798 1024 1826 Et

237 1848 342 1880 postea,
362 1852 426 1872 cum
442 1834 614 1876 ostenderet,
635 1848 767 1878 quantum
785 1841 871 1870 !uerit
890 1843 916 1870 in
939 1844 1025 1871 Paulo

237 1890 340 1917 laboris
356 1894 384 1916 et
400 1888 550 1925 diligentiae
568 1889 691 1916 studium
707 1897 714 1916 :
737 1898 746 1915 ι
764 1889 888 1917 Inaratas
906 1889 982 1917 enim
996 1894 1025 1917 et

239 1935 356 1963 incultas
375 1938 464 1962 terras
489 1934 632 1970 accipietis
647 1934 686 1967 ⁵²;
704 1942 760 1962 non
780 1934 833 1962 alia
854 1934 974 1963 faciebat
992 1941 1025 1963 et

239 1980 402 2014 scminabat,
417 1984 446 2008 et
463 1980 562 2008 uberes
575 1985 681 2016 segetes
695 1979 869 2013 ostendebat,
885 1989 898 2006 η»
916 1985 970 2008 etc.

550 2062 675 2082 CODLATIO
695 2062 714 2082 ῐῐ
719 2076 725 2081 .

257 2109 330 2139 Inter
346 2110 518 2149 dialogistam_
529 2114 553 2137 et
569 2110 766 2149 Theqdoreturn,
789 2111 876 2147 quoad
890 2111 1008 2149 dialogos

412 2144 468 2173 ire;
484 2146 608 2173 adversus
623 2144 835 2173 Macedonian'os.

1059 258 1131 285 viter
1143 257 1350 292 interpretatur.
1361 255 1551 284 Theodoretus
1560 255 1593 282 ad
1606 256 1666 283 haec
1674 256 1731 291 ipsa
1743 257 1826 285 verba
1838 266 1846 285 :

1064 312 1073 329 ι
1090 303 1144 330 lsta
1170 303 1264 329 itidem
1287 309 1370 329 unam
1392 301 1543 336 praedicant
1567 301 1698 329 deitatem
1714 303 1747 329 ”.
1768 303 1847 336 Quod

1060 349 1133 377 enim
1144 348 1271 376 Christus
1282 347 1364 375 etiam
1376 347 1509 374 Dominus
1518 354 1533 374 a
1544 354 1622 374 sacra
1634 347 1775 382 Scriptura
1786 348 1848 376 Sal—

1060 400 1139 423 vator
1154 393 1323 426 nominetur,
1345 393 1403 420 Arii
1424 400 1535 427 quoque
1549 397 1578 420 et
1594 393 1722 420 Eunomii
1738 395 1848 422 confes-

1061 447 1141 467 suros
1150 439 1271 467 arbitror
1283 438 1442 473 discipulos.
1453 436 1531 470 Quod
1540 437 1563 464 si
1577 442 1677 472 praeter
1691 438 1781 473 ipsum
1793 447 1848 467 non

1061 489 1105 513 est
1115 484 1250 516 Salvator,
1265 488 1293 512 et
1303 484 1429 511 Salvator
1438 483 1522 510 etiam
1538 483 1671 511 Dominus
1685 485 1848 519 appellatur,

1062 538 1095 559 ex
1111 531 1156 558 illa
1175 529 1247 557 haud
1264 529 1348 556 dubie
1367 532 1464 556 natura
1484 532 1536 556 est.
1557 528 1586 555 Si
1599 536 1666 556 vero
1678 537 1733 556 non
1748 534 1801 562 est,
1820 536 1850 558 ut

1063 576 1159 604 dicunt
1178 575 1399 610 blasphemantes
1418 583 1424 600 :
1440 581 1506 609 ergo
1524 581 1577 601 nec
1599 574 1724 601 Salvator
1742 580 1784 602 est
1795 595 1802 607 ,
1820 579 1851 602 ut

1062 622 1185 657 loquitur
1204 620 1359 656 prophetia.
1389 620 1417 648 Si
1440 624 1532 647 autem
1553 623 1596 647 est
1617 620 1752 653 Salvator,
1777 620 1852 649 illius

1063 667 1187 704 ejusdem
1201 672 1244 694 est
1263 671 1378 698 natura.
1395 666 1475 701 cujus
1487 669 1530 693 est
1539 666 1656 693 salvare.
1672 675 1682 691 ι

1098 713 1143 741 lll.
1163 713 1321 748 Dialogista,
1343 720 1405 739 cum
1421 712 1493 739 idem
1516 716 1710 748 argumentum
1735 712 1790 739 alio
1804 712 1851 739 Dei

1064 758 1231 790 testimonio,
1255 758 1328 793 apud
1355 758 1482 785 eumdem
1508 758 1670 793 prophetam
1694 763 1719 789 ε,
1745 763 1851 793 urget:

1064 804 1122 840 Ego
1141 812 1200 831 sum
1217 804 1297 836 Deut,
1319 808 1343 830 et
1360 812 1413 831 non
1435 807 1474 830 est
1496 803 1566 830 alius
1577 812 1586 836 ,'
1610 811 1657 839 per
1671 804 1853 839 mmetipsum

1062 851 1137 886 jura,
1157 858 1190 877 ea:
1206 858 1252 877 ore
1267 858 1324 877 meo
1340 850 1488 885 egredietur
1508 850 1610 881 iustitia
1630 857 1640 876 :
1658 858 1789 877 sermones
1804 850 1855 877 met

1068 904 1120 923 non
1129 895 1296 928 dolebantur,
1318 896 1374 930 fore
1392 899 1421 922 ut
1445 895 1508 922 mihi
1521 896 1653 931 ﬂectatur
1675 903 1752 922 omne
1775 903 1853 930 genu,

1068 943 1221 977 interrogat
1239 941 1465 969 Macedonianum
1476 961 1483 974 ,
1503 942 1583 976 cujus
1598 941 1653 968 sint
1674 941 1734 968 haec
1752 941 1856 969 verba?

1067 987 1144 1020 Filii,
1165 988 1203 1015 ait
1219 987 1450 1020 Macedonianus;
1476 986 1635 1021 dictumque
1658 986 1756 1022 probat
1777 986 1855 1014 testi-

1068 1034 1160 1061 monio
1173 1033 1297 1068 Apostoli
1310 1042 1316 1060 :
1336 1033 1369 1060 In
1386 1033 1490 1060 nomine
1506 1032 1569 1060 Iesu
1585 1040 1661 1059 omne
1678 1039 1747 1068 genu
1762 1034 1855 1066 ﬂecta-

1069 1084 1113 1107 tur
1128 1078 1153 1112 ιι,
1170 1083 1195 1106 et
1208 1079 1294 1106 omnis
1314 1078 1405 1114 lingua
1416 1078 1584 1112 conﬁteatur,
1595 1081 1650 1105 etc.
1664 1078 1698 1105 Et
1712 1077 1776 1105 inde
1791 1085 1857 1105 con-

1069 1125 1155 1153 cludit
1173 1124 1344 1152 orthodoxus
1362 1133 1369 1150 :
1391 1133 1400 1149 ι
1418 1124 1477 1152 Una
1489 1128 1532 1151 est
1546 1124 1630 1159 igitur
1648 1123 1738 1151 Patris
1751 1127 1780 1150 et
1794 1123 1855 1151 Filii

1069 1172 1209 1200 divinitas.
1225 1180 1234 1197 ι
1246 1171 1439 1199 Theodoretus
1448 1170 1482 1197 ad
1502 1170 1593 1198 locum
1607 1170 1731 1205 Apostoli
1749 1179 1755 1197 :
1772 1179 1782 1196 ι
1791 1170 1857 1198 0m-

1069 1226 1133 1246 nem
1148 1222 1223 1245 certe
1239 1217 1357 1245 haeresi}:
1374 1217 1400 1233 ⁸³
1422 1224 1472 1252 per
1487 1225 1573 1252 pauca
1595 1217 1653 1245 haec
1669 1216 1754 1244 verba
1767 1223 1857 1251 expu-

1070 1264 1164 1300 gnavit
1177 1263 1290 1291 divinus
1301 1263 1450 1298 Apostolus
1459 1283 1467 1296 ,
1484 1267 1542 1290 tum
1556 1270 1605 1290 eos
1618 1262 1666 1298 qui
1685 1262 1856 1290 divinitatem

1070 1309 1210 1345 Unigeniti
1223 1309 1426 1344 blasphemant,
1447 1318 1456 1335 ι
1470 1312 1525 1336 etc.
1543 1309 1578 1336 Et
1599 1313 1715 1343 postea:
1734 1317 1743 1333 ι
1761 1307 1858 1335 Arium

1071 1363 1137 1383 vero
1145 1360 1173 1383 et
1181 1355 1347 1383 Eunomium
1357 1355 1548 1390 blasphemare
1559 1354 1656 1382 iisdem
1666 1354 1758 1381 verbis
1768 1357 1860 1380 osten-

1072 1401 1122 1433 dit,
1140 1411 1148 1427 ι
1164 1406 1217 1429 etc.
1229 1401 1454 1429 Concluditvero
1469 1406 1476 1427 ξ
1497 1410 1506 1426 ι
1521 1400 1576 1428 Sed
1586 1400 1621 1428 de
1636 1399 1680 1427 his
1696 1399 1779 1427 etiam
1792 1398 1859 1426 alib'.

1072 1447 1182 1482 copiose
1196 1447 1387 1474 disseruimus.
1405 1455 1416 1472 ο

1108 1493 1150 1520 IV.
1167 1493 1317 1527 Dialogista
1344 1499 1455 1519 rursum
1481 1491 1655 1519 divinitatem
1680 1491 1742 1519 Filii
1767 1499 1801 1519 ex
1827 1499 1860 1518 eo

1036 1551 1056 1580 ο
1073 1539 1181 1574 probat,
1197 1538 1271 1573 quod
1289 1538 1361 1573 apud
1381 1538 1513 1565 Davidem
1535 1538 1609 1565 Deus
1631 1538 1762 1573 populum
1779 1545 1860 1565 suum

1074 1583 1116 1610 his
1133 1582 1211 1618 αι
1239 1582 1332 1610 verbis
1353 1581 1499 1616 compellat
1521 1590 1528 1608 :
1549 1581 1630 1612 Audi,
1652 1581 1747 1616 populo
1769 1580 1815 1612 mi,
1837 1583 1862 1606 et

1074 1629 1238 1655 contestabor
1253 1632 1287 1660 te,
1302 1627 1398 1660 Israel,
1416 1628 1439 1654 si
1455 1626 1573 1653 audieris
1588 1635 1639 1658 me,
1658 1634 1710 1653 non
1728 1627 1778 1653 erit
1792 1626 1819 1652 in
1837 1629 1863 1651 te

1073 1673 1144 1700 Dm
1164 1681 1256 1705 nouus,
1279 1680 1363 1708 neque
1379 1672 1503 1699 adorabis
1528 1671 1612 1698 Deum
1630 1672 1748 1699 alienum
1769 1677 1791 1704 ε,
1807 1677 1860 1698 etc.

1077 1719 1228 1754 Interrogat
1246 1719 1320 1746 enim
1347 1718 1592 1750 Macedonianum,
1617 1719 1699 1753 cujus
1725 1719 1782 1745 sint
1806 1717 1864 1744 haec

1074 1765 1170 1797 verba,
1181 1765 1280 1797 Patris,
1290 1772 1324 1791 an
1339 1764 1410 1791 Filii.
1418 1764 1439 1791 Τ
1443 1763 1609 1791 heodoretus
1621 1763 1656 1790 ad
1670 1763 1744 1791 hunc
1755 1764 1844 1790 locum
1854 1771 1862 1789 :

1078 1821 1087 1837 ι
1104 1810 1198 1842 iubet,
1211 1811 1234 1826 "
1249 1817 1285 1837 ne
1305 1810 1425 1837 alienum
1442 1814 1470 1837 et
1483 1817 1584 1837 novum
1599 1809 1684 1837 Deum
1700 1810 1801 1841 colant,
1815 1808 1864 1836 sed

1075 1865 1149 1890 eum,
1164 1857 1211 1892 qui
1226 1857 1382 1884 libertatem
1400 1856 1466 1891 ipsis
1478 1856 1596 1891 largitus
1608 1859 1660 1883 est.
1677 1855 1741 1883 Haec
1755 1863 1822 1882 vero
1836 1861 1865 1883 et

1075 1902 1133 1930 Arii
1144 1906 1172 1930 et
1186 1902 1313 1929 Eunomii
1327 1901 1475 1929 amentiam
1487 1901 1667 1936 redarguunt.
1680 1901 1709 1928 Si
1724 1902 1797 1928 enim
1808 1909 1864 1928 non

1075 1953 1118 1976 est
1130 1947 1376 1976 consubstantialis
1386 1947 1560 1982 Unigenitus,
1573 1947 1635 1982 jure
1650 1946 1757 1974 alienus
1772 1947 1864 1974 vocari

1076 1998 1176 2030 queat;
1192 1999 1232 2026 et,
1249 1994 1273 2021 si
1292 1993 1344 2021 fuit
1362 1997 1471 2028 tempus
1483 1993 1594 2028 quando
1607 2001 1664 2020 non
1678 1998 1749 2025 erat,
1768 2001 1866 2021 recens

1076 2044 1128 2072 est,
1137 2044 1166 2067 et
1174 2047 1229 2068 non
1241 2044 1284 2067 est
1295 2039 1490 2074 sempiternus.
1500 2039 1642 2066 Manifeste
1651 2039 1736 2074 igitur
1744 2039 1865 2066 divinam

1076 2085 1163 2121 legem
1184 2084 1441 2119 transgrediuntur,
1463 2085 1585 2112 alienum
1606 2084 1694 2112 Deum
1711 2089 1740 2112 et
1762 2092 1865 2112 novum

1077 2131 1208 2158 colentes.
1224 2131 1326 2158 Verum
1343 2135 1451 2165 tempus
1466 2138 1521 2158 non
1541 2135 1593 2163 est,
1612 2135 1643 2158 ut
1656 2138 1752 2158 eorum
1770 2135 1866 2166 stupo-

1079 2184 1135 2204 rem
1146 2176 1349 2211 redarguamus
1364 2184 1371 2202 :
1391 2186 1400 2202 ι
1415 2177 1518 2211 quippe
1535 2184 1619 2211 quem
1635 2182 1718 2204 antea
1739 2177 1806 2204 satis
1820 2185 1866 2204 re—

275 2221 296 2249 l.
313 2220 408 2254 Quoad
423 2220 539 2248 tertium
559 2220 822 2256 collatio-istum,
840 2226 1024 2257 preterquam
1042 2220 1064 2248 D
1079 2222 1194 2249 fellerst.

241 2266 315 2302 quod
335 2266 528 2295 Theodoretus
547 2266 669 2302 scripsit,
685 2271 721 2294 ut
739 2271 825 2295 mea
845 2267 977 2300 diximus,
994 2275 1028 2296 se

242 2312 375 2340 adversus
393 2312 658 2340 Paematomachos
671 2312 790 2340 totidem
810 2313 898 2340 libros
911 2321 1029 2348 cumpo—

243 2357 342 2390 suisse,
350 2361 421 2392 quot
434 2358 566 2385 adversus
585 2357 696 2385 eosdem
710 2357 813 2393 dialogi
834 2358 982 2391 exsistunt,
997 2366 1029 2386 ea

244 2406 318 2430 certe
334 2402 540 2438 estdialogistre
557 2407 585 2430 et
602 2402 768 2430 Thmdoret‘i
780 2401 815 2429 .in
822 2402 950 2430 doctrina
965 2411 1031 2431 con-

245 2448 345 2480 sensio.
361 2455 423 2482 quae
436 2447 641 2476 Theodoram
656 2456 713 2475 non
729 2447 841 2483 quidem
854 2448 1030 2481 nominatim,

246 2493 292 2521 sed
300 2492 461 2521 indubitatis
470 2492 579 2521 indiciis
586 2498 727 2521 auctorem
739 2493 1029 2528 dialogormiprodat.

278 2539 311 2567 ιι.
327 2539 479 2574 Dialogissa
489 2559 496 2571 ,
519 2546 581 2567 cum
597 2539 686 2566 vellet
696 2538 896 2566 Maceduiaao
912 2535 1049 2566 Λουκιιέ

245 2588 342 2616 strare,
365 2583 490 2612 eamdem
508 2591 569 2612 esse
584 2583 662 2616 Filii,
678 2592 741 2618 qua
761 2584 862 2616 Pwis,
888 2584 1031 2617 deitatem,

245 2629 359 2657 adhibet
379 2630 427 2657 Dei
446 2630 529 2658 verba
551 2630 623 2666 apud
647 2631 808 2666 prophetam
826 2631 954 2663 dicentis,
977 2631 1032 2667 Ego

281 2697 296 2716 δ
307 2696 358 2725 lsa.
377 2706 450 2731 xuii,
466 2698 510 2726 12.
547 2704 558 2718 ε
574 2698 641 2726 ibid.
654 2699 698 2726 2|.
737 2699 750 2718 α
764 2699 872 2735 Philpp.
889 2707 918 2732 ιι,
932 2699 975 2727 40.

1115 2266 1147 2293 ν.
1171 2266 1317 2302 Dialogista
1340 2266 1448 2294 inducit
1469 2266 1696 2295 Maecdonianum
1720 2273 1867 2304 negantem

1080 2312 1152 2340 idem
1169 2319 1241 2344 esse,
1263 2320 1295 2338 ea:
1308 2312 1368 2347 ipso
1381 2316 1410 2339 et
1425 2319 1472 2346 per
1493 2313 1582 2347 ipsum
1607 2312 1636 2345 ἐξ
1661 2313 1744 2340 αὐτοῦ
1767 2315 1814 2340 καὶ
1833 2314 1868 2340 δι’

1080 2357 1174 2389 αὐτοῦ,
1189 2365 1245 2392 quo
1257 2357 1379 2385 declinet
1393 2362 1587 2392 argumentum
1604 2358 1750 2386 orthodoxi
1765 2359 1870 2387 utentis

1082 2403 1239 2431 testimonio
1263 2402 1342 2430 Pauli
1363 2402 1401 2430 at!
1424 2403 1595 2438 probandam
1617 2403 1680 2432 Filii
1704 2412 1766 2432 cum
1787 2405 1870 2433 Patre

1081 2448 1406 2480 consubstantialitatem,
1417 2453 1450 2476 et
1464 2449 1670 2484 interrogantis,
1683 2449 1718 2477 de
1731 2458 1786 2484 quo
1801 2450 1871 2477 Pan-

1082 2493 1125 2520 lus
1134 2493 1244 2520 locutus
1251 2493 1296 2525 sit,
1308 2497 1362 2520 etc.
1373 2493 1565 2522 Theodoretus
1576 2495 1609 2522 ad
1623 2495 1712 2523 locum
1724 2495 1846 2531 Apostoli
1862 2505 1870 2524 :

1087 2548 1095 2564 ι
1113 2539 1165 2566 Per
1180 2539 1238 2566 haec
1253 2539 1374 2567 ostendit
1387 2539 1498 2567 divinus
1510 2541 1658 2575 Apostolus
1671 2542 1706 2574 ⁵⁸,
1721 2549 1750 2569 se
1765 2550 1872 2577 praepo-

1083 2584 1192 2612 sitionis
1203 2589 1391 2620 ecquo-etp"
1403 2593 1492 2620 quem,
1505 2585 1691 2614 diderentiam
1706 2595 1761 2615 non
1774 2595 1870 2621 nosse;

1085 2638 1116 2658 ae
1131 2631 1205 2658 illam
1220 2630 1343 2665 quidem,
1362 2635 1394 2657 ut
1409 2638 1471 2665 quae
1493 2631 1597 2666 aliquid
1615 2633 1703 2669 majus
1725 2633 1871 2669 signiﬁcet,

1015 2705 1028 2719 ο
1045 2699 1206 2730 Psal.-r.xxx,
1219 2698 1244 2725 9.
1285 2697 1295 2717 ί
1312 2697 1391 2725 Rom.
1410 2706 1446 2730 χι,
1463 2699 1506 2726 56.

913 2765 1071 2797 SCHULZII
1090 2766 1204 2794 NOTAE].

285 2844 310 2883 ξξ
322 2843 375 2871 Vid
386 2843 468 2883 Eiet.
485 2845 626 2883 ecclnglib.
639 2855 673 2883 v.7
683 2854 743 2883 cap.
762 2848 870 2876 ultimo.

247 2883 269 2906 ι.
290 2878 322 2908 n.
342 2887 368 2913 p.
386 2880 447 2907 338.
481 2879 508 2896 *δ
523 2878 585 2909 vad.
603 2886 622 2909 t.
640 2882 685 2914 ιιι,
697 2878 726 2918 p‘.
739 2884 800 2912 455.

923 2848 1018 2876 “Vid.
1041 2851 1060 2875 t.
1079 2847 1124 2879 Ill,
1140 2855 1168 2881 ι).
1184 2847 1227 2875 16.

850 2883 943 2911 "Vid.
963 2887 983 2910 t.
1001 2883 1022 2915 l,
1045 2890 1072 2917 p.
1091 2882 1167 2910 H85.
1205 2882 1228 2898 “
1243 2882 1303 2911 Vid.
1322 2883 1396 2916 t.lll,
1413 2891 1440 2919 p.
1455 2882 1503 2911 1T7
1520 2892 1578 2919 seq.

1282 2847 1303 2884 f‘
1317 2847 1390 2884 [eeo
1403 2848 1462 2882 cit.,
1475 2857 1509 2884 Ap.
1524 2850 1568 2877 19.
1621 2851 1644 2866 ⁴¹
1667 2849 1736 2878 Ibid.
1770 2849 1795 2865 ⁸³
1811 2847 1872 2876 Viti.
