1971 3046
102 162 158 194 389

426 163 475 194 DE
494 163 671 194 DIALOGIS
690 163 773 195 ADV.
794 163 968 202 ARIANOS,
989 164 1292 203 MACEDONIANOS,
1313 165 1394 196 ETC.

1692 167 1749 200 390.

103 219 179 248 Patri
195 219 361 247 convenire:
381 219 453 246 hanc
469 227 546 252 vero,
563 224 593 247 ut
608 227 669 255 qua:
686 219 790 255 aliquid
806 220 898 248 minus
914 225 933 250 Α
985 219 1052 247 VIII.
1080 220 1228 256 Dialogista
1251 221 1303 249 sub
1321 221 1404 249 linem
1421 221 1505 256 primi
1522 221 1621 258 dialogi
1642 230 1745 250 novum

102 265 214 297 doceat,
231 265 301 292 Filio
321 273 328 292 :
344 265 439 293 ambas
453 265 527 293 enim
541 266 569 292 in
584 270 701 301 utraque
715 273 832 301 persona
846 274 897 302 po-

102 311 161 339 suit
175 319 182 336 :
195 319 276 347 quam
293 310 350 338 sive
366 311 457 338 Patris
471 318 532 338 esse
545 311 677 344 dixerim,
693 313 739 346 qui
754 319 817 339 eum
833 312 898 339 Ario

101 359 133 384 et
145 356 282 383 Eunomio
293 356 426 388 sentiunt,
438 355 580 384 invenient
592 357 779 392 praepositioni
792 365 823 383 ea:
835 365 896 392 quo,

103 401 339 436 praepositionem,
366 410 414 437 per
430 409 522 436 quem,
546 410 606 430 esse
625 404 817 438 conjunctam;
839 403 898 430 sive

103 447 175 474 Filio
184 447 385 482 adaptaverint,
396 447 531 475 videbunt
543 449 740 483 przepositioni,
752 458 798 485 per
809 459 897 486 quem,

103 493 338 528 prmpositionem,
352 501 384 519 ea:
399 502 460 529 quo,
475 501 535 521 esse
550 495 743 529 conjunctam;
766 496 788 522 si
805 500 898 523 autem

103 539 275 574 przepositio,
297 546 329 565 ea;
353 547 415 573 quo,
439 538 543 573 aliquid
568 540 658 575 majus
681 540 827 583 signiticet,
852 550 899 576 per

104 593 181 620 quem
192 588 284 611 autem
300 584 402 616 minus,
417 589 447 611 et
457 584 544 611 ambas
562 585 589 612 in
603 593 657 612 una
671 593 787 620 persona
803 587 899 621 positas

103 634 180 662 sunt,
196 629 270 657 idem
293 637 394 664 nempe
412 629 503 665 seipso
518 631 616 665 major,
635 636 748 666 propter
767 632 899 667 prazposi-

103 675 208 702 tionem
227 682 258 701 ex
274 683 335 710 quo,
351 678 380 702 et
395 682 491 702 rursus
518 675 610 702 minor
625 680 740 710 propter
764 677 900 711 pra-posi-

104 720 221 752 tionem,
235 729 282 756 per
302 729 391 756 quem,
411 721 562 748 existimari
584 721 646 756 jure
657 722 768 756 poterit.
789 732 798 748 ›
815 723 849 750 Et
865 721 898 749 ad

105 770 189 800 caput
209 766 230 797 l,
256 765 411 800 Epistolaal
436 766 470 793 ad
491 766 649 793 Corinthios
668 767 701 794 ".
726 777 734 792 ι
754 767 900 803 Apostolus

105 810 350 845 praepositionibus
371 811 440 838 citra
459 811 545 838 ullutn
561 811 711 839 discrimen
724 813 813 840 utitur
830 823 837 840 :
855 813 900 841 hic

104 857 179 883 enim
191 856 425 891 pmpositionem,
437 865 484 892 per
496 866 584 892 quem,
597 866 680 892 quam
698 859 744 893 qui
762 867 823 886 cum
833 860 899 887 Ario

952 265 1084 300 quiddam
1101 266 1191 295 aﬂ'ert.
1212 267 1286 301 quod
1303 274 1359 294 non
1380 267 1518 295 immerito
1540 273 1651 303 propter
1669 269 1743 296 inso-

951 310 1064 338 lentiam
1080 310 1291 338 Maecdonianus
1311 312 1438 343 miretur,
1455 319 1471 339 a
1484 313 1619 348 propheta
1637 314 1745 341 scilicet

953 357 1058 384 tonitru
1087 357 1199 384 nomine
1220 357 1403 392 signiﬁcatum
1426 366 1488 386 esse
1508 359 1676 394 baptismum
1700 360 1745 387 bis

951 401 1064 429 verbis:
1082 401 1147 428 Ecce
1167 410 1213 437 ego
1234 401 1359 437 Spiritus,
1373 404 1418 438 qui
1436 403 1546 437 obﬁrmo
1562 404 1671 435 tonitru,
1687 408 1742 432 etc.

953 447 1143 475 Theodoretus
1155 448 1190 475 ad
1201 449 1259 476 haec
1270 449 1353 476 verba
1365 450 1462 484 psalmi
1475 458 1557 477 xxvni
1565 451 1587 466 "
1599 459 1606 476 :
1619 450 1672 476 Vos
1688 449 1743 477 Do-

953 493 1018 518 mini
1027 500 1106 527 super
1119 501 1214 527 aquas,
1234 493 1304 520 Deus
1317 494 1464 529 majestalis
1473 495 1598 526 intonuit,
1612 494 1639 521 id
1653 494 1743 529 ipsum

952 545 1008 564 non
1020 538 1140 565 obscure
1152 538 1252 566 innuit.

987 583 1034 611 IX.
1053 584 1156 611 Verum
1173 585 1200 620 in
1216 585 1339 612 secundo
1353 584 1463 620 dialogo
1479 585 1570 613 adhuc
1581 593 1610 613 se
1628 587 1745 615 manife-

952 629 1022 656 stius
1035 634 1133 657 auctor
1144 630 1285 665 patefacit.
1303 631 1371 658 Nam
1386 638 1449 658 cum
1465 631 1661 660 Macedoniano
1679 640 1743 667 per-

951 675 1070 703 suadere
1086 676 1178 708 vellet,
1198 677 1318 704 Verbum
1335 677 1419 704 fuisse
1435 677 1509 704 Patri
1523 678 1690 712 subjectum,
1709 686 1744 706 ex

951 729 1008 757 quo
1026 726 1155 750 naturam
1170 722 1278 755 induit;
1295 723 1409 750 adhibet
1429 724 1617 751 testimonium
1633 724 1745 751 Davidis

952 768 1021 803 psnl.
1029 775 1083 801 nr,
1095 769 1124 796 Η
1142 777 1147 795 :
1159 769 1198 795 De
1211 773 1301 796 uentre
1311 769 1404 796 matris
1412 777 1477 796 ntere
1486 769 1554 797 Deus
1565 778 1636 797 meus
1653 777 1680 797 ιι
1697 774 1745 803 tu;

952 814 1026 848 quod
1041 815 1075 841 de
1092 815 1205 842 Christo
1220 815 1429 850 interpretatur.
1447 816 1563 850 Moxque
1578 815 1720 851 subjungit
1735 825 1742 843 :

954 869 965 885 ι
981 860 1018 887 De
1029 865 1125 888 ventre
1140 861 1235 888 matris
1247 868 1313 888 vero
1325 860 1447 889 Verbum
1456 862 1572 894 exstitit,
1584 869 1647 890 cum
1660 862 1744 897 Virgo

105 907 134 930 et
160 902 296 929 Eunomio
319 903 452 935 sentiunt,
476 903 545 930 Filio
571 904 736 935 attribuunt,
762 904 795 932 de
820 905 900 933 Patre
918 909 936 938 Β
951 906 1079 940 concepit
1092 910 1121 933 et
1131 907 1239 941 peperit
1249 907 1465 935 Etlmanuelem.
1484 908 1696 936 iTheodoretus
1708 909 1744 936 ad

105 947 209 981 posuit.
229 947 285 974 lloe
309 952 400 974 autem
416 956 472 975 non
497 948 616 981 fecisset,
633 949 656 976 si
676 950 898 985 praepositionem

106 1000 154 1027 per
182 1001 258 1027 quem
284 993 377 1020 minus
400 994 503 1028 aliquid
525 994 680 1030 signiﬁcare
703 996 897 1030 existimasset,

105 1046 188 1073 quam
205 1046 236 1065 ex
249 1047 311 1073 quo.
333 1048 342 1064 ι
361 1039 395 1066 Ει
409 1039 509 1066 iterum
524 1041 558 1067 ad
589 1040 647 1068 haec
667 1041 768 1073 verba,
803 1042 898 1071 Fidelis

106 1084 187 1116 Deus,
205 1092 252 1120 per
277 1092 353 1120 quem
384 1086 469 1112 vocati
499 1086 576 1119 eatis;
589 1087 715 1114 eamdem
732 1080 898 1116 sententiam

106 1131 208 1166 repetit
225 1131 247 1146 “
262 1139 270 1157 :
289 1141 297 1156 ι
315 1131 366 1158 Hic
382 1131 465 1158 etiam
481 1140 528 1167 per
548 1141 625 1168 quem
641 1133 676 1160 de
689 1133 772 1161 Patre
794 1135 897 1170 posuit,

107 1177 278 1212 impudentia
289 1177 484 1205 haereticorum
500 1185 547 1206 ora
560 1178 722 1212 obstruens,
737 1184 766 1207 et
782 1180 897 1214 docens,

106 1223 179 1259 quod
197 1223 361 1258 parvitatem
376 1231 431 1250 non
445 1224 591 1259 signiﬁcet.
608 1234 618 1250 ι

145 1269 186 1296 Vl.
204 1269 351 1305 Dialogista
361 1269 533 1297 divinitatem
546 1269 627 1297 Verbi
639 1274 668 1298 et
679 1270 798 1305 Spiritus
810 1272 898 1299 sancti

106 1315 172 1343 inde
186 1315 285 1350 probat
301 1315 374 1350 quod
393 1315 431 1342 ait
447 1315 608 1343 Psalmista:
628 1316 709 1344 Verbo
722 1317 830 1344 Domini
843 1318 900 1344 ereti

106 1359 209 1395 ﬁrmati
219 1365 289 1392 sunt,
303 1366 327 1388 et
345 1361 445 1397 Spiritu
456 1363 509 1389 oris
520 1362 576 1397 ejus
587 1363 671 1389 omnis
681 1363 763 1389 virtus
773 1370 863 1389 eorum
875 1363 897 1390 ⁸.

105 1407 194 1440 Quem
216 1407 306 1434 locum
322 1407 359 1434 ita
377 1411 486 1439 tractat,
509 1412 540 1435 ut
561 1408 652 1435 Verbo
670 1407 742 1435 dicat
761 1415 817 1435 non
831 1409 839 1418 ‘
852 1416 900 1435 so—

106 1451 162 1478 lam
183 1451 267 1478 tribui
281 1451 414 1478 coeloer
428 1451 648 1483 fabricationem,
668 1451 782 1486 Spiritui
804 1456 900 1479 sancto

107 1497 190 1534 442
209 1497 343 1524 virtutum
359 1497 534 1525 eﬂ‘ectionem
561 1504 608 1524 seu
633 1497 898 1531 sanctiﬁcati'onem;

109 1543 157 1570 sed
180 1549 329 1578 utrumque
357 1543 392 1570 ab
416 1547 534 1578 utroque
555 1543 633 1570 oriri.
657 1543 849 1570 Theodoretus
870 1543 899 1571 in

951 951 1044 978 iocum
1061 952 1172 984 Psalmi,
1195 959 1279 987 quem
1296 953 1330 980 de
1349 953 1460 981 Christo
1481 953 1690 989 intelligendum
1714 953 1743 981 in

951 997 1113 1032 praefatione
1137 999 1330 1026 demonstrat:
1345 1009 1355 1024 ‹
1368 999 1431 1027 Haec
1448 999 1542 1031 etiam,
1564 1000 1620 1032 ait,
1646 1001 1743 1028 beatus

955 1044 1039 1071 Isaias
1052 1045 1218 1072 vaticinatus
1232 1049 1275 1073 est
1288 1046 1320 1072 ³³.
1341 1045 1410 1073 Cum
1427 1046 1501 1072 enim
1522 1046 1658 1074 dixisset:
1676 1046 1743 1074 Ecce

950 1090 1025 1125 virgo
1046 1092 1172 1126 concipiet
1192 1092 1220 1118 in
1239 1096 1328 1124 utero,
1356 1095 1380 1118 et
1394 1091 1480 1126 pariet
1492 1091 1603 1124 Filium,
1627 1096 1653 1119 et
1663 1099 1741 1118 uocu-

952 1135 1017 1162 bunt
1034 1144 1127 1163 nomen
1140 1137 1197 1172 ejus
1213 1135 1390 1168 Emmanuel;
1407 1136 1561 1171 subjuuit,
1575 1141 1629 1164 etc.
1644 1137 1743 1164 Beatus

950 1180 1037 1215 igitur
1047 1180 1133 1208 David
1148 1180 1251 1208 Christi
1266 1180 1374 1208 Domini
1389 1187 1487 1216 gerens
1499 1187 1662 1215 personam,
1679 1181 1717 1208 ait
1734 1190 1741 1208 :

953 1226 991 1253 Tu
1006 1227 1128 1261 formasti
1139 1235 1181 1253 me
1190 1227 1218 1253 in
1232 1231 1317 1258 utero,
1332 1236 1342 1252 ι
1356 1231 1411 1254 etc.

987 1273 1022 1300 Χ,
1040 1273 1132 1308 Longe
1149 1273 1240 1300 adhuc
1253 1272 1357 1299 clarius
1373 1278 1432 1299 rem
1448 1277 1533 1300 totam
1542 1271 1661 1300 ostendit
1677 1279 1742 1307 pro-

952 1317 1085 1345 lixissime
1118 1318 1289 1346 concertatio
1311 1317 1461 1353 dialogista:
1487 1323 1515 1345 et
1542 1317 1741 1350 Macedoniam,

949 1363 1166 1399 disceptantium
1175 1364 1209 1392 de
1221 1365 1338 1396 ratione,
1349 1372 1403 1399 qua
1414 1364 1500 1391 Filius
1506 1363 1580 1391 Patri
1590 1363 1742 1398 subjectus,

954 1409 1037 1437 Pater
1054 1409 1125 1438 Filio
1141 1411 1229 1445 major
1245 1410 1355 1438 dicatur
1376 1410 1436 1437 sine
1452 1410 1622 1438 detrimento
1644 1410 1742 1444 όμοου-

954 1455 1094 1489 σιότητοςε
1107 1454 1179 1482 duos
1192 1455 1265 1482 enim
1278 1455 1428 1490 Scriptum
1436 1455 1514 1483 locos
1522 1454 1643 1482 haeretici
1656 1454 1682 1482 in
1694 1462 1743 1482 ore

953 1506 1063 1533 semper
1076 1498 1158 1534 51.3
1171 1499 1309 1526 habebant
1322 1508 1328 1526 :
1341 1499 1423 1526 Filius
1438 1499 1569 1534 subjectus
1581 1499 1630 1526 erit
1646 1500 1679 1531 ei.
1696 1499 1743 1534 qui

954 1544 1064 1579 subjecit
1075 1545 1124 1571 sibi
1140 1545 1230 1571 omnia
1242 1553 1251 1576 ;
1267 1548 1305 1576 et,
1317 1544 1400 1571 Pater
1410 1545 1500 1579 major
1510 1553 1551 1571 me
1563 1549 1611 1571 est.
1628 1544 1741 1572 Utrum-

108 1590 314 1617 commentariis
335 1589 368 1616 ad
389 1589 473 1616 verba
488 1589 640 1616 Psalmista:
657 1598 663 1615 ε
682 1598 692 1614 ι
708 1589 778 1616 Vera
792 1590 898 1616 theole-
913 1591 932 1619 C
947 1590 1359 1625 quedemonstratOrthodoxus
1366 1590 1741 1625 pertinereadwconomiam,

107 1635 151 1670 εἰει
162 1634 184 1651 ⁸⁸
197 1635 283 1662 Deum
297 1635 419 1663 Verbum
430 1634 510 1662 nobis
524 1635 646 1662 ostendit
655 1642 718 1662 cum
732 1639 828 1662 sancto
839 1634 901 1671 Spi-

109 1682 164 1709 ritu
180 1687 208 1709 et
222 1681 306 1709 cmlos
320 1685 348 1709 et
358 1682 485 1709 etelestes
500 1681 617 1708 virtutes
632 1681 739 1713 iecisse.
762 1681 901 1716 evangeli—

108 1734 225 1762 eamque
231 1726 386 1753 doctrinam
393 1726 538 1762 prophetia
550 1727 691 1761 anticipat.
705 1726 764 1754 Non
776 1727 902 1754 attribuit

108 1781 192 1809 porro
211 1774 267 1801 Deo
285 1773 396 1808 quidem
418 1773 509 1801 Verbo
529 1773 736 1801 fabricationem
756 1773 900 1806 caelorum,

107 1823 205 1847 sancto
222 1827 288 1846 vero
303 1819 420 1854 Spiritui
443 1819 576 1847 virtutum
595 1819 784 1853 creationem;
804 1828 900 1847 verum

108 1865 207 1892 eadem
234 1865 292 1900 ipsa
308 1869 337 1892 et
350 1864 471 1892 Verbum
492 1870 521 1892 et
535 1864 669 1900 Spiritum
693 1869 819 1893 sanctum
835 1866 902 1894 etSe-

109 1910 180 1938 cisse
195 1911 244 1942 ait,
267 1920 276 1936 ι
291 1915 345 1938 etc.
658 1943 660 1946 ~

147 1956 202 1983 Vll.
219 1956 367 1991 Dialogista
381 1955 557 1983 divinitatem
574 1955 636 1983 ﬁtii
646 1956 846 1984 demonstrans
858 1957 900 1984 ai-

109 2003 165 2030 lato
175 2002 252 2029 Isaia:
263 2009 334 2033 xuv.
354 2001 529 2028 testimonio:
543 2011 552 2026 ι
567 2001 625 2029 Una
638 2006 680 2029 est
695 2002 789 2037 igitur,
799 2002 899 2037 inquit,

109 2048 241 2075 divinitas
258 2048 346 2074 Patris
357 2050 386 2074 et
400 2047 461 2074 Filii
477 2047 522 2073 '°?
537 2047 641 2074 Maced.
658 2047 828 2081 Quomodo?
848 2048 900 2075 0r-

110 2093 187 2120 thod.
202 2093 275 2120 Dicit
289 2092 374 2124 enim,
388 2092 445 2127 Ego
459 2100 517 2119 mm
532 2091 613 2124 Deus,
634 2097 658 2119 et
674 2101 727 2120 non
751 2092 828 2120 alius.
847 2092 901 2120 Aut

108 2138 183 2165 enim
197 2137 312 2164 demens
325 2137 414 2164 iactus
425 2137 538 2172 negabis
552 2137 659 2164 Patrem
669 2145 730 2165 esse
743 2138 839 2171 Deum,
853 2142 901 2165 aut

109 2182 246 2210 conﬁtens
259 2182 367 2210 Patrem
379 2190 439 2210 esse
450 2182 547 2214 Deum,
560 2181 711 2218 itidemque
724 2183 824 2211 Filium
839 2190 900 2211 esse

109 2229 208 2261 Deum,
230 2233 258 2256 et
278 2235 342 2256 eum
361 2228 476 2256 audiens
493 2228 630 2256 dicentem
647 2237 654 2255 ι
670 2226 727 2265 Ego
742 2238 803 2256 sum
819 2229 898 2262 Deus,

110 2280 134 2301 et
151 2277 250 2309 prwter
262 2282 303 2301 me
317 2281 370 2300 non
386 2277 423 2300 est
440 2272 530 2306 alius,-
546 2272 655 2300 unicam
668 2272 841 2300 divinitatem
857 2273 899 2300 fa-

112 2320 222 2348 teberis.
234 2320 338 2348 Maced.
350 2319 438 2347 Unam
449 2319 578 2348 deitatem
593 2326 648 2346 non
661 2319 733 2346 dico.
750 2329 760 2345 ›
771 2319 899 2347 Theodo-

111 2371 188 2395 retns
204 2367 238 2394 ad
258 2367 333 2394 hunc
350 2366 439 2401 ipsum
456 2365 532 2393 Isaiae
554 2365 644 2392 locum
662 2374 669 2392 :
689 2374 699 2391 ι
716 2365 745 2392 Si
759 2368 860 2400 praeter
876 2365 899 2381 "

109 2421 173 2441 eum
189 2421 244 2441 non
259 2417 302 2440 est
315 2413 397 2444 Deus,
410 2411 497 2440 Filius
511 2415 602 2439 autem
613 2419 648 2439 ex
660 2411 717 2439 Arii
729 2416 758 2439 et
770 2411 900 2438 Eunomii

109 2458 280 2493 blasphemia
298 2465 353 2485 non
373 2460 416 2484 est
431 2456 687 2489 consubstantialis;
707 2456 846 2491 quomodo
863 2456 899 2484 ab

111 2503 179 2537 ipsis
192 2503 266 2530 Deus
281 2501 452 2537 appellatur?
464 2501 541 2534 Quod
552 2501 576 2528 si
591 2501 663 2528 Deus
673 2505 726 2533 est,
737 2505 765 2528 et
776 2509 841 2529 vera
858 2505 901 2528 est

109 2548 201 2575 oratio
211 2547 384 2583 prophetica,
400 2554 461 2582 quae
475 2551 569 2581 aperte
582 2546 663 2574 docet
675 2547 793 2574 alterum
811 2547 899 2575 Deum

110 2600 167 2621 non
180 2601 258 2626 esse;
276 2601 330 2621 una
346 2593 471 2628 profecto
484 2596 527 2620 est
540 2591 684 2620 Trinitatis
695 2593 793 2625 deitas,
803 2597 900 2620 tamet-

110 2639 135 2666 si
148 2639 246 2667 nolint.
267 2648 276 2664 I

159 2720 172 2739 ι
183 2719 254 2746 Psal.
268 2727 350 2753 nm,
366 2719 392 2747 6.
437 2719 450 2739 ιι
465 2718 549 2747 lCor.
568 2727 612 2752 xv,
623 2719 668 2746 28.

953 1644 1009 1671 quo
1017 1636 1138 1664 Verbum
1151 1644 1216 1664 caro
1232 1636 1335 1664 factum
1351 1640 1403 1663 est.
1415 1635 1605 1663 Theodoretus
1619 1635 1646 1661 in
1661 1635 1743 1662 Com-

950 1682 1096 1710 mentariis
1106 1682 1139 1709 ad
1148 1682 1269 1717 priorem
1276 1681 1368 1708 iocum
1375 1681 1388 1701 ιι
1402 1681 1508 1713 :Hunc,
1520 1681 1571 1713 ait,
1582 1681 1671 1708 locum
1680 1680 1699 1707 ii
1707 1681 1740 1712 "",

951 1728 1072 1763 quicum
1084 1727 1150 1755 Ario
1162 1732 1192 1755 et
1202 1727 1337 1755 Eunomio
1344 1727 1479 1759 sentiunt,
1490 1727 1520 1754 in
1530 1727 1622 1762 lingua
1632 1726 1742 1754 assidue

953 1773 1055 1800 habere
1066 1776 1281 1805 consueverunt,
1289 1772 1477 1799 existimantes
1486 1772 1538 1798 hac
1547 1772 1698 1803 ratione,se
1707 1771 1742 1799 de

952 1817 1091 1853 Uuigeniti
1106 1817 1238 1852 dignitate
1248 1817 1406 1844 detrahere.
1425 1815 1576 1850 Oportebat
1590 1820 1681 1842 autem
1693 1823 1742 1843 eos

952 1863 1183 1895 animadvertere,
1198 1862 1323 1889 divinum
1330 1861 1491 1896 Apostolum
1503 1861 1531 1888 in
1543 1861 1595 1888 hoc
1605 1861 1664 1888 loco
1673 1861 1741 1888 nihil

950 1908 1095 1943 scripsisse
1107 1907 1141 1935 de
1153 1907 1297 1934 divinitate
1309 1906 1448 1942 Unigeniti
1466 1906 1582 1941 :jubens
1595 1907 1669 1933 enim
1681 1914 1743 1934 creo

952 1953 1018 1980 dere
1031 1953 1122 1980 carnis
1135 1952 1378 1984 resurrectionem,
1392 1951 1452 1986 ejus
1467 1951 1697 1979 resurrectionem
1707 1959 1742 1979 ex

949 1999 1060 2026 Domini
1092 1998 1296 2026 resurrectione
1314 2001 1433 2025 conatur
1460 1997 1616 2024 ostendere.
1630 1996 1742 2024 Clarum

951 2050 993 2073 est
1009 2049 1101 2073 autem
1114 2065 1122 2076 ,
1140 2044 1214 2080 quod
1235 2044 1325 2071 simile
1339 2043 1424 2071 simili
1449 2043 1637 2071 conﬁrmetur.
1655 2043 1743 2071 Paulo

951 2095 1014 2126 post
1031 2100 1038 2118 :
1054 2091 1201 2118 Sciendum
1215 2094 1333 2125 estergo
1354 2090 1422 2117 duas
1443 2097 1504 2117 esse
1519 2089 1621 2117 Christi
1633 2088 1741 2116 Domini

951 2141 1075 2169 naturas,
1094 2141 1124 2164 et
1137 2137 1212 2172 quod
1228 2136 1377 2172 aliquando
1393 2135 1504 2170 quidem
1522 2134 1663 2168 Scriptura
1675 2141 1742 2160 eum

952 2181 985 2209 ab
999 2181 1117 2208 humana
1126 2186 1227 2208 natura
1237 2179 1374 2212 nominet,
1387 2179 1534 2214 aliquando
1546 2186 1561 2205 a
1571 2178 1673 2210 divina,
1685 2181 1741 2205 etc.

951 2227 1047 2262 Inique
1062 2234 1128 2262 ergo
1141 2234 1172 2254 se
1186 2231 1288 2261 gerunt
1301 2226 1349 2260 qui
1363 2224 1562 2259 blasphemant,
1582 2228 1664 2258 atque
1676 2231 1742 2251 eum

950 2273 999 2308 qui
1015 2273 1182 2300 constitutos
1192 2271 1372 2307 subiectionis
1380 2270 1515 2297 terminos
1527 2269 1648 2297 nondum
1664 2277 1744 2298 acce-

951 2319 1004 2354 pit,
1020 2318 1157 2354 subjicere
1178 2321 1323 2345 conantur.
1346 2317 1462 2351 Oportet
1478 2316 1553 2343 enim
1571 2319 1742 2350 exspectare,

951 2369 981 2392 et
1002 2363 1183 2399 subjectionis
1202 2362 1315 2390 modum
1339 2361 1504 2397 intelligere.
1522 2361 1624 2389 Verum
1647 2360 1681 2388 de
1698 2360 1744 2388 his

948 2410 1063 2445 copiose
1075 2409 1256 2437 disseruimus
1270 2408 1296 2435 in
1311 2407 1414 2435 nostris
1425 2408 1557 2435 adversus
1569 2414 1617 2434 eos
1630 2413 1744 2433 concer-

951 2455 1118 2484 tationibus:
1136 2464 1147 2480 ο
1165 2455 1194 2480 ὲν
1206 2455 1263 2486 τοῖς
1275 2453 1344 2489 πρὸς
1357 2454 1457 2484 abacis;
1467 2453 1583 2487 ἀγῶσιν,
1599 2451 1626 2478 id
1641 2455 1693 2482 est,
1710 2451 1740 2478 in

951 2501 1054 2529 nostris
1069 2500 1202 2527 adversus
1224 2507 1272 2527 eos
1287 2499 1418 2533 dialogis.
1434 2497 1640 2533 Disputationes
1656 2496 1740 2528 enim,

950 2551 1012 2582 qua:
1022 2545 1184 2581 dialogismo
1195 2544 1274 2576 ﬁunt,
1282 2543 1392 2579 proprie
1402 2547 1468 2570 sunt
1478 2541 1593 2576 ἀγῶνες,
1602 2541 1631 2568 in
1641 2540 1744 2576 quibus

951 2596 1054 2619 mutum
1068 2590 1217 2626 petitiones
1230 2597 1263 2617 ac
1281 2588 1481 2617 declinationes
1496 2587 1575 2620 ﬁunt,
1590 2593 1679 2621 eoque
1691 2592 1742 2613 uo-

953 2637 1026 2665 mine
1045 2637 1080 2664 ab
1099 2637 1158 2672 ipso
1185 2635 1359 2664 Theodoreto
1377 2638 1510 2661 vocantur
1526 2632 1560 2659 in
1584 2630 1744 2667 pra-latione

786 2774 945 2803 SCHULZH
964 2774 1080 2803 NOTAE.

147 2836 170 2852 ιν
183 2835 246 2863 Vid.
277 2839 297 2862 ι.
314 2834 359 2867 ιιι,
372 2842 399 2869 ρ.
418 2834 478 2862 iss.

112 2870 212 2899 "Vid.
227 2874 247 2898 t.
273 2870 294 2903 ι,
318 2877 347 2905 ρ.
364 2870 426 2898 78‘2.

538 2832 561 2850 “
575 2833 654 2865 ibid.,
667 2840 694 2868 p.
711 2832 772 2860 167.

822 2832 846 2848 ιο
860 2832 891 2848 νς

464 2835 478 2862 ι.
538 2832 772 2868 “ibid.,p.167.
822 2832 922 2860 κονίει.
953 2832 1051 2867 ι.ι,ρ.
1069 2832 1131 2859 808.
1183 2832 1200 2846 ιε

464 2870 488 2886 ι·
505 2868 602 2898 vum.
624 2869 645 2901 ι,
674 2876 701 2903 p.
720 2868 781 2895 737.
821 2868 845 2885 ιι
860 2868 922 2895 Vid.
937 2871 958 2894 t.
970 2867 1016 2900 ιιι,
1029 2866 1118 2902 p.271
1135 2873 1200 2900 seq.

1024 2830 1131 2867 p.808.
1183 2830 1206 2846 ιο
1220 2828 1290 2857 Dial.
1315 2830 1332 2856 5
1398 2829 1420 2845 ιι
1444 2827 1494 2856 Vid
1533 2830 1551 2854 l.
1579 2825 1612 2858 ιι,
1634 2831 1659 2859 p.
1680 2821 1746 2849 διο.
