1971 3046
226 132 278 164 39!

644 132 834 162 GARNERII
855 132 1170 164 DISSERTATIONIS
1190 133 1218 163 Il
1239 133 1439 164 APPENDIX-

1806 135 1858 167 392

227 188 397 223 dialogorum
412 186 554 214 Eranistm.
566 186 713 221 Postquam
728 187 803 214 enim
818 187 944 221 exposuit
959 186 1017 214 sin-

1070 187 1147 220 Θεδς,
1165 188 1215 214 οὐκ
1232 188 1265 214 ἂν
1287 185 1321 223 ἦν
1341 188 1421 222 μέσος
1442 186 1508 214 Θεοῦ
1527 187 1573 214 καὶ
1597 187 1759 223 ἀνθρώπων.
1783 189 1810 216 5.
1828 191 1859 216 Ei.

227 234 353 269 gulorum
368 236 571 267 argumentum,
583 232 744 268 subiungit:
765 243 774 258 ‹
793 233 870 259 Μετὰ
892 233 942 268 μὲν
952 232 1017 264 τοὺς

226 279 301 314 τρεῖς
317 277 425 311 ἀγῶνας
439 274 495 304 οἷον
514 277 729 313 ὲπαγωνίσματα
739 277 805 304 ἄλλα
814 277 1016 313 προσθήσομεν.

227 325 276 352 llis
289 323 377 350 tribus
400 323 599 350 certaminibus
619 323 672 350 alia
690 323 814 358 quaedam
833 324 908 350 velut
927 327 1016 350 certa—

227 370 332 397 minum
349 369 534 396 additamenta
552 369 723 404 adjiciemus.
739 379 747 395 ι

261 414 307 441 XI.
321 414 479 450 Dialogista,
499 422 554 449 quo
569 415 668 449 probet
682 414 814 442 adversus
829 413 1017 441 Maccdonium’

227 460 345 495 Spiritus
365 461 452 488 sancti
476 460 658 492 divinitatem,
683 460 735 487 hoc
760 460 903 487 ratiocinio
920 460 1018 487 utitur.

229 517 239 532 1
252 506 377 534 Ellicitur
388 507 512 534 eamdem
522 514 581 534 esse
593 507 640 534 Dei
655 511 681 533 ct
690 506 809 541 Spiritus
819 506 905 533 sancti
920 513 1018 540 opera-

226 553 339 580 tionem.
362 553 486 586 Quorum
507 559 573 579 vero
591 552 687 579 eadem
706 555 749 579 est
765 551 899 588 operatio,
921 558 1018 578 eorum

225 599 322 626 eadem
333 606 444 633 quoque
462 602 505 625 est
517 603 624 625 natura.
645 607 653 624 ι
670 598 704 625 Ει
718 598 800 633 paulo
818 602 879 632 post
898 605 905 624 τ
930 607 939 622 ι
954 597 1020 624 Vult

226 645 322 672 eadem
337 644 458 679 Spiritus
474 648 595 676 sanctus,
609 651 670 678 quae
687 644 768 670 Pater
780 647 809 670 et
825 643 921 674 Filius,
936 647 1018 677 atque

227 690 290 717 ideo
298 690 466 717 voluntatem
474 688 598 716 eamdem
605 687 722 716 dicimus
729 697 736 715 :
744 696 861 723 quorum
868 693 961 716 autem
970 683 1020 715 vo-

226 736 317 763 luntas
328 735 423 762 eadem
431 739 483 767 est,
491 735 643 770 eademque
653 734 788 769 operatio,
795 739 893 761 natura
903 734 967 760 item
977 736 1019 760 est

225 783 333 810 eadem.
345 791 353 808 ι
365 782 556 809 'l‘heodoretus
563 781 589 808 in
599 780 770 815 expositione
778 779 876 814 psalmi
885 787 1017 807 cxxxvm:

230 837 239 853 ‹
259 827 416 855 Notandum
431 830 474 854 est
493 831 585 853 autem
602 826 624 842 ⁵⁵
640 825 768 852 docuisse
795 833 870 858 eum,
892 824 1016 852 eamdem

1070 232 1151 267 μόνον
1184 231 1328 268 ἄνθρωπος
1359 233 1373 258 ὁ
1406 231 1534 267 Χριστὸς,
1563 232 1612 259 οὐκ
1638 232 1670 259 ἂν
1695 233 1795 266 ἔσωζεν
1814 235 1857 261 τὸν

1069 277 1183 311 κόσμον·
1198 277 1244 303 καὶ
1256 277 1280 302 ει
1298 277 1377 312 μόνον
1393 277 1469 309 Θεὸς,
1487 277 1537 303 οὐκ
1561 276 1593 304 ἂν
1607 277 1651 304 διὰ
1674 278 1778 310 πάθους
1792 279 1857 306 ἐσω-

1069 321 1133 353 ζεν·
1151 322 1269 357 ἑκάτερα
1284 322 1313 348 δὲ
1329 323 1455 358 Χριστὸς,
1474 323 1521 350 καὶ
1531 323 1597 355 Θεὸς
1613 324 1667 359 ἄρα
1680 325 1739 351 ἐστὶ
1753 326 1799 351 καὶ
1812 325 1857 352 άν-

1070 367 1189 403 θρωπος.
1207 369 1235 395 Α,
1260 368 1290 394 Et
1325 369 1407 402 μόνον
1435 368 1577 405 ἄνθρωπος
1591 367 1625 405 ἦν
1639 370 1653 395 ὁ
1666 370 1793 404 Χριστὸς,
1811 372 1859 398 οὐκ

1070 412 1103 439 ἂν
1127 411 1268 445 ἐζωοπθῑει
1288 414 1352 446 τοὺς
1366 414 1489 450 νεκρούς·
1508 414 1554 441 καὶ
1573 416 1597 442 si
1622 415 1703 450 μόνον
1717 415 1793 449 Θεὸς,
1810 417 1859 443 οὐκ

1070 457 1104 484 ἂν
1129 457 1180 493 ἰδίᾳ
1201 458 1275 493 παρὰ
1297 458 1342 485 τὸν
1367 459 1477 494 Πατέρα
1498 458 1638 492 ἐζωοποίει
1656 460 1732 492 τινὰς
1747 461 1801 487 τῶν
1815 470 1857 489 νε-

1069 503 1154 539 κρῶν.
1182 504 1316 539 Ἐκάτερα
1331 504 1358 530 δὲ
1373 505 1387 530 ὁ
1402 504 1530 540 Χριστὸς,
1545 505 1611 537 Θεὸς
1625 505 1678 541 ἄρα
1696 506 1744 533 καὶ
1760 505 1859 542 ἄνθρω-

1069 557 1120 581 πος
1137 550 1152 575 ὁ
1166 549 1257 580 αὑτός.
1276 549 1302 576 5.
1321 550 1393 585 Σὰρξ
1409 550 1438 576 δὲ
1457 550 1525 577 Θεοῦ
1547 550 1620 585 ζωῆς
1634 552 1750 587 ὄργανον
1773 553 1858 588 ἁρμος

1069 594 1182 629 ζόμενον
1211 596 1267 626 τοῖς
1294 595 1393 621 πάθεσι
1419 595 1488 631 πρὸς
1514 596 1564 628 τὰς
1581 596 1656 628 θείας
1671 597 1780 632 βουλὰς,
1797 598 1856 625 οὔτε

1069 639 1143 674 λόγοι
1165 641 1266 675 σαρκὸς
1291 640 1362 673 ἴδιοι,
1379 641 1440 667 οὔτε
1457 641 1570 676 πράξεις
1593 642 1641 669 καὶ
1664 644 1720 675 τοῖς
1747 642 1857 671 πάθεσιν

1070 685 1276 721 ὑποϐαλλομένη
1293 687 1364 712 κατὰ
1383 687 1413 712 τὸ
1427 687 1508 722 σαρκὶ
1523 688 1671 723 προσῆκον,
1689 689 1774 723 ἰσχύει
1791 690 1858 716 κατὰ

1069 731 1124 757 τῶν
1149 731 1254 760 παθῶν.
1278 731 1322 758 διὰ
1341 731 1371 758 τὸ
1392 729 1462 758 εἶναι
1482 732 1550 758 Θεοῦ
1571 733 1649 765 σάρξ.
1671 733 1857 762 Theodorctus

1069 776 1180 804 eosdem
1197 777 1369 813 syllogismos
1384 785 1416 804 ex
1428 778 1532 813 scripto
1545 777 1708 814 Apollinarii
1727 783 1856 815 quodam.

1069 822 1143 856 quod
1152 822 1394 857 Compendiarium
1409 828 1498 856 vocat,
1512 823 1625 851 totidem
1638 825 1753 852 omnino
1767 825 1857 853 verbis

225 873 416 908 operationem
437 872 539 899 habere
562 872 652 899 Deum
673 876 701 899 et
721 871 855 906 Spiritum
878 875 1015 898 sanctum.
1033 857 1055 886 B
1070 868 1154 895 refert
1171 869 1204 896 ".

225 919 284 952 Quo
298 919 349 951 ibo,
376 918 425 950 ait,
451 927 467 944 α
488 917 589 954 Spiritu
610 922 665 949 tuo,
692 921 717 943 et
732 925 783 952 quo
801 925 817 943 a
832 917 898 951 facie
914 920 961 942 tua
974 915 1017 950 fu-

225 964 321 999 giam?
353 963 424 991 Sane
442 971 562 998 quorum
583 968 626 990 est
649 970 702 990 una
724 962 861 998 operatio,
884 969 937 989 una
956 969 1017 988 om-

226 1010 292 1036 nino
302 1014 344 1037 est
355 1009 479 1044 potentia
492 1018 499 1042 ;
512 1014 540 1037 et
551 1016 670 1044 quorum
685 1012 728 1036 est
742 1015 795 1035 una
813 1007 946 1042 potentia,
962 1013 1017 1033 una

226 1056 321 1091 utique
335 1060 378 1083 est
398 1060 507 1082 natura.
522 1057 531 1064 '
547 1056 605 1083 Una
625 1055 711 1090 igitur
728 1059 771 1082 est
785 1054 833 1081 Dci
850 1058 878 1081 et
896 1053 1017 1088 Spiritus

223 1102 315 1130 sancti
329 1105 439 1129 natura.
455 1111 465 1127 ι

259 1148 318 1175 Xll.
334 1147 484 1183 Dialogista
501 1146 728 1175 Macedonianum
749 1146 856 1174 inducit
870 1149 1016 1181 negantem

223 1201 285 1222 esse
302 1194 386 1226 idem,
398 1202 455 1230 per,
471 1198 500 1221 et
510 1202 552 1226 ex,
566 1198 718 1229 arguteque
731 1197 759 1220 et
771 1193 944 1220 contentiose
958 1191 1017 1220 dis-

223 1244 379 1275 putantem,
395 1248 451 1267 non
469 1247 531 1267 esse
551 1240 632 1267 aliam
657 1239 685 1266 in
703 1239 856 1266 tractandis
876 1238 1016 1274 mysteriis

223 1285 410 1313 adhibendam
431 1292 537 1318 vocem,
559 1293 641 1320 quam
656 1293 710 1320 qua
729 1285 802 1312 Deus
818 1284 877 1320 ipse
895 1285 932 1312 sit
949 1291 1016 1312 usus

224 1332 252 1359 in
267 1331 428 1367 Scripturis.
441 1331 520 1358 Hunc
533 1331 623 1358 locum
634 1331 729 1366 paucis
743 1330 896 1358 immutatis
911 1330 940 1357 in
954 1330 1015 1357 dia-

224 1377 318 1412 logum
340 1377 452 1404 tertium
467 1376 612 1409 Eranistze,
630 1375 712 1412 444
729 1380 760 1404 ut
777 1384 807 1404 se
825 1376 882 1411 ipse
897 1376 1015 1411 prodere

224 1422 346 1450 voluisse
361 1422 506 1456 utriusque
518 1421 612 1457 operis
626 1425 769 1456 parentem
783 1421 921 1449 videatur.

258 1469 317 1496 Hoc
330 1476 385 1495 uno
401 1469 462 1495 loco
474 1475 520 1495 res
533 1468 646 1495 omnino
659 1468 816 1501 conﬁcitur,
831 1467 968 1503 siquidem
985 1467 1014 1495 in

224 1515 333 1550 dialogo
346 1514 470 1542 secundo
483 1514 616 1541 adversus
633 1514 846 1541 Maccdonianos
858 1514 892 1541 de
908 1513 953 1541 his
965 1521 1013 1541 c0-

224 1559 301 1595 piose
319 1559 482 1591 disseratur,
501 1566 564 1593 qua:
581 1558 750 1586 contractius
764 1558 793 1585 in
805 1558 1014 1586 commentariis

223 1604 347 1640 Apostoli
365 1604 539 1639 attinguntur
550 1623 558 1636 ,
579 1608 608 1631 et
623 1603 736 1631 nomine
750 1611 858 1636 eorum,
879 1603 928 1638 qui
949 1611 1013 1631 cum

222 1649 290 1677 Aria
302 1653 330 1676 et
340 1648 478 1676 Eunomio
492 1648 627 1681 sentiunt,
649 1648 836 1676 Macedoniani
855 1647 1013 1684 signiﬁcen-

224 1698 271 1722 tur
289 1702 297 1721 :
313 1693 388 1729 quod
404 1701 498 1727 nemo,
512 1693 561 1729 qui
574 1693 795 1722 Commentarios
810 1694 920 1729 legerit,
941 1693 1012 1722 ditii-

224 1740 327 1765 tentur.

523 1812 648 1833 COLLATIO
661 1814 697 1833 ιν.

221 1861 297 1889 Inter
318 1861 489 1902 dialogiatam
512 1867 537 1902 et
558 1863 756 1902 Theodoretnm,
772 1865 870 1902 _quoad
893 1865 1011 1902 dialogos

404 1897 469 1924 duos
484 1897 609 1925 adversus
624 1897 833 1934 Apollinaritim.

255 1964 277 1992 1.
291 1964 351 1992 Jam
360 1972 428 1992 vero
437 1965 511 2000 quod
521 1966 641 2000 pertinet
653 1967 688 1994 ad
701 1967 825 2003 dialogos
834 1968 904 1996 duos
912 1969 1011 1998 adver-

221 2018 269 2038 sus
282 2010 494 2045 Apollinarium,
504 2012 577 2046 quod
589 2017 650 2040 erat
665 2013 693 2040 in
708 2014 857 2048 partitione
868 2020 1009 2050 quartum,

219 2061 401 2091 praeterquam
413 2056 487 2091 quod
501 2057 529 2084 in
544 2057 698 2092 posteriore
711 2059 858 2087 solvuntur
871 2061 1011 2096 sigillatim

218 2102 381 2137 Apollinarii
404 2102 528 2137 argutiae,
541 2110 612 2138 quas
634 2103 826 2133 Theodoretus
846 2114 875 2134 se
895 2107 1011 2135 solvisse

219 2144 326 2181 scribit,
341 2149 368 2175 in
387 2148 479 2183 priore
494 2147 639 2184 dialogista
665 2149 752 2178 refert
771 2159 800 2178 se
813 2152 917 2180 vidisse
928 2154 1011 2189 Apol-

1104 914 1149 942 lll.
1163 914 1234 948 Quid
1249 915 1354 942 multa?
1367 915 1564 949 Conferantur,
1580 924 1641 951 quae
1659 920 1723 944 sunt
1739 917 1765 944 in
1783 921 1858 946 utro-

1067 968 1122 995 que
1131 960 1251 996 dialogo,
1263 969 1326 989 cum
1338 962 1382 995 iis,
1394 970 1455 998 qua:
1465 962 1657 990 Thcodoretus
1669 963 1696 990 in
1708 964 1857 998 reprehen-

1068 1006 1146 1034 sione
1162 1008 1347 1042 capitulorum
1360 1009 1456 1046 Cyrilli
1474 1010 1632 1043 duodecim,
1650 1011 1678 1038 in
1689 1011 1799 1047 dialogo
1813 1020 1856 1040 se-

1068 1053 1160 1080 cundo
1179 1054 1330 1088 Eranistae,
1351 1055 1399 1090 qui
1414 1055 1594 1089 lnconfusus;
1613 1057 1641 1084 in
1655 1058 1745 1092 capite
1761 1063 1857 1086 octavo

1068 1098 1133 1126 libri
1149 1107 1174 1127 IV
1189 1098 1381 1127 Haereticarum
1408 1101 1572 1136 fabularum,
1589 1105 1618 1129 et
1631 1102 1659 1129 in
1678 1103 1742 1130 libri
1762 1112 1789 1135 v,
1809 1111 1856 1130 ca-

1067 1145 1124 1180 pite
1138 1145 1246 1173 decimo
1258 1147 1339 1174 tertio
1351 1154 1414 1175 cum
1426 1147 1616 1182 sequentibus,
1629 1147 1762 1176 adversus
1771 1150 1855 1184 Apol-

1068 1190 1198 1218 linarium
1220 1195 1404 1228 sanctumque
1423 1192 1557 1228 Cyrillum
1574 1194 1741 1228 composuit,
1764 1195 1855 1223 statim

1067 1236 1214 1271 apparebit
1225 1241 1253 1270 et
1265 1238 1446 1265 consonantia
1458 1237 1593 1265 doctrinae
1606 1242 1635 1265 et
1645 1238 1761 1274 spiritus
1773 1240 1855 1273 idem,

1066 1286 1096 1308 et
1105 1281 1202 1309 eadem
1215 1283 1439 1311 testimoniorum
1454 1282 1605 1316 Scriptura:
1616 1282 1818 1320 interpretatio,
1828 1292 1855 1314 et

1067 1334 1121 1355 una
1134 1335 1205 1363 saepe
1222 1327 1317 1356 dictio.

1103 1373 1147 1401 lV.
1161 1374 1200 1401 Es
1217 1373 1272 1408 bis,
1291 1382 1353 1410 quas
1365 1375 1505 1404 hactenus
1517 1377 1592 1406 dicta
1605 1372 1680 1410 sunt,
1699 1377 1855 1405 confectum

1065 1423 1118 1451 est,
1137 1420 1246 1455 opinor,
1271 1420 1345 1455 quod
1367 1420 1419 1448 fuit
1441 1423 1625 1457 propositum,
1650 1423 1854 1451 Theodoretum

1066 1472 1166 1500 nempe
1192 1473 1255 1493 esse
1275 1471 1418 1494 auctorem
1439 1467 1611 1504 dialogorum
1632 1468 1714 1506 M5
1739 1473 1854 1505 septem,

1041 1537 1048 1547 ,
1066 1511 1113 1546 qui
1129 1511 1158 1538 in
1173 1511 1248 1539 hunc
1267 1520 1354 1548 usque
1377 1513 1450 1541 diem
1470 1514 1570 1543 alienis
1593 1515 1775 1551 scriptoribus
1792 1524 1856 1551 sup-

1065 1558 1148 1593 positi
1161 1563 1237 1586 sunt.

1101 1602 1133 1629 V.
1149 1602 1208 1635 Quo
1224 1607 1347 1638 tempore
1370 1605 1514 1640 compositi
1532 1605 1606 1639 sint,
1629 1607 1693 1635 inde
1715 1608 1855 1635 aestiman-

1064 1647 1141 1676 dum.
1159 1648 1262 1676 Eorum
1277 1650 1404 1678 meminit
1423 1651 1615 1680 Theodoretus
1635 1652 1663 1679 in
1679 1653 1855 1681 Commenta-

1064 1693 1114 1721 riis
1127 1693 1160 1721 ad
1172 1694 1309 1729 Epistolas
1321 1695 1409 1729 Pauli,
1435 1697 1518 1725 editis
1539 1706 1612 1726 anno
1627 1699 1689 1726 455.
1705 1699 1855 1736 Compositi

1063 1743 1129 1767 sunt
1144 1740 1228 1775 igitur
1239 1745 1302 1769 ante
1319 1749 1422 1770 annum
1439 1743 1502 1771 455.
1519 1744 1624 1773 Deinde
1638 1745 1713 1774 nulla
1732 1746 1762 1774 ﬁt
1782 1747 1809 1775 in
1822 1748 1856 1776 iis

1063 1785 1168 1813 mentio
1191 1787 1279 1814 tertiae
1301 1788 1411 1823 synodi,
1440 1797 1503 1817 cum
1520 1790 1568 1818 ﬁat
1597 1795 1688 1820 tamen
1708 1793 1804 1828 prima:
1824 1802 1857 1822 ac

1063 1830 1202 1863 secundae,
1224 1839 1277 1859 nec
1290 1832 1383 1860 minus
1402 1837 1494 1861 tamen
1513 1835 1598 1864 fuerit
1616 1843 1788 1872 opportunus
1801 1839 1855 1866 hu-

1060 1875 1116 1910 jus,
1135 1883 1217 1910 quam
1235 1876 1343 1904 illarum
1358 1877 1491 1907 facienda:
1508 1880 1596 1915 locus,
1617 1889 1680 1909 cum
1694 1883 1728 1911 de
1749 1885 1856 1919 Apolli-

1063 1920 1143 1948 nario
1168 1926 1308 1956 ageretur,
1332 1930 1413 1958 quam
1429 1932 1492 1952 cum
1511 1925 1545 1953 de
1564 1926 1631 1955 Ario
1644 1933 1672 1956 et
1694 1929 1856 1958 Macedonio

1063 1974 1157 1995 sermo
1169 1973 1252 1996 esset.
1268 1969 1359 2002 Quare
1375 1971 1475 2006 opinor
1498 1973 1668 2008 compositos
1686 1976 1771 2003 luisse
1789 1982 1854 2005 ante

1062 2017 1152 2041 motas
1170 2021 1186 2041 ει
1209 2014 1338 2043 Nestorio
1357 2016 1451 2044 turbas
1463 2017 1497 2051 "‘,
1518 2023 1602 2054 atque
1632 2020 1670 2048 ita
1698 2023 1853 2052 censendos

1062 2058 1135 2086 inter
1146 2067 1241 2095 opera,
1255 2068 1316 2096 quae
1327 2061 1518 2091 Theodoretus
1528 2064 1556 2092 in
1572 2065 1672 2093 litteris
1680 2066 1851 2095 ad'sanctum

1062 2105 1182 2133 Leonem
1208 2113 1281 2134 anno
1307 2107 1360 2135 £49
1375 2107 1458 2142 datis,
1479 2110 1590 2145 scripsit
1606 2119 1622 2139 a
1640 2119 1670 2140 se
1684 2118 1747 2141 ante
1764 2121 1852 2142 annos

1061 2152 1159 2188 viginti
1169 2153 1254 2181 edita.
1272 2154 1350 2182 Tunc
1365 2155 1438 2183 enim
1450 2161 1511 2183 erat
1526 2157 1608 2192 huius
1623 2160 1776 2194 argumenti
1794 2165 1853 2188 tra~

219 2194 311 2221 linarii
326 2194 419 2227 ﬁdem,
435 2194 463 2221 in
481 2202 535 2229 qua
553 2203 655 2231 corpus
668 2196 776 2224 Domini
791 2199 878 2225 nostri
903 2199 1009 2227 diceret
1026 2205 1048 2232 ι)
1061 2199 1154 2227 standi
1165 2201 1285 2233 occasio,
1298 2209 1360 2229 cum
1374 2210 1472 2238 nempe
1487 2203 1659 2233 incumberet
1673 2206 1853 2236 vehementer

218 2247 280 2268 esse
306 2241 487 2268 coessentiale
511 2242 621 2276 corpori
641 2243 749 2277 Mariae;
769 2243 877 2272 inducit
897 2253 1008 2280 quoque

217 2286 441 2322 Apollinaristam
452 2286 594 2321 fatentem,
602 2289 675 2323 quod
689 2296 753 2316 caro
763 2289 867 2318 Christi
879 2291 915 2318 sit
928 2291 1010 2319 nobis

217 2331 369 2366 ὁμοούσιος,
386 2331 539 2368 fatentique
554 2335 713 2361 assentitur.
733 2335 809 2362 Hanc
824 2335 909 2370 ipsam
926 2336 1007 2364 ﬁdem

219 2377 412 2405 Theodoretus
425 2378 508 2405 tradit
520 2387 549 2406 se
564 2379 667 2407 vidisse
678 2380 712 2412 '°,
730 2387 764 2407 ex
774 2388 862 2416 eaque
880 2381 1006 2409 testimo-

217 2423 292 2449 nium
308 2422 421 2458 profert,
443 2423 516 2450 unde
533 2423 633 2458 probet
645 2424 765 2452 Verbum
782 2433 814 2452 ex
839 2429 934 2453 sancta
952 2425 1007 2454 Vir-

217 2467 277 2502 gine
292 2475 399 2494 carnem
414 2469 598 2503 assumpsisse,
614 2473 668 2496 ctc.

250 2513 283 2540 ll.
307 2513 453 2549 Dialogista
464 2513 492 2541 in
507 2514 660 2549 posteriore
678 2515 787 2552 dialogo
805 2516 1006 2552 Apollinarium

217 2557 323 2586 inducit
363 2559 407 2587 his
435 2559 603 2595 syllogismis
634 2565 767 2590 utentem.
787 2563 824 2590 l:
847 2564 1006 2601 Ἀνθρώπου

214 2602 245 2629 τὸ
269 2603 419 2640 ἀναστῆναι
448 2605 480 2631 ὲκ
504 2605 620 2642 νεκρῶν,
644 2606 713 2634 Θεοῦ
736 2607 766 2634 δὲ
786 2608 819 2634 τὸ
837 2609 1004 2645 ἀναστῆσαι·

215 2648 333 2685 ἑκάτερα
362 2649 391 2676 δὲ
416 2650 550 2685 Χριστὸς,
579 2651 646 2683 Θεὸς
671 2652 723 2688 ἄρα
751 2653 797 2680 καὶ
821 2654 964 2690 ἄνθρωπος
991 2657 1006 2683 ὁ

214 2694 306 2726 αὑτός.
343 2694 372 2722 2.
401 2695 433 2721 ΕΞ
463 2696 543 2731 μόνον
569 2694 604 2732 ἧν
632 2697 794 2735 ἄνθρωπος,
827 2700 843 2736 ἢ
873 2702 897 2728 εἱ
924 2701 1005 2737 μόνον

1062 2245 1090 2272 in
1103 2253 1209 2281 agrum,
1229 2250 1261 2273 ut
1277 2246 1411 2282 loquitur,
1426 2248 1478 2276 sibi
1493 2256 1508 2276 a
1521 2249 1577 2278 Deo
1599 2251 1730 2279 traditum
1751 2261 1852 2288 repur-

1060 2291 1180 2326 gandum
1198 2292 1233 2319 ab
1246 2292 1304 2319 Arii
1320 2297 1350 2320 et
1362 2293 1490 2321 Eunomii
1504 2294 1580 2323 lolio.

1097 2337 1139 2364 Vl.
1156 2336 1209 2365 Sed
1221 2338 1332 2372 quando
1344 2339 1464 2373 primum
1481 2340 1589 2368 subdici
1606 2341 1781 2371 Theodoreto
1792 2353 1851 2372 cte-

1060 2383 1162 2417 perint,
1175 2387 1204 2410 et
1217 2383 1297 2411 alteri
1314 2385 1443 2420 supponi,
1460 2385 1568 2414 ditlicile
1578 2391 1622 2414 est
1635 2387 1760 2416 delinire.
1775 2389 1851 2417 Solet

1059 2428 1133 2455 enim
1149 2429 1302 2464 suppositio
1320 2430 1454 2458 librorum
1471 2431 1530 2459 ﬁeri
1545 2433 1647 2460 sensim
1673 2434 1733 2462 sine
1753 2443 1848 2468 sensu,

1059 2473 1115 2500 imo
1129 2481 1195 2501 casu
1220 2479 1250 2502 ut
1267 2475 1415 2510 plurimum
1435 2485 1442 2503 :
1460 2481 1604 2513 postquam
1625 2479 1731 2507 scilicet
1745 2480 1851 2508 oblivio

1059 2517 1162 2545 delevit
1177 2519 1299 2548 auctoris
1316 2528 1428 2552 nomen,
1439 2527 1504 2550 tunc
1520 2523 1674 2558 ignorantia
1689 2525 1852 2554 describen-

1058 2565 1138 2597 tium,
1159 2565 1279 2593 alienum
1303 2571 1407 2596 temere
1425 2568 1579 2602 substituit,
1601 2576 1714 2606 propter
1727 2573 1849 2608 aliquam

1058 2611 1213 2646 argumenti
1227 2612 1417 2647 cognationem
1433 2621 1495 2641 cum
1508 2622 1681 2650 argumento,
1691 2617 1765 2652 quod
1781 2618 1849 2646 olim

1057 2656 1099 2684 vir
1111 2656 1211 2691 aliquis
1235 2657 1326 2693 magni
1345 2658 1464 2686 nominis
1482 2664 1635 2688 tractasset.
1661 2662 1721 2690 Non
1741 2663 1848 2699 impro-

1059 2701 1151 2729 babile
1181 2706 1272 2730 tamen
1297 2702 1364 2730 mihi
1388 2704 1506 2738 videtur,
1538 2705 1564 2733 id
1592 2706 1739 2742 contigisse
1764 2709 1850 2743 paulo

895 2772 1052 2801 SCHULZII
1073 2771 1192 2799 NOTAE.

247 2819 347 2870 :IViﬁl.
374 2824 393 2848 ί.
410 2821 504 2858 l,pag.
524 2823 600 2851 1555.
639 2825 662 2841 ⁵⁸
679 2825 747 2853 Dial.
775 2827 785 2853 l
812 2827 953 2857 Eranistae.
993 2831 1014 2846 "

1067 2830 1091 2857 ll.
1121 2834 1187 2856 tom.
1214 2828 1262 2861 ιγ,
1279 2837 1338 2864 pag.
1358 2831 1420 2857 256.
1459 2832 1553 2859 “\‘id.
1582 2840 1675 2870 supra,
1689 2842 1748 2869 pag.
1774 2835 1846 2869 ωδ,

212 2853 298 2881 schol.
317 2855 342 2881 l.
