1971 3046
133 140 179 170 393
724 135 772 164 DE
792 134 881 164 FIDE
897 131 1152 162 THEODORETI.

1698 130 1753 162 39¢

128 199 185 231 post
200 202 216 220 ν
233 193 377 229 synodum,
401 199 463 219 cum
487 191 558 226 apud
585 190 718 225 plurimos
747 188 914 217 Theodoreti
929 192 951 219 Α
966 186 1057 213 ουσίου
1073 185 1244 214 nobilissimo
1259 185 1396 214 defensori
1411 185 1667 215 tribueretur-Tunc
1675 193 1752 216 certe

128 248 224 268 nomen
241 239 380 266 laboraret
396 237 509 269 invidia,
527 241 554 264 et
577 235 711 272 quidquid
731 235 765 263 dc
777 235 911 263 Trinitate

126 286 315 315 elucubratum
331 288 500 315 occurreret,
517 282 666 310 Athanasio
682 281 826 309 Trinitatis
848 283 912 316 ὁμο.

965 236 1081 272 Vigilius
1099 242 1168 271 opus
1199 243 1278 263 suum
1301 235 1337 262 de
1359 234 1492 263 Trinitate
1514 234 1663 263 Athanasio
1674 235 1752 263 adin-

966 283 1016 314 xit,
1029 286 1083 310 etc.

630 460 1112 519 DISSERTATIO
1153 463 1257 520 Ill.

526 579 576 610 DE
596 579 684 609 FIDE
703 576 949 608 THEODORETI
967 576 1151 609 CYRENSIS
1169 577 1350 610 EPISCOPI.

912 659 950 666 μ..

156 723 288 761 “De
302 723 358 751 ﬁde
381 721 552 751 Theodoreti
574 729 629 750 non
647 721 726 757 prius
741 721 858 757 quaestio
872 721 914 748 in-

123 770 198 797 stitui
215 769 322 801 debuit,
337 775 420 804 quam
436 768 470 796 de
493 767 549 795 vita
561 772 593 796 et
611 766 646 795 de
669 767 748 795 libris
760 767 858 801 actmnj
870 774 914 795 es-

125 818 165 842 set
183 823 188 841 :
205 814 269 841 vitae
296 813 370 841 enim
392 812 525 844 narratio,
553 819 617 839 cum
643 815 683 839 tot
704 816 815 846 tamque
828 809 913 838 variis

123 859 232 888 casibus
246 859 376 888 distincta
397 858 445 891 sit,
459 857 638 893 cupiditatem
656 856 784 884 accendit
795 855 911 889 sciendi,

123 912 183 940 quae
197 904 307 932 tandem
319 909 394 932 esset
406 903 494 939 reipsa
505 903 572 931 fides
590 902 710 930 hominis
721 905 795 930 tanta
804 901 912 936 experti

123 950 263 987 religionis
291 949 319 977 in
346 957 439 977 causa.
471 948 549 977 Facit
577 948 715 976 librorum
736 955 866 980 censura,
884 950 915 975 ut

121 996 254 1033 judicium
276 996 311 1024 de
334 995 388 1024 ﬁde
414 1003 449 1024 ex
473 995 580 1022 idoneis
595 994 728 1022 duntaxat
747 993 914 1021 testimoniis

122 1047 283 1071 exerceatur
299 1051 306 1069 :
320 1049 384 1069 nam
409 1041 533 1073 interest,
553 1048 587 1067 ex
603 1040 705 1076 quibus
717 1039 796 1068 libris
817 1043 846 1067 et
859 1047 914 1074 quo

123 1094 246 1124 tempore
264 1087 430 1123 conscriptis
444 1087 599 1115 testimonia
613 1086 789 1122 proferantur
804 1095 811 1120 ;
829 1085 914 1121 siqui-

123 1136 184 1163 dem
207 1136 261 1163 alia
279 1134 383 1162 dicitur
406 1133 493 1161 fuisse
516 1132 578 1160 aliis
601 1132 781 1167 temporibus,
805 1131 914 1166 aliaque

124 1181 184 1208 aliis
200 1180 333 1216 operibus
346 1180 469 1215 exposita
487 1177 656 1206 Theodoreti
668 1177 816 1205 sententia.

157 1227 225 1255 Cum
251 1227 311 1254 haec
326 1234 409 1262 porro
435 1225 550 1261 quaestio
569 1228 729 1256 exercetur,
752 1222 914 1258 deponenda

123 1277 188 1300 sunt
204 1273 233 1300 in
251 1273 412 1300 alterutram
432 1275 539 1307 partem
564 1270 722 1306 praeiudicia
734 1289 741 1302 ,
755 1276 842 1304 eaque
855 1276 914 1296 ser-

122 1317 210 1345 vanda
224 1317 279 1350 lex,
302 1325 384 1352 quam
402 1315 552 1351 Gregorius
567 1315 679 1349 Magnus
692 1313 843 1349 prudenter
859 1316 914 1340 sta-

123 1364 175 1392 tuit
190 1364 210 1397 ',
229 1373 239 1389 ‹
256 1369 287 1391 ut
301 1362 495 1391 Theodorctus
515 1361 666 1397 recipiatur
681 1364 757 1388 recta
770 1359 912 1395 proﬁtens,

123 1410 271 1437 damnetur
282 1409 372 1436 aliena
392 1408 524 1436 sentiens.
542 1417 550 1433 ι
575 1406 715 1442 Fugienda
732 1405 862 1433 nimirum
872 1409 914 1433 est

119 1459 246 1482 extrema
264 1454 330 1481 hinc
351 1458 379 1480 ct
393 1453 457 1480 inde
473 1452 621 1484 sententia,
648 1451 705 1478 sive
730 1451 913 1478 recentiorum

121 1500 243 1536 plurium
257 1499 427 1532 Graecorum,
448 1498 495 1533 qui
508 1496 678 1525 Theodoreti
692 1496 846 1524 doctrinam
863 1503 914 1522 no-

122 1554 241 1581 menque
256 1546 429 1573 detestantur
445 1553 451 1577 ;
466 1544 524 1571 sive
540 1542 711 1570 eruditorum
731 1539 914 1575 quorumdam

121 1592 226 1620 Latina:
243 1592 341 1627 gentis,
356 1590 404 1626 qui
420 1598 469 1617 sua
482 1589 524 1616 vel
539 1587 703 1615 auctoritate
713 1587 757 1614 vel
771 1585 872 1621 ingenii
888 1585 913 1612 vi

120 1637 276 1666 abutuntur
298 1637 332 1665 ad
357 1634 546 1671 repellendam
573 1640 683 1660 omnem
709 1639 723 1659 a
746 1631 913 1660 Theodoreti

120 1684 212 1718 capite
228 1683 442 1710 accusationem.

151 1729 353 1765 lnquirendum
383 1727 476 1763 igitur,
502 1725 568 1762 quid
593 1729 668 1753 recte
690 1724 823 1757 senserit,
847 1723 914 1759 quid

121 1783 203 1804 secus
237 1783 292 1802 non
314 1775 348 1802 de
369 1774 453 1801 Verbi
473 1777 578 1801 tantum
608 1771 813 1803 incarnatione,
839 1771 913 1806 quod

121 1825 215 1848 tamen
229 1828 316 1848 unum
339 1819 421 1855 vulgo
440 1818 527 1851 solet;
554 1816 602 1845 sed
620 1817 654 1845 de
667 1816 729 1844 aliis
747 1816 830 1843 etiam
849 1815 914 1843 ﬁdei

120 1866 271 1901 capitibus,
292 1868 406 1901 propter
419 1863 623 1892 controversias
636 1862 837 1897 posterioribus
847 1866 915 1890 tem-

119 1911 238 1947 poribus
254 1915 343 1938 motas
363 1919 369 1937 :
386 1909 500 1937 fuerunt
520 1908 593 1936 enim
618 1907 695 1940 olim,
711 1907 759 1942 qui
775 1915 851 1934 reum
873 1907 915 1935 fa-

119 1961 219 1985 cerent
232 1956 334 1984 erroris
350 1956 385 1983 de
399 1955 510 1983 Christo
522 1962 530 1988 ;
544 1956 608 1980 sunt
621 1952 836 1988 etiamnum,qui
847 1954 916 1981 alio-

120 2011 185 2030 rum
197 2003 317 2038 plurium
333 2006 474 2030 accusent.

157 2049 188 2076 In
209 2049 261 2075 hac
284 2055 367 2083 porro
387 2056 471 2076 causa
496 2057 569 2076 unus
587 2050 657 2077 mihi
683 2048 740 2076 fere
761 2047 916 2074 audiendus

118 2092 234 2119 videtur
248 2098 323 2124 rcus,
339 2091 386 2127 qui
415 2091 450 2119 de
474 2093 625 2127 quaestione
638 2093 690 2121 sibi
704 2095 778 2120 mota
792 2092 915 2119 testimo-

120 2138 201 2165 nium
218 2138 301 2171 dicat,
320 2137 395 2166 undc
415 2138 450 2165 ad
464 2138 578 2166 lectoris
603 2138 749 2166 arbitrium
767 2137 809 2166 vel
823 2137 915 2165 absol-

119 2190 205 2212 vatur
233 2184 276 2212 i'ei
311 2184 524 2212 condemnetur.
552 2185 620 2212 Nam
655 2189 761 2212 certum
784 2184 852 2211 mihi
873 2188 916 2212 est

119 2231 196 2258 bona
214 2230 267 2258 ﬁde
278 2234 417 2258 momenta
434 2238 524 2258 causa;
544 2230 694 2263 adducere,
711 2234 738 2258 et
751 2229 916 2258 sententiam

965 721 1091 751 Ecclesia
1105 723 1139 751 de
1159 730 1214 752 uno
1228 726 1337 753 tantum
1352 722 1444 759 capite
1464 723 1630 753 nuntiam
1641 725 1755 757 atterit,

966 775 1020 796 nec
1033 768 1068 796 de
1084 768 1131 797 illo
1143 773 1237 798 tamen
1257 774 1358 798 omnes
1376 769 1433 805 ipsi
1455 770 1756 807 «arenti-uinoque

965 815 1090 850 profecto
1103 818 1194 843 actum
1209 815 1310 852 agitur,
1329 815 1364 849 si,
1378 823 1441 851 qua
1458 819 1569 845 narrata
1585 821 1663 850 nat,
1678 817 1758 845 testi-

965 860 1066 889 maniis
1092 861 1252 894 timentur;
1281 868 1372 898 neque
1395 861 1578 897 irreligiosum
1605 862 1754 898 quide

963 907 1159 939 committitur,
1181 908 1206 935 si
1228 907 1360 937 Ecclesia
1378 907 1513 945 judicium
1534 908 1692 937 defenditur
1703 909 1756 937 ad.

965 961 1064 982 versus
1076 953 1283 982 criminantium
1305 955 1466 990 audaciam;
1488 960 1581 992 neque
1601 955 1755 990 superﬂuas

964 999 1045 1028 labor
1066 999 1226 1042 suscipitur,
1245 1001 1268 1028 si
1286 1000 1320 1029 de
1346 1001 1461 1037 reliquis
1485 1001 1757 1039 “impiatus/in-

966 1045 1105 1080 quiratur.

1001 1091 1142 1120 Catholica
1172 1091 1251 1124 fides,
1282 1092 1306 1120 si
1331 1100 1388 1120 non
1407 1096 1476 1125 tota,
1496 1093 1596 1122 saltem
1609 1100 1706 1130 magna
1721 1101 1757 1123 ex

966 1141 1058 1171 parte,
1071 1137 1270 1171 quaestionibus
1291 1142 1355 1166 oena
1367 1138 1536 1166 continetur.
1558 1138 1586 1166 l'
1599 1139 1639 1168 De
1653 1140 1757 1169 divinis

966 1182 1101 1216 personis,
1117 1183 1256 1217 quomodo
1268 1183 1322 1210 alia
1333 1191 1367 1211 ea
1377 1184 1430 1211 alia
1442 1184 1479 1211 sit
1488 1188 1552 1220 apta
1561 1191 1754 1222 cornuaque.

966 1227 995 1253 ‘2'
1009 1228 1047 1254 De
1061 1227 1182 1260 Christo,
1201 1236 1256 1263 quo
1266 1236 1338 1256 nexu
1358 1233 1462 1257 natura
1477 1229 1505 1257 in
1517 1230 1580 1269 ipso
1603 1230 1666 1258 dua:
1691 1238 1758 1259 con-

964 1273 1125 1308 iungantur.
1146 1274 1174 1300 5"
1189 1274 1227 1301 De
1252 1281 1335 1302 carne
1350 1274 1453 1302 Christi
1476 1274 1596 1309 viviﬂce,
1615 1277 1756 1312 quomodo

964 1319 1003 1347 sit
1018 1319 1046 1346 in
1059 1319 1242 1347 Eucharistia.
1260 1320 1287 1347 ιο
1298 1320 1338 1348 {te
1352 1320 1489 1355 baptismo
1504 1321 1693 1356 parvulorum,
1706 1329 1756 1350 cur

966 1365 1008 1394 eis
1021 1365 1057 1393 sit
1071 1365 1255 1394 necessarius.
1271 1366 1298 1393 5“
1307 1366 1345 1393 De
1356 1366 1460 1394 auxilio
1474 1366 1575 1395 divinae
1587 1367 1755 1403 grtiae,an

967 1411 1002 1438 sit
1016 1419 1085 1446 opus
1099 1411 1133 1439 ad
1146 1411 1290 1439 victoriam
1301 1412 1495 1445 tentationum,
1507 1416 1536 1440 et
1550 1413 1755 1448 praestationem

966 1463 1091 1491 operum.
1106 1457 1135 1484 6°
1147 1456 1214 1490 Quis
1229 1457 1265 1485 sit
1278 1457 1349 1492 ignis
1364 1457 1549 1492 purgatorins.
1564 1458 1635 1486 7'De
1643 1458 1757 1494 praemio

967 1502 1030 1529 vitae
1041 1502 1112 1530 bene
1127 1506 1204 1535 actae,
1216 1510 1250 1529 an
1263 1503 1300 1529 sit
1310 1503 1369 1538 ipsa
1384 1502 1487 1530 divina:
1498 1503 1660 1531 substantia
1676 1503 1755 1537 visio,

967 1555 1001 1574 an
1023 1547 1171 1583 ignobilius
1185 1548 1329 1583 quiddam.
1344 1548 1372 1575 8°
1384 1549 1425 1576 De
1445 1549 1620 1577 invocatione
1632 1556 1665 1576 ac
1679 1550 1755 1578 culta

928 1601 950 1629 α
966 1597 1135 1625 sanctorum,
1147 1593 1298 1628 praesertim
1311 1593 1482 1628 angelorum.

1002 1638 1025 1664 A
1041 1637 1108 1665 viris
1119 1637 1268 1665 admodum
1279 1637 1396 1665 eruditis
1408 1637 1599 1665 Theodoretus
1613 1637 1716 1666 dicitur
1728 1638 1756 1666 in

967 1682 1011 1710 his
1026 1682 1179 1711 tractandis
1200 1682 1237 1710 ita
1258 1686 1396 1714 versatus,
1420 1686 1451 1709 ut
1474 1682 1519 1710 vel
1545 1682 1699 1716 convictus,
1711 1683 1756 1711 vel

967 1727 1064 1754 saltem
1076 1731 1222 1762 suspectus
1237 1727 1341 1754 erroris
1359 1726 1447 1755 videri
1467 1731 1560 1762 queat.

1002 1773 1011 1782 ‘
1021 1773 1157 1800 Accusant
1171 1772 1353 1800 Bella-rminus
1368 1772 1480 1808 quidem
1489 1775 1517 1800 et
1527 1772 1665 1805 Petavius,
1677 1773 1752 1808 quod

968 1818 1001 1846 de
1027 1818 1129 1846 divinis
1151 1818 1279 1854 personis
1316 1818 1444 1846 haeretice
1477 1819 1604 1846 senserit.
1637 1818 1758 1854 Cyrillus

969 1871 1045 1896 vero,
1058 1864 1131 1898 quod
1145 1863 1179 1891 dc
1196 1863 1386 1891 incarnatione
1397 1862 1480 1891 Verbi
1500 1868 1529 1891 et
1547 1871 1629 1891 carne
1653 1863 1757 1892 Christi

968 1908 1088 1941 viviﬁea,
1111 1908 1170 1936 sive
1196 1908 1390 1941 Eucharistia,
1416 1916 1472 1936 non
1494 1908 1629 1937 catholico
1647 1909 1757 1938 locutus

968 1953 1014 1982 sit.
1033 1953 1098 1986 Alii,
1119 1953 1192 1989 quod
1212 1953 1247 1981 de
1262 1953 1325 1981 aliis
1338 1953 1540 1990 questionibus
1558 1954 1586 1982 in
1601 1954 1707 1983 alienas
1722 1954 1758 1982 ab
1802 1980 1805 1981 ,

968 1998 1090 2026 Ecclesia
1114 1999 1260 2034 opiniones
1283 1999 1394 2028 abierit.
1409 1999 1507 2034 Opem
1523 2000 1642 2035 pretium
1660 2004 1703 2028 est
1716 2000 1758 2028 vi-

968 2044 1044 2077 dere,
1062 2045 1152 2080 qualis
1165 2045 1201 2073 sit
1211 2045 1363 2078 accusatio,
1380 2044 1410 2072 id
1423 2049 1477 2078 est,
1495 2048 1626 2073 excutere
1646 2053 1757 2074 causam

968 2090 1020 2118 viri
1035 2094 1089 2118 tam
1100 2091 1256 2125 nominati;
1271 2095 1312 2125 ut,
1336 2090 1360 2118 si
1376 2098 1465 2127 purus
1480 2090 1518 2118 sit
1533 2090 1667 2123 criminis,
1685 2090 1757 2118 fama

968 2146 1018 2167 sua
1042 2138 1147 2174 integra
1167 2139 1291 2173 truatur;
1323 2138 1366 2166 sin
1389 2145 1455 2166 reus
1470 2141 1608 2171 teneatur,
1628 2145 1685 2165 non
1697 2137 1758 2166 sine

969 2184 1097 2213 cautione
1119 2184 1273 2213 adducatur
1296 2184 1325 2212 in
1344 2187 1454 2216 testem,
1470 2183 1494 2211 si
1515 2182 1626 2218 quando
1640 2182 1676 2210 ad
1689 2182 1757 2211 diri-

969 2232 1098 2261 mendam
1113 2231 1147 2259 de
1161 2231 1215 2259 fide
1228 2229 1444 2259 controversiam
1454 2233 1580 2257 veterum
1593 2227 1758 2257 testimoniis

120 2276 300 2309 sustinendo,
315 2276 443 2305 relatoris
456 2277 550 2313 potius
567 2284 713 2312 personam
726 2284 817 2312 agere,
833 2283 917 2312 quam
932 2278 956 2308 ο
970 2285 1040 2313 opus
1057 2277 1151 2305 fuerit.

117 2323 236 2358 iudicis,
258 2323 314 2351 imo
324 2327 352 2352 et
366 2324 545 2352 accusatoris.

110 2403 114 2405 ἓ
157 2367 327 2403 Opinabitur
340 2369 455 2397 fortasse
471 2370 619 2405 quispiam,
642 2377 700 2398 non
722 2369 805 2398 modo
817 2376 914 2405 super-

119 2413 214 2440 ﬂuum
244 2420 304 2441 esse
322 2418 386 2448 post
413 2414 498 2442 vitam
522 2414 689 2442 Theodoreti
702 2414 844 2450 scriptam,
867 2415 915 2445 sed

120 2458 210 2486 etiam
225 2459 402 2487 temerarium
416 2464 444 2488 et
453 2460 649 2495 periculosum,
657 2463 718 2495 post
734 2461 837 2495 quintae
851 2468 916 2497 syn-

121 2503 173 2531 odi
194 2504 341 2540 judicium,
362 2505 398 2532 de
419 2505 472 2533 ﬁde
493 2506 660 2534 Theodoreti
673 2507 852 2542 quaestionem
866 2507 917 2536 ha-

1235 2331 1347 2361 CAPUT
1363 2328 1508 2360 PRIMUM.

1058 2380 1097 2407 De
1114 2379 1167 2414 ﬁde
1196 2378 1348 2414 Theodoreti
1371 2377 1441 2404 circa
1456 2377 1638 2414 quastione»:
1657 2376 1690 2404 de

1248 2413 1342 2440 divinis
1357 2412 1485 2448 panaria.

1004 2461 1027 2490 Ῑ.
1039 2461 1078 2489 De
1097 2459 1201 2488 divinis
1214 2459 1340 2495 personis
1351 2457 1475 2487 Ecclesia
1497 2461 1594 2486 mura
1617 2456 1760 2485 baetica-

973 2508 1059 2536 multa
1073 2506 1186 2543 quidem
1199 2504 1334 2538 defendit,
1357 2503 1406 2532 sed
1430 2503 1484 2531 tria
1499 2502 1684 2538 potissimum.
1696 2501 1758 2529 Prt-

121 2548 204 2577 bere.
214 2550 243 2577 id
255 2551 328 2578 enim
340 2551 427 2579 videri
439 2556 540 2587 potest,
549 2553 592 2580 vel
606 2552 919 2589 actumﬂ'lagerewel
973 2563 1045 2582 munt
1059 2557 1102 2582 est
1115 2560 1182 2582 vera
1198 2558 1380 2588 personarum
1401 2549 1512 2578 trinitas
1537 2556 1587 2577 seu
1606 2548 1760 2580 distinctio;

122 2595 215 2622 totius
225 2595 356 2623 Ecclesiae
374 2596 489 2632 Deique,
504 2598 584 2633 cujus
600 2597 714 2625 numine
732 2598 855 2627 Ecclesia
874 2607 918 2627 re-

121 2639 215 2675 gitur,
228 2641 392 2668 sententiam
404 2646 567 2670 retractare.

143 2686 250 2714 Verum
262 2694 325 2715 cum
348 2688 559 2716 narrationibus
580 2689 643 2717 Vita
657 2689 841 2723 contineatur,
858 2690 916 2719 dis-

968 2600 1101 2628 adversus
1128 2598 1278 2627 Sabellium
1306 2606 1313 2624 :
1345 2596 1476 2629 alterum,
1499 2602 1566 2623 vera
1599 2594 1759 2623 earumdem

968 2646 1120 2682 aequalitas,
1138 2645 1193 2678 vel,
1211 2648 1244 2672 ut
1269 2643 1365 2671 Patres
1386 2643 1535 2677 loquuntur
1547 2660 1555 2674 ,
1577 2639 1760 2669 consubstan-

968 2693 1082 2725 tialitas,
1104 2691 1237 2720 adversus
1261 2689 1370 2722 Arium,
1397 2687 1589 2717 Macedonium
1609 2691 1639 2715 et
1664 2686 1757 2714 alios:

121 2732 245 2760 sertatio
270 2733 436 2762 testimoniis
467 2738 550 2769 atque
583 2735 766 2770 ars-inermis;
800 2743 919 2773 cumque
968 2741 1142 2774 postremum,
1157 2743 1223 2765 vera
1235 2735 1357 2772 Spiritus
1369 2734 1457 2764 sancti
1469 2742 1491 2773 Va
1506 2733 1578 2763 Filio
1590 2732 1696 2769 ἥιρει·
1715 2728 1759 2760 Fi-

810 2803 968 2833 SCHULzu
988 2804 1105 2834 nom.
1677 2816 1700 2836 ε

164 2843 174 2860 ¹
193 2843 284 2880 Epist.
297 2845 388 2882 Pelag.
405 2845 428 2874 ll
441 2846 475 2874 ad
489 2846 632 2882 episcopos
644 2847 741 2876 lstriac.

189 2913 244 2934 ,τμη
300 2895 432 2924 ΡΑτιιοῐι.
453 2894 513 2925 Gn.
534 2893 691 2925 LXXXIV.

1549 2889 1587 2922 13
