1971 3046
218 128 275 159 395

763 124 951 154 GARNERll
971 123 1219 155 DISSERTATIO
1239 125 1295 156 111.

1789 128 1844 160 -396

226 185 292 212 lium
305 182 455 218 processio,
474 189 534 217 qua:
547 186 614 217 quot
626 182 743 215 saeculis,
766 185 922 216 quantaque
945 189 1000 215 par-

1059 182 1092 208 ἐκ
1107 183 1160 209 τοῦ
1176 183 1292 216 Πατρός
1312 183 1513 217 ἐκπορεύεται,
1539 184 1586 211 καὶ
1609 184 1647 219 τῷ
1673 184 1802 220 θειοτάτῳ
1816 187 1842 213 δὲ

226 229 304 261 tium,
324 228 433 256 Grmcos
454 228 526 255 inter
544 232 573 255 et
587 227 710 261 Latinos,
723 227 898 255 contentione
914 225 1008 260 dispu-

225 278 280 302 tata
293 275 337 305 sit,
353 281 433 301 nemo
449 273 575 300 eruditus
590 274 690 301 nescit.

260 319 291 345 11.
308 319 346 346 De
359 319 444 354 primo
456 326 487 346 ac
502 319 615 346 secundo
632 323 738 346 tantum
755 319 849 352 abest,
868 322 898 346 ut
916 317 1006 345 Theo-

224 364 336 392 doretus
348 364 467 392 Sabellio
480 365 601 400 Arioque
612 369 660 392 aut
675 365 834 393 Macedonio
849 364 1005 396 adhaeserit,

222 409 305 445 448
317 414 348 437 ut
363 417 411 437 eos
427 411 560 438 acerrime
568 410 717 438 insectatus
733 411 777 438 sit.
789 411 818 438 ld
832 413 1008 437 eonstatcum

222 463 255 481 ex
275 455 336 482 aliis
360 455 461 490 passim
485 456 580 489 libris,
605 460 662 484 tum
692 456 810 483 maxime
834 463 868 482 ex
893 453 1008 488 dialogis

222 504 341 534 quatuor
366 501 520 535 prioribus,
551 509 620 535 quos
648 501 797 528 Athanasio
836 500 1008 533 Maximoque

221 550 287 573 tetas
299 546 389 581 prisca
405 546 585 581 supposuit’,
606 554 658 574 nos
677 546 783 574 auctori
798 553 848 573 suo
871 543 1007 580 repetenti

221 593 523 620 tandemrestituimus.

255 638 320 666 Jure
333 638 415 673 igitur
425 638 614 666 Thcodoretus
622 639 727 666 Renato
741 638 870 666 Ecclesiae
878 639 1007 667 Romanae

221 683 384 718 presbytero
406 684 549 718 scripsit',
575 694 585 710 (
610 692 638 712 se
655 685 742 712 libros
758 685 875 719 amplius
896 686 1007 720 triginta

219 727 342 756 edidisse
351 729 490 756 adversus
512 730 609 756 Arium
624 734 653 757 et
674 730 855 763 Eunomium,
874 731 1006 759 adversus

217 773 394 807 Marcionem,
419 775 551 802 adversus
571 775 773 809 Macedonium,
792 775 924 804 adversus
937 784 1006 812 gen-

217 819 279 847 tiles
291 840 298 852 ,
318 820 452 848 adversus
466 821 587 853 Judaeos,
604 825 657 848 etc.
676 830 686 847 ι

252 865 297 893 111.
314 866 352 893 De
367 867 445 893 tertio
465 866 542 894 litem
569 867 716 894 intendunt
738 867 790 893 viri
807 867 898 902 magni
912 868 1002 895 nomi-
1019 856 1040 883 Β

219 911 358 946 nis,Hugo
370 911 548 945 Etherianus,
556 912 663 939 Manuel
675 912 797 945 Calecas,
808 913 1001 946 Bellarminus,

217 957 346 984 Petavius
362 961 390 984 et
402 957 529 989 Allatius,
549 957 751 992 proferuntque
764 958 850 984 unum
864 957 934 991 fere,
955 963 1004 986 aut

217 1003 333 1030 alterum
350 1002 536 1030 testimonium
546 1022 553 1035 ,
567 1003 615 1030 sed
629 1011 683 1037 quo
699 1003 816 1030 credunt.
827 1007 923 1043 aperte
935 1011 1002 1031 con-

218 1048 273 1081 ﬁci,
290 1049 492 1076 Theodoretum
515 1049 543 1075 in
563 1056 595 1076 ea
609 1048 694 1076 fuisse
709 1049 823 1081 haeresi,
838 1057 900 1084 quae
913 1043 1002 1084 Spiri—

218 1097 275 1121 tum
292 1099 416 1122 sanctum
429 1095 535 1122 a-Patre
549 1095 608 1122 solo
624 1095 772 1130 procedere
788 1095 905 1123 atﬁrmat
915 1096 935 1124 ⁸.

251 1140 335 1167 Addit
354 1141 554 1174 Beilarminus,
582 1148 638 1168 non
660 1141 745 1169 fuisse
771 1145 876 1169 tantum
898 1143 1002 1170 erroris

216 1186 299 1222 hujus
310 1190 484 1219 sectatorem,
498 1187 545 1214 sed
557 1187 640 1214 etiam
651 1191 803 1221 auctorem,
819 1188 846 1215 in
859 1195 914 1222 quo
926 1188 1002 1215 vide-

215 1236 259 1260 tur
275 1232 426 1260 Manuelem
438 1232 563 1260 Calecam
573 1233 662 1268 sequi.

250 1277 295 1304 Ν.
312 1278 370 1304 Duo
385 1268 470 1312 igitur
486 1277 514 1304 in
533 1278 747 1306 controversiam
764 1283 917 1306 vocantur:
930 1279 999 1307 alte-

215 1330 287 1354 rum,
304 1330 338 1349 an
361 1322 552 1349 Theodoretus
578 1327 674 1350 contra
691 1324 851 1351 catholicam
874 1324 953 1352 ﬁdem
965 1324 999 1351 de

214 1368 389 1402 processione
402 1368 521 1402 Spiritus
538 1369 624 1396 sancti
641 1377 675 1396 ex
688 1369 758 1396 Filio
773 1370 908 1404 senserit;
929 1371 998 1398 alte-

214 1421 286 1446 rum,
301 1421 336 1441 an
346 1414 449 1441 erroris
463 1418 560 1442 auctor
571 1415 717 1442 exstiterit.

250 1459 282 1486 V.
294 1459 334 1486 Ad
351 1459 470 1493 primum
486 1460 698 1494 conficiendum,
720 1462 859 1496 profertur
874 1471 998 1492 commu-

213 1505 286 1533 niter
301 1505 335 1532 ab
350 1505 478 1533 omnibus
500 1506 615 1541 insignis
635 1507 712 1534 locus
732 1515 766 1534 ex
782 1508 997 1542 reprehensione

213 1550 279 1578 noni
305 1551 534 1578 anatliematismi.
562 1551 642 1579 Hunc
668 1560 730 1580 cum
755 1552 875 1588 Cyrillus
891 1554 920 1581 in
939 1555 998 1583 haec

212 1597 295 1624 verba
314 1595 513 1631 composuisset
527 1596 537 1612 ⁸
551 1605 557 1623 :
572 1596 606 1623 Εῐ
622 1597 663 1628 τις
680 1606 745 1633 φησι
760 1598 805 1624 τὸν
825 1598 872 1626 ἕνα
899 1599 998 1634 Κύριον

215 1643 318 1679 Ἰησοῦν
334 1643 450 1679 Χριστὸν
462 1644 620 1677 δοξάζεσθαι
632 1645 707 1680 παρὰ
724 1645 770 1672 τοῦ
778 1646 944 1682 Πνεύματος,
960 1650 998 1678 ὼς

213 1690 343 1726 ἀλλοτρίᾳ
365 1691 488 1725 δυνάμει,
504 1690 534 1716 οὐ
550 1692 582 1726 τῇ
607 1691 659 1726 ἰδίᾳ
678 1691 760 1718 αὑτοῦ
783 1692 936 1727 χρώμενον,
951 1692 999 1719 καὶ

213 1736 278 1771 παρ’
289 1735 371 1762 αὐτοῦ
383 1736 499 1763 λαϐόντα
514 1736 544 1763 τὸ
557 1737 678 1772 ἐνεργεῖν
692 1736 820 1764 δύνασθαι
834 1738 904 1765 κατὰ
919 1747 999 1765 πνευ‹

215 1782 307 1816 μάτων
322 1782 495 1818 ἀκαθάρτων,
512 1783 562 1809 καὶ
586 1783 616 1809 τὸ
640 1783 760 1818 πληροῦν
777 1785 816 1816 εἰς
841 1784 998 1819 ἀνθρώπους

212 1828 262 1860 τὰς
270 1827 443 1862 θεοσημείας,
453 1829 500 1854 καὶ
510 1828 570 1864 οὐχὶ
584 1829 682 1863 μᾶλλον
698 1828 763 1855 ἴδιον
775 1829 857 1856 αὑτοῦ
871 1830 901 1856 τδ
914 1829 999 1856 Πνεῦ-

212 1873 250 1908 μά
261 1881 341 1908 φησι,
358 1873 390 1900 δι’
403 1871 433 1901 οὗ
443 1874 489 1900 καὶ
503 1875 636 1910 ἐνήργησε
648 1875 698 1906 τὰς
711 1874 883 1910 θεοσημείας,
901 1875 998 1902 ἀνάθε-

212 1928 250 1954 μα
264 1920 343 1946 ἔστω.
355 1919 420 1953 Qua
433 1919 472 1947 sic
491 1920 687 1955 interpretatur
705 1920 739 1947 M.
758 1920 892 1947 Mercator
914 1929 920 1947 :
939 1930 948 1946 ‹
967 1920 997 1948 Si

210 1965 272 1999 quis
297 1965 370 1992 dicat
394 1973 478 1992 unum
505 1966 649 1993 Dominum
671 1966 763 1994 Jesum
789 1965 928 1993 Christum
941 1966 998 2001 glo-

211 2010 343 2038 ritieatum
356 2018 371 2037 a
382 2010 494 2045 Spiritu,
509 2011 611 2038 virtute
628 2011 725 2046 ipsius,
737 2011 815 2046 quasi
827 2011 926 2045 aliena,
944 2011 994 2045 uti,

209 2062 237 2085 et
254 2057 288 2085 ab
305 2057 374 2093 ipso,
391 2058 516 2092 accipere
530 2062 560 2085 ut
578 2058 664 2092 possit
677 2058 786 2092 operari
803 2057 935 2085 adversus
947 2057 998 2085 im-

211 2104 328 2131 mundos
346 2104 470 2139 spiritus,
483 2108 511 2130 et
530 2103 643 2138 implere
657 2104 733 2139 signa
756 2104 870 2138 divina;
889 2112 920 2132 ac
940 2112 996 2132 non

208 2150 294 2185 magis
315 2150 400 2184 ipsius
430 2157 490 2177 esse
519 2149 660 2184 proprium
680 2148 823 2184 Spiritum,
840 2156 889 2184 per
911 2157 993 2184 quem

209 2200 338 2231 operatus
351 2199 392 2223 est
404 2195 480 2230 signa
498 2195 601 2227 divina,
612 2195 758 2222 anathema
771 2195 816 2222 sit.
834 2205 843 2221 ι

241 2241 284 2270 Vl.
296 2241 366 2268 Cum
378 2241 406 2268 in
421 2241 488 2274 haec,
507 2241 630 2276 inquam,
649 2241 733 2268 verba
745 2240 865 2277 Cyrillus
878 2241 994 2269 anathe-

207 2287 364 2314 matismum
393 2286 608 2321 composuisset,
634 2291 772 2322 postrema
801 2287 993 2315 Theodoretus

207 2332 305 2361 acerbe
320 2333 410 2368 arguit
423 2333 432 2348 ⁸
450 2341 456 2359 :
476 2332 554 2359 ἰδιον
576 2333 604 2358 δὲ
623 2333 654 2359 τὸ
675 2332 786 2368 Πνεῦμα
800 2331 848 2359 τοῦ
871 2332 948 2366 Υἰοῦ,
968 2333 992 2359 et

209 2378 259 2414 μὲν
277 2378 314 2410 ὡς
327 2377 455 2413 ὀμοφυὲς,
467 2378 513 2404 καὶ
527 2378 559 2404 ὲκ
574 2378 680 2413 Πατρὸς
698 2377 913 2412 ἐκπορευόμενον
928 2377 991 2413 ἔφη,

207 2423 469 2459 συνομολογήσομεν,
486 2423 533 2449 καὶ
551 2423 589 2454 ὡς
612 2423 712 2457 εὐσεῧῆ
727 2421 860 2457 δεξόμεθα
877 2423 969 2457 φωνήν
982 2431 989 2438 ·

207 2470 231 2495 ιι
254 2468 282 2494 δὶ
303 2469 340 2499 ὡς
364 2468 393 2500 ἐξ
412 2468 487 2500 Υῑοῦ,
504 2468 565 2502 ἢδι*
577 2467 642 2494 Tim}
658 2467 707 2503 τὴν
733 2466 849 2502 ὕπαρξιν
867 2467 937 2502 ἔχον,
953 2466 991 2498 ὡς

207 2514 366 2550 βλάσφημον
392 2513 481 2546 τοῦτο,
506 2513 552 2540 καὶ
576 2513 614 2545 ὡς
644 2513 773 2544 δυσσεϐὲς
792 2513 990 2548 ἀπορρίψομεν.

207 2559 390 2594 Πιστεύσομεν
409 2559 463 2594 γὰρ
475 2559 513 2595 τῷ
528 2559 623 2594 Κυρίῳ
637 2559 752 2593 λέγοντι,
769 2558 804 2585 Τὸ
825 2558 955 2594 Πνεῦμα,
975 2558 991 2585 ὃ

241 2643 254 2657 ι
269 2637 346 2665 Joan.
363 2646 407 2670 xv,
423 2637 468 2665 26.
508 2637 522 2657 ιι
538 2637 626 2664 lCor.
640 2645 669 2670 ll,
686 2637 730 2664 12.

1060 227 1159 262 Παύλῳ
1174 229 1273 263 ὁμοίως
1295 229 1440 263 φάσκοντι·
1462 229 1556 264 Ἡμεῖς
1573 230 1608 256 δὲ
1628 231 1664 257 οὺ
1679 230 1712 257 τὸ
1728 231 1843 266 ,πνεῦμα

1060 272 1113 299 τοῦ
1130 273 1246 307 κόσμου
1260 274 1416 309 ἐλάϐομεν,
1428 275 1509 302 ἀλλὰ
1521 275 1555 301 τὸ
1567 275 1686 310 Πνεῦμα
1701 276 1735 302 τὸ
1747 277 1782 303 ἐκ
1793 277 1844 304 τοῦ

1059 318 1174 352 Πατρὸς
1189 319 1273 346 Θεοῦ.
1294 319 1338 348 Sic
1354 321 1438 347 vertit
1454 320 1490 347 Μ.
1505 320 1638 348 Mercator
1651 329 1658 348 :
1674 330 1684 347 ‹
1699 321 1843 357 Proprium

1059 363 1141 400 449
1152 372 1219 392 vero
1232 365 1365 400 Spiritum
1382 365 1455 398 Filii,
1474 366 1497 394 si
1512 366 1577 401 quia
1598 367 1719 401 ejusdem
1740 372 1845 396 natum

1060 409 1104 442 sit,
1120 414 1148 437 et
1162 417 1196 437 ex
1223 411 1301 438 Patre
1323 414 1412 444 exeat,
1438 411 1517 445 dixit,
1535 412 1748 444 consentiemus,
1770 417 1798 439 et
1813 417 1845 440 ut

1058 455 1132 489 piam
1145 463 1240 483 vocem
1257 456 1426 491 accipiemus
1439 465 1445 483 :
1464 457 1507 484 sin
1524 461 1615 484 autem
1626 477 1633 490 ,
1649 458 1713 492 quia
1728 466 1761 485 ex
1774 458 1842 486 Filio

1059 501 1101 528 vel
1124 509 1174 536 per
1193 501 1291 528 Filium
1308 501 1408 530 habeat
1420 502 1620 535 exsistentiam,
1632 502 1660 529 id
1673 507 1704 529 ut
1715 503 1842 537 blasphe-

1058 547 1141 574 miam
1157 551 1185 574 et
1203 547 1372 582 impietatem
1395 548 1572 583 projiciemus
1586 557 1592 575 :
1609 548 1753 575 credemus
1768 549 1842 575 enim

1057 592 1174 620 Domino
1196 593 1310 626 dicenti,
1338 593 1452 624 Spiritus
1476 594 1520 629 qui
1536 602 1568 622 ex
1584 594 1667 621 Patre
1684 594 1736 620 exit
1754 600 1783 626 a;
1799 594 1841 620 di-

1056 637 1123 665 vino
1142 639 1227 666 Paulo
1238 639 1305 666 item
1317 640 1432 674 dicenti,
1457 639 1511 667 Nos
1533 644 1621 667 autem
1643 648 1695 667 non
1721 639 1841 675 spiritum

1057 683 1148 710 mundi
1162 684 1319 718 accepimus,
1333 684 1378 710 sed
1396 683 1522 719 Spiritum
1541 685 1587 720 qui
1605 692 1635 710 ex
1647 683 1728 711 Patre
1738 688 1776 710 est
1790 684 1814 710 ιτ.
1826 692 1836 709 ι

1091 728 1148 757 VII.
1164 729 1287 756 Alterum
1300 730 1392 757 locum
1408 730 1521 757 adducit
1536 730 1614 765 Hugo
1628 729 1794 757 Etherianus
1807 738 1838 759 ex

1056 775 1172 810 epistola
1195 775 1228 802 ad
1251 776 1434 808 monasteria,
1457 775 1504 803 ubi
1527 776 1717 803 Theodoretus
1743 775 1838 802 iisdem

1056 821 1113 848 fere
1130 821 1222 849 verbis
1235 822 1262 848 in
1281 821 1374 857 Cyrilli
1395 821 1484 856 capita
1503 821 1661 848 invehitur:
1680 831 1689 847 ‹
1709 822 1837 856 Blasphe-

1054 870 1111 893 mat
1125 867 1145 900 ⁷,
1164 866 1264 902 inquit,
1277 872 1305 894 et
1320 867 1348 894 in
1358 867 1491 902 Spiritum
1511 871 1647 898 sanctum,
1663 865 1727 893 dum
1739 874 1792 893 non
1806 874 1838 893 cx

1054 912 1134 939 Patre
1146 912 1157 928 ⁸
1171 913 1230 940 solo
1253 913 1329 940 illum
1347 912 1446 940 asserit
1468 912 1618 947 procedere
1634 913 1710 947 juxta
1730 912 1838 939 Domini

1053 965 1159 990 vocem,
1178 957 1226 985 sed
1240 965 1278 991 .ex
1290 957 1360 985 Filio
1378 958 1505 985 eumdem
1514 958 1616 985 habere
1638 957 1837 984 exsistentiam.

1053 1003 1086 1030 Hi
1103 1007 1168 1030 sunt
1182 1002 1302 1038 Egypti-i
1317 1008 1422 1037 partus,
1439 1007 1470 1031 et
1502 1003 1574 1030 malo
1598 1007 1675 1038 patre
1699 1002 1837 1030 deteriora

1052 1050 1183 1085 germina.
1200 1060 1210 1075 ι
1725 1057 1732 1062 ·

1089 1095 1156 1123 Vill.
1171 1095 1234 1123 Haec
1254 1095 1312 1123 t‘ere
1341 1098 1417 1128 sunt,
1443 1103 1504 1130 qua:
1514 1095 1633 1130 proferri
1648 1095 1738 1122 solent
1761 1103 1767 1122 :
1788 1094 1834 1122 sed

1051 1141 1098 1168 alii
1113 1142 1195 1169 etiam
1208 1142 1329 1177 insignes
1343 1142 1397 1169 loci
1412 1146 1571 1177 suppetunt,
1585 1142 1661 1168 velut
1677 1142 1704 1169 in
1721 1142 1835 1176 epistola

1051 1187 1085 1214 ad
1100 1187 1233 1215 Joannem
1247 1188 1458 1220 Antiochenum,
1472 1195 1525 1222 qua
1536 1195 1612 1214 suam
1625 1187 1660 1214 de
1677 1186 1729 1214 fide
1742 1186 1834 1222 Cyrilli

1051 1232 1079 1259 in
1096 1235 1105 1243 '
1118 1232 1259 1260 Orientem
1274 1233 1369 1264 missa.
1397 1240 1459 1261 cum
1479 1233 1514 1260 de
1538 1240 1604 1267 pace
1619 1237 1756 1266 ageretur,
1770 1240 1835 1259 sen-

1050 1278 1165 1305 tentiam
1177 1278 1254 1310 dicit,
1272 1279 1364 1313 aitque
1373 1282 1420 1305 aut
1434 1281 1594 1305 retractatos
1609 1282 1657 1304 aut
1676 1285 1835 1312 suppressas

1050 1323 1078 1350 in
1094 1331 1126 1350 ea
1141 1323 1341 1359 propositiones
1367 1323 1395 1350 in
1423 1323 1658 1351 anathematismis
1681 1329 1833 1356 contentas,

1049 1370 1184 1405 istainque
1211 1370 1383 1402 nominatim,
1410 1377 1471 1404 quae
1496 1369 1530 1396 ad
1560 1369 1694 1404 Spiritum
1708 1374 1833 1396 sanctum

1048 1416 1191 1451 pertinet:
1212 1415 1331 1450 Spiritus
1345 1419 1465 1447 sanctus,
1488 1422 1545 1442 non
1561 1422 1594 1441 ex
1611 1414 1690 1445 Filio,
1716 1418 1760 1441 aut
1786 1422 1834 1449 per

1048 1462 1148 1489 Filium
1156 1462 1343 1489 exsistentiam
1358 1461 1473 1493 habens,
1485 1461 1531 1488 sed
1546 1468 1560 1487 a
1573 1460 1652 1487 Patre
1665 1460 1832 1494 procedens;

1011 1521 1031 1550 ο
1048 1508 1178 1543 proprius
1199 1511 1291 1535 autem
1317 1507 1380 1535 Filii
1406 1507 1574 1540 nominatus,
1597 1510 1627 1534 ut
1652 1506 1833 1534 consubstan-

1049 1553 1133 1580 tialis.

1083 1599 1129 1626 IX.
1145 1599 1176 1626 1n
1186 1598 1357 1634 expositione
1368 1598 1497 1634 Epistolze
1518 1598 1552 1626 ad
1566 1599 1714 1630 Romanos,
1726 1606 1751 1625 c.
1769 1605 1814 1624 vm
1824 1617 1832 1629 ,

1047 1652 1124 1671 num.
1143 1645 1172 1672 11
1192 1645 1226 1671 ad
1240 1645 1297 1672 inec
1316 1644 1400 1672 verba
1418 1653 1424 1670 :
1444 1643 1542 1677 Quodsi
1567 1643 1680 1679 Spiritus
1703 1644 1769 1678 ejus,
1790 1643 1834 1678 qui

1047 1691 1181 1718 suscitavit
1193 1690 1283 1718 Iesum
1296 1699 1312 1717 a
1329 1691 1450 1722 mortuis,
1468 1689 1569 1717 habitat
1587 1691 1614 1716 in
1622 1690 1779 1722 nobis,ctc.,
1793 1689 1833 1716 sic

1048 1741 1247 1764 commentatur
1264 1736 1453 1764 Theodoretus
1474 1745 1480 1763 :
1506 1746 1515 1762 ‹
1546 1736 1644 1764 Docuit
1655 1733 1666 1752 δ
1678 1743 1728 1763 nos
1747 1735 1777 1762 in
1790 1735 1833 1762 his

1047 1783 1139 1810 verbis
1155 1790 1237 1810 unam
1263 1782 1415 1809 divinitatis
1440 1786 1589 1810 naturam:
1614 1786 1739 1809 sanctum
1759 1781 1831 1808 enim

1048 1828 1191 1863 Spiritum,
1205 1833 1232 1857 et
1242 1829 1289 1856 Dei
1303 1829 1450 1864 appellavit
1463 1833 1491 1856 et
1503 1827 1622 1861 Christi;
1635 1836 1690 1855 non
1702 1827 1786 1862 quod,
1802 1832 1834 1854 ut

1047 1873 1144 1900 volunt
1156 1873 1277 1901 haeretici
1291 1874 1461 1906 exsecrandi,
1473 1881 1506 1900 ex
1517 1873 1572 1900 Deo
1584 1881 1633 1907 per
1643 1873 1741 1899 Filium
1757 1879 1834 1899 crea—

1048 1922 1093 1946 tus
1110 1918 1165 1951 sit;
1182 1919 1230 1946 sed
1244 1919 1308 1953 quia
1329 1923 1372 1946 est
1389 1919 1512 1954 ejusdem
1526 1925 1589 1947 cum
1611 1918 1692 1946 Patre
1716 1921 1744 1945 et
1764 1918 1833 1945 Filio

1047 1963 1226 1996 substantia;
1252 1967 1280 1991 et
1305 1971 1339 1991 ex
1365 1964 1444 1992 Patre
1465 1964 1577 1999 quidem
1595 1963 1734 1998 procedit,
1755 1964 1832 1998 juxta

1047 2008 1257 2043 Evangeliorum
1276 2009 1451 2042 doctrinam;
1479 2009 1538 2044 ejus
1559 2013 1650 2036 autem
1677 2009 1763 2043 gratia
1777 2008 1831 2044 ‘iis,

1047 2053 1092 2087 qui
1110 2053 1185 2087 digni
1198 2057 1272 2085 sunt,
1285 2061 1334 2088 per
1349 2053 1489 2081 Christum
1503 2054 1703 2088 suppeditatur.
1725 2062 1733 2078 ι

1084 2098 1118 2126 Χ.
1142 2099 1173 2126 In
1196 2100 1367 2135 expositione
1379 2108 1440 2136 cap.
1467 2108 1498 2133 ll,
1517 2101 1529 2128 Ι
1547 2100 1623 2133 Cor.,
1647 2108 1724 2127 num.
1740 2100 1783 2132 12,
1797 2100 1831 2127 ad

1046 2144 1104 2172 haec
1124 2145 1208 2173 verba
1233 2154 1239 2172 :
1271 2145 1330 2173 Non
1349 2147 1473 2181 spiritum
1495 2146 1587 2173 mundi
1610 2146 1772 2181 acrepimus;
1787 2137 1833 2171 sed

1006 2187 1034 2218 Ι)
1045 2190 1173 2226 Spiritum
1188 2192 1232 2227 qui
1248 2200 1280 2219 ea:
1300 2192 1354 2219 Deo
1372 2196 1410 2220 est
1422 2214 1429 2226 ,
1447 2193 1487 2220 sic
1511 2192 1594 2220 habet
1610 2201 1616 2219 :
1634 2202 1643 2218 ‹
1664 2192 1713 2219 Dei
1732 2199 1832 2218 nomen

1047 2237 1075 2264 in
1099 2244 1202 2264 nomen
1226 2237 1316 2265 Patris
1352 2238 1546 2271 commutat”,
1569 2237 1603 2265 ad
1635 2236 1832 2265 excludendam

1046 2283 1250 2318 processionem
1271 2290 1287 2310 a
1310 2283 1389 2316 Filio,
1404 2283 1451 2310 sed
1473 2283 1540 2318 ipse,
1557 2283 1604 2318 qui
1619 2291 1633 2309 a
1645 2283 1725 2310 Patre
1736 2289 1834 2317 proce-

1047 2327 1097 2360 dit,
1109 2327 1228 2363 Spiritus
1240 2328 1348 2355 occulta
1360 2329 1489 2364 mysteria
1500 2335 1550 2355 nos
1562 2327 1664 2355 docuit.

1079 2374 1125 2401 XI.
1139 2374 1282 2401 Manifesta
1293 2374 1433 2407 videntur,
1448 2382 1508 2409 qum
1527 2374 1645 2402 adducta
1659 2378 1732 2406 sunt,
1756 2377 1783 2400 et
1798 2381 1832 2400 eo

1045 2420 1158 2455 quidem
1182 2419 1316 2452 ﬁrmiora,
1334 2420 1368 2447 ad
1392 2420 1562 2455 propositam
1586 2420 1620 2447 de
1634 2419 1686 2447 ﬁde
1706 2420 1834 2454 quaestio-

1044 2474 1118 2499 nem,
1132 2466 1205 2501 quod
1223 2466 1276 2501 ipsi
1294 2466 1377 2494 etiam
1393 2467 1561 2494 recentiores
1576 2466 1674 2499 Graeci,
1696 2466 1743 2501 qui
1760 2466 1833 2493 schi-

1044 2516 1132 2540 smate
1147 2512 1229 2540 divisi
1246 2517 1313 2540 sunt
1332 2513 1367 2540 ab
1387 2512 1509 2540 Ecclesia
1516 2512 1649 2546 Romana,
1666 2511 1832 2539 Theodoreti

1044 2557 1130 2585 verba
1143 2558 1172 2585 in
1187 2565 1264 2585 suam
1273 2561 1380 2593 partem
1397 2557 1616 2593 interpretantur
1632 2565 1639 2584 :
1659 2563 1711 2585 nec
1724 2557 1751 2584 id
1765 2563 1832 2584 sane

874 2683 1032 2712 SCHULZli
1050 2682 1161 2714 ΝΟΤιΕ.

242 2733 255 2749 ²
268 2731 329 2759 Vid.
348 2739 440 2766 supra,
454 2739 482 2766 p.
497 2732 559 2759 4‘20.

603 2732 612 2747 ³
629 2731 714 2767 Epist.
730 2732 792 2760 116.
824 2732 837 2767 ξ
847 2731 1022 2767 Theodorum
1039 2731 1263 2767 Mopsuestenum
1272 2730 1360 2767 initiis
1378 2730 1476 2759 ducem
1496 2730 1625 2767 habuisse
1639 2728 1751 2767 dicitur.
1767 2727 1831 2767 vid.

205 2767 295 2794 Aliatii
312 2766 442 2795 Graeciam
456 2765 693 2798 orthodoxamfet
708 2767 750 2802 Ej.
769 2766 909 2794 Vindicius
932 2766 1028 2802 synodi
1052 2765 1207 2801 Ephesinae.

1253 2765 1339 2792 'vm.
1359 2773 1452 2800 supra,
1483 2765 1569 2800 μμ.
1607 2765 1617 2781 σ
1643 2764 1766 2800 lbid.,p_.
1783 2763 1830 2790 47.

211 2802 290 2830 ’Vid.
307 2806 325 2829 t.
346 2802 389 2832 IV,
403 2809 428 2836 p.
448 2802 525 2829 1295.
563 2803 574 2817 ³
589 2802 659 2828 Solo.
679 2798 741 2829 "me
771 2802 899 2829 limitatio
924 2798 1003 2829 abest
1027 2798 1084 2828 turri
1108 2809 1123 2828 a
1139 2804 1214 2829 textu
1238 2799 1332 2828 Caeco
1360 2801 1378 2828 l.
1394 2798 1431 2835 c.,
1451 2798 1507 2834 tuin
1530 2800 1565 2828 ab
1591 2798 1831 2835 interpretatione.

204 2838 215 2854 ⁹
228 2837 287 2866 Vid.
302 2841 321 2865 t.
337 2837 381 2870 ill,
395 2845 421 2872 p.
437 2836 482 2865 Si.
521 2838 542 2854 ¹⁰
555 2837 642 2865 Aliter
658 2837 757 2873 legitur
781 2837 834 2865 iste
856 2837 933 2865 locus
947 2841 966 2864 t.
981 2836 1024 2869 lV,
1040 2843 1067 2871 p.
1083 2836 1143 2863 178.
1322 2849 1325 2851 >
