1971 3046
136 147 188 179 397

750 144 800 175 DE
815 144 905 175 FIDE
922 142 1180 175 THEODORETI.

1711 151 1763 182 398

136 201 278 231 immerito
295 209 302 228 :
319 198 402 236 ‘50
415 206 479 227 nam
496 199 662 228 sententiam
676 199 696 215 "
712 207 784 235 sepe
798 199 844 228 ille
859 199 927 228 dicit
941 201 964 230 Α
980 199 1036 230 tia;
1053 203 1082 228 et
1103 207 1194 235 neque
1210 199 1310 228 Filium
1331 205 1469 236 putamus,
1486 211 1576 239 neque
1599 213 1649 240 per
1665 206 1765 236 Filium

134 246 314 280 exclusivam,
327 253 343 272 a
357 245 413 272 toto
428 244 520 278 Patre,
533 244 577 272 vel
589 244 672 273 etiam
695 252 824 280 expresse
843 253 927 281 nega-

132 293 226 325 tivam,
241 299 293 319 non
311 300 329 318 a
340 289 418 318 Filio.

169 338 229 368 XII.
245 338 350 372 Quodsi
371 338 465 366 minus
480 337 627 366 manifeste
655 342 776 366 mentem
792 337 923 373 aperiret,

130 389 205 413 esset
228 385 323 412 forsan
348 384 491 420 probabile
505 403 513 417 ,
539 383 614 419 quod
638 383 779 411 nonnullis
793 383 870 411 venit
896 383 924 411 in

130 433 266 462 mentem,
281 429 381 457 eodem
394 428 498 464 ubique
518 436 601 456 sensu
618 429 743 456 loculum
766 428 924 456 Theodore-

130 480 190 504 tum
204 477 236 508 ",
249 483 305 511 quo
318 483 382 502 cum
393 478 545 510 exponeret
556 474 706 509 Epistolam
717 474 752 502 ad
766 475 922 508 Romanos;

129 522 263 549 nimirum
290 521 424 548 adversus
453 519 645 547 Macedonium
677 527 812 556 negasse,
849 519 923 555 quod

131 567 247 603 Spiritu:
266 570 373 595 sanctus
389 575 421 594 ea:
434 566 489 594 Dea
506 575 553 602 per
570 566 667 594 Filium
682 571 786 594 creatus
807 567 858 599 sit;
883 567 923 594 lo.

129 618 281 649 cutumque
296 621 352 649 quo
366 621 444 640 more
458 613 576 648 quisque
594 613 674 645 solet,
688 620 750 640 cum
762 613 922 648 vigenthaz-

129 667 216 693 reses,
235 659 338 695 quibus
363 658 415 687 etsi
432 658 632 686 contradicitur
648 657 740 685 verbis
759 658 785 685 in
803 658 922 693 speciem

129 706 273 741 amplioris
286 705 498 741 signiﬁcationis
518 704 676 740 capacibus.
693 712 746 732 usu
763 709 854 732 tamen
879 705 919 738 tit,

129 756 161 779 ut
177 752 341 788 signiﬁcatio
367 751 548 779 contrahatur
564 759 614 786 pro
637 754 762 786 tempore
784 760 790 778 :
819 751 922 779 habent

129 797 202 825 enim
219 805 311 830 voces,
326 802 358 824 ut
370 797 488 830 nummi,
504 805 585 825 suum
597 804 631 824 ex
647 805 699 825 usu
716 797 848 825 valorem.

171 843 241 871 XIII.
254 843 313 871 Jam
328 851 396 871 vero
417 844 452 872 de
473 844 560 871 altero
579 843 740 879 quaestionis
760 844 861 879 capite,
886 851 921 871 an

129 889 323 917 Theodoretus
349 894 446 918 auctor
472 889 566 923 fuerit,
590 893 638 917 aut
669 894 788 917 sectator
819 893 924 917 tantum

128 935 266 970 dogmatis
277 935 351 970 quod
363 935 451 963 Graeci
463 943 538 963 nunc
552 940 676 969 tuentur,
692 940 750 964 tres
769 936 798 963 in
815 936 924 972 opinio-

127 988 188 1014 nes,
205 986 270 1011 ante
295 985 419 1009 nostram
433 985 481 1009 aut
496 986 643 1017 parentum
667 986 790 1015 aetatem,
817 982 923 1010 abitum

128 1031 181 1054 est.
195 1027 271 1054 Istud
286 1027 361 1054 enim
376 1027 475 1063 dogma
495 1027 543 1054 alii
558 1026 706 1054 Theodoro
719 1027 921 1062 Mopsuesteno,

129 1073 177 1100 alii
187 1073 329 1107 Nestorio,
342 1074 391 1101 alii
405 1073 582 1101 Theodoreto
594 1073 771 1107 tribuerunt;
786 1073 834 1101 sed
846 1074 922 1109 prio-

129 1120 169 1147 ris
180 1121 326 1156 utriusque
337 1120 477 1156 opinionis
491 1127 637 1148 commune
651 1120 703 1148 fuit
717 1124 920 1156 argumentum,

129 1167 204 1201 quod
228 1167 345 1203 symboli
367 1167 395 1194 in
417 1166 522 1203 synodo
543 1174 572 1194 tu
597 1167 720 1194 damnati
737 1171 835 1194 auctor
854 1167 922 1203 dog-

128 1213 196 1239 mati
229 1213 339 1240 dederit
366 1212 521 1248 originem;
549 1212 666 1248 symboli
687 1219 754 1240 vero
778 1217 922 1248 parentem

129 1257 242 1292 quidam
265 1257 442 1285 Theodorum
453 1257 591 1290 fecerint,
615 1258 729 1292 quidam
749 1258 920 1286 Nestorium.

165 1302 233 1331 XIV.
258 1303 428 1331 Postremam
450 1303 539 1331 secuti
567 1307 631 1330 sunt
661 1303 748 1331 Grmci
775 1303 922 1331 schismate

129 1349 274 1385 implicati,
294 1354 443 1385 propterea
461 1349 535 1384 quod
548 1349 754 1382 erubescerent,
779 1354 921 1385 parentem

128 1395 296 1423 alterutrum
312 1399 353 1423 tot
369 1400 397 1423 et
408 1395 492 1422 tantis
511 1394 580 1422 diris
600 1394 635 1422 ab
651 1395 774 1423 Ecclesia
792 1396 921 1424 devotum

128 1449 289 1478 agnoscere,
299 1449 350 1469 nec
364 1446 454 1469 tamen
465 1442 650 1478 antiquiorem
660 1442 757 1474 ullum,
767 1442 814 1477 qui
828 1447 922 1477 aperte

128 1487 297 1523 scripsisset,
313 1496 366 1523 pro
377 1495 426 1516 sua
443 1495 526 1516 causa
549 1491 648 1516 testem
674 1488 828 1523 producere
845 1489 921 1517 vale-

129 1538 191 1561 rent
207 1543 213 1561 :
228 1541 312 1568 quare
331 1533 500 1561 Theodoreti
528 1533 615 1561 solius
633 1533 829 1566 meminerunt,
851 1541 921 1570 quo-

129 1579 183 1606 ties
205 1579 246 1606 sui
271 1579 407 1613 dogmatis
427 1583 524 1607 auctor
543 1579 724 1607 adducendus
743 1579 796 1606 fuit
819 1589 825 1607 :
852 1581 921 1608 alios

128 1625 204 1652 enim
221 1625 373 1660 superioris
389 1625 438 1652 mvi
450 1625 545 1653 Patres
556 1625 614 1653 sola
631 1625 749 1653 rationis
768 1625 795 1652 vi
808 1626 919 1654 trahere

128 1674 278 1699 conantur.

164 1716 222 1744 XV.
235 1716 313 1750 Quod
327 1716 481 1753 symbolum
495 1717 531 1745 sit
545 1717 700 1750 Theodori,
720 1717 922 1746 demonstravi~

127 1770 190 1790 mus
206 1763 234 1790 in
251 1763 372 1790 secunda
386 1768 463 1798 parte
476 1763 597 1798 Operum
610 1764 645 1791 M.
655 1764 824 1792 Mercatoris.
842 1764 921 1798 Quod

128 1809 157 1836 in
172 1809 234 1843 ipso
245 1809 420 1836 contineatur
433 1809 532 1844 dogma
549 1809 724 1838 Theodoreto
737 1818 849 1838 versum
864 1811 919 1839 cri-

127 1854 208 1887 mini,
221 1852 255 1882 ei
267 1854 335 1890 ipsis
349 1855 442 1883 verbis
453 1855 541 1890 liquet
553 1864 561 1889 ;
573 1863 638 1883 nam
653 1856 687 1884 de
705 1855 811 1891 Spiritu
824 1863 920 1886 sancto

127 1901 253 1936 legitur:
275 1901 343 1928 Οὔτε
359 1901 381 1917 ¹³
406 1901 471 1928 Υἱὸν
499 1902 645 1938 νομιζομεν
663 1923 670 1935 ,
704 1902 766 1929 οὔτε
787 1903 832 1930 διὰ
854 1903 919 1931 Υἰοῦ

127 1948 177 1984 τὴν
194 1947 310 1983 ὕπαρξιν
332 1948 452 1984 εἰληφός.
477 1947 569 1985 Neque
583 1948 690 1982 Filium,
715 1958 798 1985 neque
813 1958 860 1986 per
877 1950 921 1977 Fi-

129 1994 195 2021 lium
209 1995 389 2021 exsistentiam
407 1995 536 2030 accepisse
546 1999 679 2030 putamus.
691 1994 756 2029 Quae
773 1999 838 2024 sunt
860 1997 920 2031 ipsa

127 2039 295 2068 Theodoreti
329 2047 434 2068 nonum
469 2041 729 2069 anathematismum
770 2042 920 2077 reprehen-

127 2085 220 2114 dentis
236 2086 341 2114 verba:
359 2087 415 2113 υὺκ
431 2086 460 2120 se
479 2085 544 2113 Υἱοῧ
570 2086 618 2114 καὶ
648 2087 682 2114 δι’
709 2087 774 2114 Υῑοῦ
802 2087 920 2125 ὓπαρξιν

126 2132 201 2168 ἔχον.

164 2188 235 2216 XVI.
265 2189 430 2218 Theodorus
455 2189 540 2226 igitur
566 2189 702 2226 dogmatis
731 2197 828 2218 auctor
852 2195 916 2224 est,

126 2235 320 2263 Theodoretus
337 2235 474 2264 defensor.
498 2236 593 2264 Perdit
614 2236 688 2264 enim
706 2244 818 2273 operam
837 2236 916 2265 Cale-

125 2287 182 2313 cas,
209 2287 271 2308 cum
294 2280 387 2316 impiis
411 2281 526 2316 symboli
546 2281 642 2309 verbis
664 2279 792 2317 aﬂingere
818 2281 918 2309 nititur

125 2325 291 2352 catholicum
323 2332 434 2353 sensum
456 2329 626 2361 :postquam
651 2325 725 2353 enim
763 2325 921 2361 scripsisset

125 2370 198 2397 hanc
209 2370 378 2406 opinionem,
394 2370 465 2407 quod
479 2370 593 2407 Spiritus
604 2380 620 2398 α
633 2370 700 2398 Fitio
714 2379 765 2398 non
781 2371 916 2407 procedat,

123 2416 328 2451 Nestoriiesse,
344 2417 429 2453 idque
450 2425 484 2445 ex
512 2417 655 2446 veteribus
677 2417 795 2453 liquere,
817 2418 917 2454 quibus

124 2471 192 2491 cura
204 2463 267 2496 fuit,
281 2464 444 2492 istalitteris
458 2464 576 2497 tradere;
588 2464 676 2499 pergit
692 2464 720 2491 in
737 2463 795 2492 haec
810 2464 894 2492 verba
908 2473 915 2492 :

128 2519 138 2536 ε
155 2509 224 2537 Nam
236 2517 270 2537 ex
284 2509 347 2538 tldei
375 2517 431 2538 suae
456 2510 579 2546 symbolo
606 2510 652 2537 vix
674 2513 791 2542 constet,
810 2510 833 2538 si
854 2510 917 2546 quis

122 2556 204 2593 451
222 2556 324 2592 pietate
341 2560 498 2590 contentus,
518 2565 579 2592 quae
601 2556 647 2584 ille
671 2556 757 2589 dixit,
780 2557 824 2593 pie
848 2557 917 2584 velit

123 2603 272 2637 accipere;
303 2602 341 2630 ait
365 2603 438 2630 cnim
458 2612 464 2630 :
491 2602 623 2638 Spiritum
645 2605 770 2630 sanctum
801 2610 832 2630 ex
859 2602 916 2630 Deo

122 2650 263 2682 putamus,
276 2656 331 2676 non
342 2648 489 2676 creationis
499 2651 591 2681 causa,
607 2648 654 2676 sed
672 2655 706 2676 ex
717 2647 810 2676 divina
821 2655 916 2676 essen-

977 247 1116 281 accepisse
1133 246 1324 274 substantiam.
1338 256 1347 273 D
1367 247 1466 276 Dicens
1479 257 1555 285 ergo,
1572 258 1604 278 ea;
1615 251 1664 279 Dei
1678 261 1766 281 men-

976 292 1014 318 tia
1032 300 1094 324 esse,
1110 296 1136 319 et
1149 299 1233 327 neque
1247 291 1345 320 Filium
1357 296 1490 328 putamus,
1506 294 1621 331 intelligi
1637 296 1694 330 dat,
1703 298 1767 333 quia

976 336 1110 372 Spiritum
1131 338 1206 366 hunc
1220 341 1248 365 ct
1269 345 1303 366 ex
1320 338 1377 367 Deo
1388 346 1459 373 esse,
1475 345 1504 368 et
1518 349 1553 368 ex
1572 342 1632 378 ejus
1647 344 1767 372 essentia

976 383 1074 411 credit.
1090 383 1168 417 Quod
1186 389 1282 413 autem
1301 393 1355 412 non
1376 387 1515 414 crcatiom‘s
1532 395 1613 415 causa
1636 388 1715 422 dicit,
1739 394 1768 418 et

974 430 1052 457 addit
1064 439 1147 466 neque
1157 439 1204 466 per
1212 430 1310 458 Filium
1325 432 1501 460 substantiam
1516 435 1657 469 accepisse,
1671 444 1768 464 rursus

975 476 1183 512 intelligendum
1194 477 1281 511 dedit,
1290 478 1354 513 quia
1364 485 1419 506 non
1430 478 1501 506 sicut
1514 483 1578 507 sunt
1589 485 1723 509 creaturae
1733 490 1767 509 ex

974 523 1031 550 Deo
1043 530 1094 558 per
1108 523 1220 557 Filium,
1235 523 1272 551 ita
1284 527 1312 551 et
1324 523 1444 559 Spiritus
1454 528 1567 553 sanctus
1591 533 1625 553 ex
1644 526 1700 554 Deo
1717 535 1767 562 per

974 568 1073 596 Filium
1091 569 1174 597 habet
1196 578 1203 596 :
1223 569 1277 597 hoc
1293 573 1385 597 autem
1402 578 1498 598 verum
1520 575 1573 603 est,
1589 576 1618 599 et
1637 572 1718 600 simul
1739 573 1767 600 id

974 618 1092 647 constat,
1107 614 1172 649 quia
1187 614 1222 642 de
1239 623 1272 643 eo
1287 615 1360 651 quod
1377 623 1432 643 non
1454 616 1490 644 sit
1503 624 1538 644 ex
1551 618 1621 645 Filio
1636 618 1766 654 Spiritus,

974 659 1044 687 nihil
1058 660 1103 687 hic
1118 660 1198 688 dixit.
1580 666 1584 689 ζ

1007 706 1088 734 XVII.
1108 706 1212 740 Perdit,
1228 707 1351 743 inquam,
1369 715 1501 744 operam:
1514 717 1578 737 nam
1589 716 1686 739 auctor
1696 719 1770 748 sym-

972 751 1028 779 boli
1053 753 1121 781 duas
1133 753 1198 781 fecit
1214 754 1359 782 sententias
1371 762 1428 782 suae
1439 759 1530 790 partes
1547 765 1554 783 :
1571 764 1655 784 unam
1669 758 1767 786 'catho-

971 796 1053 825 licam
1072 797 1205 825 adversus
1218 799 1417 833 Macedonium,
1433 800 1508 834 quod
1519 800 1639 835 Spiritus
1655 807 1768 830 sanctus

974 850 1009 870 ex
1022 843 1071 870 Dei
1091 843 1128 871 sit
1143 844 1274 877 essentia,
1292 847 1320 872 et
1336 852 1392 872 non
1411 846 1528 880 perinde
1538 854 1570 874 ac
1581 851 1718 881 creatura,
1732 856 1767 876 ex

939 881 961 909 Β
976 892 1057 922 arte;
1085 888 1202 916 alteram
1229 889 1360 917 Patribus
1386 890 1570 924 contrariam,
1596 899 1651 927 qua
1674 897 1765 928 negat,

974 934 1103 962 eumdem
1116 934 1252 970 Spiritum
1265 935 1402 964 ullatenus
1415 944 1449 964 ex
1460 936 1540 970 Filio,
1550 937 1593 965 vel
1605 945 1656 972 per
1665 938 1766 966 Filium

973 980 1134 1015 procedere.

1009 1026 1102 1054 XVIII.
1130 1027 1220 1055 Purus
1243 1035 1319 1063 ergo,
1343 1029 1464 1064 inquies,
1490 1030 1605 1066 hujusce
1626 1033 1634 1042 '
1662 1032 1767 1060 erroris

973 1070 1140 1099 Nestorius?
1163 1072 1192 1100 Id
1220 1080 1272 1108 ego
1294 1076 1370 1101 certe
1383 1082 1440 1102 non
1452 1075 1533 1103 valde
1556 1076 1709 1111 atlirmem;
1729 1077 1767 1105 si-

973 1117 1084 1152 quidem
1096 1125 1178 1146 careo
1193 1118 1359 1147 testimoniis
1370 1120 1521 1153 aientibus,
1537 1122 1641 1157 quibus
1652 1123 1681 1150 id
1698 1131 1766 1150 con-

974 1162 1084 1189 ﬁciam:
1106 1163 1227 1197 suppetit
1244 1167 1334 1191 tamen
1355 1165 1458 1199 negans
1486 1165 1565 1198 illud,
1593 1167 1667 1201 quod
1697 1175 1767 1195 non-

973 1208 1078 1235 nullam
1096 1209 1180 1236 faciat
1204 1210 1363 1244 opinionem
1387 1210 1483 1238 saltem
1506 1212 1605 1240 levem.
1620 1213 1688 1240 Nam
1702 1221 1765 1241 cum

972 1253 1092 1290 Cyrillus
1109 1259 1167 1283 tum
1185 1255 1213 1282 in
1235 1256 1349 1291 epistola
1369 1257 1460 1289 tertia,
1480 1261 1536 1284 tum
1552 1257 1580 1285 in
1592 1266 1676 1291 nono,
1690 1259 1766 1294 quod

973 1300 1096 1334 epistolae
1114 1301 1266 1336 subiunxit,
1289 1302 1420 1336 capitulo,
1445 1306 1540 1337 aperte
1565 1303 1632 1331 satis
1656 1312 1767 1339 proces-

973 1345 1080 1373 sionem
1101 1346 1223 1381 Spiritus
1241 1347 1330 1375 sancti
1351 1356 1366 1375 a
1382 1348 1453 1376 Filio
1475 1349 1649 1381 asseruisset,
1668 1350 1767 1377 Nesto-

973 1391 1033 1419 rius
1051 1396 1147 1421 contra
1160 1393 1231 1421 nihil
1245 1394 1396 1429 quidquam
1411 1394 1440 1422 in
1457 1395 1696 1424 anathematismis
1708 1397 1766 1424 suis

973 1437 1095 1473 objccit:
1111 1439 1208 1466 solitus
1223 1444 1313 1467 tamen
1335 1439 1440 1467 minuta
1471 1448 1597 1476 quaeque,
1624 1441 1647 1469 si
1671 1442 1767 1477 displi-

973 1487 1046 1516 cent,
1077 1485 1285 1520 perstringcre;
1312 1485 1367 1513 imo
1388 1485 1550 1521 perplexum
1572 1486 1703 1521 quiddam
1732 1488 1766 1515 de

935 1552 959 1584 c
977 1530 1100 1566 μεσιτείᾳ
1116 1530 1234 1565 quadam
1249 1530 1369 1566 Spiritus
1383 1531 1480 1564 sancti,
1494 1540 1554 1567 quae
1573 1533 1610 1560 sit
1627 1534 1660 1561 ad
1679 1534 1766 1562 Deum

974 1575 1105 1608 Verbum,
1126 1575 1248 1610 loquitur
1261 1585 1267 1602 :
1279 1576 1352 1611 quod
1371 1576 1481 1604 trahere
1501 1583 1594 1612 posset
1611 1578 1710 1613 aliquis
1730 1580 1765 1608 ad

973 1620 1136 1648 sententiam
1147 1621 1260 1649 Patrum
1272 1621 1457 1649 asserentium
1471 1629 1485 1648 a
1498 1622 1580 1650 Patre
1593 1631 1644 1658 per
1652 1624 1764 1658 Filium,

971 1666 1049 1702 quasi
1066 1673 1116 1702 per
1132 1666 1265 1699 medium,
1290 1666 1423 1702 Spiritum
1453 1670 1579 1694 sanctum
1601 1668 1762 1703 procedere.

972 1713 1040 1741 Vide
1063 1713 1206 1741 Petavium
1229 1709 1296 1742 toni.
1321 1713 1341 1741 ll
1362 1714 1524 1750 Dogmatum
1549 1714 1598 1742 lib.
1615 1722 1667 1749 vn,
1687 1723 1712 1743 c.
1729 1716 1764 1749 6,

973 1766 1051 1786 num.
1075 1758 1102 1786 5.

1006 1805 1078 1833 XIX.
1095 1805 1249 1841 Antequam
1265 1805 1422 1842 imponatur
1438 1805 1502 1834 linis
1515 1807 1582 1834 huic
1591 1806 1686 1843 capiti,
1702 1814 1765 1835 mos

971 1851 1080 1879 nendus
1097 1855 1141 1879 est
1162 1851 1290 1879 curiosus
1306 1859 1398 1879 rerum
1419 1852 1670 1881 ecclesiasticarum
1687 1860 1764 1881 scru-

972 1900 1045 1925 tator
1059 1897 1094 1924 de
1106 1897 1150 1924 his
1168 1901 1287 1932 quatuor
1298 1897 1431 1925 attentius
1445 1898 1636 1926 observandis.

1007 1943 1066 1971 XX.
1085 1943 1206 1971 Primum
1235 1947 1288 1976 est,
1314 1951 1329 1971 a
1360 1943 1546 1977 Theodoreto,
1575 1945 1597 1972 si
1623 1945 1764 1974 credimus

971 1990 1100 2018 Liberato
1110 1990 1191 2018 simul
1207 1993 1235 2017 et
1250 1989 1452 2018 recentioribus
1465 1990 1578 2024 Graecis,
1594 1996 1683 2020 sectas
1695 1992 1765 2020 duas

971 2037 1106 2073 originem
1128 2036 1261 2064 duxisse:
1284 2036 1400 2064 alteram
1424 2036 1627 2071 Acephalorum
1654 2037 1686 2070 “,
1707 2046 1764 2066 non

971 2083 1256 2113 nominatissimorum
1285 2083 1398 2118 quidem
1427 2083 1549 2116 illorum,
1581 2084 1629 2119 qui
1660 2085 1764 2119 passim

972 2134 1172 2162 memorantur,
1199 2129 1248 2157 sed
1269 2135 1387 2164 quorum
1402 2128 1548 2156 Liberatus
1568 2129 1695 2158 meminit
1720 2130 1762 2163 ¹³;

971 2177 1085 2206 alteram
1105 2175 1262 2204 Graecorum
1291 2174 1325 2202 de
1349 2174 1527 2210 processione
1541 2174 1663 2210 Spiritus
1675 2177 1764 2204 sancti

934 2233 958 2263 ι)
971 2231 1027 2251 non
1042 2222 1195 2250 orthodoxe
1215 2219 1407 2249 sentientium.

1004 2278 1075 2307 XXI.
1105 2276 1265 2308 Secundum,
1291 2275 1319 2304 id
1340 2283 1487 2304 commune
1503 2276 1588 2305 fuisse
1604 2277 1653 2305 toti
1671 2277 1763 2307 Theo-

969 2326 1029 2354 dori
1053 2323 1236 2360 Mopsuesteni
1258 2322 1368 2355 scholae,
1385 2326 1522 2358 utparum
1532 2327 1613 2352 acute
1623 2324 1763 2354 discreve-

969 2371 1024 2400 rint
1043 2370 1229 2399 dilIcrentiam
1253 2369 1382 2397 catholici
1405 2369 1541 2405 dogmatis
1560 2370 1595 2398 ab
1610 2371 1761 2404 haeretica;

969 2417 992 2446 si
1014 2416 1135 2453 quando,
1150 2420 1180 2443 ut
1194 2415 1235 2448 ﬁt,
1247 2422 1302 2442 non
1318 2422 1348 2442 re
1362 2414 1486 2450 quidem,
1500 2415 1548 2443 sed
1559 2417 1684 2450 vocibus,
1696 2425 1762 2453 par-

969 2471 1033 2491 vum
1051 2462 1200 2490 discrimen
1219 2461 1333 2489 exstitit.

1004 2509 1033 2538 Id
1058 2517 1108 2545 ego
1126 2508 1228 2536 factum
1253 2515 1316 2535 reor
1336 2515 1393 2543 prae
1406 2507 1545 2544 superbia,
1559 2508 1606 2544 qui
1618 2508 1762 2537 character

969 2557 1083 2592 hujusce
1104 2555 1203 2583 schola
1219 2564 1225 2581 :
1245 2561 1308 2581 nam
1321 2557 1350 2581 et
1368 2553 1456 2581 videri
1470 2553 1599 2582 volebant
1609 2561 1666 2590 pm
1676 2557 1759 2582 caete-

968 2601 1008 2630 ris
1024 2608 1130 2638 sapere,
1150 2604 1179 2628 et
1197 2602 1322 2627 veterum
1343 2598 1429 2627 libros
1444 2598 1670 2640 contemnebant,
1684 2598 1758 2635 quod

969 2647 1003 2675 de
1016 2646 1143 2675 Nestorio
1160 2645 1287 2673 Socrates
1304 2644 1423 2680 scripsit.

793 2726 949 2756 SCHULle
968 2726 1085 2755 ΝΟΤΕ.

159 2800 253 2838 “Sed
265 2801 385 2830 dubitari
401 2805 496 2838 posset
509 2801 544 2830 de
558 2801 676 2838 veritate
689 2799 817 2838 lectionis
837 2798 866 2826 in
881 2796 952 2838 locis
974 2796 1039 2829 illis,
1066 2796 1130 2838 tibi
1146 2795 1190 2823 vel
1217 2792 1759 2838 egelusiveﬁ‘ve'lnnegativeinformatur

121 2836 223 2873 oratio,
232 2837 346 2873 Exempl

121 2865 329 2909 defenderent.'
346 2873 367 2890 “
381 2872 442 2902 Vid.
454 2865 482 2901 7t.
497 2873 520 2901 ll
533 2865 615 2909 Opp."
631 2871 710 2900 Marii
725 2870 849 2904 MercaL,
874 2876 900 2905 ιιι
917 2867 989 2901 251,
1014 2866 1081 2895 εάἱι-
1099 2865 1183 2895 (iam.

122 2906 267 2937 Breviarii.

349 2828 394 2866 iii.
403 2828 540 2866 'dedimus
555 2828 590 2865 ad
602 2828 672 2872 Si]:
693 2835 861 2872 {'Eamdem
880 2828 1339 2872 viam_nonnulli_ingressilsunt,
1361 2832 1392 2856 ut
1413 2828 1589 2872 Theodori-nn
1607 2828 1757 2872 Mopsus“;

1234 2865 1333 2905 “‘Vid.
1359 2872 1452 2900 supra,
1470 2872 1497 2900 p.
1523 2864 1584 2892 l69.
1624 2862 1726 2898 "'Cap.
1742 2863 1759 2890 ν
