1971 3046
194 137 247 170 463
317 151 331 171 ι

747 140 918 170 GARNERI
922 141 936 170 Ι
954 141 1201 172 DlSSERTA’l‘IO
1221 143 1277 174 III.

1771 141 1824 176 ωι

194 201 249 228 quo
278 192 368 229 agitur
394 193 428 221 de
451 192 562 221 Christo
583 193 729 229 pontiﬁce,
750 195 992 229 reprehensionem
1007 200 1030 226 Α
1044 197 1145 225 mentis
1179 203 1338 233 congruere.
1367 197 1470 226 Verum
1496 199 1528 225 ut
1549 195 1692 225 mendacia
1722 197 1831 226 illorum

195 239 325 268 dilueret.
341 239 408 266 Nam
429 243 572 274 postquam
597 240 716 268 Nestorii
738 247 868 267 vesanam
887 241 938 268 hac
957 240 986 268 in

194 279 273 321 parte
299 284 467 319 impietatem
491 285 671 319 exposuisset,
702 294 711 310 ι
728 285 879 312 Dementia
899 284 986 317 illius,

194 332 296 367 inquit,
311 331 431 366 optimus
450 331 604 364 mmulator,
618 332 662 358 vir
675 331 765 358 bonus
783 331 985 363 Theodoretus,

193 385 250 405 non
270 376 412 404 erubescit
435 377 531 404 dicens
545 377 583 403 ":
613 377 766 404 Humanam
790 381 918 404 naturam
944 385 988 404 as—

195 423 323 458 sumpsit,
348 427 377 450 et
395 430 456 450 eam
484 430 566 458 super
579 430 741 450 communes
756 422 900 458 pontifices
913 423 987 450 ordi—

193 469 279 501 navit,
297 468 368 497 sicut
380 472 407 496 et
421 468 523 496 Paulus
540 468 609 496 dicit
624 467 732 496 :Omnis
746 469 815 495 enim
827 468 944 504 pontifex
954 476 987 495 ea:

193 514 341 542 hominibus
361 518 522 550 assumptus,
536 522 583 549 pro
599 514 745 541 hominibus
766 515 934 541 constituitur
958 515 985 541 in

193 560 232 586 his
249 567 309 595 qua:
327 564 389 587 sunt
403 560 437 586 ad
460 559 553 592 Deum,
574 560 618 595 qui
637 560 775 587 condolere
794 561 874 595 possit
889 561 927 587 his
942 560 986 595 qui

193 606 318 640 ignorant
343 609 368 633 et
381 610 483 639 errant,
499 606 625 641 quoniam
640 610 665 632 et
683 607 740 641 ipse
753 606 933 632 circumdatus
948 610 986 632 est

193 651 359 685 inﬁrmitate,
383 656 407 678 et
430 649 570 687 propterea
593 652 675 684 debet,
701 650 922 688 quemadmodum
938 660 985 687 pro

193 697 301 734 populo,
326 699 365 725 ita
391 698 471 725 etiam
493 706 540 733 pro
557 699 696 733 semetipso
718 698 811 733 offerre
827 706 875 733 pro
894 705 985 733 pecca-

194 744 227 770 tis
250 748 273 770 ο.
308 743 405 770 Nonne
430 743 571 771 hominem
595 742 676 770 nobis
689 750 863 771 communem
874 742 988 770 Emma-

195 789 269 823 nuel,
297 793 431 825 quantum
449 789 483 816 ad
510 789 600 824 ipsum
613 789 743 824 pertinet,
762 789 876 816 efleclt?
889 789 986 816 Nonne

195 842 278 870 supra
296 835 453 862 memoratis
467 835 508 863 hie
522 842 632 871 quoque
646 838 711 862 sunt
723 833 818 862 amnes
831 835 984 867 sententiae,

195 881 320 910 eamdem
331 881 529 917 blasphemiam
547 881 754 916 parturientes?
768 881 840 914 Quid
852 881 915 908 ais?
928 880 986 908 Me-
1001 873 1022 900 Β

195 929 250 956 tuis
261 927 409 956 sacerdotii
420 928 531 956 modum
541 928 569 954 in
579 927 689 956 Christo
698 928 820 955 omnium
835 927 985 960 Salvatore,

195 982 246 1002 nec
261 974 428 1002 conveniens
449 974 558 1002 videtur
582 982 643 1002 esse
666 975 722 1002 Deo
748 974 838 1002 Verbo
865 974 986 1002 humano

194 1021 276 1048 modo
293 1021 450 1048 ministrare
463 1024 578 1056 propter
606 1020 839 1055 dispensationem
850 1021 863 1047 ?
885 1021 986 1056 Detege

194 1069 272 1092 tuum
293 1065 410 1098 vultum,
430 1069 459 1092 et
473 1072 591 1100 persona
620 1065 746 1100 deposita
770 1062 860 1100 palam
882 1066 985 1101 dcncga

193 1110 241 1138 Dei
258 1110 341 1138 Verbi
366 1110 593 1144 incarnationem,
621 1115 734 1146 propter
756 1119 838 1146 quam
863 1112 985 1146 pontifex

193 1157 353 1185 nominatus
369 1161 422 1185 est.
441 1166 449 1183 ι
465 1157 499 1184 Et
515 1161 613 1192 postea
629 1165 636 1184 :
658 1166 667 1182 ‹
685 1156 745 1184 Non
769 1157 873 1192 pateris
893 1165 927 1184 ex
941 1164 986 1184 re-

194 1203 244 1230 bus
257 1203 325 1238 ipsis
337 1202 474 1238 inspicere
491 1203 577 1230 Deum
590 1210 651 1230 esse
677 1202 759 1230 simul
787 1206 816 1230 et
842 1203 983 1230 hominem

193 1249 355 1276 Emmanuel
372 1257 379 1281 ;
397 1248 445 1275 sed
459 1253 514 1276 tant
537 1248 694 1283 petulanter
720 1252 749 1276 et
771 1248 982 1280 inconsiderate,

194 1295 250 1322 imo
265 1294 337 1322 ultra
349 1294 481 1321 terminos
497 1293 646 1329 impietatis
662 1294 746 1321 totius
756 1301 916 1327 excurrens,
944 1294 984 1322 ais

194 1339 284 1374 ipsum
310 1346 371 1366 esse
394 1342 613 1366 consummatum
636 1338 778 1366 laboribus
788 1339 940 1372 etvirtute,
956 1343 985 1366 et

195 1384 342 1420 profecisse
359 1384 492 1420 paulatim
507 1384 535 1412 in
557 1384 697 1420 pontificis
719 1385 891 1420 dignitatem.
911 1395 920 1411 ι
950 1385 984 1412 Et

195 1434 308 1466 postea:
330 1439 338 1456 ι
354 1429 445 1457 Ausus
464 1438 494 1457 es
506 1429 607 1462 dicere,
627 1438 687 1465 qua:
703 1430 773 1457 infra
788 1430 899 1465 scripta.
916 1429 983 1463 Quis

195 1475 278 1512 igitur
292 1475 422 1504 sacerdos
433 1480 475 1503 est
486 1475 595 1502 factus?
608 1475 675 1508 Quis
694 1476 702 1486 '
722 1476 827 1503 virtute
853 1483 982 1503 consum-

196 1527 296 1555 matus,
313 1531 376 1551 cum
393 1526 490 1550 natura
500 1530 556 1549 non
567 1526 640 1549 esset
652 1521 813 1557 perfectus?
832 1521 898 1554 Quis
920 1525 981 1549 ten-
995 1539 1017 1568 ο

195 1568 345 1596 tationibus
357 1568 455 1595 didicit
470 1567 666 1600 obedientiam,
696 1575 778 1602 quam
802 1571 866 1594 ante
892 1571 982 1594 tenta-

197 1615 283 1642 lioncs
297 1613 456 1642 nesciebat?
470 1613 536 1646 Quis
549 1621 612 1641 cum
624 1613 778 1641 reverentia
790 1612 868 1645 vixit,
882 1617 982 1640 etcum

195 1661 313 1688 clamore
324 1659 414 1687 valido
425 1659 579 1694 lacrymans
590 1662 618 1686 et
627 1658 840 1694 supplicationes
852 1658 981 1692 offerens,

195 1714 256 1733 cum
270 1713 299 1733 se
311 1713 422 1733 servare
437 1713 492 1732 non
509 1709 612 1739 posset,
636 1704 684 1731 θεὰ
716 1712 780 1732 eum
797 1704 845 1740 qui
873 1712 983 1732 servare

197 1755 296 1786 posset,
313 1750 481 1778 obsecrans?
503 1750 524 1778 0
542 1750 752 1778 audacissimum
775 1755 803 1779 et
828 1751 983 1779 sceleratis-

195 1797 292 1824 simam
305 1804 400 1824 vocem
412 1797 418 1823 Σ
432 1805 493 1831 qua:
503 1796 631 1833 lacrymae
643 1801 698 1824 tam
713 1797 796 1832 impie
809 1798 983 1826 credentium

197 1847 326 1879 poterunt
342 1843 452 1871 abolere
467 1844 603 1878 peccata?
617 1847 671 1872 etc.
691 1854 700 1870 ›
716 1844 773 1872 Sub
785 1844 882 1872 finem:
900 1855 909 1871 ι
919 1845 984 1873 Cer-

197 1895 256 1916 tum
269 1893 311 1916 est
327 1896 392 1924 ergo
419 1888 481 1916 illos
495 1889 621 1917 simulate
636 1890 833 1917 adunationem
847 1890 983 1924 confiteri,

196 1934 394 1970 simpliciorum
421 1934 526 1963 animos
551 1935 728 1963 insectantes.
757 1935 984 1971 Conjunctioneni

199 1987 316 2015 namque
345 1980 462 2007 credunt
478 1981 617 2016 σχετικὴν,
632 1985 660 2009 et
685 1981 857 2009 extrinsecus
873 1981 982 2014 factam,

197 2033 278 2059 quam
294 2032 343 2052 nos
353 2024 436 2052 etiam
451 2024 609 2058 habuimus,
626 2033 689 2053 eum
714 2026 864 2062 participes
886 2027 985 2055 divinae

195 2071 272 2099 illius
285 2076 390 2098 natura:
404 2070 469 2098 facti
484 2078 579 2099 sumus
597 2079 648 2106 per
661 2071 806 2106 Spiritum.
823 2081 831 2098 ι

234 2115 314 2152 ι57
342 2115 407 2143 Post
428 2123 522 2151 pacem
540 2115 735 2149 Ecclesiarum,
751 2123 812 2151 qua:
834 2117 985 2144 reluctante

197 2161 372 2190 Theodoreto
383 2165 412 2189 et
424 2160 595 2189 conditiones
606 2161 758 2197 rejiciente,
770 2162 838 2190 inita
853 2166 905 2194 est,
922 2170 985 2190 cum

1035 246 1129 277 aperte
1154 243 1345 277 ostendamus,
1377 253 1386 270 ι
1412 248 1465 272 etc.
1492 242 1566 276 Quin
1589 242 1624 270 de
1652 243 1828 273 Theodoreto

1035 295 1127 315 sermo
1140 288 1185 321 sit,
1197 289 1248 316 etsi
1259 296 1360 316 nomen
1378 290 1512 320 taceatur,
1523 287 1618 315 nullus
1628 288 1728 316 merito
1744 289 1826 316 dubi-

1037 338 1085 367 tet,
1101 335 1148 370 qui
1161 335 1304 369 epistolam
1322 335 1471 363 secundam
1497 334 1665 362 Theodoreti
1683 334 1717 362 ad
1735 335 1827 363 Hime-

1037 379 1109 407 rium
1123 387 1185 406 cum
1201 380 1278 407 Notis
1292 380 1395 408 nostris
1409 379 1514 415 legerit.
1590 410 1615 418 μ,

1071 425 1198 460 Quinque
1212 430 1259 453 aut
1284 433 1331 454 sex
1346 430 1408 461 post
1429 425 1519 458 annis,
1547 432 1611 454 eum
1632 424 1824 453 Theodoretus

1039 471 1201 498 tumultuari
1215 475 1351 507 pergeret,
1365 475 1480 507 questus
1491 476 1533 499 est
1544 471 1618 506 apud
1627 471 1758 499 Joannem
1773 471 1826 498 An-

1036 517 1195 544 tiochenum
1206 517 1326 552 Cyrillus
1340 517 1384 544 his
1393 517 1485 544 verbis
1502 517 1522 532 “
1537 525 1543 543 :
1561 526 1570 542 ‹
1586 516 1741 544 Arbitratus
1753 525 1826 544 eram

1036 563 1065 590 in
1081 563 1155 590 hunc
1177 570 1263 598 usque
1278 563 1363 596 diem,
1379 563 1637 591 reverendissimum
1671 562 1826 590 Theodore.

1036 612 1105 640 tum,
1121 608 1252 643 depositis
1265 608 1384 636 Nestorii
1403 608 1481 636 vanis
1491 608 1679 643 opinionibus,
1693 609 1825 635 maculam

1036 662 1068 682 ex
1081 653 1116 681 iis
1129 653 1447 688 contractam,rexemplo
1460 652 1576 680 aliorum
1587 652 1824 680 sanctissimorum

1037 700 1194 735 pnesulum,
1212 699 1314 727 ciuisse
1330 707 1336 726 :
1359 699 1433 726 hunc
1443 699 1517 726 enim
1528 698 1701 726 credideram
1721 698 1800 733 longe
1812 706 1826 726 a

1036 754 1065 774 se
1092 745 1260 777 removisse,
1283 753 1344 780 qua:
1363 744 1423 779 paci
1445 743 1601 775 obstabant,
1621 743 1826 771 conditionibus

1036 791 1193 825 mutuisque
1205 798 1220 817 a
1232 797 1276 817 me
1301 789 1400 817 litteris
1422 788 1550 824 receptis.
1569 789 1670 816 Verum
1691 788 1827 816 referente

1037 836 1082 871 pio
1096 836 1256 872 presbytero
1276 834 1402 868 Daniele,
1425 834 1509 861 didici
1531 835 1620 869 ipsum
1649 842 1664 861 a
1703 834 1826 869 pristinis

1037 881 1133 917 agendi
1149 880 1303 908 rationibus
1317 888 1371 907 non
1388 879 1544 912 recessisse,
1557 879 1696 906 adhaerere
1712 879 1826 914 perinde

1037 935 1070 955 ac
1082 927 1159 962 prius
1172 926 1290 955 Nestorii
1306 925 1495 960 blasphemiis,
1509 929 1538 953 et
1570 930 1665 960 aperte
1681 925 1825 952 ostendere

1038 981 1066 1001 se
1081 980 1170 1008 neque
1185 973 1330 1000 anathema
1343 973 1395 1007 ipsi
1408 972 1509 999 dixisse
1521 992 1530 1005 ,
1556 979 1646 1006 neque
1660 970 1824 1006 depositioni

1037 1019 1198 1052 assensisse,
1217 1029 1226 1045 I
1242 1023 1296 1047 etc.

1307 1100 1402 1119 “ARIES
1415 1097 1561 1118 MERCATOR.

1068 1161 1101 1188 V.
1119 1160 1204 1188 Nemo
1223 1158 1321 1186 melius
1333 1156 1498 1185 Theodoreti
1522 1158 1643 1183 mentem
1660 1155 1747 1188 novit,
1760 1157 1824 1191 quia

1035 1213 1116 1233 nemo
1127 1205 1264 1233 curiosius
1274 1203 1432 1238 certiusque
1448 1203 1595 1238 indagavit.
1607 1202 1674 1230 Nam
1683 1205 1711 1229 et
1723 1202 1825 1237 Ephesi

1034 1251 1095 1283 fuit,
1124 1258 1187 1278 cum
1212 1250 1283 1277 inter
1309 1248 1466 1276 Catholicos
1477 1251 1505 1275 et
1523 1247 1685 1278 Orientales,
1707 1254 1824 1280 quorum

1034 1297 1175 1332 ingenium
1185 1299 1232 1324 aut
1249 1299 1323 1322 certe
1338 1302 1369 1321 os
1390 1293 1582 1321 Theodoretus
1597 1293 1666 1325 fuit,
1682 1292 1823 1320 contentio

1033 1343 1154 1370 ferveret
1170 1351 1176 1369 :
1196 1345 1225 1369 et
1239 1339 1406 1368 Theodoreti
1418 1339 1503 1366 libros
1520 1339 1666 1373 diligenter
1686 1337 1825 1372 conquisi-

1035 1393 1077 1416 tos
1089 1395 1151 1415 cum
1164 1385 1335 1415 Nestorianis
1348 1384 1464 1413 contulit
1481 1392 1488 1410 :
1505 1387 1534 1411 et
1551 1383 1579 1410 in
1596 1383 1625 1410 id
1643 1383 1824 1409 vehementer

1034 1433 1171 1465 incubuit,
1187 1437 1218 1460 ut
1241 1431 1452 1459 consensionem
1473 1428 1623 1461 Theodori,
1651 1427 1820 1455 Theodoreti

1033 1484 1062 1507 et
1072 1477 1198 1506 Eutherii
1215 1485 1278 1505 cum
1289 1476 1416 1504 Nestorio
1428 1474 1595 1510 patefaceret
1612 1482 1618 1500 :
1635 1477 1663 1501 et
1681 1473 1759 1508 plura
1774 1480 1824 1500 no-

1034 1523 1077 1551 bis
1095 1521 1262 1550 Theodoreti
1287 1528 1373 1555 opera
1393 1518 1577 1554 epistolasque
1594 1517 1704 1545 aliunde
1719 1517 1824 1551 ignotas

1034 1568 1186 1596 transmisit
1204 1576 1211 1594 :
1228 1571 1257 1594 et
1282 1566 1346 1593 inde
1369 1563 1525 1599 excerpsit,
1556 1571 1618 1598 quae
1644 1561 1823 1593 conﬁcerent,

1033 1614 1107 1651 quod
1131 1612 1303 1649 probandum
1322 1614 1491 1645 susceperat,
1504 1608 1709 1636 Thcodoretum
1727 1614 1824 1641 nempe

1033 1661 1101 1689 duas
1124 1659 1153 1686 in
1178 1658 1288 1686 Christo
1310 1663 1442 1692 personas
1467 1653 1557 1689 reipsa
1583 1659 1743 1688 agnoscere,
1770 1651 1822 1678 etsi

1033 1714 1116 1735 unam
1128 1705 1221 1733 verbis
1237 1703 1394 1735 afﬁrmaret,
1410 1709 1462 1729 nec
1485 1700 1539 1728 alio
1574 1699 1657 1727 modo
1680 1705 1762 1725 unam
1784 1697 1820 1724 di‘

1034 1761 1106 1786 cere,
1121 1759 1202 1788 quam
1213 1758 1268 1786 quo
1279 1749 1333 1777 viri
1343 1752 1371 1777 et
1381 1747 1476 1776 uxoris
1492 1753 1547 1773 una
1558 1748 1600 1772 est
1616 1751 1743 1780 persona,
1758 1750 1824 1769 una-

1034 1807 1089 1835 que
1104 1806 1179 1826 caro.

1069 1845 1133 1872 Haec
1145 1843 1230 1871 verba
1239 1850 1274 1870 ex
1287 1841 1358 1869 libro
1376 1848 1393 1868 v
1409 1836 1559 1872 Pentalogii
1590 1833 1748 1866 adducit“,
1764 1840 1824 1867 qua:

1035 1890 1227 1918 Theodoretus
1252 1895 1329 1916 more
1359 1894 1410 1914 suo
1432 1884 1527 1921 paucis
1544 1882 1695 1910 immutatis
1711 1888 1745 1908 ex
1767 1887 1811 1906 ma

1034 1936 1120 1972 gistro
1129 1942 1180 1962 suo
1189 1933 1334 1961 Theodoro
1342 1930 1447 1965 accepit
1455 1940 1462 1957 ι
1477 1938 1486 1954 ι
1496 1927 1574 1962 Quod
1583 1926 1715 1972 Dominus
1724 1924 1758 1951 de
1766 1923 1826 1972 vii-‘0

1034 1967 1063 2008 et
1079 1987 1164 2007 uxore
1179 1979 1227 2011 ait,
1246 1987 1255 2004 ι
1272 1981 1303 2005 ιιι
1315 1977 1370 2012 jam
1382 1983 1438 2003 non
1452 1974 1507 2001 sint
1522 1972 1587 2004 duo,
1600 1970 1648 1998 sed
1659 1977 1713 1997 una
1725 1967 1825 1999 caro",

1040 2036 1049 2053 ι
1067 2026 1191 2053 dicamus
1202 2027 1231 2051 et
1251 2030 1301 2050 nos
1314 2020 1514 2049 rationabiliter
1531 2016 1683 2045 secundum
1700 2013 1827 2042 veritatis

1036 2071 1183 2100 rationem.
1198 2070 1259 2097 Jam
1281 2075 1336 2095 non
1352 2070 1416 2093 sunt
1438 2065 1499 2092 dua:
1520 2070 1653 2098 personat,
1679 2060 1727 2088 sed
1751 2067 1804 2086 una
1817 2078 1824 2091 ,

1036 2116 1143 2145 naturis
1169 2113 1265 2150 procul
1292 2111 1376 2140 dubio
1395 2109 1596 2140 constantibus,
1609 2106 1691 2142 458
1704 2104 1752 2132 sed
1770 2103 1814 2131 dis

1037 2162 1188 2190 cretionem
1202 2158 1369 2187 habentibus
1380 2157 1413 2183 ”.
1430 2156 1464 2182 Et
1493 2154 1564 2182 sicut
1583 2152 1652 2180 nihil
1668 2151 1747 2179 obest
1757 2150 1812 2177 duo

196 2207 314 2243 Cyrillus
324 2207 423 2235 Acacio
435 2207 611 2240 Melitinensi,
629 2207 663 2234 de
673 2207 804 2235 facilitate
815 2208 844 2235 in
855 2207 984 2236 Orienta-
1000 2211 1022 2239 ι)
1037 2216 1098 2236 rum
1112 2213 1255 2238 numerus,
1265 2212 1320 2239 quo
1331 2202 1423 2231 minus
1432 2208 1487 2228 una
1503 2207 1568 2228 caro
1578 2198 1703 2243 dicatur;
1720 2199 1827 2223 certum

197 2254 265 2282 lium
279 2253 332 2280 ﬁde
345 2252 503 2288 recipienda
521 2253 711 2288 conquerenti,
729 2254 820 2281 facere
836 2254 902 2282 satis
913 2254 986 2282 nite-

199 2302 286 2331 retur,
305 2298 363 2326 haec
374 2298 458 2326 habet
471 2298 504 2326 de
516 2299 690 2326 Theodoreto
701 2300 724 2315 “
748 2308 754 2325 :
777 2309 786 2325 ι
800 2299 899 2327 Audivi
916 2308 987 2336 prae-

201 2351 276 2372 terea
309 2343 434 2371 veritatis
463 2344 557 2372 hostes
581 2344 768 2380 piissimorum
797 2345 989 2381 episcoporum

201 2388 376 2417 concordiam
387 2389 529 2425 :egerrime
545 2389 628 2422 ferre,
642 2393 670 2417 et
682 2397 791 2418 sursum
804 2398 838 2418 ac
858 2390 988 2418 deorsum

202 2435 315 2463 miscere
335 2436 437 2468 omnia,
452 2439 534 2470 atque
561 2434 675 2469 jactare,
689 2435 884 2468 confessionis,
904 2443 987 2471 quam

200 2480 240 2509 illi
256 2481 291 2508 de
307 2484 382 2508 recta
410 2479 478 2511 fide,
495 2479 575 2512 nihil,
593 2483 624 2506 ut
652 2479 719 2512 dixi,
742 2481 918 2514 innovantes,
935 2482 988 2509 hoc

202 2530 254 2560 est,
268 2526 338 2554 nihil
353 2525 386 2553 ad
400 2534 441 2558 ea,
456 2533 517 2560 quae
534 2525 600 2552 olim
613 2527 762 2554 constituta
773 2531 846 2559 sunt,
859 2527 991 2563 adjicien-

203 2577 254 2605 tes,
278 2572 326 2600 sed
344 2572 436 2607 potius
459 2571 605 2606 inculpatis
622 2572 732 2600 Patrum
750 2573 886 2608 dogmatis
907 2572 991 2600 inhae-

202 2623 304 2651 rentes,
325 2618 481 2647 ediderunt.
505 2625 615 2645 sensum
641 2622 669 2645 et
686 2619 741 2646 vim
763 2627 827 2647 cum
843 2619 900 2647 suis
915 2626 991 2646 com-

240 2682 256 2698 σ
266 2676 349 2705 Hebr.
360 2683 387 2709 v,
404 2676 461 2703 l-5.

1037 2256 1080 2281 est
1098 2251 1183 2284 enim,
1207 2249 1325 2285 qualiter
1342 2255 1396 2275 una
1417 2246 1537 2276 dicatur;
1554 2243 1591 2271 ita
1602 2246 1630 2270 et
1642 2241 1688 2269 hic
1705 2247 1828 2276 persons

1039 2299 1131 2327 unitas
1157 2296 1225 2324 nihil
1240 2296 1318 2323 obest
1333 2291 1496 2321 differentia:
1510 2294 1681 2317 naturarum.
1704 2286 1829 2321 Denique

1039 2352 1102 2372 cum
1114 2346 1226 2370 naturas
1240 2338 1434 2369 discernimus,
1453 2336 1501 2364 Dei
1522 2334 1606 2363 Verbi
1618 2337 1744 2360 naturam
1758 2331 1828 2359 inte—

1038 2396 1115 2426 gram
1125 2388 1252 2419 dicimus,
1266 2389 1294 2414 et
1313 2390 1458 2420 personam
1477 2382 1536 2409 sine
1553 2378 1723 2407 dubitatione
1738 2376 1828 2426 perfe-

1042 2421 1113 2463 ctam
1127 2441 1195 2462 :nee
1203 2432 1276 2460 enim
1284 2431 1343 2459 sine
1358 2435 1474 2465 persona
1486 2426 1526 2454 fas
1534 2430 1577 2454 est
1590 2430 1746 2452 asseverare
1762 2421 1832 2449 sub-

1042 2481 1185 2512 stantiam;
1205 2478 1356 2514 perfectam
1376 2481 1486 2510 quoque
1512 2478 1639 2499 naturam
1660 2470 1809 2497 humanam
1822 2488 1830 2500 ,

1042 2534 1105 2554 cum
1121 2533 1170 2553 sua
1194 2530 1322 2559 persona,
1340 2520 1466 2548 similiter
1491 2516 1664 2545 confitemur.
1680 2514 1747 2542 Cum
1765 2520 1834 2540 vero

1043 2572 1077 2599 ad
1101 2570 1322 2606 coniunctionem
1337 2565 1510 2601 respicimus,
1529 2567 1594 2590 tunc
1620 2562 1730 2590 demum
1749 2567 1831 2588 unam

1043 2624 1190 2654 personam
1205 2615 1304 2644 merito
1318 2617 1510 2646 nuncupamus
1521 2609 1555 2637 ’⁸.
1569 2618 1578 2634 ι

872 2705 1032 2735 SCIIULle
1050 2704 1166 2733 ΝΟΤᾸΕ.

239 2758 260 2773 ¹⁸
277 2757 316 2784 Ex
333 2755 460 2784 versione
479 2755 513 2782 Μ’.
531 2756 697 2783 Mercatoris.
716 2755 785 2783 Vide
797 2755 872 2782 hunc
887 2755 978 2782 locum
995 2761 1087 2788 supra,
1104 2760 1131 2787 p.
1148 2752 1182 2779 58
1195 2759 1252 2788 seq.

586 2791 682 2818 “Vid.
707 2790 784 2818 Marii
808 2791 917 2817 Nereat.
948 2785 1068 2823 Oppu't.
1084 2785 1121 2820 Π,
1153 2787 1256 2823 p.271,
1279 2786 1344 2813 edit.
1366 2785 1449 2823 (iam.

202 2791 226 2810 ει
243 2792 303 2819 vm.
319 2796 338 2819 t.
362 2791 407 2823 ιν,
423 2798 449 2825 p.
471 2791 546 2818 1561.

1291 2751 1314 2767 "
1342 2748 1544 2783 Conc.Ephes.
1571 2748 1599 2775 Ρ.
1640 2755 1679 2777 Ill,
1700 2753 1759 2783 cap.
1787 2744 1836 2770 35;.

1488 2784 1511 2799 ”
1524 2783 1649 2810 Dicamus
1666 2797 1698 2800 —
1709 2780 1753 2806 sed
1768 2787 1835 2806 una.

205 2814 686 2854 Hm'cmdcsuntvlfc."ﬁdenthi‘l
708 2814 918 2852 iifiiiuéiiiiiél
954 2814 1136 2850 “Theodoro
1153 2814 1346 2856 hiopsdestcno
1377 2820 1428 2847 iste
1455 2820 1531 2846 locus
1546 2817 1676 2845 tribuitur
1703 2816 1729 2842 in
1758 2814 1836 2841 Artis

205 2861 299 2896 synodi
312 2860 422 2896 «prinum.
