1971 3046
134 149 187 183 405

746 153 795 183 DE
814 152 904 182 FIDE
921 152 1166 184 THEODORETI

1709 154 1763 188 406

169 207 209 236 Ad
221 207 293 235 hunc
305 208 395 236 locum
411 209 544 236 observa:
559 210 586 237 l°
601 210 681 243 Quod
700 217 828 246 magnum
843 208 920 236 addit
934 211 957 239 Α
971 217 1034 236 cum
1048 214 1188 245 assumpta
1199 192 1282 237 carne
1304 217 1359 238 una
1374 209 1568 246 permanserit,
1587 217 1762 246 permaneat-

132 255 167 282 ad
192 254 270 282 Marii
293 254 453 282 Mereatoris
480 257 673 284 auctoritatem
703 261 889 287 momentum,
905 262 920 282 a

131 299 262 334 Gregorio
282 299 329 332 M.,
342 307 403 327 cum
423 300 524 336 Pelagii
534 300 557 328 ll
584 302 695 329 nomine
720 301 754 328 ad
776 301 920 336 episcopos

131 345 218 372 lstria:
235 345 380 378 scriberet,
401 345 546 381 fragmenti
567 347 649 382 hujus
665 352 832 382 postremam
858 353 921 380 par-

133 395 185 418 tem
208 391 321 418 totidem
348 392 440 419 verbis
466 393 629 428 exscriptam
646 401 716 425 esse,
732 393 920 426 insertamque

130 435 261 471 epistola},
285 445 337 471 qua
352 445 415 464 rcus
435 438 591 466 Nestoriani
613 439 717 466 erroris
728 437 920 465 Theodoretus

129 483 334 510 ostendebatur.
359 484 388 511 2°
414 483 554 520 Synodum
581 493 597 512 v
636 484 834 512 meumenicam
861 483 920 510 hac

128 528 224 556 eadem
256 529 340 555 verba
373 529 519 557 Theodoro
550 530 743 565 Mopsucsteno
771 529 917 560 tribuisse,

128 573 246 608 indeque
256 574 345 608 ipsum
352 574 523 602 Nestorianaa
535 575 710 610 blasphemia:
720 582 797 602 reum
809 574 917 601 fecisse.

128 620 155 646 5°
171 619 244 646 Nihil
265 627 346 654 posse
362 620 416 647 dici
433 628 483 655 pro
503 620 666 648 Nestoriana
681 620 778 647 hatresi
794 619 897 647 clarius
908 639 915 651 ,

127 671 209 699 quam
223 665 297 699 quod
319 674 328 690 ι
345 665 404 692 sine
420 672 468 692 sua
483 673 601 701 persona
616 665 692 693 nefas
708 665 743 692 sit
759 671 919 692 asseverare

127 709 318 737 substantiam.
346 719 355 735 ι
374 711 403 737 4·
419 710 614 745 Fragmentum
642 710 694 738 hoc
726 717 787 737 esse
810 712 917 736 tantum

127 755 290 790 particulam
301 756 376 788 libri,
388 763 443 791 quo
459 756 560 784 Marius
570 756 703 783 Mercator
710 755 917 783 'l‘lreodoretum

127 805 237 828 accusat
257 801 413 829 Nestoriani
429 802 551 835 erroris,
577 810 697 837 eumque
713 801 749 828 ait
779 811 788 827 ε
807 801 918 828 diabolo

127 847 273 882 instigante
286 848 482 882 conscripsisse
495 848 582 875 libros
595 848 728 875 adversus
743 847 773 875 S.
782 846 916 883 Cyrillum

126 896 286 920 etsanctum
304 893 449 920 concilium
462 893 643 928 Ephesinum.
659 903 668 919 ι

157 939 288 967 Producit
317 939 390 966 idem
416 943 560 967 accusator
576 939 693 972 litteras,
708 940 810 974 quibus
821 939 913 966 Theo-

125 978 239 1012 doretus
253 984 368 1012 afﬁrmat
382 985 539 1012 Nestorium
559 994 568 1010 ι
583 985 652 1012 nihil
669 985 722 1012 nisi
738 992 832 1012 sanam
850 985 916 1011 doc-

127 1031 229 1058 trinam
254 1031 373 1063 novisse,
397 1041 405 1057 ι
437 1034 468 1058 ιιι
490 1031 518 1058 in
535 1031 616 1065 epist.
641 1031 660 1058 2
687 1030 722 1058 ad
746 1030 912 1063 Himerium;

129 1086 137 1102 ι
149 1077 246 1111 dogma
257 1076 379 1104 Nestorii
394 1084 453 1104 esse
465 1077 552 1112 ipsam
566 1077 707 1111 pietatem,
725 1085 734 1102 ι
750 1081 779 1103 ιιι
791 1077 819 1103 in
831 1075 913 1111 epist.

125 1123 159 1150 ad
170 1123 307 1150 Andream
321 1123 539 1155 Samosatenum,
557 1132 566 1148 ‹
579 1131 608 1150 se
623 1130 679 1150 non
695 1130 774 1157 posse
789 1115 914 1149 commu-

126 1169 235 1196 nionem
245 1169 347 1196 habere
360 1176 422 1195 cum
436 1168 479 1199 iis,
497 1167 544 1203 qui
556 1168 654 1202 dogma
668 1167 788 1196 Nestorii
802 1166 914 1194 damna-

125 1215 223 1247 verint,
239 1224 248 1240 ι
263 1214 328 1242 utin
338 1214 443 1249 epistJ
460 1213 493 1241 ad
509 1213 672 1240 Himerium.

411 1260 420 1269 θ
430 1266 543 1286 vmtuus
560 1266 634 1286 mra.

160 1305 205 1333 Vl.
222 1305 284 1332 Post
296 1304 452 1337 Iudicatum
468 1304 629 1339 abrogatum
643 1324 650 1336 ,
673 1310 735 1331 cum
749 1303 839 1330 adhuc
852 1310 914 1330 ver-

124 1355 234 1386 saretur
245 1350 496 1385 Constmitinopoli,
517 1349 668 1384 quintaque
687 1348 808 1384 synodus
830 1348 915 1376 habe-

124 1401 212 1429 retur,
233 1396 267 1423 ab
289 1397 453 1430 imperatore
475 1395 631 1422 Iustiniano
651 1394 837 1429 interrogatus
859 1399 912 1425 cst,

123 1443 190 1479 quid
210 1442 325 1469 sentiret
347 1441 381 1468 de
398 1440 589 1473 Theodoreto,
605 1444 633 1468 et
650 1440 760 1475 scriptis
774 1440 808 1467 ab
820 1447 854 1467 eo
866 1440 914 1466 ad-

124 1495 221 1516 versus
238 1486 357 1522 capitula
371 1485 466 1522 Cyrilli
483 1485 582 1517 editis,
611 1485 764 1519 respondit,
786 1484 850 1512 dato
878 1484 913 1511 ad

123 1535 316 1569 imperatorem
327 1531 492 1564 Constituto,
508 1531 610 1565 scripta
624 1528 735 1565 quidem
757 1538 816 1557 esse
838 1529 914 1556 dam-

123 1580 230 1611 nanda,
256 1579 320 1614 quia
341 1578 506 1607 videbantur
537 1585 597 1604 esse
622 1580 717 1604 contra
732 1576 830 1609 fidem;
846 1583 909 1610 per-

123 1633 217 1657 sonam
240 1632 307 1652 vero
326 1624 400 1655 nulla
417 1627 481 1650 nota
498 1622 679 1654 adiciendam,
703 1626 816 1657 propter
832 1629 911 1649 reve-

124 1671 240 1698 rentiam
264 1677 318 1696 non
346 1674 451 1696 tantum
471 1668 567 1704 synodi
585 1667 828 1699 Chalcedonensis,
848 1675 909 1701 quae

125 1716 282 1751 depositum
298 1723 313 1742 a
328 1715 460 1742 Dioscoro
486 1717 638 1748 receperat,
658 1712 705 1740 sed
723 1713 806 1740 etiam
819 1713 912 1739 Eccle-

122 1763 170 1791 εἰπε
185 1763 329 1793 universae,
347 1761 374 1788 in
398 1761 478 1796 cujus
494 1767 558 1795 pace
580 1760 652 1787 diem
668 1763 819 1786 extremum
835 1759 911 1786 clau—

123 1812 207 1836 serat.
223 1807 322 1841 Quare,
340 1806 449 1834 laudata
461 1814 588 1841 persona,
605 1805 650 1832 illa
661 1805 782 1839 quinque
797 1805 906 1843 damna-

122 1854 163 1881 vit
174 1854 208 1886 ³⁸,
221 1861 279 1888 qua:
293 1852 396 1888 synodo
405 1852 495 1879 oblata
505 1859 538 1879 ex
547 1851 806 1886 reprehensionibus
817 1851 910 1885 primi,

123 1898 248 1930 secundi,
263 1897 364 1932 quarti,
381 1896 536 1930 decimique
549 1895 692 1931 Cyrilliani
703 1895 801 1930 capitis
814 1903 911 1923 excer-

123 1949 169 1979 pta
186 1943 294 1971 fuerant
309 1952 314 1969 :
329 1942 469 1970 damnavit
480 1962 486 1972 .
500 1942 611 1976 inquam
621 1962 627 1974 ,
655 1944 692 1969 ita
711 1946 742 1969 ut
753 1950 806 1969 non
826 1942 911 1969 solam

123 1988 290 2016 Theodoreti
301 1987 475 2020 sententiam,
490 1986 537 2014 sed
547 1987 663 2022 ipsumet
670 1987 818 2023 aliquando
827 1987 912 2015 verba

123 2035 235 2063 referat.

157 2080 182 2106 1.
202 2089 211 2104 ι
229 2079 257 2106 Si
271 2079 343 2114 quis,
356 2083 463 2106 servata
477 2078 738 2106 inconvertibilitate
751 2082 856 2106 naturae
869 2086 911 2105 ut-

123 2125 203 2157 vinaz,
218 2132 273 2151 non
287 2124 434 2151 conlitetur
456 2124 576 2152 Verbum
586 2131 696 2150 carnem
714 2123 825 2155 factum,
837 2128 863 2150 et
877 2131 910 2151 ex

123 2170 182 2205 ipsa
193 2169 371 2204 conceptione
384 2168 417 2195 de
427 2173 506 2196 utero
518 2168 654 2203 Virginis,
679 2168 761 2203 459
784 2168 910 2195 humana!

974 263 1026 290 que
1038 255 1215 283 subsistentia
1234 255 1294 283 sine
1312 263 1449 291 persona;
1467 256 1614 284 anathema
1627 257 1672 285 sit.
1712 278 1715 282 π

1008 302 1034 329 5.
1058 301 1086 329 Si
1097 302 1160 336 quis
1171 309 1252 330 voces
1265 303 1436 338 evangelicas
1447 306 1476 330 et
1490 304 1653 338 apostolicas
1668 304 1695 333 in
1707 313 1763 334 uno

973 347 1084 375 Christo
1097 348 1135 375 ita
1148 348 1262 380 dividat,
1278 349 1402 376 utetiam
1415 353 1574 376 naturarum
1587 349 1614 376 in
1626 349 1685 384 ipso
1700 351 1761 378 uni-

973 399 1063 421 tarum
1079 392 1242 421 diviéionem
1258 394 1430 427 introducat;
1446 395 1592 422 anathema
1608 395 1654 422 sit.

1007 440 1032 466 ι.
1050 439 1078 466 Si
1096 440 1158 474 quis
1178 448 1264 467 unum
1278 441 1371 468 Iesum
1393 440 1533 468 Christum
1546 448 1642 468 verum
1656 441 1716 473 Dei,
1733 445 1759 468 et

972 485 1099 512 eumdem
1115 485 1203 520 ipsum
1217 494 1314 513 verum
1331 486 1452 513 hominis
1468 486 1579 518 Filium,
1603 485 1760 514 futurorum

973 531 1164 565 ignorantiam,
1176 536 1223 558 aut
1237 531 1292 558 diei
1306 531 1396 558 ultimi
1408 531 1505 566 judicii
1525 531 1655 559 habuisse
1676 532 1760 564 dicat,

971 580 1000 603 et
1019 580 1092 604 tanta
1104 577 1173 604 scire
1184 578 1316 612 potuisse,
1330 580 1431 611 quanta
1441 577 1467 604 ei
1482 577 1574 604 Deitas
1589 578 1669 612 quasi
1681 578 1758 605 alteri

972 621 1080 648 cuidam
1093 622 1259 654 inhabitans,
1272 622 1426 655 revelabat;
1441 622 1586 649 anathema
1596 623 1631 649 sit

1007 667 1033 694 5.
1050 666 1077 694 Si
1090 667 1152 702 quis
1170 667 1238 694 illud
1251 667 1384 702 Apostoli,
1400 668 1473 703 quod
1487 672 1529 695 est
1541 668 1570 694 in
1587 668 1709 702 Epistola
1722 668 1756 696 ad

971 710 1099 738 llebrazos
1115 731 1122 744 ,
1147 711 1262 744 dictum,
1285 711 1361 744 Quod
1374 712 1554 747 experimento
1569 712 1759 747 cognoritpba-

970 755 1108 788 dientiam,
1124 760 1148 782 ct
1159 764 1216 782 cum
1230 755 1346 783 clamore
1357 756 1419 791 forti
1430 760 1453 783 et
1467 756 1590 792 lacrgmis
1601 763 1688 792 preces
1697 764 1760 791 sup-

970 800 1177 836 plicationesque
1199 801 1294 828 obtulit
1318 801 1352 828 ad
1371 801 1466 835 Deum,
1486 803 1531 837 qui
1554 801 1657 829 salvum
1674 805 1759 837 posset

969 855 1028 874 eum
1044 856 1060 874 a
1076 852 1159 874 morte
1174 848 1260 883 facere
1272 847 1297 881 ἀ,
1309 851 1439 883 tanquam
1453 848 1528 876 nudo
1540 848 1641 875 deitale
1649 847 1759 875 Christo

932 887 955 917 Β
969 893 1114 928 deputans,
1127 894 1174 929 qui
1185 894 1326 922 laboribus
1340 894 1452 922 virtutis
1464 894 1603 929 perfectus
1618 894 1663 926 sit,
1680 897 1712 920 ut
1724 900 1758 921 ex

967 940 1019 967 hoc
1029 939 1099 967 duos
1112 940 1289 968 introducere
1304 940 1441 973 Christos,
1458 941 1502 968 vel
1527 940 1596 968 duos
1616 939 1701 967 Filios
1714 939 1758 967 vi-

965 986 1072 1018 deatur,
1089 990 1116 1013 et
1134 994 1188 1013 non
1200 994 1285 1013 unum
1298 987 1482 1021 eamdemque
1501 986 1589 1013 credit
1603 985 1651 1013 Dei
1663 989 1691 1012 et
1705 985 1758 1012 hoc

965 1032 1048 1058 minis
1062 1031 1172 1064 Filium,
1183 1039 1216 1058 ex
1231 1032 1339 1059 duabus
1355 1036 1384 1059 et
1402 1031 1431 1058 in
1446 1031 1554 1058 duabus
1564 1031 1672 1058 naturis
1685 1031 1758 1059 inse-

965 1078 1133 1112 parabilibus
1151 1078 1334 1113 indivisisque
1349 1077 1535 1106 conﬁtendum
1548 1082 1629 1112 atque
1640 1077 1756 1106 adoran-

965 1123 1030 1151 dum
1041 1132 1047 1156 ;
1058 1123 1204 1150 anathema
1215 1123 1261 1151 sit.
1286 1133 1295 1149 ι

998 1169 1204 1196 Observandum
1226 1169 1248 1201 Ι,
1261 1168 1402 1204 Vigilium,
1428 1176 1568 1196 summum
1583 1167 1753 1204 pontiﬁcem,

964 1223 1044 1242 exeo
1076 1215 1149 1250 quod
1179 1214 1242 1249 quis
1269 1215 1399 1242 unionem
1421 1219 1583 1241 naturarum
1602 1213 1756 1241 secundum

964 1261 1182 1293 subsistentiam,
1195 1260 1257 1287 καθ’
1277 1260 1434 1293 ὑπόστατιν,
1448 1264 1539 1295 neget,
1555 1263 1629 1287 recte
1639 1260 1754 1292 inferre,

964 1308 998 1335 ab
1021 1315 1055 1335 eo
1071 1306 1146 1334 credi
1165 1315 1172 1333 :
1189 1307 1218 1332 l"
1232 1306 1346 1333 Beatam
1371 1305 1514 1341 Virginem
1536 1313 1591 1332 non
1609 1313 1683 1337 vere,
1706 1304 1756 1332 sed

963 1361 1030 1381 voce
1044 1357 1124 1381 tenus
1135 1352 1267 1387 appellari
1282 1351 1331 1378 Dei
1353 1351 1534 1378 Genitricem.
1550 1351 1579 1378 2'
1591 1350 1712 1378 Verbum
1727 1349 1756 1376 in

963 1399 1074 1427 Christo
1085 1406 1141 1426 non
1161 1397 1318 1425 inhabitare
1344 1397 1436 1430 aliter,
1455 1404 1537 1431 quam
1558 1395 1634 1423 velut
1654 1395 1682 1422 in
1699 1401 1756 1422 uno

961 1446 1110 1480 iustorum,
1124 1449 1205 1479 atque
1216 1444 1285 1471 adeo
1298 1451 1353 1470 non
1365 1451 1426 1471 esse
1441 1450 1522 1470 unam
1539 1450 1602 1469 cum
1610 1449 1694 1469 carne
1706 1447 1757 1468 sua

964 1490 1180 1518 subsistentiam.
1195 1490 1223 1516 3"
1237 1489 1387 1517 Fatendam
1400 1488 1564 1516 divisionem
1582 1491 1755 1519 naturarum,

964 1536 1072 1570 partitis
1086 1536 1201 1562 vocibus
1214 1535 1392 1570 evangelicis.
1409 1534 1438 1561 4ο
1454 1534 1574 1561 Verbum
1586 1533 1696 1561 Christo
1710 1539 1756 1561 re-

963 1582 1066 1614 velare,
1095 1588 1155 1615 qua:
1171 1581 1240 1613 vult,
1270 1584 1400 1614 tanquam
1426 1579 1506 1606 alteri
1522 1579 1642 1610 cuidam,
1659 1578 1687 1605 in
1699 1585 1756 1613 quo

962 1627 1078 1654 habitet.
1096 1626 1123 1653 5°
1143 1626 1217 1653 Duos
1236 1626 1326 1660 reipsa
1337 1633 1398 1652 esse
1416 1624 1551 1656 Christos,
1569 1624 1693 1658 duosque
1708 1623 1755 1651 Fi-

961 1673 1024 1705 lios,
1052 1680 1115 1699 cum
1135 1672 1204 1699 alter
1217 1671 1396 1706 supplicasse,
1415 1671 1486 1698 alter
1503 1670 1622 1698 salvasse
1641 1669 1754 1697 dicitur.

962 1719 1024 1746 Πιηο
1036 1719 1110 1746 enim
1133 1726 1166 1745 ex
1181 1717 1325 1752 negatione
1339 1717 1450 1744 unionis
1467 1716 1527 1743 καθ’
1541 1716 1690 1743 ὑπόστασιν
1707 1723 1754 1743 se-

961 1763 1019 1799 qui,
1035 1771 1117 1791 nemo
1130 1763 1290 1790 Catholicus
1306 1770 1362 1790 non
1374 1762 1461 1790 videt.

996 1809 1204 1837 Observandum
1220 1808 1253 1840 ll,
1273 1808 1477 1836 Theodoretum
1501 1807 1673 1843 apertissime
1691 1807 1755 1842 reji-

961 1863 1024 1882 cere
1037 1855 1166 1882 unionem
1179 1853 1378 1889 hypostaticam
1391 1862 1398 1880 :
1411 1853 1467 1888 Τὴν
1481 1854 1509 1879 δὲ
1529 1852 1589 1880 καθ’
1604 1853 1753 1879 ὑπόστασιν

961 1901 1056 1927 ἕνωσιν
1063 1900 1232 1927 παντάπασιν
1243 1898 1403 1934 ἀγνοοῦμεν,
1413 1898 1451 1930 ὡς
1462 1898 1539 1932 ξένην
1550 1898 1597 1924 καὶ
1604 1897 1752 1932 ἀλλόφυλον

961 1946 1014 1972 τῶν
1043 1945 1122 1972 θείων
1149 1944 1276 1980 Γραφῶν,
1294 1944 1340 1970 καὶ
1355 1943 1409 1969 τῶν
1426 1942 1527 1974 ταύτας
1538 1943 1751 1978 ὴρμηνευκότων

961 1991 1100 2027 Πιτέρων.
1121 1990 1155 2018 Et
1172 1994 1266 2025 postea
1285 1997 1292 2015 :
1308 1989 1425 2024 Περιττὴ
1445 1988 1535 2015 τοίνυν
1547 1990 1564 2023 ἡ
1592 1989 1654 2015 καθ’
1681 1988 1749 2014 ὑπό-

962 2045 1055 2064 στασιν
1082 2036 1189 2067 ἓνωσις,
1207 2036 1239 2071 ῆν
1255 2034 1314 2061 ἀντὶ
1336 2034 1461 2070 κράσεως
1477 2034 1541 2069 ἡμῖν
1554 2054 1561 2065 ,
1589 2034 1626 2065 ὡς
1655 2032 1731 2069 οἶμαι
1743 2052 1751 2065 ,

963 2082 1170 2118 προϐάλλονται,
1186 2086 1241 2108 etc.
1257 2081 1280 2095 ’⁷
1286 2101 1293 2107 .

995 2127 1202 2155 Observandum
1217 2126 1262 2158 lll,
1279 2126 1388 2160 quoties
1402 2125 1488 2152 fervet
1502 2125 1594 2159 aliqua
1619 2124 1749 2159 qumstio,

961 2173 1045 2208 fitque
1057 2179 1141 2207 super
1154 2179 1187 2199 ea
1201 2171 1333 2199 discessio
1351 2171 1379 2197 in
1401 2174 1504 2205 partes,
1524 2177 1575 2197 nec
1602 2169 1655 2196 nisi
1669 2169 1751 2196 unica

122 2221 227 2243 natura:
238 2214 289 2242 sibi
303 2214 455 2242 secundum
471 2214 677 2241 subsistentiam
693 2214 814 2241 univisse
830 2214 909 2249 prin-
924 2223 944 2253 α
961 2218 1078 2246 formula
1092 2221 1183 2252 potest
1197 2217 1259 2251 quis
1275 2216 1457 2243 indubitatam
1470 2216 1563 2243 dicere
1577 2222 1627 2250 pro
1635 2214 1751 2242 veritate

123 2261 209 2295 eipia;
243 2260 290 2286 sed
308 2264 436 2294 tanquam
460 2267 522 2286 cum
541 2260 691 2287 exsistente
713 2260 770 2294 jam
797 2260 909 2286 homine

123 2306 207 2334 fuerit
222 2306 293 2332 Deus
310 2305 446 2338 Verbum;
461 2309 492 2332 ut
506 2313 555 2340 per
569 2305 621 2332 hoc
647 2309 741 2332 saneta
758 2304 839 2339 Virgo
855 2311 910 2331 non

122 2359 187 2379 vere
200 2351 249 2378 Dei
261 2351 380 2386 genitrix
395 2358 455 2378 esse
467 2350 661 2383 credatur,sed
674 2351 758 2378 verbo
772 2353 852 2377 tenus
863 2357 910 2384 ap-

124 2397 255 2432 pelletur;
271 2397 416 2424 anathema
429 2397 475 2424 sit.

155 2443 182 2469 2.
196 2442 224 2470 Si
239 2442 301 2477 quis
317 2442 468 2470 secundum
489 2442 694 2470 subsistentiam
710 2442 842 2469 unitatem
860 2449 910 2468 na-

123 2492 248 2516 turarum
270 2488 298 2515 in
323 2487 432 2516 Christo
445 2489 544 2516 factam
566 2489 698 2524 denegat;
713 2488 760 2515 sed
785 2495 910 2515 seorsum

121 2533 388 2566 exsistentihomini,
398 2538 526 2569 tanquam
542 2534 589 2562 uni
604 2535 738 2570 iustorum
757 2534 909 2561 inhabitare

123 2577 210 2605 Deum
226 2578 358 2610 Verbum,
380 2583 408 2606 et
431 2587 485 2607 non
510 2579 547 2607 ita
571 2579 734 2607 confiteatur
749 2585 909 2607 naturarum

123 2623 256 2652 unitatem
271 2625 421 2652 secundum
434 2625 649 2659 subsistentiam,
666 2630 696 2653 ut
710 2627 781 2654 Deus
789 2626 911 2654 Verbum

157 2700 172 2721 δ
191 2702 273 2729 Hebr.
292 2711 318 2736 v,
340 2704 365 2731 7.

961 2264 1136 2295 sententiam,
1154 2262 1235 2298 460
1250 2270 1313 2289 eum
1324 2263 1422 2289 merito
1436 2260 1569 2293 accusari,
1587 2268 1660 2295 quod
1678 2260 1751 2287 veri-

963 2310 1013 2337 tati
1041 2308 1196 2339 dissentiat,
1211 2308 1258 2342 qui
1274 2307 1395 2334 noluerit
1423 2311 1533 2341 recepta
1560 2305 1678 2333 formula
1698 2305 1748 2333 uti.

962 2355 1044 2390 Atqui
1057 2354 1212 2382 Catholicos
1230 2353 1302 2380 inter
1318 2356 1345 2379 ct
1357 2352 1534 2379 Nestorianos
1550 2355 1624 2378 mota
1636 2352 1750 2386 qumstio

962 2404 1022 2429 erat
1036 2401 1070 2427 de
1088 2400 1189 2426 unione
1202 2402 1361 2425 naturarum
1376 2397 1402 2425 in
1423 2397 1552 2425 Christo:
1566 2405 1647 2425 nemo
1661 2397 1750 2432 potuit

963 2453 991 2473 se
1004 2445 1158 2473 indubitato
1175 2444 1229 2471 alio
1249 2448 1411 2479 argumento
1425 2443 1599 2470 Catholicam
1617 2438 1749 2477 probare,

960 2499 1042 2526 quam
1076 2489 1247 2517 confessione
1275 2488 1386 2516 unionis
1419 2488 1480 2515 καθ’
1513 2487 1680 2520 ὑπόστασιν,
1701 2495 1750 2514 seu

962 2538 1088 2572 φυσικῆς,
1115 2536 1187 2563 inter
1204 2535 1272 2562 duas
1288 2535 1408 2570 integras
1432 2538 1545 2561 naturas
1566 2542 1573 2560 :
1598 2533 1659 2561 alia:
1675 2533 1749 2560 enim

961 2589 1057 2609 omnes
1071 2581 1194 2608 formula:
1208 2580 1278 2607 trahi
1299 2583 1414 2615 possunt
1435 2580 1462 2606 in
1479 2578 1673 2606 Nestorianum
1685 2586 1750 2606 scn-

962 2634 1033 2653 sum.
1062 2625 1255 2652 Nestorianum
1281 2625 1363 2659 igitur
1389 2631 1417 2651 se
1440 2623 1596 2658 profitetur,
1624 2623 1751 2659 quisquis

797 2754 955 2783 SCIIULZII
975 2754 1088 2782 NCT/li.

162 2829 185 2845 "
202 2830 262 2858 Vid.
275 2840 368 2868 supra.
383 2840 410 2867 p.
425 2832 486 2859 ΞΗ.
526 2831 547 2846 ³⁷
566 2830 685 2865 Uterque
698 2830 773 2857 locus
794 2834 879 2857 exstat
896 2829 923 2857 in
946 2829 1167 2864 Reprehensiunc
1186 2827 1332 2867 Anathetu,
1370 2830 1396 2857 2.
1432 2829 1491 2858 Vid.
1519 2837 1612 2866 supra,
1641 2837 1700 2866 pag,
1717 2827 1751 2856 10

125 2871 187 2899 seq.
