1971 3046
197 122 252 155 απ

755 120 944 153 GARle
963 121 1211 154 DISSERTATIO
1231 121 1286 151 III.

1775 119 1830 150 ωδ

198 182 330 210 nionem
346 179 407 210 me”
421 162 570 207 Waaw
593 176 718 206 conﬁteri
729 176 873 210 abnuerit;
889 176 986 205 abnuit
999 181 1022 209 Α
1036 178 1280 213 reprehensionem
1307 176 1452 204 duodecim
1471 175 1658 211 Capitulorum
1676 175 1706 203 S.
1721 175 1826 212 Cyrilli,

199 235 265 256 vero
280 226 384 262 apertis
394 223 588 260 expressisque
599 221 692 251 verbis
707 221 906 250 Theodoretus.

375 298 471 323 ουικτι
478 296 592 318 ετκουυε
603 295 775 317 (ECUHENICA.

233 358 288 386 VII.
306 357 450 389 Gonoitiiv
463 357 569 389 Patres,
588 360 651 391 post
675 355 760 383 multa
778 359 838 387 tum
851 362 885 382 ex
897 353 987 387 libris,

200 409 258 434 mm
272 411 306 431 ex
313 403 437 437 epistolis
450 402 616 430 Theodoreti
633 401 763 433 adducta,
777 404 858 436 atque
869 399 905 426 ad
922 407 987 426 exa-

200 456 263 476 men
281 451 389 481 vocata,
406 448 465 475 haec
479 448 537 483 ipsa
550 447 661 476 tandem
677 454 781 474 canone
795 453 840 473 xm
857 444 988 472 condem-

200 495 339 525 narunt“
349 514 356 520 .
374 502 383 519 ι
395 493 423 521 Si
435 494 498 528 quis
511 493 635 520 defendit
647 491 730 527 impia
743 491 911 519 Theodoreti
923 498 989 518 con-

200 540 312 575 scripta,
325 547 386 574 qua:
399 545 494 567 contra
506 539 588 569 ﬁdem
602 543 706 566 rectam
721 542 749 566 et
763 542 859 565 contra
872 537 989 572 primam

200 585 368 620 Ephesinam
379 587 502 612 sanetam
513 583 657 619 synodum,
666 587 694 610 et
711 586 837 610 sanctum
844 582 989 618 Cyrillum,

201 635 230 661 et
240 630 386 658 duodecim
401 630 462 665 ejus
481 629 600 664 capitula
622 628 760 664 exposuit,
774 632 803 655 et
821 627 914 655 omnia
929 635 990 662 quae

202 675 365 710 conscripsit
384 682 434 710 pro
449 675 595 703 Theodoro
608 678 636 701 et
647 673 774 702 Nestorio
785 673 887 708 impiis,
900 677 928 700 et
940 680 992 710 pro

202 721 273 753 aliis,
291 721 338 756 qni
357 720 455 749 eadem
474 720 612 755 praedictis
627 719 773 748 Theodoro
794 720 801 729 '
817 724 844 747 ct
864 718 990 746 Nestorio

202 771 363 802 sonuerunt,
385 766 535 795 defendens
553 773 601 794 eos
619 771 647 794 et
663 765 951 801 eorumimpiclatem,
964 769 991 791 et

201 817 314 848 propter
327 812 379 840 hoc
401 811 500 846 impios
513 819 615 840 vocans
636 811 764 839 doctores
780 810 919 842 Ecclesiae,
943 809 990 844 qui

1037 224 1188 259 apologiam
1217 231 1267 258 pro
1289 223 1409 250 Diodoro
1434 226 1462 250 et
1486 221 1646 257 Theodoro,
1667 222 1827 249 concionem

1037 268 1288 297 Chaieedonensem
1298 273 1326 296 et
1335 268 1482 303 epistolas:
1498 267 1568 295 unde
1581 275 1709 303 magnum
1721 267 1828 303 pondus

1038 315 1211 344 auctoritatis
1224 315 1333 343 additur
1347 314 1484 349 excerptis
1496 313 1573 340 Marii
1586 313 1754 345 Mercatoris,
1773 321 1828 348 quo

1039 364 1158 397 primum
1176 362 1316 389 iudicante
1330 381 1337 390 .
1366 360 1562 387 nonnullorum
1585 359 1720 396 eiusmodi
1743 359 1827 386 libro-

1039 417 1111 442 rum,
1123 412 1170 436 aut
1184 408 1310 436 notitiam
1321 406 1464 438 habemus,
1483 409 1530 432 aut
1542 404 1701 440 fragmenta.

1064 457 1091 484 4.
1100 456 1181 487 Eum,
1189 454 1236 489 qui
1245 452 1455 487 defenditimpia
1464 451 1629 479 Theodoreti
1638 451 1750 486 scripta,
1761 456 1826 483 etc.,

1040 501 1212 531 anathemate
1224 507 1239 526 a
1253 503 1309 526 tota
1322 497 1445 525 Ecclesia
1461 496 1575 532 percelli
1592 505 1598 523 :
1611 496 1679 532 quid
1691 496 1764 523 enim
1786 500 1828 524 est

1039 546 1174 582 synodum
1192 544 1326 579 recipere,
1354 542 1427 577 quod
1446 542 1511 570 fecit
1530 542 1654 569 Ecclesia
1673 541 1825 573 catholica,

1040 591 1093 619 nisi
1105 591 1141 623 ei,
1158 598 1222 618 eum
1237 589 1265 616 in
1277 587 1434 624 rejiciendis
1445 594 1476 614 ac
1488 586 1714 618 condemnandis,
1728 590 1786 613 tum
1800 585 1827 613 in

1041 636 1206 672 recipiendis
1221 635 1381 664 hominibus
1395 641 1545 668 eorumque
1560 632 1639 659 libris
1652 632 1828 659 consentire?

1041 682 1167 710 Defendit
1184 686 1275 710 autem
1289 681 1389 716 scripta
1402 680 1459 707 haec
1473 679 1564 714 impia,
1580 677 1706 713 quisquis
1716 681 1828 704 conten-

1041 729 1082 755 dit
1108 727 1177 757 nihil
1202 734 1216 754 a
1246 725 1419 753 Thcodoreto
1446 728 1542 751 contra
1562 722 1642 750 tidem
1666 721 1829 750 catholicam

1041 782 1102 801 esse
1126 773 1269 807 scriptum.
1286 771 1357 804 Quid
1384 778 1450 805 ergo
1469 769 1515 797 ﬁet
1529 767 1696 796 Theodoreti
1713 767 1828 802 quibus-

1042 820 1105 847 dam
1117 816 1375 854 quasiidololatris?
1390 815 1455 851 quid
1470 822 1576 849 nupero
1599 813 1720 840 historiae
1741 812 1829 839 eccle-

203 858 336 889 trnitatem
343 857 496 886 secundum
508 856 725 889 sabsistentiam,
739 856 836 883 ἕνωσιν
849 854 910 881 καθ’
924 855 990 881 ὑπό-

1045 853 1158 893 siastica:
1167 863 1311 898 interpreti
1323 861 1444 890 Gallico?
1457 861 1550 895 Neque
1562 859 1634 887 enim
1647 866 1736 888 causa:
1750 857 1829 893 quid-

162 924 171 928 -
203 912 309 935 στασιν,
324 903 374 931 Dei
386 903 469 932 Verbi
493 902 527 930 ad
552 909 663 930 carnem
693 901 871 933 conﬁtentur,
892 903 991 927 etnon

201 948 414 979 anathematizat
427 955 470 981 ea,
486 952 515 976 et
527 955 576 975 eos
592 947 640 983 qui
666 946 766 974 similia
786 946 827 974 eis
839 948 990 980 sapucrunt

202 994 246 1022 rei
260 994 392 1030 sapiunt;
407 994 520 1029 insuper
537 997 630 1021 autem
652 997 680 1021 et
693 999 789 1020 omnes
809 991 856 1026 qui
873 991 990 1025 scripse-

203 1042 268 1069 runt
295 1044 391 1066 contra
408 1038 507 1070 ﬁdem,
532 1042 560 1065 et
576 1040 701 1066 sanctum
723 1036 867 1072 Cyrillum,
882 1039 910 1062 et
924 1035 992 1062 duo-

202 1085 292 1112 decim
309 1085 369 1119 ejus
388 1083 518 1118 capitula,
535 1088 564 1110 et
591 1090 678 1118 usque
697 1082 731 1109 ad
755 1086 874 1109 mortem
895 1081 923 1109 in
943 1081 990 1108 tali

202 1131 342 1164 impietate
354 1133 581 1166 permanserunt;
604 1128 666 1154 talis
686 1127 832 1154 anathema
846 1127 892 1155 sit.
908 1136 917 1152 ι

235 1175 270 1208 Ut
284 1174 455 1210 expendatur
468 1174 588 1215 gravitas
599 1173 714 1208 hujusce
726 1172 887 1204 testimonii,
901 1179 991 1206 operae

202 1221 320 1256 pretium
332 1224 374 1248 est
389 1221 536 1248 observare
553 1228 561 1246 :

239 1267 263 1294 ι.
279 1266 406 1300 Quintam
430 1265 563 1302 synodum
580 1269 657 1292 tanta
677 1263 803 1292 certioris
820 1270 880 1290 esse
894 1267 991 1290 aucto-

202 1311 302 1344 ritatis,
316 1310 420 1346 Quanto
435 1310 587 1339 consuitius
610 1310 644 1338 ab
658 1309 782 1337 Ecclesia
796 1308 932 1336 catholica
946 1315 991 1335 re-

202 1362 283 1392 cepta.
293 1362 345 1390 est.
363 1357 431 1391 Nam
447 1360 510 1392 post
530 1355 771 1384 schismatieorum
788 1355 947 1382 diuturnam
964 1358 992 1381 et

203 1403 371 1435 obstinatam
398 1402 626 1439 repugnantiam,
656 1401 819 1429 examinatis
847 1400 992 1436 diligenter

203 1448 332 1481 omnibus
356 1456 419 1484 quae
442 1448 640 1484 objicerentur,
670 1447 860 1474 annitentibus
876 1447 992 1474 summis

203 1494 390 1529 pontificibus,
402 1495 515 1530 ipsoque
534 1503 590 1531 prce
603 1493 710 1522 caeteris
719 1493 911 1521 vehementius
922 1493 990 1520 (ιι-(μ

203 1539 280 1574 goria
300 1539 348 1572 DL,
364 1539 466 1576 ubique
481 1544 616 1566 terrarum
639 1538 789 1574 approbata
802 1542 854 1570 est,
878 1542 960 1572 atque
977 1545 993 1564 a

203 1584 438 1620 consequentibus
463 1583 552 1611 tribus
571 1582 749 1611 meumenicis
764 1582 888 1610 conciliis
905 1582 993 1617 pluri-

204 1624 311 1665 misque
322 1628 484 1657 nominatim
499 1628 676 1665 pontiﬁcibus
686 1631 824 1662 suscepta.

238 1674 266 1701 2.
290 1673 433 1711 Canonem
458 1682 503 1702 xui
527 1682 626 1710 neque
641 1673 794 1702 adulatorie
817 1673 994 1708 desumptum

203 1727 264 1748 esse
284 1727 318 1747 ex
343 1712 492 1748 Justiniani
509 1720 612 1758 scripto
633 1719 765 1748 adversus
792 1719 846 1747 tria
862 1719 993 1754 capitula,

204 1766 277 1802 quod
297 1773 353 1795 non
370 1773 453 1793 nemo
465 1774 549 1794 ausus
571 1770 614 1794 est
641 1765 764 1798 causari;
782 1772 871 1800 neque
891 1769 995 1792 temere

204 1811 358 1844 conditum,
375 1819 458 1839 causa
476 1811 614 1840 incuriose
633 1811 758 1846 cognita,
779 1811 852 1846 quod
866 1810 938 1838 idem
952 1813 994 1837 te-

205 1863 282 1888 mere
297 1855 423 1891 protulit.
438 1855 508 1884 Nam
520 1856 549 1884 in
565 1855 723 1891 praefatione
736 1863 872 1883 canonum
888 1854 994 1887 Patres,

209 1910 222 1927 ο
239 1901 279 1928 Ex
298 1900 352 1933 his,
372 1900 511 1935 inquiunt,
528 1908 589 1935 quae
607 1901 690 1936 impie
702 1908 718 1927 a
735 1900 909 1927 'l‘heodoreto
926 1907 993 1927 con-

205 1953 249 1975 tra
261 1950 364 1976 rectam
382 1945 475 1979 ﬁdem,
491 1951 519 1973 et
533 1945 680 1974 duodecim
704 1945 822 1981 capitula
835 1945 863 1973 S.
881 1942 1003 1981 Cyrilli,’

204 1996 234 2020 et
254 1996 351 2020 contra
373 1992 540 2028 Ephesinam
557 1992 672 2028 primam
696 1991 845 2028 synodum,
865 1998 916 2018 nee
938 1999 993 2019 non

205 2039 330 2073 quadam
346 2038 381 2065 ad
405 2037 594 2065 defensionem
610 2037 749 2065 Theodori
763 2041 791 2064 et
811 2036 930 2064 Nestorii
944 2036 994 2063 im-

205 2083 314 2119 piorum
329 2083 363 2111 ab
378 2090 411 2111 eo
437 2082 593 2118 conscripta
609 2082 645 2110 ad
668 2082 882 2110 satisfactionem
900 2082 993 2117 legen-

205 2129 274 2157 tium
287 2129 316 2157 in
328 2129 412 2165 gestis
427 2128 501 2167 apud
527 2136 577 2156 nos
595 2127 727 2156 confectis
743 2128 854 2156 recitari
868 2132 897 2156 et
909 2128 993 2156 inseri

1040 920 1122 948 quam
1138 916 1189 943 est,
1212 919 1262 939 cur
1279 918 1308 938 se
1331 907 1511 937 eruditissimi
1539 905 1679 934 Sirmondi
1702 904 1828 939 exemplo

1042 961 1170 985 tueantur
1187 965 1193 984 :
1210 957 1310 984 fatetur
1323 955 1398 982 enim
1411 954 1456 981 ille
1470 957 1564 988 aperte
1586 959 1666 986 opus,
1675 958 1729 986 quo
1740 949 1831 976 Theo-

1041 1006 1156 1032 doretus
1175 1004 1203 1031 S.
1220 1002 1315 1038 Cyrilli
1336 1001 1460 1035 Capitula
1483 998 1670 1034 reprehendit,
1694 995 1831 1031 ejusmodi

1041 1058 1111 1083 esse,
1130 1059 1138 1075 ι
1156 1054 1186 1077 ut
1199 1048 1273 1084 apud
1292 1047 1354 1074 illos
1368 1046 1451 1074 etiam
1479 1045 1526 1080 qui
1541 1047 1640 1071 caetera
1656 1042 1828 1077 probarent,

1041 1087 1194 1123 censoriam
1213 1098 1307 1122 notam
1322 1092 1480 1120 sustineret.
1501 1100 1509 1116 ι
1529 1090 1588 1123 Quo
1605 1089 1689 1120 dicto,
1706 1087 1829 1115 ostendit

1042 1142 1083 1168 vir
1114 1140 1323 1168 eordatissimus
1345 1145 1383 1170 sc,
1403 1132 1426 1164 si
1444 1143 1505 1171 qua:
1528 1135 1620 1170 priora
1638 1133 1727 1160 isthoe
1746 1137 1828 1166 opere

1041 1191 1134 1221 postea
1151 1186 1223 1214 edita
1239 1189 1313 1216 sunt,
1325 1184 1449 1214 vidisset,
1469 1189 1501 1209 ea
1522 1179 1635 1216 perinde
1655 1178 1828 1213 improbatu-

1042 1240 1114 1264 rum,
1131 1239 1162 1258 ac
1181 1229 1426 1265 reprehensionem
1447 1227 1640 1262 capitulorum,
1656 1231 1737 1259 quam
1752 1223 1828 1249 velut

1042 1275 1256 1304 erubescendam
1268 1273 1414 1308 quamdam
1432 1269 1597 1299 luxuriantis
1618 1269 1722 1305 ingenii
1747 1267 1828 1295 abor-

1042 1322 1144 1350 tionem
1160 1321 1187 1348 in
1200 1319 1378 1355 appendicem
1390 1317 1493 1353 reiecit.

1192 1392 1315 1413 PELAGIUS
1331 1392 1348 1411 Il
1359 1391 1392 1410 Ετ
1403 1388 1547 1410 ῦηεοοιηυε
1563 1387 1675 1407 MAGNUS.

1076 1452 1142 1480 Vill.
1168 1451 1254 1479 Istrizn
1275 1448 1396 1484 episcopi
1421 1450 1592 1475 recesserant
1609 1444 1830 1472 acommunione

1044 1496 1173 1523 Ecclesia:
1189 1495 1339 1526 catltolicat,
1353 1494 1387 1520 ob
1404 1493 1572 1528 pertinacem
1596 1491 1679 1518 trium
1694 1489 1829 1525 capitulo-

1044 1549 1105 1569 rum
1122 1541 1149 1568 in
1165 1541 1261 1576 quinta
1283 1539 1388 1574 synodo
1411 1539 1603 1566 damnatorum
1630 1535 1828 1563 defensionem.

1044 1587 1097 1615 Eos
1113 1594 1175 1614 cum
1191 1586 1274 1613 vellet
1286 1585 1410 1620 Pelagius
1420 1583 1542 1618 pontifex
1553 1582 1586 1609 ad
1601 1581 1735 1609 unitatem
1751 1587 1830 1607 revo-

1044 1640 1117 1664 care,
1127 1631 1257 1659 convenit
1266 1631 1392 1666 epistola,
1409 1637 1464 1664 qua
1480 1633 1507 1656 et
1520 1629 1616 1663 quinta
1629 1626 1750 1662 synodus
1761 1633 1830 1661 pura

1044 1677 1185 1714 iniustitia:
1200 1677 1448 1708 demonstraretur,
1464 1679 1492 1702 et
1509 1673 1678 1701 Theodoreti
1700 1672 1832 1699 aliorum-

1044 1730 1098 1759 que
1111 1723 1228 1750 duorum
1243 1729 1324 1750 causa
1335 1722 1495 1757 agitaretur.

1081 1769 1232 1805 Epistolam
1253 1768 1364 1795 nomine
1388 1766 1526 1802 pontiﬁcis
1554 1764 1664 1800 scripsit
1684 1763 1832 1799 Gregorius

1044 1815 1081 1843 M.
1097 1819 1162 1842 tunc
1176 1813 1290 1849 quidem
1302 1813 1444 1845 diaconus,
1460 1811 1508 1839 sed
1526 1811 1610 1839 totius
1629 1815 1719 1838 tamen
1734 1810 1831 1837 Eccle—

1045 1862 1092 1890 sia:
1107 1861 1294 1889 doctissimus.
1313 1859 1343 1886 In
1356 1859 1407 1886 hac
1424 1866 1491 1886 vero
1513 1862 1658 1893 postquam
1673 1855 1832 1883 adduxisset

1045 1907 1181 1934 rerbatim
1191 1910 1320 1940 excerpta
1334 1903 1412 1932 Marii
1426 1902 1584 1931 Mercatoris
1596 1901 1729 1928 adversus
1742 1899 1832 1926 Theo-

1045 1951 1182 1983 doretum,
1198 1950 1355 1985 subiungit:
1376 1957 1385 1974 ‹
1395 1947 1461 1981 Quis
1475 1947 1543 1978 haec.
1555 1946 1654 1973 fratres
1665 1943 1830 1975 eharissimi.

1045 1998 1125 2033 plena
1144 1996 1218 2024 omni
1233 1995 1374 2030 impietate
1388 2002 1444 2021 non
1462 1993 1573 2021 videat?
1589 2000 1605 2019 a
1618 1991 1719 2027 quibus
1741 1994 1831 2016 tamen

1045 2046 1152 2071 constat
1177 2041 1252 2077 quod
1271 2048 1299 2068 se
1315 2039 1490 2075 postmodum
1508 2038 1566 2073 ipse
1588 2036 1717 2068 correxit,
1741 2035 1789 2070 qui
1803 2034 1831 2061 in

1045 2093 1138 2117 saneta
1146 2087 1364 2116 Calchedonensi
1381 2085 1485 2122 synodo
1504 2083 1661 2113 Nestorium
1675 2083 1832 2110 anathema-

1046 2134 1131 2162 tizare
1158 2131 1306 2160 consensit.
1321 2131 1388 2164 Quis
1409 2139 1464 2158 non
1478 2130 1581 2162 videat,
1599 2133 1701 2165 quanta
1719 2127 1831 2156 temeri-

205 2174 396 2211 perepeximus
413 2183 423 2201 ε
438 2178 472 2202 ut
483 2175 572 2202 sciant
592 2181 698 2207 omnes,
713 2173 787 2209 quod
797 2174 870 2210 juste
882 2173 928 2201 isti
942 2174 991 2210 eji-

1047 2183 1102 2206 tate
1119 2178 1231 2214 plenum
1250 2177 1296 2210 sit,
1323 2176 1490 2204 Theodoreti
1519 2175 1620 2209 scripta
1646 2172 1832 2209 superbiendo

204 2220 318 2249 cinntur
339 2225 368 2248 et
385 2219 664 2249 anathematizantur.
683 2228 692 2245 ι
712 2219 747 2247 Et
767 2227 835 2247 vero
859 2219 951 2248 collat.
965 2218 992 2252 5,

205 2270 349 2301 postquam
376 2266 447 2293 lecta
473 2268 539 2293 sunt
565 2265 719 2300 conscripta
738 2265 790 2292 ista
816 2264 992 2297 Theodoreti,

209 2321 219 2337 ‹
237 2315 332 2339 sancta
351 2311 473 2347 synodus
492 2311 580 2338 dixit:
596 2311 636 2339 Ex
655 2311 708 2344 his,
728 2319 788 2346 qua:
801 2310 883 2346 impie
901 2311 993 2338 Theo-

205 2356 319 2384 doretus
333 2356 412 2394 εει
430 2355 603 2391 conscripsit,
617 2355 742 2383 miranda
759 2359 802 2383 est
817 2356 955 2384 subtilitas
970 2355 993 2372 ’⁸

206 2402 293 2431 sancti
311 2402 545 2432 Chalcedonensis
563 2402 683 2430 concilii.
709 2402 805 2430 Sciens
837 2403 911 2430 enim
935 2403 995 2439 ejus

205 2447 402 2485 blasphemias,
421 2448 501 2484 prius
513 2447 625 2484 quidem
647 2447 741 2475 multis
755 2448 854 2483 saepius
877 2456 927 2476 usa
950 2454 995 2477 est

206 2497 305 2521 contra
321 2501 385 2522 eum
396 2493 659 2526 exclamationibus;
675 2497 770 2528 postea
789 2501 854 2521 vero
872 2501 927 2522 non
941 2494 992 2522 ali-

208 2542 251 2566 ter
274 2547 340 2568 eum
366 2538 542 2575 suscepisset,
559 2538 613 2566 nisi
637 2538 714 2575 prius
734 2539 994 2568 anathematizasset

206 2583 377 2617 Nestorium,
390 2586 505 2620 ejusque
517 2583 710 2618 blasphemias,
729 2591 778 2618 pro
794 2585 895 2619 quibus
913 2589 992 2613 antea

207 2630 329 2665 scripsit,
344 2630 496 2658 defendens
511 2638 585 2658 eas.»

240 2674 266 2702 5.
283 2675 391 2708 Libros,
405 2675 453 2710 qui
475 2675 652 2702 nominantur
665 2674 698 2706 η,
721 2682 780 2701 esse
792 2675 991 2710 Pentalogium,

1047 2224 1207 2256 defendere,
1232 2230 1293 2258 quae
1315 2222 1444 2250 eumdem
1462 2223 1551 2258 ipsum
1563 2224 1671 2249 constat
1686 2224 1760 2248 recta
1772 2223 1833 2254 post

1047 2267 1202 2304 proﬁtendo
1216 2268 1360 2295 damnasse
1377 2266 1398 2283 ³⁸
1410 2266 1423 2294 ?

1046 2336 1128 2372 462
1143 2343 1169 2363 vr
1185 2342 1308 2367 srsonrs,
1321 2343 1353 2361 nr
1364 2340 1564 2365 consequere-ms
1579 2340 1659 2360 suum
1672 2338 1832 2360 PONTIHCZS.

1083 2403 1128 2431 IX.
1158 2403 1238 2430 Sexta
1270 2402 1392 2438 synodus
1412 2401 1518 2436 recepit
1536 2400 1639 2436 quinta:
1658 2406 1787 2431 canones,
1805 2401 1833 2425 et

1047 2448 1326 2484 seriptaITheodorcti
1339 2447 1471 2475 adversus
1495 2446 1523 2474 S.
1544 2445 1636 2482 Cyrilli
1650 2444 1834 2480 Capituiaex-

1046 2502 1140 2530 presse
1154 2494 1259 2529 rejccit.
1277 2493 1344 2521 lude
1364 2497 1424 2520 orla
1453 2496 1496 2520 est
1520 2491 1629 2519 occasio
1649 2489 1832 2525 componendi

1046 2539 1232 2575 professiones
1253 2538 1314 2566 illas
1344 2538 1416 2571 fidei,
1439 2538 1510 2566 libro
1528 2537 1629 2564 diurno
1645 2535 1832 2563 Romanorum

1047 2584 1207 2620 pontiﬁcum
1228 2588 1381 2614 contentas,
1406 2591 1473 2618 quas
1495 2582 1668 2618 postmodum
1696 2583 1704 2592 '
1732 2580 1833 2608 summi

1048 2630 1191 2665 pontiﬁces
1204 2630 1230 2657 in
1246 2630 1419 2657 ordinatione
1438 2637 1485 2656 sua
1497 2629 1664 2656 emitterent.
1679 2627 1707 2654 lu
1724 2626 1767 2654 his
1784 2634 1834 2653 au-

1049 2681 1102 2703 tem
1116 2676 1358 2710 damnantur,qua>
1368 2675 1557 2702 Thoodoretus
1572 2674 1704 2702 adversus
1715 2672 1794 2700 fidem
1804 2675 1834 2699 et

870 2750 1027 2779 SCIIULle
1047 2751 1151 2779 ΝΟΤᾹΞ

243 2826 275 2842 ⁵⁷⁸
291 2825 352 2854 Vill.
365 2835 457 2863 supra,
475 2836 501 2863 p.
513 2829 574 2856 255.
614 2830 636 2846 ²⁸
654 2829 788 2865 ἁκρῖϐεια.

828 2831 848 2844 ³⁵
866 2829 925 2856 \'id.
942 2837 1032 2863 supra,
1050 2837 1077 2864 ι).
1094 2829 1154 2856 ἓίέἰ.

1201 2832 1220 2841 ""
1235 2830 1345 2864 Reliqua
1362 2829 1421 2856 \itit'
1442 2837 1532 2864 supra,
1550 2837 1575 2864 ιι.
1592 2828 1654 2856 ‘li6.
