  <div class='ocr_page' id='page_1' title='image "/cluster/home/n/w/nwhite01/storage/ocr_20150623/84/pst.000005712830/012.png"; bbox 0 0 3954 6294; ppageno 0'>
   <div class='ocr_carea' id='block_1_1' title="bbox 227 351 3440 423">
    <p class='ocr_par' dir='ltr' id='par_1_1' title="bbox 269 363 3440 415">
     <span class='ocr_line' id='line_1_1' title="bbox 269 363 3412 388; baseline -0.003 -6"><span class='ocrx_word' id='word_1_1' title='bbox 269 377 334 384; x_wconf 34' lang='grc' dir='ltr'><strong>λη</strong></span> <span class='ocrx_word' id='word_1_2' title='bbox 348 379 366 383; x_wconf 91' lang='grc'>,.</span> <span class='ocrx_word' id='word_1_3' title='bbox 385 372 618 382; x_wconf 45' lang='grc' dir='ltr'><strong>-με-ς-..ο</strong></span> <span class='ocrx_word' id='word_1_4' title='bbox 739 374 1015 381; x_wconf 71' lang='lat'><strong>-..___._..__..-</strong></span> <span class='ocrx_word' id='word_1_5' title='bbox 1033 374 1130 381; x_wconf 62' lang='grc' dir='ltr'><strong>...οσ-</strong></span> <span class='ocrx_word' id='word_1_6' title='bbox 1159 373 1382 380; x_wconf 62' lang='lat'><strong>~—....—._._..</strong></span> <span class='ocrx_word' id='word_1_7' title='bbox 1397 371 1802 381; x_wconf 62' lang='lat'><strong>_._————..———</strong></span> <span class='ocrx_word' id='word_1_8' title='bbox 1833 363 3412 388; x_wconf 39' lang='lat' dir='ltr'><strong>ﬂ.-_._~——_———_——_—s.—-——-——_———-_—v*—.——’_—yﬂ.</strong></span> 
     </span>
     <span class='ocr_line' id='line_1_2' title="bbox 273 396 3440 415; baseline -0.003 -6"><span class='ocrx_word' id='word_1_9' title='bbox 273 404 504 412; x_wconf 61' lang='lat'><strong>-__,...—</strong></span> <span class='ocrx_word' id='word_1_10' title='bbox 699 406 730 415; x_wconf 56' lang='grc'><strong>,-</strong></span> <span class='ocrx_word' id='word_1_11' title='bbox 767 400 1200 408; x_wconf 46' lang='grc' dir='ltr'><strong>μ...........μ-,-ιτ,ν..</strong></span> <span class='ocrx_word' id='word_1_12' title='bbox 1315 403 1318 405; x_wconf 45' lang='grc' dir='ltr'>λ</span> <span class='ocrx_word' id='word_1_13' title='bbox 1493 400 1598 405; x_wconf 57' lang='grc' dir='ltr'><strong>η-νςν-</strong></span> <span class='ocrx_word' id='word_1_14' title='bbox 1627 401 1636 403; x_wconf 54' lang='grc' dir='ltr'><strong>μ-</strong></span> <span class='ocrx_word' id='word_1_15' title='bbox 1669 400 1716 408; x_wconf 62' lang='grc' dir='ltr'><strong>»ν</strong></span> <span class='ocrx_word' id='word_1_16' title='bbox 1745 401 1766 404; x_wconf 52' lang='grc' dir='ltr'><strong>-λ</strong></span> <span class='ocrx_word' id='word_1_17' title='bbox 1801 399 1844 405; x_wconf 58' lang='grc' dir='ltr'><strong>α»</strong></span> <span class='ocrx_word' id='word_1_18' title='bbox 1871 399 1902 405; x_wconf 69' lang='grc' dir='ltr'><strong>ρ-</strong></span> <span class='ocrx_word' id='word_1_19' title='bbox 1965 400 1972 402; x_wconf 64' lang='lat'>~</span> <span class='ocrx_word' id='word_1_20' title='bbox 2013 401 2106 406; x_wconf 56' lang='lat'><strong>-..._.</strong></span> <span class='ocrx_word' id='word_1_21' title='bbox 2183 401 2200 406; x_wconf 65' lang='grc' dir='ltr'><strong><em>ο</em></strong></span> <span class='ocrx_word' id='word_1_22' title='bbox 2286 399 2652 408; x_wconf 50' lang='grc' dir='ltr'><strong>--νιη--σ---νςι--η-σ</strong></span> <span class='ocrx_word' id='word_1_23' title='bbox 2671 398 2746 405; x_wconf 57' lang='grc' dir='ltr'><strong>ι-«υο-</strong></span> <span class='ocrx_word' id='word_1_24' title='bbox 2792 404 2818 411; x_wconf 64' lang='grc'><em>.,</em></span> <span class='ocrx_word' id='word_1_25' title='bbox 2989 397 3032 404; x_wconf 64' lang='grc'><strong>.-</strong></span> <span class='ocrx_word' id='word_1_26' title='bbox 3099 396 3220 404; x_wconf 56' lang='grc' dir='ltr'><strong>-ςν-</strong></span> <span class='ocrx_word' id='word_1_27' title='bbox 3294 400 3334 407; x_wconf 61' lang='grc'><strong>,-</strong></span> <span class='ocrx_word' id='word_1_28' title='bbox 3415 397 3440 405; x_wconf 62' lang='grc'><strong>,-</strong></span> 
     </span>
    </p>
   </div>
   <div class='ocr_carea' id='block_1_2' title="bbox 837 615 2398 728">
    <p class='ocr_par' dir='ltr' id='par_1_2' title="bbox 837 615 2349 728">
     <span class='ocr_line' id='line_1_3' title="bbox 837 615 2349 728; baseline -0.005 -1"><span class='ocrx_word' id='word_1_29' title='bbox 837 615 1199 728; x_wconf 78' lang='lat' dir='ltr'><strong><em>LECTORI</em></strong></span> <span class='ocrx_word' id='word_1_30' title='bbox 1254 663 1707 725; x_wconf 73' lang='lat' dir='ltr'><strong><em>BENEVOLO</em></strong></span> <span class='ocrx_word' id='word_1_31' title='bbox 1760 662 1992 723; x_wconf 79' lang='grc' dir='ltr'><strong>ΙΟΑΝ.</strong></span> <span class='ocrx_word' id='word_1_32' title='bbox 2055 661 2349 723; x_wconf 65' lang='lat' dir='ltr'><strong>LUDOV.</strong></span> 
     </span>
    </p>
   </div>
   <div class='ocr_carea' id='block_1_3' title="bbox 1257 615 2818 728">
    <p class='ocr_par' dir='ltr' id='par_1_3' title="bbox 1257 646 2818 725">
     <span class='ocr_line' id='line_1_4' title="bbox 1257 646 2818 725; baseline -0.005 -2"><span class='ocrx_word' id='word_1_33' title='bbox 1257 663 1707 725; x_wconf 72' lang='lat' dir='ltr'><strong><em>BENEVOLO</em></strong></span> <span class='ocrx_word' id='word_1_34' title='bbox 1760 662 1992 723; x_wconf 80' lang='grc' dir='ltr'><strong>ΙΟΑΝ.</strong></span> <span class='ocrx_word' id='word_1_35' title='bbox 2055 661 2349 723; x_wconf 65' lang='lat' dir='ltr'><strong>LUDOV.</strong></span> <span class='ocrx_word' id='word_1_36' title='bbox 2413 646 2818 721; x_wconf 73' lang='lat' dir='ltr'><strong><em>SCHULZE.</em></strong></span> 
     </span>
    </p>
   </div>
   <div class='ocr_carea' id='block_1_4' title="bbox 284 938 3459 1014">
    <p class='ocr_par' dir='ltr' id='par_1_4' title="bbox 284 938 3459 1014">
     <span class='ocr_line' id='line_1_5' title="bbox 284 938 3459 1014; baseline -0.003 -12"><span class='ocrx_word' id='word_1_37' title='bbox 284 944 560 1003; x_wconf 75' lang='lat' dir='ltr'><strong>Maximam</strong></span> <span class='ocrx_word' id='word_1_38' title='bbox 595 945 763 1000; x_wconf 87' lang='lat' dir='ltr'><strong>studii</strong></span> <span class='ocrx_word' id='word_1_39' title='bbox 789 938 1099 1014; x_wconf 82' lang='lat' dir='ltr'><strong>laborisque</strong></span> <span class='ocrx_word' id='word_1_40' title='bbox 1138 944 1312 998; x_wconf 80' lang='lat' dir='ltr'><strong>nostri</strong></span> <span class='ocrx_word' id='word_1_41' title='bbox 1363 952 1575 1012; x_wconf 90' lang='lat' dir='ltr'><strong>partem</strong></span> <span class='ocrx_word' id='word_1_42' title='bbox 1614 942 1719 997; x_wconf 88' lang='lat' dir='ltr'><strong>sibi</strong></span> <span class='ocrx_word' id='word_1_43' title='bbox 1755 941 2047 996; x_wconf 75' lang='lat' dir='ltr'><strong>vindicavit</strong></span> <span class='ocrx_word' id='word_1_44' title='bbox 2090 940 2315 995; x_wconf 87' lang='lat' dir='ltr'><strong>ultimus</strong></span> <span class='ocrx_word' id='word_1_45' title='bbox 2354 941 2516 1011; x_wconf 83' lang='lat' dir='ltr'>hujus</span> <span class='ocrx_word' id='word_1_46' title='bbox 2538 939 2798 994; x_wconf 76' lang='lat' dir='ltr'><strong>editionis</strong></span> <span class='ocrx_word' id='word_1_47' title='bbox 2829 949 3027 1003; x_wconf 90' lang='lat' dir='ltr'><strong>tomus,</strong></span> <span class='ocrx_word' id='word_1_48' title='bbox 3061 940 3119 993; x_wconf 90' lang='lat' dir='ltr'><strong>in</strong></span> <span class='ocrx_word' id='word_1_49' title='bbox 3158 954 3268 1008; x_wconf 92' lang='lat' dir='ltr'><strong>quo</strong></span> <span class='ocrx_word' id='word_1_50' title='bbox 3296 938 3459 991; x_wconf 84' lang='lat' dir='ltr'><strong>ador-</strong></span> 
     </span>
    </p>
   </div>
   <div class='ocr_carea' id='block_1_5' title="bbox 220 1050 3450 1126">
    <p class='ocr_par' dir='ltr' id='par_1_5' title="bbox 220 1050 3450 1126">
     <span class='ocr_line' id='line_1_6' title="bbox 220 1050 3450 1126; baseline -0.003 -10"><span class='ocrx_word' id='word_1_51' title='bbox 220 1062 390 1118; x_wconf 87' lang='lat' dir='ltr'><strong>nando</strong></span> <span class='ocrx_word' id='word_1_52' title='bbox 410 1075 625 1116; x_wconf 90' lang='lat' dir='ltr'><strong>omnem</strong></span> <span class='ocrx_word' id='word_1_53' title='bbox 657 1058 909 1113; x_wconf 77' lang='lat' dir='ltr'><strong>dedimus</strong></span> <span class='ocrx_word' id='word_1_54' title='bbox 939 1070 1157 1126; x_wconf 80' lang='lat' dir='ltr'><strong>operam</strong></span> <span class='ocrx_word' id='word_1_55' title='bbox 1189 1062 1269 1118; x_wconf 80' lang='lat' dir='ltr'><strong>ut.</strong></span> <span class='ocrx_word' id='word_1_56' title='bbox 1306 1069 1429 1123; x_wconf 81' lang='lat' dir='ltr'><strong>quae</strong></span> <span class='ocrx_word' id='word_1_57' title='bbox 1449 1052 1749 1108; x_wconf 86' lang='lat' dir='ltr'><strong>Garnerius</strong></span> <span class='ocrx_word' id='word_1_58' title='bbox 1784 1052 1913 1107; x_wconf 92' lang='lat' dir='ltr'><strong>olim</strong></span> <span class='ocrx_word' id='word_1_59' title='bbox 1945 1052 2001 1106; x_wconf 93' lang='lat' dir='ltr'><strong>in</strong></span> <span class='ocrx_word' id='word_1_60' title='bbox 2035 1051 2291 1106; x_wconf 83' lang='lat' dir='ltr'><strong>Auctario</strong></span> <span class='ocrx_word' id='word_1_61' title='bbox 2322 1065 2423 1104; x_wconf 91' lang='lat' dir='ltr'><strong>suo</strong></span> <span class='ocrx_word' id='word_1_62' title='bbox 2443 1057 2813 1120; x_wconf 79' lang='lat' dir='ltr'><strong>congesserat,</strong></span> <span class='ocrx_word' id='word_1_63' title='bbox 2841 1050 3221 1119; x_wconf 89' lang='lat' dir='ltr'><strong>locupletiora,</strong></span> <span class='ocrx_word' id='word_1_64' title='bbox 3247 1062 3325 1118; x_wconf 90' lang='lat' dir='ltr'><strong>et,</strong></span> <span class='ocrx_word' id='word_1_65' title='bbox 3357 1052 3450 1106; x_wconf 91' lang='lat' dir='ltr'><strong>ubi</strong></span> 
     </span>
    </p>
   </div>
   <div class='ocr_carea' id='block_1_6' title="bbox 158 1165 3455 1246">
    <p class='ocr_par' dir='ltr' id='par_1_6' title="bbox 158 1165 3455 1246">
     <span class='ocr_line' id='line_1_7' title="bbox 158 1165 3455 1246; baseline -0.001 -16"><span class='ocrx_word' id='word_1_66' title='bbox 158 1214 163 1219; x_wconf 70' lang='grc' dir='ltr'><em>ι</em></span> <span class='ocrx_word' id='word_1_67' title='bbox 216 1189 347 1246; x_wconf 89' lang='lat' dir='ltr'><strong>opus</strong></span> <span class='ocrx_word' id='word_1_68' title='bbox 376 1181 540 1237; x_wconf 89' lang='lat' dir='ltr'><strong>esset,</strong></span> <span class='ocrx_word' id='word_1_69' title='bbox 568 1169 940 1227; x_wconf 88' lang='lat' dir='ltr'><strong>emendatiora</strong></span> <span class='ocrx_word' id='word_1_70' title='bbox 968 1167 1273 1238; x_wconf 74' lang='lat' dir='ltr'><strong>prodirent.</strong></span> <span class='ocrx_word' id='word_1_71' title='bbox 1300 1166 1486 1237; x_wconf 90' lang='lat' dir='ltr'><strong>Longo</strong></span> <span class='ocrx_word' id='word_1_72' title='bbox 1526 1182 1638 1221; x_wconf 92' lang='lat' dir='ltr'><strong>non</strong></span> <span class='ocrx_word' id='word_1_73' title='bbox 1671 1167 1878 1220; x_wconf 86' lang='lat' dir='ltr'><strong>utimur</strong></span> <span class='ocrx_word' id='word_1_74' title='bbox 1910 1166 2224 1235; x_wconf 70' lang='lat' dir='ltr'><strong>praefamine</strong></span> <span class='ocrx_word' id='word_1_75' title='bbox 2258 1184 2269 1219; x_wconf 91' lang='lat'>:</span> <span class='ocrx_word' id='word_1_76' title='bbox 2303 1165 2371 1221; x_wconf 92' lang='lat' dir='ltr'><strong>de</strong></span> <span class='ocrx_word' id='word_1_77' title='bbox 2404 1167 2591 1221; x_wconf 89' lang='lat' dir='ltr'><strong>multis</strong></span> <span class='ocrx_word' id='word_1_78' title='bbox 2619 1166 2767 1221; x_wconf 90' lang='lat' dir='ltr'><strong>enim</strong></span> <span class='ocrx_word' id='word_1_79' title='bbox 2790 1167 3075 1223; x_wconf 90' lang='lat' dir='ltr'><strong>Lectorem</strong></span> <span class='ocrx_word' id='word_1_80' title='bbox 3101 1171 3211 1240; x_wconf 86' lang='lat' dir='ltr'><strong>jam</strong></span> <span class='ocrx_word' id='word_1_81' title='bbox 3243 1173 3300 1225; x_wconf 89' lang='lat' dir='ltr'><strong>in</strong></span> <span class='ocrx_word' id='word_1_82' title='bbox 3335 1173 3455 1243; x_wconf 88' lang='lat' dir='ltr'><strong>ipso</strong></span> 
     </span>
    </p>
   </div>
   <div class='ocr_carea' id='block_1_7' title="bbox 216 1280 3457 1362">
    <p class='ocr_par' dir='ltr' id='par_1_7' title="bbox 216 1280 3457 1362">
     <span class='ocr_line' id='line_1_8' title="bbox 216 1280 3457 1362; baseline -0.001 -15"><span class='ocrx_word' id='word_1_83' title='bbox 216 1304 394 1362; x_wconf 89' lang='lat' dir='ltr'><strong>opere,</strong></span> <span class='ocrx_word' id='word_1_84' title='bbox 424 1290 555 1359; x_wconf 83' lang='lat' dir='ltr'><strong>quia</strong></span> <span class='ocrx_word' id='word_1_85' title='bbox 592 1303 681 1341; x_wconf 89' lang='lat' dir='ltr'><strong>res</strong></span> <span class='ocrx_word' id='word_1_86' title='bbox 710 1286 784 1341; x_wconf 92' lang='lat' dir='ltr'><strong>ita</strong></span> <span class='ocrx_word' id='word_1_87' title='bbox 812 1284 1043 1349; x_wconf 89' lang='lat' dir='ltr'><strong>ferebat,</strong></span> <span class='ocrx_word' id='word_1_88' title='bbox 1072 1283 1476 1338; x_wconf 75' lang='lat' dir='ltr'><strong>admonuimus.</strong></span> <span class='ocrx_word' id='word_1_89' title='bbox 1520 1282 1762 1337; x_wconf 89' lang='lat' dir='ltr'><strong>Primum</strong></span> <span class='ocrx_word' id='word_1_90' title='bbox 1807 1281 1990 1337; x_wconf 89' lang='lat' dir='ltr'><strong>locum</strong></span> <span class='ocrx_word' id='word_1_91' title='bbox 2030 1288 2181 1336; x_wconf 90' lang='lat' dir='ltr'><strong>tenet</strong></span> <span class='ocrx_word' id='word_1_92' title='bbox 2220 1281 2570 1353; x_wconf 78' lang='lat' dir='ltr'><strong>Reprehensio</strong></span> <span class='ocrx_word' id='word_1_93' title='bbox 2609 1280 2718 1336; x_wconf 85' lang='lat' dir='ltr'><strong>XII</strong></span> <span class='ocrx_word' id='word_1_94' title='bbox 2750 1281 3326 1340; x_wconf 75' lang='lat' dir='ltr'><strong>Anathematismorum</strong></span> <span class='ocrx_word' id='word_1_95' title='bbox 3355 1286 3457 1358; x_wconf 43' lang='lat' dir='ltr'><strong>Cy‘</strong></span> 
     </span>
    </p>
   </div>
   <div class='ocr_carea' id='block_1_8' title="bbox 218 1396 3455 1474">
    <p class='ocr_par' dir='ltr' id='par_1_8' title="bbox 218 1396 3455 1474">
     <span class='ocr_line' id='line_1_9' title="bbox 218 1396 3455 1474; baseline -0.001 -15"><span class='ocrx_word' id='word_1_96' title='bbox 218 1403 321 1459; x_wconf 78' lang='lat' dir='ltr'><strong>rilh&#39;</strong></span> <span class='ocrx_word' id='word_1_97' title='bbox 369 1401 468 1474; x_wconf 80' lang='grc' dir='ltr'><strong>(ο),</strong></span> <span class='ocrx_word' id='word_1_98' title='bbox 499 1417 568 1456; x_wconf 81' lang='lat' dir='ltr'><strong>ex</strong></span> <span class='ocrx_word' id='word_1_99' title='bbox 600 1398 876 1456; x_wconf 87' lang='lat' dir='ltr'><strong>Sirmondi</strong></span> <span class='ocrx_word' id='word_1_100' title='bbox 901 1407 1211 1468; x_wconf 64' lang='lat' dir='ltr'><strong>nostraeque</strong></span> <span class='ocrx_word' id='word_1_101' title='bbox 1248 1396 1510 1452; x_wconf 86' lang='lat' dir='ltr'><strong>editionis</strong></span> <span class='ocrx_word' id='word_1_102' title='bbox 1540 1404 1687 1450; x_wconf 92' lang='lat' dir='ltr'><strong>tomo</strong></span> <span class='ocrx_word' id='word_1_103' title='bbox 1710 1405 1907 1465; x_wconf 89' lang='lat' dir='ltr'><strong>quarto</strong></span> <span class='ocrx_word' id='word_1_104' title='bbox 1935 1396 2117 1451; x_wconf 89' lang='lat' dir='ltr'><strong>adhuc</strong></span> <span class='ocrx_word' id='word_1_105' title='bbox 2146 1397 2374 1467; x_wconf 89' lang='lat' dir='ltr'><strong>reliqua.</strong></span> <span class='ocrx_word' id='word_1_106' title='bbox 2415 1398 2495 1451; x_wconf 76' lang='lat' dir='ltr'><strong><em>Ex</em></strong></span> <span class='ocrx_word' id='word_1_107' title='bbox 2519 1397 2780 1453; x_wconf 87' lang='lat' dir='ltr'><strong>Auctario</strong></span> <span class='ocrx_word' id='word_1_108' title='bbox 2808 1397 3058 1454; x_wconf 89' lang='lat' dir='ltr'><strong>Garnerii</strong></span> <span class='ocrx_word' id='word_1_109' title='bbox 3091 1415 3157 1455; x_wconf 91' lang='lat' dir='ltr'><strong>ea</strong></span> <span class='ocrx_word' id='word_1_110' title='bbox 3181 1401 3363 1456; x_wconf 85' lang='lat' dir='ltr'><strong>omnia</strong></span> <span class='ocrx_word' id='word_1_111' title='bbox 3400 1403 3455 1456; x_wconf 88' lang='lat' dir='ltr'><strong>in</strong></span> 
     </span>
    </p>
   </div>
   <div class='ocr_carea' id='block_1_9' title="bbox 216 1510 3453 1584">
    <p class='ocr_par' dir='ltr' id='par_1_9' title="bbox 216 1510 3453 1584">
     <span class='ocr_line' id='line_1_10' title="bbox 216 1510 3453 1584; baseline -0.001 -11"><span class='ocrx_word' id='word_1_112' title='bbox 216 1520 357 1573; x_wconf 82' lang='lat' dir='ltr'><strong>hunc</strong></span> <span class='ocrx_word' id='word_1_113' title='bbox 385 1526 593 1572; x_wconf 88' lang='lat' dir='ltr'><strong>tomum</strong></span> <span class='ocrx_word' id='word_1_114' title='bbox 633 1513 815 1584; x_wconf 77' lang='lat' dir='ltr'><strong>colligi</strong></span> <span class='ocrx_word' id='word_1_115' title='bbox 844 1511 1177 1575; x_wconf 84' lang='lat' dir='ltr'><strong>debuerunt.</strong></span> <span class='ocrx_word' id='word_1_116' title='bbox 1210 1525 1332 1580; x_wconf 71' lang='lat' dir='ltr'><strong>quae</strong></span> <span class='ocrx_word' id='word_1_117' title='bbox 1353 1518 1720 1580; x_wconf 91' lang='lat' dir='ltr'><strong>opportunum</strong></span> <span class='ocrx_word' id='word_1_118' title='bbox 1764 1510 1821 1565; x_wconf 87' lang='lat' dir='ltr'><strong>in</strong></span> <span class='ocrx_word' id='word_1_119' title='bbox 1863 1511 2246 1581; x_wconf 84' lang='lat' dir='ltr'><strong>superioribus</strong></span> <span class='ocrx_word' id='word_1_120' title='bbox 2279 1510 2522 1566; x_wconf 91' lang='lat' dir='ltr'><strong>nondum</strong></span> <span class='ocrx_word' id='word_1_121' title='bbox 2550 1517 2714 1566; x_wconf 90' lang='lat' dir='ltr'><strong>nacta</strong></span> <span class='ocrx_word' id='word_1_122' title='bbox 2741 1520 2897 1566; x_wconf 86' lang='lat' dir='ltr'><strong>erant</strong></span> <span class='ocrx_word' id='word_1_123' title='bbox 2925 1512 3107 1568; x_wconf 90' lang='lat' dir='ltr'><strong>locum</strong></span> <span class='ocrx_word' id='word_1_124' title='bbox 3142 1531 3153 1566; x_wconf 91' lang='lat'><strong>:</strong></span> <span class='ocrx_word' id='word_1_125' title='bbox 3186 1515 3453 1570; x_wconf 88' lang='lat' dir='ltr'><strong>nonnulla</strong></span> 
     </span>
    </p>
   </div>
   <div class='ocr_carea' id='block_1_10' title="bbox 216 1627 3457 1703">
    <p class='ocr_par' dir='ltr' id='par_1_10' title="bbox 216 1627 3457 1703">
     <span class='ocr_line' id='line_1_11' title="bbox 216 1627 3457 1703; baseline -0.002 -15"><span class='ocrx_word' id='word_1_126' title='bbox 216 1633 355 1688; x_wconf 89' lang='lat' dir='ltr'><strong>enim</strong></span> <span class='ocrx_word' id='word_1_127' title='bbox 373 1633 482 1703; x_wconf 88' lang='lat' dir='ltr'><strong>jam</strong></span> <span class='ocrx_word' id='word_1_128' title='bbox 506 1640 656 1685; x_wconf 90' lang='lat' dir='ltr'><strong>tomo</strong></span> <span class='ocrx_word' id='word_1_129' title='bbox 683 1630 861 1699; x_wconf 91' lang='lat' dir='ltr'><strong>primo</strong></span> <span class='ocrx_word' id='word_1_130' title='bbox 884 1630 941 1683; x_wconf 91' lang='lat' dir='ltr'><strong>in</strong></span> <span class='ocrx_word' id='word_1_131' title='bbox 969 1628 1392 1685; x_wconf 85' lang='lat' dir='ltr'><strong>Commentariis</strong></span> <span class='ocrx_word' id='word_1_132' title='bbox 1418 1627 1486 1682; x_wconf 89' lang='lat' dir='ltr'><strong>ad</strong></span> <span class='ocrx_word' id='word_1_133' title='bbox 1518 1627 1763 1682; x_wconf 89' lang='lat' dir='ltr'><strong>Psalmos</strong></span> <span class='ocrx_word' id='word_1_134' title='bbox 1796 1628 2226 1697; x_wconf 84' lang='lat' dir='ltr'><strong>pertinentibus,</strong></span> <span class='ocrx_word' id='word_1_135' title='bbox 2260 1636 2317 1683; x_wconf 90' lang='lat' dir='ltr'><strong>et</strong></span> <span class='ocrx_word' id='word_1_136' title='bbox 2339 1637 2487 1684; x_wconf 84' lang='lat' dir='ltr'><strong>torno</strong></span> <span class='ocrx_word' id='word_1_137' title='bbox 2507 1637 2703 1699; x_wconf 91' lang='lat' dir='ltr'><strong>quarto</strong></span> <span class='ocrx_word' id='word_1_138' title='bbox 2722 1638 2833 1683; x_wconf 86' lang='lat' dir='ltr'><strong>tum</strong></span> <span class='ocrx_word' id='word_1_139' title='bbox 2859 1628 2928 1683; x_wconf 91' lang='lat' dir='ltr'><strong>ad</strong></span> <span class='ocrx_word' id='word_1_140' title='bbox 2959 1628 3130 1685; x_wconf 91' lang='lat' dir='ltr'><strong>libros</strong></span> <span class='ocrx_word' id='word_1_141' title='bbox 3152 1630 3232 1685; x_wconf 85' lang='lat' dir='ltr'><strong>De</strong></span> <span class='ocrx_word' id='word_1_142' title='bbox 3261 1648 3457 1685; x_wconf 83' lang='lat' dir='ltr'><strong>curan-</strong></span> 
     </span>
    </p>
   </div>
   <div class='ocr_carea' id='block_1_11' title="bbox 215 1744 3454 1817">
    <p class='ocr_par' dir='ltr' id='par_1_11' title="bbox 215 1744 3454 1817">
     <span class='ocr_line' id='line_1_12' title="bbox 215 1744 3454 1817; baseline -0.001 -13"><span class='ocrx_word' id='word_1_143' title='bbox 215 1750 289 1803; x_wconf 72' lang='lat' dir='ltr'><strong>dis</strong></span> <span class='ocrx_word' id='word_1_144' title='bbox 322 1748 620 1804; x_wconf 64' lang='lat' dir='ltr'><strong>Graecorum</strong></span> <span class='ocrx_word' id='word_1_145' title='bbox 643 1746 1017 1817; x_wconf 67' lang='lat' dir='ltr'><strong>affectionibus,</strong></span> <span class='ocrx_word' id='word_1_146' title='bbox 1050 1752 1163 1799; x_wconf 87' lang='lat' dir='ltr'><strong>tum</strong></span> <span class='ocrx_word' id='word_1_147' title='bbox 1195 1745 1251 1798; x_wconf 91' lang='lat' dir='ltr'><strong>in</strong></span> <span class='ocrx_word' id='word_1_148' title='bbox 1274 1744 1597 1799; x_wconf 89' lang='lat' dir='ltr'><strong>collectione</strong></span> <span class='ocrx_word' id='word_1_149' title='bbox 1625 1744 1981 1814; x_wconf 89' lang='lat' dir='ltr'><strong>epistolarum</strong></span> <span class='ocrx_word' id='word_1_150' title='bbox 2013 1744 2366 1809; x_wconf 82' lang='lat' dir='ltr'><strong>Theodereti,</strong></span> <span class='ocrx_word' id='word_1_151' title='bbox 2402 1746 2566 1801; x_wconf 86' lang='lat' dir='ltr'><strong>allata</strong></span> <span class='ocrx_word' id='word_1_152' title='bbox 2594 1761 2715 1801; x_wconf 88' lang='lat' dir='ltr'><strong>esse</strong></span> <span class='ocrx_word' id='word_1_153' title='bbox 2763 1756 2987 1811; x_wconf 84' lang='lat' dir='ltr'><strong>norunt,</strong></span> <span class='ocrx_word' id='word_1_154' title='bbox 3020 1753 3291 1817; x_wconf 90' lang='lat' dir='ltr'><strong>quotquot</strong></span> <span class='ocrx_word' id='word_1_155' title='bbox 3332 1746 3454 1802; x_wconf 91' lang='lat' dir='ltr'><strong>edi-</strong></span> 
     </span>
    </p>
   </div>
   <div class='ocr_carea' id='block_1_12' title="bbox 216 1857 3455 1931">
    <p class='ocr_par' dir='ltr' id='par_1_12' title="bbox 216 1857 3455 1931">
     <span class='ocr_line' id='line_1_13' title="bbox 216 1857 3455 1931; baseline 0.001 -18"><span class='ocrx_word' id='word_1_156' title='bbox 216 1863 356 1917; x_wconf 87' lang='lat' dir='ltr'><strong>tione</strong></span> <span class='ocrx_word' id='word_1_157' title='bbox 380 1870 568 1917; x_wconf 88' lang='lat' dir='ltr'><strong>nostra</strong></span> <span class='ocrx_word' id='word_1_158' title='bbox 601 1869 852 1926; x_wconf 89' lang='lat' dir='ltr'><strong>utuntur,</strong></span> <span class='ocrx_word' id='word_1_159' title='bbox 884 1874 1185 1929; x_wconf 87' lang='lat' dir='ltr'><strong>omnesque</strong></span> <span class='ocrx_word' id='word_1_160' title='bbox 1219 1858 1549 1929; x_wconf 84' lang='lat' dir='ltr'><strong>intelligent,</strong></span> <span class='ocrx_word' id='word_1_161' title='bbox 1591 1857 1685 1929; x_wconf 93' lang='lat' dir='ltr'><strong>qui</strong></span> <span class='ocrx_word' id='word_1_162' title='bbox 1715 1857 1989 1923; x_wconf 86' lang='lat' dir='ltr'><strong>ordinem,</strong></span> <span class='ocrx_word' id='word_1_163' title='bbox 2018 1874 2126 1928; x_wconf 91' lang='lat' dir='ltr'><strong>quo</strong></span> <span class='ocrx_word' id='word_1_164' title='bbox 2166 1860 2375 1930; x_wconf 63' lang='lat' dir='ltr'><strong>paginae</strong></span> <span class='ocrx_word' id='word_1_165' title='bbox 2405 1860 2666 1915; x_wconf 88' lang='lat' dir='ltr'><strong>editionis</strong></span> <span class='ocrx_word' id='word_1_166' title='bbox 2704 1869 2907 1916; x_wconf 69' lang='lat' dir='ltr'><strong>nostrae</strong></span> <span class='ocrx_word' id='word_1_167' title='bbox 2938 1861 3153 1931; x_wconf 78' lang='lat' dir='ltr'><strong>paginis</strong></span> <span class='ocrx_word' id='word_1_168' title='bbox 3194 1861 3455 1916; x_wconf 87' lang='lat' dir='ltr'><strong>editionis</strong></span> 
     </span>
    </p>
   </div>
   <div class='ocr_carea' id='block_1_13' title="bbox 215 1976 3457 2053">
    <p class='ocr_par' dir='ltr' id='par_1_13' title="bbox 215 1976 3457 2053">
     <span class='ocr_line' id='line_1_14' title="bbox 215 1976 3457 2053; baseline 0.001 -20"><span class='ocrx_word' id='word_1_169' title='bbox 215 1980 409 2049; x_wconf 87' lang='lat' dir='ltr'><strong>prioris</strong></span> <span class='ocrx_word' id='word_1_170' title='bbox 436 1978 795 2049; x_wconf 86' lang='lat' dir='ltr'><strong>respondent,</strong></span> <span class='ocrx_word' id='word_1_171' title='bbox 821 1992 889 2032; x_wconf 80' lang='lat' dir='ltr'><strong>ex</strong></span> <span class='ocrx_word' id='word_1_172' title='bbox 920 1978 1101 2032; x_wconf 90' lang='lat' dir='ltr'><strong>tabula</strong></span> <span class='ocrx_word' id='word_1_173' title='bbox 1135 1976 1264 2031; x_wconf 90' lang='lat' dir='ltr'><strong>huic</strong></span> <span class='ocrx_word' id='word_1_174' title='bbox 1301 1976 1605 2046; x_wconf 80' lang='lat' dir='ltr'><strong>praefationi</strong></span> <span class='ocrx_word' id='word_1_175' title='bbox 1629 1977 1873 2047; x_wconf 90' lang='lat' dir='ltr'><strong>subjecta</strong></span> <span class='ocrx_word' id='word_1_176' title='bbox 1897 1993 2228 2048; x_wconf 88' lang='lat' dir='ltr'><strong>cognoscere</strong></span> <span class='ocrx_word' id='word_1_177' title='bbox 2250 1978 2442 2033; x_wconf 87' lang='lat' dir='ltr'><strong>velint.</strong></span> <span class='ocrx_word' id='word_1_178' title='bbox 2476 1978 2745 2045; x_wconf 82' lang='lat' dir='ltr'><strong>Lacunas,</strong></span> <span class='ocrx_word' id='word_1_179' title='bbox 2778 1994 2915 2048; x_wconf 89' lang='lat' dir='ltr'><strong>quas</strong></span> <span class='ocrx_word' id='word_1_180' title='bbox 2934 1979 3235 2035; x_wconf 87' lang='lat' dir='ltr'><strong>Garnerius</strong></span> <span class='ocrx_word' id='word_1_181' title='bbox 3261 1980 3318 2034; x_wconf 91' lang='lat' dir='ltr'><strong>in</strong></span> <span class='ocrx_word' id='word_1_182' title='bbox 3349 1980 3457 2053; x_wconf 86' lang='lat' dir='ltr'><strong>Hy-</strong></span> 
     </span>
    </p>
   </div>
   <div class='ocr_carea' id='block_1_14' title="bbox 216 2089 3454 2165">
    <p class='ocr_par' dir='ltr' id='par_1_14' title="bbox 216 2089 3454 2165">
     <span class='ocr_line' id='line_1_15' title="bbox 216 2089 3454 2165; baseline 0 -18"><span class='ocrx_word' id='word_1_183' title='bbox 216 2093 560 2163; x_wconf 86' lang='lat' dir='ltr'><strong>pomnesticis</strong></span> <span class='ocrx_word' id='word_1_184' title='bbox 590 2092 659 2146; x_wconf 90' lang='lat' dir='ltr'><strong>ad</strong></span> <span class='ocrx_word' id='word_1_185' title='bbox 689 2092 934 2147; x_wconf 88' lang='lat' dir='ltr'><strong>Psalmos</strong></span> <span class='ocrx_word' id='word_1_186' title='bbox 970 2089 1378 2161; x_wconf 87' lang='lat' dir='ltr'><strong>pertinentibus</strong></span> <span class='ocrx_word' id='word_1_187' title='bbox 1397 2090 1638 2160; x_wconf 89' lang='lat' dir='ltr'><strong>reliquas</strong></span> <span class='ocrx_word' id='word_1_188' title='bbox 1663 2089 1889 2155; x_wconf 83' lang='lat' dir='ltr'><strong>fecerat,</strong></span> <span class='ocrx_word' id='word_1_189' title='bbox 1915 2107 1981 2145; x_wconf 88' lang='lat' dir='ltr'><strong>ex</strong></span> <span class='ocrx_word' id='word_1_190' title='bbox 2011 2092 2325 2162; x_wconf 89' lang='lat' dir='ltr'><strong>apographo</strong></span> <span class='ocrx_word' id='word_1_191' title='bbox 2357 2094 2565 2149; x_wconf 92' lang='lat' dir='ltr'><strong>codicis</strong></span> <span class='ocrx_word' id='word_1_192' title='bbox 2585 2093 3023 2149; x_wconf 83' lang='lat' dir='ltr'><strong>Vindoboneusis</strong></span> <span class='ocrx_word' id='word_1_193' title='bbox 3051 2093 3293 2165; x_wconf 84' lang='lat' dir='ltr'><strong>explere,</strong></span> <span class='ocrx_word' id='word_1_194' title='bbox 3318 2095 3454 2149; x_wconf 88' lang='lat' dir='ltr'><strong>alia-</strong></span> 
     </span>
    </p>
   </div>
   <div class='ocr_carea' id='block_1_15' title="bbox 214 2202 3454 2278">
    <p class='ocr_par' dir='ltr' id='par_1_15' title="bbox 214 2202 3454 2278">
     <span class='ocr_line' id='line_1_16' title="bbox 214 2202 3454 2278; baseline 0.002 -18"><span class='ocrx_word' id='word_1_195' title='bbox 214 2222 314 2275; x_wconf 87' lang='lat' dir='ltr'><strong>que</strong></span> <span class='ocrx_word' id='word_1_196' title='bbox 351 2222 415 2261; x_wconf 79' lang='lat' dir='ltr'><strong>ex</strong></span> <span class='ocrx_word' id='word_1_197' title='bbox 442 2206 548 2260; x_wconf 90' lang='lat' dir='ltr'><strong>hoc</strong></span> <span class='ocrx_word' id='word_1_198' title='bbox 587 2215 641 2260; x_wconf 88' lang='lat' dir='ltr'><strong>et</strong></span> <span class='ocrx_word' id='word_1_199' title='bbox 672 2204 989 2259; x_wconf 84' lang='lat' dir='ltr'><strong>Florentino</strong></span> <span class='ocrx_word' id='word_1_200' title='bbox 1037 2202 1275 2273; x_wconf 89' lang='lat' dir='ltr'><strong>quodam</strong></span> <span class='ocrx_word' id='word_1_201' title='bbox 1305 2203 1618 2273; x_wconf 87' lang='lat' dir='ltr'><strong>apographo</strong></span> <span class='ocrx_word' id='word_1_202' title='bbox 1656 2202 1895 2273; x_wconf 86' lang='lat' dir='ltr'><strong>adjicere</strong></span> <span class='ocrx_word' id='word_1_203' title='bbox 1922 2204 2082 2260; x_wconf 89' lang='lat' dir='ltr'><strong>nobis</strong></span> <span class='ocrx_word' id='word_1_204' title='bbox 2107 2205 2282 2260; x_wconf 90' lang='lat' dir='ltr'><strong>licuit.</strong></span> <span class='ocrx_word' id='word_1_205' title='bbox 2310 2206 2444 2260; x_wconf 88' lang='lat' dir='ltr'><strong>Eam</strong></span> <span class='ocrx_word' id='word_1_206' title='bbox 2465 2206 2708 2262; x_wconf 80' lang='lat' dir='ltr'><strong>Auctarii</strong></span> <span class='ocrx_word' id='word_1_207' title='bbox 2744 2218 2978 2277; x_wconf 87' lang='lat' dir='ltr'><strong>partem,</strong></span> <span class='ocrx_word' id='word_1_208' title='bbox 3023 2224 3143 2278; x_wconf 89' lang='lat' dir='ltr'><strong>pag.</strong></span> <span class='ocrx_word' id='word_1_209' title='bbox 3184 2206 3454 2265; x_wconf 69' lang='lat'><strong>84—152.</strong></span> 
     </span>
    </p>
   </div>
   <div class='ocr_carea' id='block_1_16' title="bbox 214 2318 3454 2394">
    <p class='ocr_par' dir='ltr' id='par_1_16' title="bbox 214 2318 3454 2394">
     <span class='ocr_line' id='line_1_17' title="bbox 214 2318 3454 2394; baseline 0 -17"><span class='ocrx_word' id='word_1_210' title='bbox 214 2340 327 2394; x_wconf 72' lang='lat' dir='ltr'><strong>qua:</strong></span> <span class='ocrx_word' id='word_1_211' title='bbox 352 2325 418 2379; x_wconf 88' lang='lat' dir='ltr'><strong>ad</strong></span> <span class='ocrx_word' id='word_1_212' title='bbox 444 2318 656 2379; x_wconf 80' lang='lat' dir='ltr'><strong>ternum</strong></span> <span class='ocrx_word' id='word_1_213' title='bbox 686 2332 941 2393; x_wconf 84' lang='lat' dir='ltr'><strong>quartum</strong></span> <span class='ocrx_word' id='word_1_214' title='bbox 972 2330 1202 2392; x_wconf 88' lang='lat' dir='ltr'><strong>spectat,</strong></span> <span class='ocrx_word' id='word_1_215' title='bbox 1231 2338 1298 2376; x_wconf 81' lang='lat' dir='ltr'><strong>ex</strong></span> <span class='ocrx_word' id='word_1_216' title='bbox 1328 2321 1612 2376; x_wconf 90' lang='lat' dir='ltr'><strong>codicibus</strong></span> <span class='ocrx_word' id='word_1_217' title='bbox 1640 2321 1862 2391; x_wconf 89' lang='lat' dir='ltr'><strong>quidem</strong></span> <span class='ocrx_word' id='word_1_218' title='bbox 1891 2321 2227 2392; x_wconf 88' lang='lat' dir='ltr'><strong>locupletare</strong></span> <span class='ocrx_word' id='word_1_219' title='bbox 2258 2339 2367 2379; x_wconf 88' lang='lat' dir='ltr'><strong>non</strong></span> <span class='ocrx_word' id='word_1_220' title='bbox 2396 2324 2697 2394; x_wconf 90' lang='lat' dir='ltr'><strong>potuimus,</strong></span> <span class='ocrx_word' id='word_1_221' title='bbox 2725 2340 2793 2380; x_wconf 81' lang='lat' dir='ltr'><strong>ex</strong></span> <span class='ocrx_word' id='word_1_222' title='bbox 2821 2324 3018 2378; x_wconf 85' lang='lat' dir='ltr'><strong>Photio</strong></span> <span class='ocrx_word' id='word_1_223' title='bbox 3049 2332 3234 2384; x_wconf 88' lang='lat' dir='ltr'><strong>autem</strong></span> <span class='ocrx_word' id='word_1_224' title='bbox 3262 2333 3318 2378; x_wconf 91' lang='lat' dir='ltr'><strong>et</strong></span> <span class='ocrx_word' id='word_1_225' title='bbox 3341 2324 3454 2378; x_wconf 84' lang='lat' dir='ltr'><strong>Ma-</strong></span> 
     </span>
    </p>
   </div>
   <div class='ocr_carea' id='block_1_17' title="bbox 214 2433 3452 2509">
    <p class='ocr_par' dir='ltr' id='par_1_17' title="bbox 214 2433 3452 2509">
     <span class='ocr_line' id='line_1_18' title="bbox 214 2433 3452 2509; baseline 0.002 -23"><span class='ocrx_word' id='word_1_226' title='bbox 214 2434 292 2489; x_wconf 92' lang='lat' dir='ltr'><strong>rio</strong></span> <span class='ocrx_word' id='word_1_227' title='bbox 332 2434 633 2490; x_wconf 81' lang='lat' dir='ltr'><strong>Mercatore</strong></span> <span class='ocrx_word' id='word_1_228' title='bbox 682 2435 891 2504; x_wconf 86' lang='lat' dir='ltr'><strong>aliquot</strong></span> <span class='ocrx_word' id='word_1_229' title='bbox 918 2435 1067 2489; x_wconf 83' lang='lat' dir='ltr'><strong>locos</strong></span> <span class='ocrx_word' id='word_1_230' title='bbox 1099 2433 1426 2489; x_wconf 85' lang='lat' dir='ltr'><strong>emendandi</strong></span> <span class='ocrx_word' id='word_1_231' title='bbox 1460 2433 1775 2503; x_wconf 90' lang='lat' dir='ltr'><strong>nostrisque</strong></span> <span class='ocrx_word' id='word_1_232' title='bbox 1806 2434 1995 2489; x_wconf 89' lang='lat' dir='ltr'><strong>utendi</strong></span> <span class='ocrx_word' id='word_1_233' title='bbox 2022 2436 2352 2507; x_wconf 88' lang='lat' dir='ltr'><strong>conjecturis</strong></span> <span class='ocrx_word' id='word_1_234' title='bbox 2384 2437 2765 2509; x_wconf 88' lang='lat' dir='ltr'><strong>opportunitas</strong></span> <span class='ocrx_word' id='word_1_235' title='bbox 2813 2439 2959 2494; x_wconf 87' lang='lat' dir='ltr'><strong>haud</strong></span> <span class='ocrx_word' id='word_1_236' title='bbox 2990 2454 3116 2494; x_wconf 91' lang='lat' dir='ltr'><strong>raro</strong></span> <span class='ocrx_word' id='word_1_237' title='bbox 3156 2449 3319 2495; x_wconf 87' lang='lat' dir='ltr'><strong>enata</strong></span> <span class='ocrx_word' id='word_1_238' title='bbox 3348 2448 3452 2495; x_wconf 79' lang='lat' dir='ltr'><strong>est.</strong></span> 
     </span>
    </p>
   </div>
   <div class='ocr_carea' id='block_1_18' title="bbox 213 2540 3457 2628">
    <p class='ocr_par' dir='ltr' id='par_1_18' title="bbox 213 2540 3457 2628">
     <span class='ocr_line' id='line_1_19' title="bbox 213 2540 3457 2628; baseline 0.003 -19"><span class='ocrx_word' id='word_1_239' title='bbox 213 2556 434 2611; x_wconf 79' lang='lat' dir='ltr'><strong>Prolixis</strong></span> <span class='ocrx_word' id='word_1_240' title='bbox 461 2554 934 2626; x_wconf 85' lang='lat' dir='ltr'><strong>disputationibus</strong></span> <span class='ocrx_word' id='word_1_241' title='bbox 963 2540 1307 2610; x_wconf 61' lang='lat' dir='ltr'><strong>occasionem</strong></span> <span class='ocrx_word' id='word_1_242' title='bbox 1342 2553 1625 2609; x_wconf 89' lang='lat' dir='ltr'><strong>dedissent</strong></span> <span class='ocrx_word' id='word_1_243' title='bbox 1647 2553 1900 2609; x_wconf 89' lang='lat' dir='ltr'><strong>Garnerii</strong></span> <span class='ocrx_word' id='word_1_244' title='bbox 1923 2554 2165 2625; x_wconf 90' lang='lat' dir='ltr'><strong>quinque</strong></span> <span class='ocrx_word' id='word_1_245' title='bbox 2193 2557 2636 2623; x_wconf 89' lang='lat' dir='ltr'><strong>Dissertationes,</strong></span> <span class='ocrx_word' id='word_1_246' title='bbox 2667 2574 2788 2628; x_wconf 80' lang='lat' dir='ltr'><strong>quae</strong></span> <span class='ocrx_word' id='word_1_247' title='bbox 2812 2543 3121 2628; x_wconf 79' lang='lat' dir='ltr'><strong>proximum</strong></span> <span class='ocrx_word' id='word_1_248' title='bbox 3159 2561 3341 2616; x_wconf 91' lang='lat' dir='ltr'><strong>locum</strong></span> <span class='ocrx_word' id='word_1_249' title='bbox 3376 2571 3457 2620; x_wconf 86' lang='lat' dir='ltr'><strong>te-</strong></span> 
     </span>
    </p>
   </div>
   <div class='ocr_carea' id='block_1_19' title="bbox 210 2675 3457 2750">
    <p class='ocr_par' dir='ltr' id='par_1_19' title="bbox 210 2675 3457 2750">
     <span class='ocr_line' id='line_1_20' title="bbox 210 2675 3457 2750; baseline 0.001 -19"><span class='ocrx_word' id='word_1_250' title='bbox 210 2686 337 2732; x_wconf 88' lang='lat' dir='ltr'><strong>nent</strong></span> <span class='ocrx_word' id='word_1_251' title='bbox 361 2693 482 2749; x_wconf 81' lang='lat' dir='ltr'><strong>pag.</strong></span> <span class='ocrx_word' id='word_1_252' title='bbox 510 2678 789 2734; x_wconf 74' lang='lat'><strong>153—906</strong></span> <span class='ocrx_word' id='word_1_253' title='bbox 815 2695 829 2740; x_wconf 89' lang='lat'><strong>;</strong></span> <span class='ocrx_word' id='word_1_254' title='bbox 864 2677 959 2732; x_wconf 92' lang='lat' dir='ltr'><strong>sed</strong></span> <span class='ocrx_word' id='word_1_255' title='bbox 984 2676 1310 2732; x_wconf 88' lang='lat' dir='ltr'><strong>scribendus</strong></span> <span class='ocrx_word' id='word_1_256' title='bbox 1339 2675 1532 2731; x_wconf 85' lang='lat' dir='ltr'><strong>fuisset</strong></span> <span class='ocrx_word' id='word_1_257' title='bbox 1550 2676 1787 2742; x_wconf 90' lang='lat' dir='ltr'><strong>libellus,</strong></span> <span class='ocrx_word' id='word_1_258' title='bbox 1812 2676 1858 2732; x_wconf 92' lang='lat' dir='ltr'><strong>si</strong></span> <span class='ocrx_word' id='word_1_259' title='bbox 1883 2676 2185 2732; x_wconf 82' lang='lat' dir='ltr'><strong>refutandis</strong></span> <span class='ocrx_word' id='word_1_260' title='bbox 2206 2677 2460 2733; x_wconf 90' lang='lat' dir='ltr'><strong>omnibus</strong></span> <span class='ocrx_word' id='word_1_261' title='bbox 2490 2677 2894 2742; x_wconf 88' lang='lat' dir='ltr'><strong>audacioribus,</strong></span> <span class='ocrx_word' id='word_1_262' title='bbox 2923 2686 2979 2733; x_wconf 89' lang='lat' dir='ltr'><strong>et</strong></span> <span class='ocrx_word' id='word_1_263' title='bbox 3000 2679 3232 2734; x_wconf 88' lang='lat' dir='ltr'><strong>subinde</strong></span> <span class='ocrx_word' id='word_1_264' title='bbox 3261 2695 3457 2750; x_wconf 89' lang='lat' dir='ltr'><strong>parum</strong></span> 
     </span>
    </p>
   </div>
   <div class='ocr_carea' id='block_1_20' title="bbox 210 2775 3457 2860">
    <p class='ocr_par' dir='ltr' id='par_1_20' title="bbox 210 2775 3457 2860">
     <span class='ocr_line' id='line_1_21' title="bbox 210 2775 3457 2860; baseline 0.001 -17"><span class='ocrx_word' id='word_1_265' title='bbox 210 2790 374 2860; x_wconf 67' lang='lat' dir='ltr'><strong>equis</strong></span> <span class='ocrx_word' id='word_1_266' title='bbox 426 2790 547 2860; x_wconf 87' lang='lat' dir='ltr'><strong>ejus</strong></span> <span class='ocrx_word' id='word_1_267' title='bbox 586 2789 916 2859; x_wconf 88' lang='lat' dir='ltr'><strong>conjecturis</strong></span> <span class='ocrx_word' id='word_1_268' title='bbox 956 2803 1153 2843; x_wconf 90' lang='lat' dir='ltr'><strong>vacare</strong></span> <span class='ocrx_word' id='word_1_269' title='bbox 1212 2775 1487 2844; x_wconf 87' lang='lat' dir='ltr'><strong>libuisset.</strong></span> <span class='ocrx_word' id='word_1_270' title='bbox 1530 2786 1795 2842; x_wconf 81' lang='lat' dir='ltr'><strong>Brevitati</strong></span> <span class='ocrx_word' id='word_1_271' title='bbox 1832 2788 2014 2858; x_wconf 85' lang='lat' dir='ltr'><strong>itaque</strong></span> <span class='ocrx_word' id='word_1_272' title='bbox 2042 2789 2286 2855; x_wconf 85' lang='lat' dir='ltr'><strong>studere,</strong></span> <span class='ocrx_word' id='word_1_273' title='bbox 2319 2798 2374 2844; x_wconf 90' lang='lat' dir='ltr'><strong>et</strong></span> <span class='ocrx_word' id='word_1_274' title='bbox 2414 2790 2500 2845; x_wconf 90' lang='lat' dir='ltr'><strong>vel</strong></span> <span class='ocrx_word' id='word_1_275' title='bbox 2533 2789 2719 2844; x_wconf 90' lang='lat' dir='ltr'><strong>minus</strong></span> <span class='ocrx_word' id='word_1_276' title='bbox 2745 2798 2892 2845; x_wconf 88' lang='lat' dir='ltr'><strong>recte</strong></span> <span class='ocrx_word' id='word_1_277' title='bbox 2917 2790 3003 2844; x_wconf 86' lang='lat' dir='ltr'><strong>vel</strong></span> <span class='ocrx_word' id='word_1_278' title='bbox 3041 2790 3284 2860; x_wconf 90' lang='lat' dir='ltr'><strong>iniquius</strong></span> <span class='ocrx_word' id='word_1_279' title='bbox 3310 2791 3457 2846; x_wconf 81' lang='lat' dir='ltr'><strong>dicta</strong></span> 
     </span>
    </p>
   </div>
   <div class='ocr_carea' id='block_1_21' title="bbox 212 2904 3456 2981">
    <p class='ocr_par' dir='ltr' id='par_1_21' title="bbox 212 2904 3456 2981">
     <span class='ocr_line' id='line_1_22' title="bbox 212 2904 3456 2981; baseline -0.001 -17"><span class='ocrx_word' id='word_1_280' title='bbox 212 2910 412 2981; x_wconf 87' lang='lat' dir='ltr'><strong>paucis,</strong></span> <span class='ocrx_word' id='word_1_281' title='bbox 444 2909 490 2964; x_wconf 88' lang='lat' dir='ltr'><strong>si</strong></span> <span class='ocrx_word' id='word_1_282' title='bbox 538 2924 680 2977; x_wconf 85' lang='lat' dir='ltr'><strong>opus</strong></span> <span class='ocrx_word' id='word_1_283' title='bbox 713 2916 881 2970; x_wconf 88' lang='lat' dir='ltr'><strong>esset,</strong></span> <span class='ocrx_word' id='word_1_284' title='bbox 919 2921 1171 2977; x_wconf 87' lang='lat' dir='ltr'><strong>arguere,</strong></span> <span class='ocrx_word' id='word_1_285' title='bbox 1203 2919 1366 2974; x_wconf 88' lang='lat' dir='ltr'><strong>quam</strong></span> <span class='ocrx_word' id='word_1_286' title='bbox 1390 2905 1448 2959; x_wconf 92' lang='lat' dir='ltr'><strong>in</strong></span> <span class='ocrx_word' id='word_1_287' title='bbox 1476 2904 1821 2975; x_wconf 89' lang='lat' dir='ltr'><strong>scriptorem,</strong></span> <span class='ocrx_word' id='word_1_288' title='bbox 1858 2907 2016 2976; x_wconf 88' lang='lat' dir='ltr'><strong>cujus</strong></span> <span class='ocrx_word' id='word_1_289' title='bbox 2041 2906 2249 2976; x_wconf 89' lang='lat' dir='ltr'><strong>aliquot</strong></span> <span class='ocrx_word' id='word_1_290' title='bbox 2286 2907 2507 2976; x_wconf 87' lang='lat' dir='ltr'><strong>quidem</strong></span> <span class='ocrx_word' id='word_1_291' title='bbox 2545 2922 2747 2971; x_wconf 58' lang='lat' dir='ltr'><strong>naevos,</strong></span> <span class='ocrx_word' id='word_1_292' title='bbox 2783 2906 2879 2962; x_wconf 83' lang='lat' dir='ltr'><strong>sed</strong></span> <span class='ocrx_word' id='word_1_293' title='bbox 2908 2921 3101 2979; x_wconf 81' lang='lat' dir='ltr'><strong>magna</strong></span> <span class='ocrx_word' id='word_1_294' title='bbox 3140 2907 3307 2961; x_wconf 89' lang='lat' dir='ltr'><strong>etiam</strong></span> <span class='ocrx_word' id='word_1_295' title='bbox 3333 2922 3456 2963; x_wconf 89' lang='lat' dir='ltr'><strong>esse</strong></span> 
     </span>
    </p>
   </div>
   <div class='ocr_carea' id='block_1_22' title="bbox 210 3024 1781 3096">
    <p class='ocr_par' dir='ltr' id='par_1_22' title="bbox 210 3024 1781 3096">
     <span class='ocr_line' id='line_1_23' title="bbox 210 3024 1781 3096; baseline -0.001 -13"><span class='ocrx_word' id='word_1_296' title='bbox 210 3028 454 3084; x_wconf 85' lang='lat' dir='ltr'><strong>novimus</strong></span> <span class='ocrx_word' id='word_1_297' title='bbox 476 3028 697 3092; x_wconf 86' lang='lat' dir='ltr'><strong>merita,</strong></span> <span class='ocrx_word' id='word_1_298' title='bbox 731 3026 949 3096; x_wconf 89' lang='lat' dir='ltr'><strong>copiosa</strong></span> <span class='ocrx_word' id='word_1_299' title='bbox 978 3026 1223 3081; x_wconf 91' lang='lat' dir='ltr'><strong>oratione</strong></span> <span class='ocrx_word' id='word_1_300' title='bbox 1259 3024 1441 3080; x_wconf 87' lang='lat' dir='ltr'><strong>invehi</strong></span> <span class='ocrx_word' id='word_1_301' title='bbox 1467 3024 1781 3081; x_wconf 88' lang='lat' dir='ltr'><strong>maluimus.</strong></span> 
     </span>
    </p>
   </div>
   <div class='ocr_carea' id='block_1_23' title="bbox 274 3168 3458 3245">
    <p class='ocr_par' dir='ltr' id='par_1_23' title="bbox 274 3168 3458 3245">
     <span class='ocr_line' id='line_1_24' title="bbox 274 3168 3458 3245; baseline -0.001 -14"><span class='ocrx_word' id='word_1_302' title='bbox 274 3176 521 3240; x_wconf 85' lang='lat' dir='ltr'><strong>Numeri,</strong></span> <span class='ocrx_word' id='word_1_303' title='bbox 561 3174 768 3245; x_wconf 90' lang='lat' dir='ltr'><strong>quibus</strong></span> <span class='ocrx_word' id='word_1_304' title='bbox 800 3173 884 3227; x_wconf 77' lang='lat' dir='ltr'><strong>hae</strong></span> <span class='ocrx_word' id='word_1_305' title='bbox 911 3172 1163 3227; x_wconf 85' lang='lat' dir='ltr'><strong>Garnerii</strong></span> <span class='ocrx_word' id='word_1_306' title='bbox 1191 3168 1614 3227; x_wconf 85' lang='lat' dir='ltr'><strong>Dissertationes</strong></span> <span class='ocrx_word' id='word_1_307' title='bbox 1641 3171 2076 3242; x_wconf 88' lang='lat' dir='ltr'><strong>distinguuntur,</strong></span> <span class='ocrx_word' id='word_1_308' title='bbox 2101 3172 2156 3226; x_wconf 89' lang='lat' dir='ltr'><strong>in</strong></span> <span class='ocrx_word' id='word_1_309' title='bbox 2188 3169 2429 3228; x_wconf 86' lang='lat' dir='ltr'><strong>editione</strong></span> <span class='ocrx_word' id='word_1_310' title='bbox 2454 3171 2623 3242; x_wconf 89' lang='lat' dir='ltr'><strong>priori</strong></span> <span class='ocrx_word' id='word_1_311' title='bbox 2650 3178 2978 3243; x_wconf 86' lang='lat' dir='ltr'><strong>magnopere</strong></span> <span class='ocrx_word' id='word_1_312' title='bbox 3004 3171 3264 3228; x_wconf 89' lang='lat' dir='ltr'><strong>fallebant</strong></span> <span class='ocrx_word' id='word_1_313' title='bbox 3287 3171 3458 3227; x_wconf 80' lang='lat' dir='ltr'><strong>lecto-</strong></span> 
     </span>
    </p>
   </div>
   <div class='ocr_carea' id='block_1_24' title="bbox 214 3288 3456 3363">
    <p class='ocr_par' dir='ltr' id='par_1_24' title="bbox 214 3288 3456 3363">
     <span class='ocr_line' id='line_1_25' title="bbox 214 3288 3456 3363; baseline -0.001 -17"><span class='ocrx_word' id='word_1_314' title='bbox 214 3308 314 3356; x_wconf 88' lang='lat' dir='ltr'><strong>res,</strong></span> <span class='ocrx_word' id='word_1_315' title='bbox 345 3302 405 3346; x_wconf 93' lang='lat' dir='ltr'><strong>ut</strong></span> <span class='ocrx_word' id='word_1_316' title='bbox 425 3309 550 3363; x_wconf 88' lang='lat' dir='ltr'><strong>pag.</strong></span> <span class='ocrx_word' id='word_1_317' title='bbox 578 3291 685 3345; x_wconf 78' lang='grc'><strong>420</strong></span> <span class='ocrx_word' id='word_1_318' title='bbox 718 3290 1051 3349; x_wconf 78' lang='lat' dir='ltr'><strong>monuimus.</strong></span> <span class='ocrx_word' id='word_1_319' title='bbox 1080 3288 1479 3344; x_wconf 88' lang='lat' dir='ltr'><strong>Emendatione</strong></span> <span class='ocrx_word' id='word_1_320' title='bbox 1522 3291 1707 3358; x_wconf 88' lang='lat' dir='ltr'><strong>itaque</strong></span> <span class='ocrx_word' id='word_1_321' title='bbox 1737 3303 1877 3358; x_wconf 87' lang='lat' dir='ltr'><strong>opus</strong></span> <span class='ocrx_word' id='word_1_322' title='bbox 1900 3288 2025 3353; x_wconf 89' lang='lat' dir='ltr'><strong>fuit,</strong></span> <span class='ocrx_word' id='word_1_323' title='bbox 2064 3304 2135 3344; x_wconf 90' lang='lat' dir='ltr'><strong>ne</strong></span> <span class='ocrx_word' id='word_1_324' title='bbox 2168 3291 2225 3345; x_wconf 84' lang='lat' dir='ltr'><strong>iu</strong></span> <span class='ocrx_word' id='word_1_325' title='bbox 2257 3289 2361 3345; x_wconf 90' lang='lat' dir='ltr'><strong>bac</strong></span> <span class='ocrx_word' id='word_1_326' title='bbox 2390 3290 2539 3344; x_wconf 89' lang='lat' dir='ltr'><strong>enim</strong></span> <span class='ocrx_word' id='word_1_327' title='bbox 2576 3289 2819 3344; x_wconf 89' lang='lat' dir='ltr'><strong>editione</strong></span> <span class='ocrx_word' id='word_1_328' title='bbox 2846 3298 3161 3345; x_wconf 83' lang='lat' dir='ltr'><strong>recurreret</strong></span> <span class='ocrx_word' id='word_1_329' title='bbox 3188 3297 3456 3345; x_wconf 87' lang='lat' dir='ltr'><strong>numerus</strong></span> 
     </span>
    </p>
   </div>
   <div class='ocr_carea' id='block_1_25' title="bbox 213 3408 3455 3483">
    <p class='ocr_par' dir='ltr' id='par_1_25' title="bbox 213 3408 3455 3483">
     <span class='ocr_line' id='line_1_26' title="bbox 213 3408 3455 3483; baseline -0.001 -15"><span class='ocrx_word' id='word_1_330' title='bbox 213 3408 619 3469; x_wconf 86' lang='lat' dir='ltr'><strong>Dissertationis</strong></span> <span class='ocrx_word' id='word_1_331' title='bbox 652 3414 837 3476; x_wconf 67' lang='lat' dir='ltr'><strong>tertiae,</strong></span> <span class='ocrx_word' id='word_1_332' title='bbox 867 3428 977 3482; x_wconf 92' lang='lat' dir='ltr'><strong>quo</strong></span> <span class='ocrx_word' id='word_1_333' title='bbox 1003 3411 1224 3465; x_wconf 89' lang='lat' dir='ltr'><strong>nomine</strong></span> <span class='ocrx_word' id='word_1_334' title='bbox 1254 3410 1375 3464; x_wconf 71' lang='lat' dir='ltr'><strong>dua:</strong></span> <span class='ocrx_word' id='word_1_335' title='bbox 1402 3408 1457 3464; x_wconf 91' lang='lat' dir='ltr'><strong>in</strong></span> <span class='ocrx_word' id='word_1_336' title='bbox 1479 3408 1736 3465; x_wconf 85' lang='lat' dir='ltr'><strong>Auctario</strong></span> <span class='ocrx_word' id='word_1_337' title='bbox 1771 3409 2018 3465; x_wconf 87' lang='lat' dir='ltr'><strong>Gamerii</strong></span> <span class='ocrx_word' id='word_1_338' title='bbox 2046 3411 2320 3481; x_wconf 68' lang='lat' dir='ltr'><strong>inscripta:</strong></span> <span class='ocrx_word' id='word_1_339' title='bbox 2347 3419 2523 3467; x_wconf 90' lang='lat' dir='ltr'><strong>erant.</strong></span> <span class='ocrx_word' id='word_1_340' title='bbox 2555 3411 2759 3466; x_wconf 85' lang='lat' dir='ltr'><strong>Harum</strong></span> <span class='ocrx_word' id='word_1_341' title='bbox 2783 3413 3044 3483; x_wconf 90' lang='lat' dir='ltr'><strong>priorem,</strong></span> <span class='ocrx_word' id='word_1_342' title='bbox 3077 3421 3138 3467; x_wconf 91' lang='lat' dir='ltr'><strong>ut</strong></span> <span class='ocrx_word' id='word_1_343' title='bbox 3163 3420 3455 3483; x_wconf 87' lang='lat' dir='ltr'><strong>argumen-</strong></span> 
     </span>
    </p>
   </div>
   <div class='ocr_carea' id='block_1_26' title="bbox 215 3518 3446 3600">
    <p class='ocr_par' dir='ltr' id='par_1_26' title="bbox 215 3518 3446 3600">
     <span class='ocr_line' id='line_1_27' title="bbox 215 3518 3446 3600; baseline -0.001 -14"><span class='ocrx_word' id='word_1_344' title='bbox 215 3531 323 3586; x_wconf 78' lang='lat' dir='ltr'><strong>tum</strong></span> <span class='ocrx_word' id='word_1_345' title='bbox 345 3532 637 3596; x_wconf 89' lang='lat' dir='ltr'><strong>suadebat,</strong></span> <span class='ocrx_word' id='word_1_346' title='bbox 665 3530 1021 3600; x_wconf 89' lang='lat' dir='ltr'><strong>appendicem</strong></span> <span class='ocrx_word' id='word_1_347' title='bbox 1048 3529 1280 3584; x_wconf 89' lang='lat' dir='ltr'><strong>fecimus</strong></span> <span class='ocrx_word' id='word_1_348' title='bbox 1314 3526 1588 3593; x_wconf 56' lang='lat' dir='ltr'><strong>secundat,</strong></span> <span class='ocrx_word' id='word_1_349' title='bbox 1624 3543 1746 3597; x_wconf 62' lang='lat' dir='ltr'><strong>quae</strong></span> <span class='ocrx_word' id='word_1_350' title='bbox 1773 3525 1840 3583; x_wconf 92' lang='lat' dir='ltr'><strong>de</strong></span> <span class='ocrx_word' id='word_1_351' title='bbox 1868 3522 2024 3584; x_wconf 89' lang='lat' dir='ltr'><strong>libris</strong></span> <span class='ocrx_word' id='word_1_352' title='bbox 2053 3524 2395 3585; x_wconf 87' lang='lat' dir='ltr'><strong>Theodoreto</strong></span> <span class='ocrx_word' id='word_1_353' title='bbox 2429 3518 2684 3600; x_wconf 84' lang='lat' dir='ltr'><strong>sivejure</strong></span> <span class='ocrx_word' id='word_1_354' title='bbox 2714 3530 2826 3585; x_wconf 88' lang='lat' dir='ltr'><strong>sive</strong></span> <span class='ocrx_word' id='word_1_355' title='bbox 2857 3533 3059 3585; x_wconf 88' lang='lat' dir='ltr'><strong>temere</strong></span> <span class='ocrx_word' id='word_1_356' title='bbox 3088 3530 3339 3600; x_wconf 88' lang='lat' dir='ltr'><strong>ascriptis</strong></span> <span class='ocrx_word' id='word_1_357' title='bbox 3358 3546 3446 3583; x_wconf 76' lang='lat' dir='ltr'><strong>ex-</strong></span> 
     </span>
    </p>
   </div>
   <div class='ocr_carea' id='block_1_27' title="bbox 211 3634 3457 3715">
    <p class='ocr_par' dir='ltr' id='par_1_27' title="bbox 211 3634 3457 3715">
     <span class='ocr_line' id='line_1_28' title="bbox 211 3634 3457 3715; baseline 0.001 -17"><span class='ocrx_word' id='word_1_358' title='bbox 211 3647 360 3713; x_wconf 92' lang='lat' dir='ltr'><strong>ponit</strong></span> <span class='ocrx_word' id='word_1_359' title='bbox 387 3663 401 3699; x_wconf 90' lang='lat'><strong>:</strong></span> <span class='ocrx_word' id='word_1_360' title='bbox 437 3637 602 3699; x_wconf 87' lang='lat' dir='ltr'><strong>alteri</strong></span> <span class='ocrx_word' id='word_1_361' title='bbox 642 3659 773 3699; x_wconf 90' lang='lat' dir='ltr'><strong>vero</strong></span> <span class='ocrx_word' id='word_1_362' title='bbox 796 3660 917 3715; x_wconf 65' lang='lat' dir='ltr'><strong>quae</strong></span> <span class='ocrx_word' id='word_1_363' title='bbox 949 3643 1017 3698; x_wconf 91' lang='lat' dir='ltr'><strong>de</strong></span> <span class='ocrx_word' id='word_1_364' title='bbox 1048 3642 1153 3697; x_wconf 84' lang='lat' dir='ltr'><strong>ﬁde</strong></span> <span class='ocrx_word' id='word_1_365' title='bbox 1180 3643 1509 3697; x_wconf 89' lang='lat' dir='ltr'><strong>Theodoreti</strong></span> <span class='ocrx_word' id='word_1_366' title='bbox 1536 3643 1667 3713; x_wconf 90' lang='lat' dir='ltr'><strong>agit,</strong></span> <span class='ocrx_word' id='word_1_367' title='bbox 1703 3645 1871 3698; x_wconf 69' lang='lat' dir='ltr'><strong>tertia:</strong></span> <span class='ocrx_word' id='word_1_368' title='bbox 1912 3660 2111 3700; x_wconf 91' lang='lat' dir='ltr'><strong>nomen</strong></span> <span class='ocrx_word' id='word_1_369' title='bbox 2144 3634 2534 3701; x_wconf 85' lang='lat' dir='ltr'><strong>vindicandum</strong></span> <span class='ocrx_word' id='word_1_370' title='bbox 2569 3662 2689 3702; x_wconf 90' lang='lat' dir='ltr'><strong>esse</strong></span> <span class='ocrx_word' id='word_1_371' title='bbox 2717 3646 2992 3702; x_wconf 75' lang='lat' dir='ltr'><strong>duximus.</strong></span> <span class='ocrx_word' id='word_1_372' title='bbox 3025 3638 3289 3703; x_wconf 68' lang='lat' dir='ltr'><strong>Secunda:</strong></span> <span class='ocrx_word' id='word_1_373' title='bbox 3322 3649 3457 3701; x_wconf 86' lang='lat' dir='ltr'><strong>sub-</strong></span> 
     </span>
    </p>
   </div>
   <div class='ocr_carea' id='block_1_28' title="bbox 205 3748 3457 3835">
    <p class='ocr_par' dir='ltr' id='par_1_28' title="bbox 205 3748 3457 3835">
     <span class='ocr_line' id='line_1_29' title="bbox 205 3748 3457 3835; baseline 0.003 -23"><span class='ocrx_word' id='word_1_374' title='bbox 205 3748 504 3827; x_wconf 69' lang='lat' dir='ltr'><strong>iunximus,</strong></span> <span class='ocrx_word' id='word_1_375' title='bbox 535 3766 662 3829; x_wconf 84' lang='lat' dir='ltr'><strong>pag.</strong></span> <span class='ocrx_word' id='word_1_376' title='bbox 698 3749 802 3813; x_wconf 78' lang='lat'><strong>350</strong></span> <span class='ocrx_word' id='word_1_377' title='bbox 840 3773 981 3828; x_wconf 88' lang='lat' dir='ltr'><strong>seq.,</strong></span> <span class='ocrx_word' id='word_1_378' title='bbox 1020 3757 1433 3812; x_wconf 84' lang='lat' dir='ltr'><strong>observationes</strong></span> <span class='ocrx_word' id='word_1_379' title='bbox 1462 3756 1603 3823; x_wconf 89' lang='lat' dir='ltr'><strong>illas,</strong></span> <span class='ocrx_word' id='word_1_380' title='bbox 1637 3773 1759 3827; x_wconf 81' lang='lat' dir='ltr'><strong>quae</strong></span> <span class='ocrx_word' id='word_1_381' title='bbox 1783 3758 2084 3814; x_wconf 86' lang='lat' dir='ltr'><strong>Garnerius</strong></span> <span class='ocrx_word' id='word_1_382' title='bbox 2112 3762 2357 3829; x_wconf 86' lang='lat' dir='ltr'><strong>epistolis</strong></span> <span class='ocrx_word' id='word_1_383' title='bbox 2398 3763 2451 3816; x_wconf 91' lang='lat' dir='ltr'><strong>in</strong></span> <span class='ocrx_word' id='word_1_384' title='bbox 2484 3763 2742 3816; x_wconf 85' lang='lat' dir='ltr'><strong>Auctario</strong></span> <span class='ocrx_word' id='word_1_385' title='bbox 2768 3764 3007 3832; x_wconf 90' lang='lat' dir='ltr'><strong>primum</strong></span> <span class='ocrx_word' id='word_1_386' title='bbox 3040 3754 3205 3819; x_wconf 84' lang='lat' dir='ltr'><strong>editis</strong></span> <span class='ocrx_word' id='word_1_387' title='bbox 3242 3764 3457 3835; x_wconf 84' lang='lat' dir='ltr'><strong>adjece-</strong></span> 
     </span>
    </p>
   </div>
   <div class='ocr_carea' id='block_1_29' title="bbox 207 3872 3457 3952">
    <p class='ocr_par' dir='ltr' id='par_1_29' title="bbox 207 3872 3457 3952">
     <span class='ocr_line' id='line_1_30' title="bbox 207 3872 3457 3952; baseline 0.003 -24"><span class='ocrx_word' id='word_1_388' title='bbox 207 3882 304 3928; x_wconf 86' lang='lat' dir='ltr'><strong>rat.</strong></span> <span class='ocrx_word' id='word_1_389' title='bbox 337 3873 498 3929; x_wconf 82' lang='lat' dir='ltr'><strong>Hunc</strong></span> <span class='ocrx_word' id='word_1_390' title='bbox 526 3873 681 3930; x_wconf 90' lang='lat' dir='ltr'><strong>enim</strong></span> <span class='ocrx_word' id='word_1_391' title='bbox 712 3873 893 3928; x_wconf 91' lang='lat' dir='ltr'><strong>locum</strong></span> <span class='ocrx_word' id='word_1_392' title='bbox 920 3872 1027 3927; x_wconf 91' lang='lat' dir='ltr'><strong>illis</strong></span> <span class='ocrx_word' id='word_1_393' title='bbox 1050 3872 1392 3943; x_wconf 88' lang='lat' dir='ltr'><strong>aptissimum</strong></span> <span class='ocrx_word' id='word_1_394' title='bbox 1417 3872 1749 3942; x_wconf 86' lang='lat' dir='ltr'><strong>putavimus,</strong></span> <span class='ocrx_word' id='word_1_395' title='bbox 1779 3890 1849 3930; x_wconf 88' lang='lat' dir='ltr'><strong>ne</strong></span> <span class='ocrx_word' id='word_1_396' title='bbox 1890 3876 2177 3930; x_wconf 88' lang='lat' dir='ltr'><strong>molestum</strong></span> <span class='ocrx_word' id='word_1_397' title='bbox 2219 3886 2364 3933; x_wconf 88' lang='lat' dir='ltr'><strong>esset</strong></span> <span class='ocrx_word' id='word_1_398' title='bbox 2395 3878 2713 3945; x_wconf 89' lang='lat' dir='ltr'><strong>lectoribus,</strong></span> <span class='ocrx_word' id='word_1_399' title='bbox 2740 3879 2831 3934; x_wconf 88' lang='lat' dir='ltr'><strong>hic</strong></span> <span class='ocrx_word' id='word_1_400' title='bbox 2857 3888 2913 3934; x_wconf 92' lang='lat' dir='ltr'><strong>et</strong></span> <span class='ocrx_word' id='word_1_401' title='bbox 2934 3880 3032 3946; x_wconf 92' lang='lat' dir='ltr'><strong>ibi,</strong></span> <span class='ocrx_word' id='word_1_402' title='bbox 3058 3897 3181 3952; x_wconf 71' lang='lat' dir='ltr'><strong>quae</strong></span> <span class='ocrx_word' id='word_1_403' title='bbox 3224 3882 3291 3938; x_wconf 91' lang='lat' dir='ltr'><strong>ad</strong></span> <span class='ocrx_word' id='word_1_404' title='bbox 3330 3884 3457 3939; x_wconf 56' lang='lat' dir='ltr'><strong>illuc</strong></span> 
     </span>
    </p>
   </div>
   <div class='ocr_carea' id='block_1_30' title="bbox 202 3988 3454 4067">
    <p class='ocr_par' dir='ltr' id='par_1_30' title="bbox 202 3988 3454 4067">
     <span class='ocr_line' id='line_1_31' title="bbox 202 3988 3454 4067; baseline 0.002 -22"><span class='ocrx_word' id='word_1_405' title='bbox 202 3992 450 4047; x_wconf 67' lang='lat' dir='ltr'><strong>Strandas</strong></span> <span class='ocrx_word' id='word_1_406' title='bbox 474 3988 815 4046; x_wconf 89' lang='lat' dir='ltr'><strong>Theodoreti</strong></span> <span class='ocrx_word' id='word_1_407' title='bbox 842 3989 1101 4061; x_wconf 89' lang='lat' dir='ltr'><strong>epistolas</strong></span> <span class='ocrx_word' id='word_1_408' title='bbox 1127 3988 1423 4059; x_wconf 88' lang='lat' dir='ltr'><strong>pertinent,</strong></span> <span class='ocrx_word' id='word_1_409' title='bbox 1457 4004 1556 4045; x_wconf 89' lang='lat' dir='ltr'><strong>ceu</strong></span> <span class='ocrx_word' id='word_1_410' title='bbox 1582 3990 1812 4062; x_wconf 87' lang='lat' dir='ltr'><strong>disjecta</strong></span> <span class='ocrx_word' id='word_1_411' title='bbox 1836 3992 2083 4048; x_wconf 90' lang='lat' dir='ltr'><strong>membra</strong></span> <span class='ocrx_word' id='word_1_412' title='bbox 2108 3994 2384 4065; x_wconf 90' lang='lat' dir='ltr'><strong>colligere.</strong></span> <span class='ocrx_word' id='word_1_413' title='bbox 2417 3995 2669 4066; x_wconf 86' lang='lat' dir='ltr'><strong>Dialogos</strong></span> <span class='ocrx_word' id='word_1_414' title='bbox 2696 3996 2818 4050; x_wconf 92' lang='lat' dir='ltr'><strong>illos</strong></span> <span class='ocrx_word' id='word_1_415' title='bbox 2851 4003 3055 4060; x_wconf 89' lang='lat' dir='ltr'><strong>autem,</strong></span> <span class='ocrx_word' id='word_1_416' title='bbox 3086 3997 3287 4067; x_wconf 91' lang='lat' dir='ltr'><strong>quibus</strong></span> <span class='ocrx_word' id='word_1_417' title='bbox 3315 3996 3454 4054; x_wconf 83' lang='lat' dir='ltr'><strong>Gar-</strong></span> 
     </span>
    </p>
   </div>
   <div class='ocr_carea' id='block_1_31' title="bbox 203 4098 3453 4183">
    <p class='ocr_par' dir='ltr' id='par_1_31' title="bbox 203 4098 3453 4183">
     <span class='ocr_line' id='line_1_32' title="bbox 203 4098 3453 4183; baseline 0.002 -21"><span class='ocrx_word' id='word_1_418' title='bbox 203 4101 387 4164; x_wconf 84' lang='lat' dir='ltr'><strong>nerius</strong></span> <span class='ocrx_word' id='word_1_419' title='bbox 418 4110 569 4164; x_wconf 89' lang='lat' dir='ltr'><strong>inter</strong></span> <span class='ocrx_word' id='word_1_420' title='bbox 595 4106 1018 4163; x_wconf 88' lang='lat' dir='ltr'><strong>Dissertationes</strong></span> <span class='ocrx_word' id='word_1_421' title='bbox 1043 4107 1224 4161; x_wconf 89' lang='lat' dir='ltr'><strong>locum</strong></span> <span class='ocrx_word' id='word_1_422' title='bbox 1258 4098 1502 4169; x_wconf 90' lang='lat' dir='ltr'><strong>dederat,</strong></span> <span class='ocrx_word' id='word_1_423' title='bbox 1540 4107 1607 4161; x_wconf 90' lang='lat' dir='ltr'><strong>ad</strong></span> <span class='ocrx_word' id='word_1_424' title='bbox 1635 4104 1799 4162; x_wconf 84' lang='lat' dir='ltr'><strong>finem</strong></span> <span class='ocrx_word' id='word_1_425' title='bbox 1826 4107 1989 4179; x_wconf 88' lang='lat' dir='ltr'><strong>hujus</strong></span> <span class='ocrx_word' id='word_1_426' title='bbox 2017 4109 2149 4164; x_wconf 86' lang='lat' dir='ltr'><strong>torni</strong></span> <span class='ocrx_word' id='word_1_427' title='bbox 2181 4110 2540 4165; x_wconf 87' lang='lat' dir='ltr'><strong>remittendos</strong></span> <span class='ocrx_word' id='word_1_428' title='bbox 2582 4126 2703 4165; x_wconf 90' lang='lat' dir='ltr'><strong>esse</strong></span> <span class='ocrx_word' id='word_1_429' title='bbox 2743 4110 3019 4175; x_wconf 82' lang='lat' dir='ltr'><strong>duximus,</strong></span> <span class='ocrx_word' id='word_1_430' title='bbox 3048 4113 3194 4181; x_wconf 93' lang='lat' dir='ltr'><strong>quod</strong></span> <span class='ocrx_word' id='word_1_431' title='bbox 3230 4113 3453 4183; x_wconf 88' lang='lat' dir='ltr'><strong>quidem</strong></span> 
     </span>
    </p>
   </div>
   <div class='ocr_carea' id='block_1_32' title="bbox 201 4224 3454 4303">
    <p class='ocr_par' dir='ltr' id='par_1_32' title="bbox 201 4224 3454 4303">
     <span class='ocr_line' id='line_1_33' title="bbox 201 4224 3454 4303; baseline 0.001 -18"><span class='ocrx_word' id='word_1_432' title='bbox 201 4226 489 4287; x_wconf 90' lang='lat' dir='ltr'><strong>consilium</strong></span> <span class='ocrx_word' id='word_1_433' title='bbox 515 4231 589 4286; x_wconf 89' lang='lat' dir='ltr'><strong>ob</strong></span> <span class='ocrx_word' id='word_1_434' title='bbox 615 4228 872 4293; x_wconf 90' lang='lat' dir='ltr'><strong>rationes,</strong></span> <span class='ocrx_word' id='word_1_435' title='bbox 905 4244 1025 4299; x_wconf 87' lang='lat' dir='ltr'><strong>pag.</strong></span> <span class='ocrx_word' id='word_1_436' title='bbox 1065 4224 1166 4283; x_wconf 71' lang='grc'><strong>420</strong></span> <span class='ocrx_word' id='word_1_437' title='bbox 1190 4228 1400 4288; x_wconf 86' lang='lat' dir='ltr'><strong>allatas,</strong></span> <span class='ocrx_word' id='word_1_438' title='bbox 1439 4227 1757 4291; x_wconf 87' lang='lat' dir='ltr'><strong>lectoribus,</strong></span> <span class='ocrx_word' id='word_1_439' title='bbox 1792 4237 1851 4283; x_wconf 90' lang='lat' dir='ltr'><strong>ut</strong></span> <span class='ocrx_word' id='word_1_440' title='bbox 1886 4235 2188 4299; x_wconf 85' lang='lat' dir='ltr'><strong>speramus,</strong></span> <span class='ocrx_word' id='word_1_441' title='bbox 2227 4245 2337 4284; x_wconf 90' lang='lat' dir='ltr'><strong>non</strong></span> <span class='ocrx_word' id='word_1_442' title='bbox 2369 4229 2697 4299; x_wconf 88' lang='lat' dir='ltr'><strong>displicebit.</strong></span> <span class='ocrx_word' id='word_1_443' title='bbox 2739 4229 3059 4283; x_wconf 88' lang='lat' dir='ltr'><strong>Dissertatio</strong></span> <span class='ocrx_word' id='word_1_444' title='bbox 3087 4231 3299 4299; x_wconf 87' lang='lat' dir='ltr'><strong>quinta,</strong></span> <span class='ocrx_word' id='word_1_445' title='bbox 3333 4249 3454 4303; x_wconf 60' lang='lat' dir='ltr'><strong>quae</strong></span> 
     </span>
    </p>
   </div>
   <div class='ocr_carea' id='block_1_33' title="bbox 200 4341 3452 4411">
    <p class='ocr_par' dir='ltr' id='par_1_33' title="bbox 200 4341 3452 4411">
     <span class='ocr_line' id='line_1_34' title="bbox 200 4341 3452 4411; baseline 0.001 -13"><span class='ocrx_word' id='word_1_446' title='bbox 200 4343 522 4400; x_wconf 90' lang='lat' dir='ltr'><strong>inscribitur</strong></span> <span class='ocrx_word' id='word_1_447' title='bbox 547 4346 626 4400; x_wconf 88' lang='lat' dir='ltr'><strong>De</strong></span> <span class='ocrx_word' id='word_1_448' title='bbox 650 4345 961 4398; x_wconf 83' lang='lat' dir='ltr'><strong>Theodoreto</strong></span> <span class='ocrx_word' id='word_1_449' title='bbox 992 4352 1039 4397; x_wconf 85' lang='lat' dir='ltr'><strong>et</strong></span> <span class='ocrx_word' id='word_1_450' title='bbox 1073 4342 1425 4398; x_wconf 77' lang='lat' dir='ltr'><strong>Orientalium</strong></span> <span class='ocrx_word' id='word_1_451' title='bbox 1466 4360 1648 4405; x_wconf 80' lang='lat' dir='ltr'><strong>causa,</strong></span> <span class='ocrx_word' id='word_1_452' title='bbox 1671 4350 1726 4396; x_wconf 92' lang='lat' dir='ltr'><strong>et</strong></span> <span class='ocrx_word' id='word_1_453' title='bbox 1762 4341 1877 4397; x_wconf 90' lang='lat' dir='ltr'><strong>fere</strong></span> <span class='ocrx_word' id='word_1_454' title='bbox 1905 4343 2169 4398; x_wconf 90' lang='lat' dir='ltr'><strong>ducentas</strong></span> <span class='ocrx_word' id='word_1_455' title='bbox 2193 4344 2439 4397; x_wconf 89' lang='lat' dir='ltr'><strong>continet</strong></span> <span class='ocrx_word' id='word_1_456' title='bbox 2470 4343 2746 4396; x_wconf 89' lang='lat' dir='ltr'><strong>variorum</strong></span> <span class='ocrx_word' id='word_1_457' title='bbox 2784 4342 3044 4411; x_wconf 90' lang='lat' dir='ltr'><strong>epistolas</strong></span> <span class='ocrx_word' id='word_1_458' title='bbox 3073 4343 3139 4397; x_wconf 93' lang='lat' dir='ltr'><strong>ad</strong></span> <span class='ocrx_word' id='word_1_459' title='bbox 3168 4344 3452 4402; x_wconf 88' lang='lat' dir='ltr'><strong>historiam</strong></span> 
     </span>
    </p>
   </div>
   <div class='ocr_carea' id='block_1_34' title="bbox 203 4450 3453 4535">
    <p class='ocr_par' dir='ltr' id='par_1_34' title="bbox 203 4450 3453 4535">
     <span class='ocr_line' id='line_1_35' title="bbox 203 4450 3453 4535; baseline 0.003 -23"><span class='ocrx_word' id='word_1_460' title='bbox 203 4452 537 4516; x_wconf 83' lang='lat' dir='ltr'><strong>Theodoreti</strong></span> <span class='ocrx_word' id='word_1_461' title='bbox 574 4462 935 4532; x_wconf 86' lang='lat' dir='ltr'><strong>pertinentes,</strong></span> <span class='ocrx_word' id='word_1_462' title='bbox 962 4461 1164 4515; x_wconf 92' lang='lat' dir='ltr'><strong>multos</strong></span> <span class='ocrx_word' id='word_1_463' title='bbox 1190 4460 1244 4513; x_wconf 92' lang='lat' dir='ltr'><strong>in</strong></span> <span class='ocrx_word' id='word_1_464' title='bbox 1272 4454 1532 4514; x_wconf 77' lang='lat' dir='ltr'><strong>Auctario</strong></span> <span class='ocrx_word' id='word_1_465' title='bbox 1560 4450 1810 4514; x_wconf 88' lang='lat' dir='ltr'><strong>Garnerii</strong></span> <span class='ocrx_word' id='word_1_466' title='bbox 1842 4460 2079 4514; x_wconf 87' lang='lat' dir='ltr'><strong>habebat</strong></span> <span class='ocrx_word' id='word_1_467' title='bbox 2111 4460 2314 4515; x_wconf 89' lang='lat' dir='ltr'><strong>hiatus.</strong></span> <span class='ocrx_word' id='word_1_468' title='bbox 2342 4458 2585 4515; x_wconf 86' lang='lat' dir='ltr'><strong>Aberant</strong></span> <span class='ocrx_word' id='word_1_469' title='bbox 2611 4460 2757 4515; x_wconf 88' lang='lat' dir='ltr'><strong>enim</strong></span> <span class='ocrx_word' id='word_1_470' title='bbox 2779 4459 2846 4514; x_wconf 88' lang='lat' dir='ltr'><strong>ab</strong></span> <span class='ocrx_word' id='word_1_471' title='bbox 2879 4460 3121 4517; x_wconf 88' lang='lat' dir='ltr'><strong>editione</strong></span> <span class='ocrx_word' id='word_1_472' title='bbox 3139 4464 3259 4535; x_wconf 90' lang='lat' dir='ltr'><strong>ejus</strong></span> <span class='ocrx_word' id='word_1_473' title='bbox 3282 4468 3453 4535; x_wconf 88' lang='lat' dir='ltr'><strong>priori</strong></span> 
     </span>
    </p>
   </div>
   <div class='ocr_carea' id='block_1_35' title="bbox 201 4572 3452 4650">
    <p class='ocr_par' dir='ltr' id='par_1_35' title="bbox 201 4572 3452 4650">
     <span class='ocr_line' id='line_1_36' title="bbox 201 4572 3452 4650; baseline 0.001 -19"><span class='ocrx_word' id='word_1_474' title='bbox 201 4572 458 4647; x_wconf 62' lang='lat' dir='ltr'><strong>Epistolm</strong></span> <span class='ocrx_word' id='word_1_475' title='bbox 479 4579 794 4649; x_wconf 83' lang='lat' dir='ltr'><strong>complures</strong></span> <span class='ocrx_word' id='word_1_476' title='bbox 811 4594 948 4650; x_wconf 92' lang='lat' dir='ltr'><strong>quas</strong></span> <span class='ocrx_word' id='word_1_477' title='bbox 969 4579 1061 4647; x_wconf 88' lang='lat' dir='ltr'><strong>qui</strong></span> <span class='ocrx_word' id='word_1_478' title='bbox 1091 4580 1270 4649; x_wconf 86' lang='lat' dir='ltr'><strong>legere</strong></span> <span class='ocrx_word' id='word_1_479' title='bbox 1292 4578 1475 4641; x_wconf 88' lang='lat' dir='ltr'><strong>vellet,</strong></span> <span class='ocrx_word' id='word_1_480' title='bbox 1514 4578 1748 4648; x_wconf 88' lang='lat' dir='ltr'><strong>majores</strong></span> <span class='ocrx_word' id='word_1_481' title='bbox 1774 4578 1894 4632; x_wconf 90' lang='lat' dir='ltr'><strong>illas</strong></span> <span class='ocrx_word' id='word_1_482' title='bbox 1924 4577 2297 4632; x_wconf 90' lang='lat' dir='ltr'><strong>Conciliorum</strong></span> <span class='ocrx_word' id='word_1_483' title='bbox 2331 4578 2685 4632; x_wconf 89' lang='lat' dir='ltr'><strong>collectiones</strong></span> <span class='ocrx_word' id='word_1_484' title='bbox 2707 4576 2860 4631; x_wconf 92' lang='lat' dir='ltr'><strong>adire</strong></span> <span class='ocrx_word' id='word_1_485' title='bbox 2886 4576 3097 4631; x_wconf 88' lang='lat' dir='ltr'><strong>debuit.</strong></span> <span class='ocrx_word' id='word_1_486' title='bbox 3134 4579 3210 4633; x_wconf 81' lang='lat' dir='ltr'><strong><em>Ex</em></strong></span> <span class='ocrx_word' id='word_1_487' title='bbox 3234 4579 3320 4634; x_wconf 90' lang='lat' dir='ltr'><strong>his</strong></span> <span class='ocrx_word' id='word_1_488' title='bbox 3352 4597 3419 4635; x_wconf 85' lang='lat' dir='ltr'><strong>au</strong></span> <span class='ocrx_word' id='word_1_489' title='bbox 3438 4613 3452 4623; x_wconf 86' lang='lat'>-</span> 
     </span>
    </p>
   </div>
   <div class='ocr_carea' id='block_1_36' title="bbox 166 4664 3453 4761">
    <p class='ocr_par' dir='ltr' id='par_1_36' title="bbox 204 4684 3453 4761">
     <span class='ocr_line' id='line_1_37' title="bbox 204 4684 3453 4761; baseline -0.001 -14"><span class='ocrx_word' id='word_1_490' title='bbox 204 4698 308 4747; x_wconf 85' lang='lat' dir='ltr'><strong>tem</strong></span> <span class='ocrx_word' id='word_1_491' title='bbox 338 4692 591 4747; x_wconf 90' lang='lat' dir='ltr'><strong>fontibus</strong></span> <span class='ocrx_word' id='word_1_492' title='bbox 618 4708 742 4747; x_wconf 90' lang='lat' dir='ltr'><strong>cum</strong></span> <span class='ocrx_word' id='word_1_493' title='bbox 762 4710 872 4747; x_wconf 92' lang='lat' dir='ltr'><strong>non</strong></span> <span class='ocrx_word' id='word_1_494' title='bbox 895 4708 1087 4747; x_wconf 92' lang='lat' dir='ltr'><strong>omnes</strong></span> <span class='ocrx_word' id='word_1_495' title='bbox 1112 4692 1326 4761; x_wconf 89' lang='lat' dir='ltr'><strong>possint</strong></span> <span class='ocrx_word' id='word_1_496' title='bbox 1353 4690 1594 4753; x_wconf 89' lang='lat' dir='ltr'><strong>haurire,</strong></span> <span class='ocrx_word' id='word_1_497' title='bbox 1623 4705 1819 4759; x_wconf 86' lang='lat' dir='ltr'><strong>magno</strong></span> <span class='ocrx_word' id='word_1_498' title='bbox 1842 4705 1898 4744; x_wconf 92' lang='lat' dir='ltr'><strong>se</strong></span> <span class='ocrx_word' id='word_1_499' title='bbox 1930 4691 2137 4744; x_wconf 84' lang='lat' dir='ltr'><strong>levatos</strong></span> <span class='ocrx_word' id='word_1_500' title='bbox 2168 4684 2442 4760; x_wconf 87' lang='lat' dir='ltr'><strong>putabunt</strong></span> <span class='ocrx_word' id='word_1_501' title='bbox 2475 4705 2663 4754; x_wconf 90' lang='lat' dir='ltr'><strong>onere,</strong></span> <span class='ocrx_word' id='word_1_502' title='bbox 2690 4697 2959 4759; x_wconf 85' lang='lat' dir='ltr'><strong>quotquot</strong></span> <span class='ocrx_word' id='word_1_503' title='bbox 2988 4698 3115 4745; x_wconf 93' lang='lat' dir='ltr'><strong>sunt</strong></span> <span class='ocrx_word' id='word_1_504' title='bbox 3146 4691 3338 4744; x_wconf 85' lang='lat' dir='ltr'><strong>harum</strong></span> <span class='ocrx_word' id='word_1_505' title='bbox 3368 4710 3453 4745; x_wconf 84' lang='lat' dir='ltr'><strong>re-</strong></span> 
     </span>
    </p>
   </div>
   <div class='ocr_carea' id='block_1_37' title="bbox 200 4796 3452 4877">
    <p class='ocr_par' dir='ltr' id='par_1_37' title="bbox 200 4796 3452 4877">
     <span class='ocr_line' id='line_1_38' title="bbox 200 4796 3452 4877; baseline 0.001 -20"><span class='ocrx_word' id='word_1_506' title='bbox 200 4821 320 4859; x_wconf 90' lang='lat' dir='ltr'><strong>rum</strong></span> <span class='ocrx_word' id='word_1_507' title='bbox 349 4808 543 4877; x_wconf 87' lang='lat' dir='ltr'><strong>cupidi</strong></span> <span class='ocrx_word' id='word_1_508' title='bbox 575 4812 632 4862; x_wconf 82' lang='lat' dir='ltr'><strong>et</strong></span> <span class='ocrx_word' id='word_1_509' title='bbox 653 4807 814 4876; x_wconf 83' lang='lat' dir='ltr'><strong>periti</strong></span> <span class='ocrx_word' id='word_1_510' title='bbox 837 4807 1089 4871; x_wconf 81' lang='lat' dir='ltr'><strong>lectores,</strong></span> <span class='ocrx_word' id='word_1_511' title='bbox 1110 4804 1311 4875; x_wconf 89' lang='lat' dir='ltr'><strong>quibus</strong></span> <span class='ocrx_word' id='word_1_512' title='bbox 1332 4804 1542 4874; x_wconf 90' lang='lat' dir='ltr'><strong>integra</strong></span> <span class='ocrx_word' id='word_1_513' title='bbox 1567 4803 1678 4874; x_wconf 88' lang='lat' dir='ltr'><strong>jam</strong></span> <span class='ocrx_word' id='word_1_514' title='bbox 1710 4796 1940 4858; x_wconf 73' lang='lat' dir='ltr'><strong>ofl‘ertur</strong></span> <span class='ocrx_word' id='word_1_515' title='bbox 1966 4802 2161 4857; x_wconf 90' lang='lat' dir='ltr'><strong>harum</strong></span> <span class='ocrx_word' id='word_1_516' title='bbox 2182 4804 2534 4873; x_wconf 89' lang='lat' dir='ltr'><strong>epistolarum</strong></span> <span class='ocrx_word' id='word_1_517' title='bbox 2558 4802 2827 4867; x_wconf 90' lang='lat' dir='ltr'><strong>collectio,</strong></span> <span class='ocrx_word' id='word_1_518' title='bbox 2852 4803 3039 4857; x_wconf 91' lang='lat' dir='ltr'><strong>multis</strong></span> <span class='ocrx_word' id='word_1_519' title='bbox 3060 4803 3287 4865; x_wconf 84' lang='lat' dir='ltr'><strong>Baluzii,</strong></span> <span class='ocrx_word' id='word_1_520' title='bbox 3306 4804 3452 4859; x_wconf 83' lang='lat' dir='ltr'><strong>Man-</strong></span> 
     </span>
    </p>
   </div>
   <div class='ocr_carea' id='block_1_38' title="bbox 197 4920 2199 4992">
    <p class='ocr_par' dir='ltr' id='par_1_38' title="bbox 197 4920 2199 4992">
     <span class='ocr_line' id='line_1_39' title="bbox 197 4920 2199 4992; baseline -0.002 -14"><span class='ocrx_word' id='word_1_521' title='bbox 197 4925 284 4988; x_wconf 88' lang='lat' dir='ltr'><strong>sii,</strong></span> <span class='ocrx_word' id='word_1_522' title='bbox 315 4924 669 4992; x_wconf 89' lang='lat' dir='ltr'><strong>aliorumque</strong></span> <span class='ocrx_word' id='word_1_523' title='bbox 693 4922 919 4978; x_wconf 88' lang='lat' dir='ltr'><strong>scboliis</strong></span> <span class='ocrx_word' id='word_1_524' title='bbox 948 4923 1299 4992; x_wconf 88' lang='lat' dir='ltr'><strong>locupletata,</strong></span> <span class='ocrx_word' id='word_1_525' title='bbox 1330 4921 1401 4975; x_wconf 92' lang='lat' dir='ltr'><strong>de</strong></span> <span class='ocrx_word' id='word_1_526' title='bbox 1425 4920 1630 4990; x_wconf 91' lang='lat' dir='ltr'><strong>quibus</strong></span> <span class='ocrx_word' id='word_1_527' title='bbox 1663 4920 1904 4975; x_wconf 78' lang='lat' dir='ltr'><strong>diximus</strong></span> <span class='ocrx_word' id='word_1_528' title='bbox 1931 4937 2053 4991; x_wconf 85' lang='lat' dir='ltr'><strong>pag.</strong></span> <span class='ocrx_word' id='word_1_529' title='bbox 2078 4921 2199 4977; x_wconf 82' lang='lat'><strong>608.</strong></span> 
     </span>
    </p>
   </div>
   <div class='ocr_carea' id='block_1_39' title="bbox 262 5022 3450 5106">
    <p class='ocr_par' dir='ltr' id='par_1_39' title="bbox 262 5022 3450 5106">
     <span class='ocr_line' id='line_1_40' title="bbox 262 5022 3450 5106; baseline -0.001 -16"><span class='ocrx_word' id='word_1_530' title='bbox 262 5036 508 5090; x_wconf 77' lang='lat' dir='ltr'><strong>Alteram</strong></span> <span class='ocrx_word' id='word_1_531' title='bbox 534 5034 704 5105; x_wconf 88' lang='lat' dir='ltr'><strong>hujus</strong></span> <span class='ocrx_word' id='word_1_532' title='bbox 726 5033 859 5088; x_wconf 85' lang='lat' dir='ltr'><strong>tomi</strong></span> <span class='ocrx_word' id='word_1_533' title='bbox 888 5035 1099 5104; x_wconf 85' lang='lat' dir='ltr'><strong>partem</strong></span> <span class='ocrx_word' id='word_1_534' title='bbox 1126 5026 1470 5090; x_wconf 87' lang='lat' dir='ltr'><strong>constituunt</strong></span> <span class='ocrx_word' id='word_1_535' title='bbox 1494 5044 1690 5106; x_wconf 77' lang='lat' dir='ltr'><strong>septem</strong></span> <span class='ocrx_word' id='word_1_536' title='bbox 1713 5034 1790 5088; x_wconf 90' lang='lat' dir='ltr'><strong>illi</strong></span> <span class='ocrx_word' id='word_1_537' title='bbox 1814 5022 2027 5106; x_wconf 82' lang='lat' dir='ltr'><strong>Dialogi</strong></span> <span class='ocrx_word' id='word_1_538' title='bbox 2059 5034 2307 5089; x_wconf 71' lang='lat' dir='ltr'><strong>adversus</strong></span> <span class='ocrx_word' id='word_1_539' title='bbox 2332 5035 2580 5097; x_wconf 75' lang='lat' dir='ltr'><strong>Arianos,</strong></span> <span class='ocrx_word' id='word_1_540' title='bbox 2604 5032 2931 5089; x_wconf 69' lang='lat' dir='ltr'><strong>Macedonica</strong></span> <span class='ocrx_word' id='word_1_541' title='bbox 2950 5044 2997 5087; x_wconf 85' lang='lat' dir='ltr'><strong>ct</strong></span> <span class='ocrx_word' id='word_1_542' title='bbox 3017 5034 3450 5104; x_wconf 73' lang='lat' dir='ltr'><strong>Apollinaristas,</strong></span> 
     </span>
    </p>
   </div>
   <div class='ocr_carea' id='block_1_40' title="bbox 197 5149 3447 5221">
    <p class='ocr_par' dir='ltr' id='par_1_40' title="bbox 197 5149 3447 5221">
     <span class='ocr_line' id='line_1_41' title="bbox 197 5149 3447 5221; baseline -0.001 -18"><span class='ocrx_word' id='word_1_543' title='bbox 197 5164 300 5205; x_wconf 86' lang='lat' dir='ltr'><strong>una</strong></span> <span class='ocrx_word' id='word_1_544' title='bbox 323 5166 453 5206; x_wconf 72' lang='lat' dir='ltr'><strong>cum</strong></span> <span class='ocrx_word' id='word_1_545' title='bbox 477 5149 735 5205; x_wconf 84' lang='lat' dir='ltr'><strong>Eutherii</strong></span> <span class='ocrx_word' id='word_1_546' title='bbox 762 5149 1063 5221; x_wconf 88' lang='lat' dir='ltr'><strong>Tyanensis</strong></span> <span class='ocrx_word' id='word_1_547' title='bbox 1088 5149 1445 5205; x_wconf 90' lang='lat' dir='ltr'><strong>Sermonibus</strong></span> <span class='ocrx_word' id='word_1_548' title='bbox 1470 5149 1565 5221; x_wconf 73' lang='grc' dir='ltr'><strong>(ὁ),</strong></span> <span class='ocrx_word' id='word_1_549' title='bbox 1603 5158 1659 5204; x_wconf 89' lang='lat' dir='ltr'><strong>et</strong></span> <span class='ocrx_word' id='word_1_550' title='bbox 1684 5149 2092 5204; x_wconf 90' lang='lat' dir='ltr'><strong>accessionibus</strong></span> <span class='ocrx_word' id='word_1_551' title='bbox 2129 5149 2458 5220; x_wconf 87' lang='lat' dir='ltr'><strong>quibusdam</strong></span> <span class='ocrx_word' id='word_1_552' title='bbox 2488 5150 2556 5203; x_wconf 89' lang='lat' dir='ltr'><strong>ad</strong></span> <span class='ocrx_word' id='word_1_553' title='bbox 2586 5156 2792 5203; x_wconf 90' lang='lat' dir='ltr'><strong>tomum</strong></span> <span class='ocrx_word' id='word_1_554' title='bbox 2825 5151 3062 5220; x_wconf 90' lang='lat' dir='ltr'><strong>primum</strong></span> <span class='ocrx_word' id='word_1_555' title='bbox 3104 5157 3158 5202; x_wconf 85' lang='lat' dir='ltr'><strong>et</strong></span> <span class='ocrx_word' id='word_1_556' title='bbox 3193 5158 3447 5219; x_wconf 83' lang='lat' dir='ltr'><strong>quartum</strong></span> 
     </span>
    </p>
   </div>
   <div class='ocr_carea' id='block_1_41' title="bbox 260 5338 3448 5428">
    <p class='ocr_par' dir='ltr' id='par_1_41' title="bbox 260 5338 3448 5428">
     <span class='ocr_line' id='line_1_42' title="bbox 260 5338 3448 5428; baseline -0.001 -27"><span class='ocrx_word' id='word_1_557' title='bbox 260 5346 336 5428; x_wconf 69' lang='grc' dir='ltr'><strong>ςᾳ)</strong></span> <span class='ocrx_word' id='word_1_558' title='bbox 373 5348 616 5403; x_wconf 89' lang='lat' dir='ltr'><strong>Librum</strong></span> <span class='ocrx_word' id='word_1_559' title='bbox 645 5348 811 5428; x_wconf 80' lang='lat' dir='ltr'><strong>hunc,</strong></span> <span class='ocrx_word' id='word_1_560' title='bbox 841 5349 949 5418; x_wconf 89' lang='lat' dir='ltr'><strong>jam</strong></span> <span class='ocrx_word' id='word_1_561' title='bbox 987 5348 1128 5401; x_wconf 89' lang='lat' dir='ltr'><strong>inter</strong></span> <span class='ocrx_word' id='word_1_562' title='bbox 1143 5347 1329 5428; x_wconf 55' lang='lat' dir='ltr'><strong>Opera</strong></span> <span class='ocrx_word' id='word_1_563' title='bbox 1369 5347 1551 5428; x_wconf 79' lang='lat' dir='ltr'><strong>Cyrilli</strong></span> <span class='ocrx_word' id='word_1_564' title='bbox 1582 5347 1643 5419; x_wconf 90' lang='lat' dir='ltr'><strong>(t.</strong></span> <span class='ocrx_word' id='word_1_565' title='bbox 1676 5346 1767 5428; x_wconf 54' lang='grc' dir='ltr'><strong>ιρι)</strong></span> <span class='ocrx_word' id='word_1_566' title='bbox 1876 5338 2061 5428; x_wconf 66' lang='lat' dir='ltr'><strong>nensis</strong></span> <span class='ocrx_word' id='word_1_567' title='bbox 2093 5345 2399 5428; x_wconf 50' lang='lat' dir='ltr'><strong>&quot;Sermones</strong></span> <span class='ocrx_word' id='word_1_568' title='bbox 2439 5347 2548 5428; x_wconf 86' lang='lat' dir='ltr'><strong>jam</strong></span> <span class='ocrx_word' id='word_1_569' title='bbox 2586 5348 2725 5428; x_wconf 69' lang='lat' dir='ltr'><strong>inter</strong></span> <span class='ocrx_word' id='word_1_570' title='bbox 2761 5345 2937 5428; x_wconf 79' lang='lat' dir='ltr'><strong>Opera</strong></span> <span class='ocrx_word' id='word_1_571' title='bbox 2997 5342 3167 5428; x_wconf 57' lang='lat' dir='ltr'><strong>sancti</strong></span> <span class='ocrx_word' id='word_1_572' title='bbox 3189 5343 3448 5428; x_wconf 3' lang='lat' dir='ltr'><strong>galbana-</strong></span> 
     </span>
    </p>
   </div>
   <div class='ocr_carea' id='block_1_42' title="bbox 196 5413 3445 5486">
    <p class='ocr_par' dir='ltr' id='par_1_42' title="bbox 196 5413 3445 5486">
     <span class='ocr_line' id='line_1_43' title="bbox 196 5413 3445 5486; baseline -0.002 -14"><span class='ocrx_word' id='word_1_573' title='bbox 196 5413 423 5480; x_wconf 83' lang='lat' dir='ltr'><strong>editum,</strong></span> <span class='ocrx_word' id='word_1_574' title='bbox 451 5413 882 5474; x_wconf 77' lang='lat' dir='ltr'><strong>memoravimus</strong></span> <span class='ocrx_word' id='word_1_575' title='bbox 907 5428 1115 5473; x_wconf 86' lang='lat' dir='ltr'><strong>tantum</strong></span> <span class='ocrx_word' id='word_1_576' title='bbox 1141 5413 1326 5472; x_wconf 52' lang='lat' dir='ltr'><strong>in&#39;ﬁne</strong></span> <span class='ocrx_word' id='word_1_577' title='bbox 1362 5413 1492 5473; x_wconf 56' lang='lat' dir='ltr'><strong>to&#39;mi</strong></span> <span class='ocrx_word' id='word_1_578' title='bbox 1521 5413 1770 5486; x_wconf 77' lang='lat' dir='ltr'><strong>superio—</strong></span> <span class='ocrx_word' id='word_1_579' title='bbox 1879 5417 1943 5471; x_wconf 84' lang='lat' dir='ltr'><strong>sii</strong></span> <span class='ocrx_word' id='word_1_580' title='bbox 1976 5416 2310 5486; x_wconf 85' lang='lat' dir='ltr'><strong>prodierant.</strong></span> <span class='ocrx_word' id='word_1_581' title='bbox 2353 5413 2556 5471; x_wconf 56' lang='lat' dir='ltr'><strong>nostra</strong></span> <span class='ocrx_word' id='word_1_582' title='bbox 2590 5413 2848 5471; x_wconf 77' lang='lat' dir='ltr'><strong>editionis</strong></span> <span class='ocrx_word' id='word_1_583' title='bbox 2886 5424 3016 5468; x_wconf 92' lang='lat' dir='ltr'><strong>tom.</strong></span> <span class='ocrx_word' id='word_1_584' title='bbox 3058 5414 3144 5479; x_wconf 87' lang='lat' dir='ltr'><strong>IV,</strong></span> <span class='ocrx_word' id='word_1_585' title='bbox 3180 5413 3247 5467; x_wconf 91' lang='lat' dir='ltr'><strong>ad</strong></span> <span class='ocrx_word' id='word_1_586' title='bbox 3280 5428 3445 5481; x_wconf 79' lang='lat' dir='ltr'><strong>quem</strong></span> 
     </span>
    </p>
   </div>
   <div class='ocr_carea' id='block_1_43' title="bbox 199 5486 2590 5542">
    <p class='ocr_par' dir='ltr' id='par_1_43' title="bbox 199 5486 2590 5542">
     <span class='ocr_line' id='line_1_44' title="bbox 199 5486 2590 5542; baseline -0.001 -1"><span class='ocrx_word' id='word_1_587' title='bbox 199 5487 288 5542; x_wconf 86' lang='lat' dir='ltr'><strong>ris.</strong></span> <span class='ocrx_word' id='word_1_588' title='bbox 318 5488 469 5541; x_wconf 83' lang='lat' dir='ltr'><strong>E-orr.</strong></span> <span class='ocrx_word' id='word_1_589' title='bbox 501 5488 669 5542; x_wconf 70' lang='grc' dir='ltr'><strong>Ρλτιι.</strong></span> <span class='ocrx_word' id='word_1_590' title='bbox 1881 5493 2075 5541; x_wconf 84' lang='lat' dir='ltr'><strong>Lector</strong></span> <span class='ocrx_word' id='word_1_591' title='bbox 2100 5495 2403 5540; x_wconf 86' lang='lat' dir='ltr'><strong>revocatur.</strong></span> <span class='ocrx_word' id='word_1_592' title='bbox 2447 5486 2590 5539; x_wconf 76' lang='lat' dir='ltr'><strong>Eutr.</strong></span> 
     </span>
    </p>
   </div>
   <div class='ocr_carea' id='block_1_44' title="bbox 265 5556 1773 5629">
    <p class='ocr_par' dir='ltr' id='par_1_44' title="bbox 265 5556 1773 5629">
     <span class='ocr_line' id='line_1_45' title="bbox 265 5556 1773 5629; baseline 0.001 -20"><span class='ocrx_word' id='word_1_593' title='bbox 265 5556 336 5628; x_wconf 68' lang='grc' dir='ltr'><strong>(ὁ)</strong></span> <span class='ocrx_word' id='word_1_594' title='bbox 368 5557 587 5628; x_wconf 82' lang='lat' dir='ltr'><strong>Dialogi</strong></span> <span class='ocrx_word' id='word_1_595' title='bbox 619 5558 741 5613; x_wconf 88' lang='lat' dir='ltr'><strong>adv.</strong></span> <span class='ocrx_word' id='word_1_596' title='bbox 789 5558 1041 5616; x_wconf 82' lang='lat' dir='ltr'><strong>Arianos,</strong></span> <span class='ocrx_word' id='word_1_597' title='bbox 1087 5568 1218 5621; x_wconf 89' lang='lat' dir='ltr'><strong>etc.,</strong></span> <span class='ocrx_word' id='word_1_598' title='bbox 1262 5567 1316 5614; x_wconf 91' lang='lat' dir='ltr'><strong>et</strong></span> <span class='ocrx_word' id='word_1_599' title='bbox 1352 5557 1599 5613; x_wconf 87' lang='lat' dir='ltr'><strong>Eutherii</strong></span> <span class='ocrx_word' id='word_1_600' title='bbox 1640 5556 1773 5629; x_wconf 82' lang='lat' dir='ltr'><strong>Tya-</strong></span> 
     </span>
    </p>
   </div>
   <div class='ocr_carea' id='block_1_45' title="bbox 530 5646 3057 5713">
    <p class='ocr_par' dir='ltr' id='par_1_45' title="bbox 530 5646 3057 5713">
     <span class='ocr_line' id='line_1_46' title="bbox 530 5646 3057 5713; baseline -0.004 -2"><span class='ocrx_word' id='word_1_601' title='bbox 530 5652 805 5712; x_wconf 80' lang='lat' dir='ltr'><strong>PATROL.</strong></span> <span class='ocrx_word' id='word_1_602' title='bbox 848 5653 964 5713; x_wconf 72' lang='lat' dir='ltr'><strong>Gn.</strong></span> <span class='ocrx_word' id='word_1_603' title='bbox 1010 5652 1319 5712; x_wconf 74' lang='lat' dir='ltr'><strong>LXXXIV.</strong></span> <span class='ocrx_word' id='word_1_604' title='bbox 3032 5646 3057 5702; x_wconf 83' lang='grc'>1</span> 
     </span>
    </p>
   </div>
  </div>
