3954 6294
495 335 554 403 11
1920 331 2331 392 PRIEFATIO.
3674 322 3744 387 13

492 466 914 542 pertinentibus.
969 467 1049 520 Ad
1101 466 1352 535 Dialogos
1390 465 1512 518 illos
1540 461 1685 533 quod
1713 463 1928 525 attinet,
1970 470 2182 516 mutare
2227 464 2448 532 quidem
2479 465 2756 518 noluimus
2780 464 3000 518 titulum
3023 462 3115 515 τοῦ
3157 459 3426 532 μακαρίου
3462 458 3741 526 Bacchum-

422 599 423 604 ‘
492 603 605 650 του,
634 599 794 654 quem
830 582 937 636 illis
976 581 1204 636 dederat
1235 580 1569 644 Garnerius;
1603 579 1658 633 in
1685 578 2064 649 superioribus
2090 588 2274 633 autem
2315 589 2371 634 et
2396 581 2456 634 in
2495 581 2612 650 ipso
2643 580 2830 634 limine
2862 579 3026 649 hujus
3058 577 3242 646 operis
3272 576 3384 645 jam
3407 571 3669 626 monuimi
3696 586 3740 632 s,

411 684 417 689 ’
493 695 606 753 imo
635 712 811 767 nuper
841 696 896 750 in
923 695 1331 763 Programmate
1355 691 1663 746 Academiae
1691 691 1912 745 nomine
1945 689 2170 758 scripto,
2200 704 2311 759 quo
2357 689 2476 744 dies
2519 689 2688 744 festos
2726 689 3006 744 memoriae
3046 685 3176 742 Jesu
3199 685 3407 740 Christi
3444 699 3474 738 a
3510 683 3746 737 mortuis

494 807 804 863 resuscitati
835 821 1032 861 sacros
1078 807 1409 871 indiximus,
1452 806 1701 860 instituta
1738 820 1862 860 cum
1907 804 2163 875 genuinis
2201 805 2491 875 scriptoris
2523 797 2696 861 nostri
2733 807 2892 861 libris
2921 805 3328 875 comparatione
3372 801 3743 872 probavimus,

491 926 740 982 libellum
771 925 936 980 istum
959 927 1112 980 nullo
1137 927 1260 996 jure
1282 925 1630 980 Theodoreto
1653 925 1921 979 vindicari
1945 939 2126 994 posse.
2154 924 2388 979 Textum
2416 926 2665 981 Graecum
2695 927 2898 996 passim
2927 942 2994 982 ex
3022 927 3262 983 editione
3283 925 3449 982 Henr.
3484 926 3744 997 Stephani

492 1048 550 1095 et
575 1055 643 1094 ex
671 1040 876 1096 Bened.
907 1038 1149 1110 Operum
1173 1039 1456 1096 Athanasii
1479 1039 1722 1095 editione
1747 1041 2041 1096 emendare
2073 1041 2249 1097 licuit.
2291 1042 2402 1096 Hac
2436 1043 2883 1112 praestantissima
2903 1042 3186 1097 Athanasii
3216 1042 3460 1114 editione
3495 1041 3578 1096 usi
3608 1057 3746 1108 quo-

491 1169 598 1224 que
627 1168 816 1208 sumus
845 1153 912 1206 ad
948 1151 1319 1208 emendandas
1343 1151 1552 1221 aliquot
1576 1152 1843 1207 lectiones
1889 1150 1946 1206 in
1983 1153 2234 1208 Eutherii
2268 1152 2647 1210 Sermonibus.
2682 1155 2793 1210 Hos
2831 1154 3054 1224 quidem
3099 1153 3416 1208 Harduinus
3453 1152 3508 1206 in
3539 1151 3747 1206 scholio

488 1270 641 1341 quod
683 1275 861 1324 exstat
881 1283 1003 1338 pag.
1036 1268 1192 1332 1117,
1225 1266 1362 1321 dicit
1386 1274 1499 1320 octo
1533 1273 1582 1319 et
1604 1249 1777 1319 decent
1807 1281 1948 1330 esse,
1977 1267 2074 1321 sed
2101 1267 2192 1321 alii
2218 1267 2332 1322 fere
2367 1283 2563 1324 omnes
2584 1277 2879 1324 numerant
2910 1269 3070 1324 XVII.
3104 1266 3420 1322 Harduinus
3455 1267 3639 1335 itaque
3665 1265 3746 1318 vi-

491 1392 656 1448 detur
681 1391 892 1446 calculo
913 1388 1190 1444 addidisse
1221 1388 1510 1458 epistolam
1538 1387 1684 1440 illam
1711 1386 2112 1457 procemialem,
2142 1403 2262 1457 quae
2299 1388 2651 1458 praemittitur
2675 1404 2796 1459 pag.
2825 1387 2962 1442 1118
2987 1386 3248 1442 editionis
3275 1393 3498 1438 nostra.

563 1508 858 1578 Reliquum
901 1515 1004 1567 est,
1036 1482 1112 1558 ut.
1141 1504 1208 1559 de
1262 1503 1330 1558 iis
1370 1503 1640 1568 dicamus,
1673 1519 1793 1572 quae
1826 1503 2222 1559 Addendorum
2259 1506 2484 1560 nomine
2517 1483 2786 1576 complexi
2813 1519 3026 1560 sumus.
3065 1503 3145 1558 Ad
3176 1501 3309 1556 tomi
3334 1499 3498 1572 primi
3534 1507 3745 1569 partem

494 1623 737 1694 priorem
768 1629 883 1676 tum
909 1620 1216 1692 augendam
1245 1628 1362 1675 tum
1387 1620 1769 1676 illustrandam
1796 1621 1943 1675 haud
1975 1637 2171 1692 parum
2196 1622 2452 1677 utilitatis
2475 1623 2636 1678 nobis
2673 1623 2857 1678 attulit
2895 1623 3114 1693 egregia
3155 1620 3247 1675 illa
3267 1618 3472 1676 Catena
3503 1615 3558 1668 in
3582 1613 3746 1669 Octa-

495 1735 758 1791 teucbum
787 1742 843 1789 et
871 1733 1043 1788 libros
1062 1734 1270 1804 Regum
1295 1747 1489 1789 recens
1517 1733 1667 1788 edita
1693 1733 1910 1803 Lipsiae,
1943 1750 2050 1788 ann

2186 1735 2262 1789 ’72
2291 1744 2349 1790 et
2376 1736 2532 1801 1775,
2557 1753 2676 1806 quae
2721 1736 3045 1792 inscribitur
3089 1733 3253 1804 Σειρὰ
3282 1732 3399 1795 ἐνὸς
3434 1728 3528 1784 καὶ
3552 1726 3747 1795 πεντή-

497 1867 660 1906 κοντα
689 1849 1192 1921 ὑπομνηματιστῶν
1218 1850 1297 1909 εἰς
1324 1849 1421 1920 τὴν
1467 1849 1821 1919 Ὀκτάτευχον
1855 1852 1948 1904 καὶ
1967 1850 2037 1903 τὰ
2060 1851 2168 1904 τῶν
2199 1850 2518 1918 Βασιλειῶν,
2545 1852 2646 1924 ἤδη
2674 1852 2890 1924 πρῶτον
2918 1851 3108 1914 τύποις
3145 1848 3426 1903 ἐκδοθεῖσα
3461 1841 3748 1913 ἐπιμελείᾳ

493 1966 541 2018 Ν
548 1967 808 2036 ικηφόρου
847 1963 1222 2037 Ἰερομονάχου
1254 1965 1349 2018 τοῦ
1371 1963 1656 2018 Θεοτόκου.
1677 1963 1853 2031 Quam
1883 1966 2054 2036 praecl:

2188 1967 2239 2022 le
2264 1983 2325 2023 re
2356 1969 2624 2025 litteraria
2646 1969 2934 2034 meruerit,
2969 1969 3064 2038 qui
3087 1967 3317 2023 edenda:
3345 1966 3512 2036 hujus
3531 1960 3749 2016 Catenae

489 2095 682 2138 curam
720 2080 777 2133 in
801 2095 860 2134 se
881 2078 1143 2148 suscepit,
1173 2077 1259 2132 vir
1283 2091 1462 2133 rever.
1488 2092 1638 2132 nunc
1660 2083 1888 2132 vocatus
1915 2075 2364 2149 archiepiscopus
2392 2081 2447 2135 in
2472 2079 2684 2134 ditione
2719 2080 3076 2144 Venetorum,
3105 2088 3296 2134 nostro
3336 2076 3594 2131 omnibus
3617 2087 3748 2144 pro-

491 2205 613 2260 bari
660 2204 911 2273 cupimus
952 2201 1226 2270 exemplo,
1261 2209 1318 2254 et
1342 2207 1596 2270 optamus
1631 2207 1692 2254 ut
1731 2199 1967 2255 aliorum
1996 2199 2163 2254 etiam
2195 2202 2510 2256 excitentur
2543 2201 2724 2256 studia
2760 2200 2829 2254 ad
2863 2201 3087 2256 Patrum
3131 2199 3334 2268 scripta
3375 2213 3441 2252 ex
3475 2198 3581 2253 hoc
3604 2213 3748 2252 novo

482 2322 642 2378 fonte
669 2319 1073 2390 locupletanda.
1098 2319 1330 2389 Largam
1359 2318 1506 2372 enim
1537 2332 1658 2372 esse
1687 2319 1827 2372 hanc
1857 2333 2113 2383 messem,
2140 2319 2448 2390 intelligent
2476 2336 2669 2375 omnes
2700 2336 2766 2375 ex
2789 2319 2897 2374 illis
2931 2334 3053 2388 quae
3079 2333 3201 2387 pag.
3237 2315 3584 2370 1176-1255
3608 2322 3751 2370 θιιυο

492 2440 658 2495 limus
681 2437 780 2511 (α).
806 2438 920 2493 Nec
938 2435 1174 2506 amplius
1197 2433 1562 2490 dubitandum
1591 2439 1677 2488 est
1700 2433 1768 2488 de
1792 2435 2025 2490 veritate
2050 2437 2400 2506 conjecturae,
2428 2436 2482 2490 in
2511 2451 2674 2504 quam
2696 2435 3009 2488 inciderunt
3029 2433 3137 2486 viri
3162 2431 3384 2495 eruditi,
3410 2427 3756 2494 Quaestiones

492 2555 616 2609 illas
642 2550 976 2606 Theodoreti
1001 2549 1055 2604 in
1086 2548 1484 2605 Octateucbum
1521 2548 1766 2618 aliosque
1796 2549 2087 2604 historicos
2111 2551 2176 2606 V.
2204 2550 2266 2603 Τ.
2295 2551 2488 2614 libros,
2517 2565 2584 2604 ex
2619 2557 2774 2619 parte
2802 2547 3097 2602 admodum
3135 2545 3392 2614 prolixas,
3433 2557 3542 2597 non
3572 2539 3756 2596 ubivis

491 2675 685 2723 autem
711 2664 845 2720 satis
883 2663 1254 2727 cohaerentes,
1287 2678 1408 2718 esse
1447 2662 1709 2719 conﬂatas
1753 2679 1820 2719 ex
1861 2666 2170 2721 minoribus
2207 2666 2432 2720 scholiis
2473 2667 2540 2720 ad
2583 2666 2732 2720 hunc
2761 2666 3026 2734 illumque
3063 2663 3245 2717 locum
3277 2659 3661 2715 illustrandum
3682 2659 3754 2714 ab

489 2782 587 2839 illo
610 2755 948 2848 compositis.
976 2775 1132 2843 Quod
1166 2784 1228 2830 ut
1246 2790 1312 2830 eo
1339 2777 1512 2847 magis
1539 2787 1829 2848 appareret
1851 2779 2127 2845 omnibus,
2152 2787 2323 2848 utque
2353 2779 2460 2833 illis
2480 2779 2644 2834 utiles
2665 2792 2932 2842 essemus,
2959 2776 3054 2846 qui
3073 2773 3366 2844 aliquando
3395 2772 3462 2827 de
3484 2772 3754 2842 scriptore

490 2890 913 2948 nostroiterum
935 2883 1149 2940 edendo
1172 2885 1373 2940 mereri
1395 2885 1586 2952 velint,
1613 2902 1718 2942 nec
1750 2888 1990 2942 alienum
2025 2904 2056 2944 a
2090 2889 2270 2955 nobis,
2293 2904 2396 2944 nec
2423 2889 2714 2945 molestum
2751 2887 3065 2958 putavimus
3105 2887 3348 2942 laborem
3375 2884 3551 2948 illum,
3588 2900 3756 2955 quem

487 3005 548 3062 in
571 2999 931 3074 congerendis
951 2997 1176 3053 scholiis
1193 2997 1262 3052 ad
1287 2998 1403 3053 haec
1426 3008 1682 3069 excerpta
1698 3002 2102 3070 pertinentibus
2123 3003 2271 3058 ultro
2288 3002 2449 3058 nobis
2467 3003 2849 3072 imposuimus.
2871 3002 2949 3056 Ex
2970 3001 3058 3055 bis
3078 3000 3223 3055 enim
3249 2999 3513 3068 intelliget
3559 2997 3759 3053 Lector

489 3125 863 3196 Quaestionum
898 3136 1090 3177 earum
1122 3135 1285 3174 unam
1321 3119 1616 3176 alteramve
1648 3123 1885 3178 subinde
1917 3124 1985 3178 ad
2014 3125 2174 3196 plura
2209 3125 2389 3196 capita
2435 3135 2492 3180 et
2524 3134 2797 3181 commata
2837 3122 3136 3194 pertinere,
3165 3102 3463 3188 multisque
3494 3125 3758 3172 constare

487 3245 761 3320 partibus,
793 3256 915 3312 quae
933 3240 989 3294 in
1007 3238 1211 3294 Catena
1244 3252 1352 3290 non
1380 3236 1500 3290 sine
1527 3237 1777 3306 improbo
1802 3238 1991 3294 labore
2019 3239 2190 3310 quaeri
2217 3248 2272 3294 et
2298 3241 2474 3311 colligi
2501 3248 2817 3311 potuerunt.
2847 3237 2966 3304 Quo
2999 3233 3222 3305 quidem
3247 3233 3430 3288 labore
3460 3248 3607 3288 nunc
3633 3249 3761 3304 per-

485 3370 614 3418 acto
645 3361 750 3414 hoc
782 3374 884 3412 nos
915 3353 1162 3412 eﬂ‘ecisse
1187 3356 1459 3420 putamus,
1484 3353 1546 3400 ut
1564 3346 1821 3402 facillime
1846 3363 2038 3402 omnes
2069 3365 2398 3420 cognoscere
2427 3349 2659 3419 possint,
2684 3363 2794 3418 quo
2819 3345 3249 3416 unumquodque
3278 3345 3348 3398 sit
3381 3343 3755 3401 referendum.

487 3470 572 3526 Ad
609 3470 779 3524 libros
809 3469 1018 3535 Regum
1049 3469 1248 3533 praeter
1275 3460 1538 3515 Catenam
1565 3461 1676 3530 jam
1710 3460 1983 3516 laudatam
2022 3463 2107 3517 usi
2145 3478 2333 3518 sumus
2356 3464 2629 3534 cxcerptis
2669 3479 2738 3518 ex
2761 3461 3045 3516 codicibus
3074 3462 3202 3516 olim
3228 3461 3599 3527 Coislinianis,
3630 3479 3757 3534 pag.

491 3579 630 3635 1196
676 3576 986 3646 descriptis,
1029 3590 1152 3645 qua:
1185 3574 1460 3628 debentur
1508 3573 1688 3628 studio
1721 3574 1790 3627 cl.
1825 3574 2151 3642 Lobsteinii,
2185 3578 2302 3633 0rd.
2341 3580 2793 3650 phiIOSOphorum
2829 3580 2886 3634 in
2915 3577 3084 3634 Acad.
3116 3577 3565 3648 Argentoratensi
3586 3595 3763 3634 "nunc

393 3755 397 3760 ,
481 3695 753 3766 adiuncti.
797 3689 1376 3770 Subjecimusdeinde
1426 3705 1548 3760 pag.
1592 3690 1727 3744 1254
1756 3706 1871 3761 seq.
1900 3709 2020 3762 quae
2054 3695 2111 3748 in
2156 3696 2471 3766 apographo
2503 3696 2911 3752 Vindobonensi
2949 3704 3006 3751 et
3045 3697 3363 3751 Florentino
3389 3692 3764 3768 deprehendi-

488 3825 614 3865 mus
637 3808 704 3863 ad
730 3805 1154 3878 Hypomnestica
1182 3804 1237 3858 in
1266 3805 1510 3859 Psalmos
1532 3806 1882 3874 pertinentia.
2651 3789 2654 3792 ’

561 3923 773 3980 Indices
797 3922 1070 3976 debentur
1098 3918 1281 3972 studio
1309 3917 1376 3971 cl.
1411 3915 1622 3982 Baveri,
1649 3917 1713 3972 A.
1751 3917 1820 3970 M.
1848 3926 1902 3972 et
1926 3919 2127 3974 scholae
2156 3918 2636 3989 liirschbergensis
2663 3922 2892 3975 rectoris
2922 3922 3280 3989 meritissimi,
3304 3924 3398 3993 qui
3426 3925 3539 3994 jam
3569 3929 3768 3984 multis

488 4034 692 4105 ingenii
727 4040 890 4100 atque
913 4029 1174 4084 doctrinae
1211 4026 1604 4097 speciminibus
1635 4029 1853 4083 laudem
1897 4031 2117 4097 meruit,
2159 4047 2321 4100 quam
2364 4031 2467 4086 hoc
2496 4048 2639 4087 novo
2674 4034 2863 4089 labore
2895 4034 3132 4090 feliciter
3164 4047 3386 4106 peracto
3426 4047 3641 4094 auctam
3679 4042 3767 4098 illi

489 4149 847 4220 gratulamur.
881 4143 1058 4200 Efﬁcit
1089 4143 1254 4196 etiam
1280 4143 1348 4195 cl.
1385 4142 1629 4197 Bertram
1654 4144 1718 4197 A.
1758 4145 1825 4198 Μ.
1852 4145 2172 4200 assiduitate
2195 4162 2295 4200 sua
2319 4154 2375 4200 et
2408 4145 2607 4201 eximia
2642 4147 2947 4219 diligentia,
2982 4160 3040 4206 ut
3064 4153 3219 4206 multi
3243 4155 3588 4224 mirarentur,
3619 4157 3769 4220 adeo

488 4285 612 4323 rara
644 4269 699 4321 in
737 4267 841 4321 hoc
872 4266 1128 4320 universo
1164 4274 1332 4330 opere
1353 4273 1471 4313 esse
1509 4261 1916 4331 typothetarum
1943 4261 2271 4329 sphalmata.

559 4383 705 4435 Inter
730 4383 964 4435 maxima
992 4391 1174 4434 autem
1211 4379 1496 4445 beneﬁcia,
1536 4397 1658 4450 qua:
1683 4382 1794 4435 Deo
1834 4382 1896 4435 T.
1923 4383 1984 4437 Ο.
2012 4383 2080 4437 Μ.
2114 4394 2335 4454 accepta
2372 4385 2572 4451 refero,
2605 4388 2709 4442 hoc
2746 4388 3016 4459 imprimis
3048 4401 3146 4455 per
3176 4395 3342 4442 totam
3382 4391 3549 4444 vitam
3577 4409 3767 4452 meam

489 4495 802 4559 celebrabo,
825 4495 970 4563 quod
996 4495 1262 4550 hodierno
1297 4497 1385 4552 die
1410 4514 1477 4552 ex
1502 4508 1629 4551 voto
1651 4498 1783 4550 mihi
1821 4499 2065 4567 contigit.
2104 4498 2413 4568 Adjuvante
2438 4501 2584 4554 enim
2617 4502 2823 4568 divina,
2855 4519 2978 4572 quae
3012 4521 3203 4561 omnes
3244 4509 3602 4579 cogitationes
3631 4515 3765 4570 lau-

490 4613 697 4682 desque
724 4622 936 4668 nostras
956 4625 1199 4683 superat,
1229 4617 1422 4687 gratia,
1446 4617 1515 4679 ad
1550 4616 1712 4669 ﬁnem
1745 4631 1890 4668 nunc
1925 4617 2224 4685 perductus
2247 4629 2330 4673 est
2361 4620 2534 4686 labor,
2565 4638 2663 4692 per
2692 4632 2836 4689 octo,
2871 4635 2924 4680 et
2947 4627 3092 4696 quod
3125 4631 3386 4698 excurrit,
3412 4647 3584 4688 annos
3610 4626 3769 4692 inter

492 4724 692 4779 inultas
717 4723 1060 4781 diﬂicultates
1085 4737 1139 4781 et
1163 4731 1573 4786 vicissitudines
1595 4731 1968 4788 continuatus.
1991 4732 2164 4798 Quem
2199 4743 2258 4789 ut
2295 4737 2438 4791 Deus
2465 4737 2518 4791 in
2544 4741 2740 4794 summi
2768 4744 3006 4798 nominis
3029 4744 3112 4797 sui
3136 4745 3383 4816 gloriam,
3416 4750 3766 4823 multamque

490 4840 723 4894 aliorum
749 4838 1041 4894 utilitatem
1076 4842 1273 4896 cedere
1299 4841 1510 4910 jubeat,
1547 4841 1778 4910 supplex
1803 4857 1920 4895 oro.

561 4951 763 5006 Dabam
797 4949 963 5018 Halte,
987 4954 1044 5008 in
1077 4955 1370 5010 Academia
1398 4954 1793 5018 Fridericiana,
1831 4936 2042 5010 (1.5ιινι
2069 4957 2290 5028 Aprilis,
2316 4958 2381 5013 A.
2421 4961 2486 5015 R.
2526 4962 2582 5016 S.
2611 4980 2952 5021 unccuxnn.

490 5108 1466 5253 i“si;legigiloTnniptris?rietatem
1490 5127 1555 5166 ex
1579 5122 1768 5166 catena
1794 5112 2062 5184 Lipsiensi
2099 5132 2418 5187 expressam
2440 5120 2508 5173 ad
2535 5131 2740 5176 tomum
2797 5125 3035 5193 primum
3097 5133 3472 5191 revocavimus
3492 5145 3550 5191 et
3579 5145 3765 5199 textui

3779 5234 3790 5332 ἓ
