3954 6294
229 327 296 392 21
903 324 1350 390 AUCTARIUM
1387 317 1704 385 OPERUM
1741 317 1818 378 TE

1932 315 2251 381 DDORETI.
2285 345 2353 354 —
2391 321 2490 380 AD
2526 317 2702 379 TOM.
2745 318 2796 378 Ι.
3427 320 3528 382 22.

232 438 460 494 σκαλίαν
499 438 723 508 ἀρετῆς,
758 437 854 490 καὶ
904 438 1138 502 πίστεως
1188 437 1442 508 ἀληθοῦς.
1487 437 1552 490 Ἦ
1599 437 1656 490 δδ
1703 431 1808 486 τῶν

1932 428 2161 486 locenda
2180 447 2301 502 quae
2314 431 2534 488 virtutis
2555 439 2703 496 sunt,
2721 444 2952 501 quaeque
2968 443 3107 485 verae
3129 428 3257 484 ﬁdei
3272 442 3317 482 ι.
3332 429 3498 488 Liber

231 529 479 600 Ψαλμῶν
517 528 720 599 βίϐλος,
769 529 858 581 ὅτε
890 530 910 560 ⁸
946 527 1165 582 πάντων
1210 527 1285 592 ὼς
1345 527 1706 597 παράδεισος,
1753 527 1810 578 ὲν

235 625 402 691 ἑαυτῇ
433 623 450 651 ⁷
494 620 881 689 πεφυτευμένα.
910 620 978 674 τὰ
1017 620 1182 674 ἄνθεα
1213 616 1234 649 ⁸
1282 621 1542 690 φέρουσα,
1585 617 1814 688 μελῳδεῖ

145 765 150 778 ι
234 713 324 763 ἐπ’
351 711 532 764 αὐτῶν
560 713 656 763 καὶ
683 709 960 778 ψάλλουσα
991 709 1261 762 δείκνυσιν
1282 711 1324 764 ⁸.

314 803 468 871 Ἔχει
494 802 553 856 δὲ
583 804 677 856 καὶ
727 802 1111 874 παρατήρησιν
1149 819 1268 855 τινα
1318 803 1433 862 τοῖς
1466 801 1812 871 βουλομένοις

237 895 553 964 προσέχειν,
595 896 687 948 καὶ
716 895 816 965 τὴν
861 895 1046 948 εἰκόνα
1075 911 1192 957 πως
1233 896 1333 963 τῆς
1381 894 1660 963 διαγωγῆς
1701 892 1812 946 τῶν

231 986 445 1055 ψυχῶν,
476 987 690 1040 καὶτὸν
731 988 816 1038 ἐπ’
860 988 1028 1056 ἀρετῇ
1060 985 1322 1056 τρέχοντα
1357 984 1452 1037 καλ⁵
1489 983 1811 1054 βουλόμενον

235 1078 574 1147 κατανοῆσαι
600 1078 698 1147 τὴν
727 1077 819 1130 τοῦ
865 1077 1116 1146 Σωτῆρος
1143 1079 1200 1128 ὲν
1231 1075 1443 1146 σώματι
1471 1077 1773 1146 παρουσίαν
1793 1091 1807 1106 ⁶

221 1169 682 1239 ’ὑπομιμνήσκειν
714 1169 757 1199 ¹⁰
788 1168 1051 1238 πρότερον
1095 1167 1182 1220 διὰ
1209 1167 1311 1236 τῆς
1351 1165 1712 1234 ἀναγνώσεως
1743 1169 1809 1230 ⁸⁸,

235 1261 305 1314 τά
335 1277 396 1312 τε
423 1263 704 1331 κινήματα
734 1260 829 1313 καὶ
851 1259 950 1330 τὴν
979 1259 1314 1313 κατάστασιν
1348 1259 1448 1327 τῆς
1473 1258 1681 1330 ψυχῆς
1719 1259 1813 1312 καὶ

233 1353 383 1406 οὕτω
409 1353 598 1405 λοιπὸν
620 1357 782 1406 τυποῖ
820 1354 915 1406 καὶ
943 1351 1207 1413 διδάσκει,
1234 1354 1282 1404 εἰ
1313 1353 1356 1384 ¹¹
1381 1352 1508 1415 τοὺς
1548 1351 1812 1421 ἐντυγχά-

234 1457 430 1503 νοντας
459 1443 572 1505 τοῖς
604 1441 864 1504 τοιούτοις
891 1441 1241 1511 ψυχωνρελέσι
1276 1441 1370 1494 καὶ
1402 1440 1681 1494 θεοσεϐέσι
1726 1441 1812 1494 λό-

234 1547 377 1597 γοις,
403 1529 546 1582 οὕτω
579 1546 638 1582 τε
670 1529 712 1560 ¹³
750 1532 876 1600 περὶ
907 1530 1135 1582 ἕκαστον
1173 1530 1265 1583 τὸν
1297 1529 1468 1583 τύπον
1500 1533 1592 1584 καὶ
1612 1531 1710 1601 τὴν
1739 1531 1815 1585 δι-

234 1619 574 1674 δασκαλίαν·
613 1622 707 1674 καλ⁸
743 1622 795 1674 τί
828 1624 926 1692 μὲν
965 1623 1160 1690 λέγων,
1193 1624 1449 1693 ἀρέσκειν
1481 1624 1706 1678 δύναται
1735 1625 1814 1695 τῷ

236 1712 454 1781 Κυρίῳ,
480 1713 568 1765 διὰ
607 1713 775 1767 ποίων
810 1713 866 1765 δὲ
901 1714 1163 1785 ῥημάτων
1191 1715 1626 1785 ὲπιδιορθοῦσθαι
1652 1718 1695 1747 ¹⁸
1723 1715 1814 1769 δύ-

1919 533 2105 576 autem
2155 523 2514 589 Psalmorum,
2557 539 2680 580 cum
2727 525 2800 578 sit
2830 523 2980 577 velut
3016 522 3260 577 omnium
3281 520 3496 585 hortus.
3539 591 3541 593 ι

1911 605 2162 669 οοηείιοε
2197 615 2252 669 in
2271 632 2329 671 se
2359 616 2524 671 tiores
2545 615 2749 679 ferens,
2775 614 2841 669 de
2867 613 3000 685 ipsis
3019 611 3353 678 modulatur,
3378 628 3499 668 eos-

1921 719 2027 772 que
2049 705 2288 774 psallens
2309 707 2570 762 ostendit.

1993 795 2170 850 Habet
2194 797 2359 851 etiam
2389 798 2535 867 quod
2559 797 2876 862 observent,
2923 798 3018 866 qui
3059 797 3347 852 attendere
3397 813 3495 850 vo-

1919 888 2125 942 luerint
2147 881 2168 953 ;¹
2199 887 2366 944 habet
2401 897 2458 944 et
2490 889 2743 953 formam,
2777 904 2884 959 qua
2914 888 3182 958 dirigatur
3209 888 3411 952 anima,
3442 897 3499 941 et

1920 979 2015 1049 qui
2058 995 2156 1050 per
2194 980 2416 1035 virtutis
2457 981 2600 1036 viam
2633 980 2825 1045 currit,
2859 981 3083 1050 vultque
3109 981 3358 1035 meditari
3381 977 3499 1035 Sal-

1921 1071 2126 1125 vatoris
2158 1072 2212 1124 in
2240 1087 2402 1126 carne
2437 1071 2754 1137 adventum,
2794 1073 3139 1141 lectioneque
3184 1078 3404 1125 revocat
3440 1070 3496 1124 in

1922 1164 2239 1218 memoriam
2271 1173 2452 1218 motus
2472 1164 2668 1220 anima:
2694 1179 2758 1218 ac
2791 1163 3241 1220 constitutionem
3269 1179 3282 1228 ;
3308 1164 3496 1230 sicque

1922 1253 2120 1308 deinde
2154 1271 2280 1309 eum
2321 1257 2415 1326 qui
2448 1259 2504 1312 in
2540 1256 2811 1327 ejusmodi
2842 1260 2856 1275 '
2885 1254 3235 1312 sermonibus
3268 1253 3497 1308 utilibus

1923 1345 2138 1407 animae,
2187 1347 2398 1416 piisque
2440 1348 2687 1419 legendis
2732 1357 2979 1402 versatus
3025 1347 3208 1409 fuerit,
3240 1345 3497 1399 informat

1921 1446 1978 1490 et
2015 1437 2175 1492 docet
2212 1439 2358 1493 circa
2395 1455 2613 1494 omnem
2655 1439 2886 1493 formam
2925 1447 2982 1492 et
3013 1437 3318 1492 doctrinam
3366 1451 3494 1490 san-

1921 1527 2128 1583 ctitatis
2152 1547 2166 1594 ;
2188 1539 2243 1583 et
2263 1547 2382 1599 quae
2405 1531 2639 1585 dicendo
2657 1531 2874 1600 placere
2904 1530 3076 1600 possit
3125 1528 3323 1597 aliquis
3360 1527 3492 1590 Deo,

1921 1636 1984 1674 ac
2005 1638 2102 1691 per
2124 1623 2391 1691 ejusmodi
2419 1623 2522 1693 73
2548 1624 2764 1693 eloquia
2781 1623 3007 1694 corrigi,
3025 1622 3295 1692 etgratias
3310 1634 3490 1690 agere,

1920 1723 2212 1784 propterea
2245 1715 2392 1785 quod
2423 1718 2575 1786 juxta
2604 1717 2719 1772 haec
2743 1716 2974 1774 Domino
3009 1716 3238 1784 loquens
3283 1715 3338 1767 in
3390 1714 3493 1766 im-

235 1819 400 1855 ναται
444 1806 537 1857 καὶ
586 1805 930 1874 εὐχαριστεῖν
959 1805 1036 1874 τῷ
1065 1805 1274 1876 Κυρίῳ,
1321 1807 1462 1876 ὑπὲρ
1485 1807 1579 1860 τοῦ
1620 1809 1694 1880 μὴ
1735 1811 1817 1872 είς

1932 1808 2182 1876 pietatem
2207 1825 2317 1863 non
2344 1809 2565 1864 incidat.

237 1894 501 1950 ἀσέϐειαν
545 1897 913 1950 καταπίπτειν
944 1899 987 1929 ¹⁸
1019 1898 1110 1950 τὸν
1160 1899 1307 1970 παρὰ
1347 1900 1414 1952 τὰ
1458 1899 1681 1954 τοιαῦτα
1725 1901 1814 1954 λέ-

237 2003 408 2052 γοντα
420 2025 436 2042 .

325 2081 382 2132 Ὀ
403 2080 514 2150 γὰρ
539 2081 826 2151 χαρακτὴρ
857 2084 950 2135 καὶ
991 2087 1021 2151 ἡ
1058 2083 1321 2154 διαίρεσις
1348 2086 1447 2156 τῆς
1497 2087 1679 2156 βίϐλου
1710 2089 1816 2142 τῶν

238 2172 511 2242 Ψαλμῶν,
549 2175 628 2236 εἰς
657 2173 927 2242 ὠφέλειαν
968 2175 1186 2228 πάντων
1232 2177 1535 2248 ἀνθρώπων
1578 2179 1815 2248 ἐγένετο,

239 2264 337 2314 καὶ
371 2263 612 2331 ἡγοῦμαι
662 2267 721 2316 ὲν
750 2265 962 2326 τούτοις
994 2267 1103 2327 τοῖς
1143 2264 1320 2332 λόγοις
1362 2267 1463 2335 τῆς
1503 2267 1686 2336 βίϐλου
1726 2268 1816 2321 τὸν

243 2354 422 2406 πάντα
467 2353 580 2423 βίον
614 2355 721 2407 τῶν
769 2354 1090 2425 ἀνθρώπων,
1131 2357 1228 2420 τάς
1255 2373 1313 2409 τε
1354 2357 1454 2426 τῆς
1481 2358 1659 2428 ψυχῆς
1702 2360 1817 2412 διαο

235 2445 441 2510 θέσεις,
470 2447 565 2500 καὶ
587 2449 695 2499 τῶν
725 2447 1000 2517 λογισμῶν
1030 2448 1099 2500 τὰ
1125 2449 1400 2518 κινήματα
1433 2452 1745 2522 μετρεῖσθαι
1767 2447 1810 2478 ⁸⁸

242 2537 336 2586 καὶ
361 2536 730 2606 περιέχεσθαι,
756 2538 848 2590 καὶ
879 2538 1043 2607 μηδὲν
1073 2539 1233 2591 πλέον
1260 2543 1315 2592 ὲν
1339 2540 1642 2610 ἀνθρώποις
1675 2543 1817 2611 ὡφε-

240 2626 445 2697 λιμώτε
457 2645 547 2696 ρον
577 2628 946 2698 εὑρίσκεσθαι.

329 2720 385 2773 Ὀ
414 2719 524 2791 γὰρ
546 2720 676 2783 Θεὸς
702 2721 1001 2774 ἐνετείλατο
1027 2721 1102 2792 τῷ
1135 2724 1322 2776 Μωσεῖ
1355 2725 1560 2791 γράψαι
1588 2727 1685 2796 τὴν
1719 2746 1816 2797 με-

243 2814 417 2881 γάλην
439 2812 604 2882 ᾠδὴν,
634 2814 728 2866 καὶ
765 2813 976 2879 διδάξαι
1002 2815 1078 2883 τῷ
1115 2815 1230 2884 λαῷ
1253 2835 1262 2844 ·
1290 2817 1383 2869 τόν
1409 2818 1448 2848 ¹⁷
1472 2835 1532 2870 τε
1556 2819 1818 2874 καθιστά-

244 2925 407 2975 μενον
426 2907 663 2976 ἄρχοντα
697 2906 908 2960 κελεύει
935 2907 1143 2976 γράψαι
1174 2909 1233 2961 τὸ
1259 2911 1692 2981 Δευτερονόμιον,
1724 2914 1818 2964 καὶ

244 3000 390 3066 ἔχειν
413 2997 574 3050 τοῦτο
613 2999 692 3061 είς
731 2998 998 3066 ὠφέλειαν
1027 3001 1070 3032 ¹⁸
1110 3002 1219 3060 τοῖς
1262 3002 1500 3070 γνησίως
1544 3002 1601 3053 ὲν
1635 3003 1817 3065 αὐτοῖς

248 3090 549 3158 μελετῶσιν
583 3089 794 3153 ἀμέλει.
841 3089 1107 3160 Ὀπηνίκα
1148 3093 1226 3154 είς
1256 3094 1355 3161 τὴν
1385 3093 1487 3161 γῆν
1519 3093 1620 3162 τῆς
1647 3096 1818 3160 ἐπαγ-

243 3182 434 3246 γελίας
462 3182 708 3251 εἰσῆλθεν
735 3183 871 3235 ὁτοῦ
903 3184 1055 3251 Ναυῆ
1095 3185 1322 3252 Ἰησοῦς,
1351 3185 1562 3253 βλέπων
1588 3185 1685 3248 τὰς
1711 3186 1820 3239 τῶν

247 3272 415 3324 ἐθνῶν
447 3273 804 3345 παρατάξεις,
837 3276 931 3328 καὶ
961 3278 1086 3339 τοὺς
1137 3279 1373 3345 βασιλεῖς
1404 3279 1446 3310 ¹⁹
1475 3277 1584 3328 τῶν
1622 3279 1822 3350 Ἀμορ-

254 3366 420 3433 ραίων
448 3367 543 3417 καὶ
591 3366 864 3420 Γετθαίων
885 3369 952 3432 ὀ,
985 3369 1076 3421 καὶ
1127 3369 1526 3433 Ἰεϐουσσαίων,
1569 3371 1662 3424 καὶ
1695 3372 1820 3435 τοὺς

245 3454 465 3518 λοιποὺς
491 3454 703 3518 πάντας
733 3458 1179 3522 συνεισελθόντας
1206 3461 1246 3490 ³¹
1275 3463 1392 3511 κατ’
1423 3461 1586 3514 αὐτοῦ
1619 3465 1699 3519 είς
1729 3463 1820 3515 τὸν

248 3546 503 3616 πόλεμον,
555 3548 676 3600 ἀντὶ
709 3548 888 3601 ὅπλων
939 3550 1032 3602 καὶ
1073 3551 1259 3617 ξιφῶν,
1293 3552 1354 3604 τὸ
1403 3555 1820 3625 Δευτερονόμιον

250 3639 540 3706 ἀναγνοὺς,
573 3641 652 3702 είς
699 3639 769 3692 τὰ
816 3633 930 3692 ὦτα
977 3641 1214 3705 πάντων,
1248 3645 1315 3697 τά
1354 3661 1413 3696 τε
1463 3647 1681 3716 ῥήματα
1725 3646 1818 3700 τοῦ

247 3734 414 3802 νόμου
442 3735 785 3804 ὑπομνήσας,
817 3736 909 3788 καὶ
942 3736 1152 3799 τούτοις
1178 3737 1268 3790 τὸν
1313 3737 1439 3790 λαὸν
1467 3739 1818 3805 καθοπλίσας,

250 3823 576 3892 περιγέγονε
621 3825 730 3877 τῶν
759 3825 1073 3896 πολεμίων.
1115 3827 1172 3878 ὐ
1215 3826 1270 3878 δὲ
1316 3827 1568 3897 βασιλεὺς
1617 3831 1824 3896 Ἰωσίας

248 3914 573 3984 εὑρεθέντος
602 3917 694 3969 τοῦ
733 3916 960 3986 βιϐλίου,
994 3919 1091 3970 καὶ
1130 3919 1576 3985 ἀναγνωσθέντος
1609 3923 1688 3986 είς
1727 3926 1825 3986 τὰς

251 4009 472 4060 πάντων
495 4008 687 4070 ἀκοὰς.
721 4009 908 4062 οὐκέτι
935 4011 1059 4072 τοὺς
1093 4009 1320 4081 ἐχθροὺς
1347 4011 1609 4078 ἐφοϐεῖτο.

322 4101 432 4153 Καὶ
459 4101 566 4170 γὰρ
592 4102 742 4170 παρὰ
790 4103 1065 4173 φρονίμων
1112 4103 1205 4154 καὶ
1254 4103 1576 4171 σοφωτάτων
1616 4106 1826 4176 ἀνδρῶν

252 4193 386 4260 ⁴’ἧκον
397 4209 462 4244 σα
482 4193 526 4222 ’⁸
551 4192 836 4260 λεγόντων,
869 4194 942 4258 ὼς
965 4194 1072 4262 ἄρα
1095 4194 1154 4245 τὸ
1177 4194 1402 4247 παλαιὸν
1424 4197 1478 4248 ὲν
1508 4195 1584 4266 τῷ
1611 4198 1827 4268 Ἰσραὴλ

256 4283 416 4350 μόνον
467 4283 932 4350 ἀναγινώσκοντες
985 4284 1094 4337 τῶν
1147 4284 1396 4353 Ψαλμῶν
1440 4286 1538 4348 τὰς
1589 4289 1824 4356 γραφὰς,

252 4375 476 4426 ἐδίωκον
494 4373 581 4427 δαί
590 4391 774 4443 μονοις.
796 4375 959 4426 Ὅθεν
976 4375 1367 4443 καταγνώσεως
1389 4375 1568 4445 πάσης
1585 4377 1631 4407 ’³
1647 4377 1829 4443 ἀξίους

253 4462 394 4518 εἶναι
416 4467 620 4534 ἔλεγον,
658 4468 786 4527 τοὺς
823 4465 997 4520 ταῦτα
1039 4468 1136 4537 μὲν
1172 4468 1454 4535 ἀφιέντας,
1486 4467 1827 4534 συντιθέντας

251 4556 309 4607 δὲ
344 4557 558 4617 ἑαυτοῖς
590 4555 788 4619 ἔξωθεν
818 4557 1038 4627 ῥήματα
1069 4557 1294 4610 πειθανὰ
1313 4558 1378 4620 ’⁵,
1406 4558 1496 4609 καὶ
1531 4560 1587 4610 ἐν
1616 4558 1826 4622 τούτοις

254 4648 576 4719 ἐξορκιστὰς
605 4650 801 4713 αὐτοὺς
833 4650 1214 4720 ὀνομάζοντας.

328 4741 436 4793 Καὶ
487 4740 562 4803 ὡς
590 4739 828 4811 εἴρηται,
857 4742 907 4794 οἱ
957 4742 1178 4796 παλαιοὶ
1221 4745 1384 4797 ὁπότε
1425 4746 1468 4776 ’⁸
1508 4739 1653 4816 εἶχον
1693 4748 1827 4818 πρὸς

254 4831 384 4891 τοὺς
415 4829 766 4892 ὑπεναντίους
798 4829 1054 4899 πόλεμον,
1087 4833 1451 4898 ἀνεγίνωσκον
1480 4835 1541 4887 τὸ
1573 4837 1829 4906 Δευτορο-

259 4921 446 4988 νῧμιον
509 4919 740 4973 ἐνώπιον
791 4920 990 4984 παντὸς
1029 4921 1120 4974 τοῦ
1163 4923 1324 4984 λαοῦ,
1373 4927 1466 4977 καὶ
1512 4928 1545 4996 ὴ
1599 4927 1832 4992 κιϐωτὸς

337 5073 364 5101 ι
396 5062 438 5115 II
471 5063 610 5116 Tim.
648 5080 724 5122 ιη.
760 5064 843 5117 l6.

1991 2085 2281 2140 Distinctio
2319 2101 2492 2154 porro
2535 2085 2843 2154 divisioque
2882 2085 3010 2138 libri
3050 2084 3391 2138 Psalmorum
3423 2082 3493 2138 ad

1920 2177 2211 2232 utilitatem
2253 2178 2500 2232 omnium
2538 2177 2823 2231 hominum
2867 2176 3166 2231 conducit:
3197 2175 3332 2244 quin
3367 2175 3496 2244 opi-

1918 2285 2023 2323 nor
2047 2270 2102 2323 in
2136 2270 2452 2340 hujusmodi
2483 2269 2612 2323 libri
2637 2267 2988 2323 sermonibus
3016 2275 3184 2321 totam
3207 2267 3491 2321 hominum

1917 2362 2085 2415 vitam
2123 2371 2179 2415 et
2207 2361 2402 2414 anima:
2436 2359 2776 2423 affectiones,
2808 2367 2864 2414 et
2886 2359 3117 2412 rationis
3148 2365 3328 2412 motus
3352 2366 3492 2412 tem-

1918 2454 2100 2522 perari
2135 2461 2191 2508 et
2228 2451 2524 2515 contineri,
2558 2451 2808 2521 nihilque
2836 2451 2889 2506 in
2915 2450 3232 2506 hominibus
3261 2449 3492 2519 reperiri

1920 2543 2133 2598 utilius.

1987 2731 2156 2785 Jussit
2205 2731 2350 2784 enim
2399 2728 2545 2783 Deus
2586 2728 2749 2791 Mosi,
2775 2733 2834 2780 ut
2872 2740 3129 2795 magnum
3155 2724 3286 2778 illud
3315 2723 3491 2778 canti-

1919 2836 2045 2874 cum
2102 2821 2394 2885 scriberet,
2455 2828 2511 2874 et
2567 2823 2829 2888 populum
2882 2817 3153 2871 doceret:
3213 2813 3496 2868 mandavit

1917 2913 2107 2976 etiam,
2157 2924 2218 2967 ut
2261 2913 2356 2983 qui
2394 2913 2825 2968 constitueretur
2845 2910 2976 2972 dux,
3001 2909 3270 2963 scriberet
3288 2908 3492 2961 Deute-

1921 3005 2255 3069 ronomium,
2313 3006 2556 3074 illudque
2598 3004 2828 3059 haberet
2874 3003 2942 3056 ad
2981 3017 3140 3056 usum
3172 3016 3362 3061 eorum
3395 3001 3490 3068 qui

1847 3127 1889 3183 α
1923 3105 2072 3152 recte
2097 3097 2150 3150 in
2171 3097 2306 3166 ipsis
2328 3095 2684 3150 meditantur.
2705 3094 2951 3162 Denique
2975 3091 3195 3160 quando
3217 3090 3270 3144 in
3291 3099 3506 3144 terram.

1922 3189 2306 3259 promissionis
2345 3186 2496 3242 venit
2535 3187 2702 3242 Josua
2753 3184 2899 3239 ﬁlius
2935 3184 3103 3248 Nave,
3142 3182 3340 3238 videns
3365 3198 3498 3254 gen-

1923 3281 2057 3334 tium
2096 3278 2261 3343 acies,
2303 3292 2568 3348 regesque
2591 3275 3058 3338 Amorrhaaorum,
3097 3272 3494 3337 Getthazorum,

1920 3371 2318 3434 Jebusaaorum,
2344 3369 2696 3437 reliquosque
2717 3367 2854 3421 alios
2876 3376 3068 3422 contra
3093 3379 3152 3420 se
3185 3368 3254 3419 ad
3290 3363 3495 3419 bellum

1922 3462 2334 3525 convenientes,
2385 3476 2485 3530 pro
2535 3460 2706 3514 armis
2737 3468 2792 3512 et
2825 3458 3052 3512 ensibus
3085 3457 3271 3526 legens
3291 3455 3498 3510 Dente-

1923 3554 2234 3607 ronomium
2262 3551 2330 3606 ad
2358 3567 2520 3607 aures
2553 3552 2819 3615 omnium,
2852 3558 2908 3605 et
2946 3548 3114 3604 verba
3152 3547 3288 3617 legis
3334 3563 3498 3602 revo-

1923 3660 2054 3700 cans
2095 3645 2149 3698 in
2203 3645 2544 3708 memoriam,
2596 3644 2790 3713 hisque
2843 3641 3105 3712 populum
3142 3640 3293 3695 velut
3328 3639 3498 3694 armis

1926 3739 2223 3803 instruens,
2249 3738 2438 3793 hostes
2463 3738 2682 3792 devicit.
2713 3737 2828 3791 Rex
2847 3744 3030 3790 autem
3056 3733 3252 3798 Josias,
3279 3740 3498 3801 reperto

1926 3827 2223 3899 Scriptum
2276 3829 2452 3892 libro,
2503 3829 2756 3899 lectoque
2818 3826 3076 3881 omnibus
3120 3823 3494 3888 audientibus,

1923 3921 2034 3990 jam
2058 3935 2169 3974 non
2200 3921 2437 3990 amplius
2473 3919 2660 3975 hostes
2694 3920 2898 3974 timuit.

1998 4104 2140 4170 Quin
2174 4105 2340 4160 etiam
2377 4119 2407 4158 a
2440 4104 2577 4158 viris
2611 4103 2978 4173 prudentibus
2998 4107 3055 4155 et
3080 4097 3502 4169 sapientissimis

1930 4195 2134 4260 audivi,
2176 4211 2302 4249 cum
2348 4193 2457 4265 74
2496 4194 2551 4247 id
2594 4201 2850 4262 tanquam
2893 4201 3052 4245 vetus
3073 4189 3330 4259 quiddam
3357 4187 3501 4257 apud

1931 4285 2209 4338 lsraelitas
2237 4290 2550 4344 narrarent,
2591 4279 2739 4348 quod
2775 4280 3018 4348 legentes
3055 4277 3321 4332 duntaxat
3355 4275 3504 4330 Psal-

1934 4390 2144 4428 morum
2169 4373 2484 4442 Scripturas
2511 4363 2777 4442 ejicerent
2804 4367 3099 4423 damones.
3129 4367 3309 4433 Quare
3353 4365 3503 4420 omni

1859 4458 1903 4513 D
1934 4466 2359 4534 reprehensione
2377 4463 2572 4533 dignos
2587 4477 2707 4516 esse
2725 4461 3003 4525 dicebant,
3027 4459 3118 4529 qui
3140 4457 3500 4520 dimisissent,

1933 4559 2035 4614 sibi
2063 4574 2192 4612 vero
2241 4555 2680 4625 composuissent
2712 4562 2839 4623 apta
2879 4551 3127 4622 quaedam
3165 4548 3354 4612 verba,
3406 4563 3506 4602 vo-

1932 4661 2255 4720 cassentqne
2280 4649 2584 4703 exorcistas
2607 4646 2701 4716 qui
2731 4645 2863 4716 ipsis
2886 4652 3190 4699 uterentur.

2006 4743 2170 4810 Quin,
2217 4750 2277 4795 ut
2310 4741 2532 4804 dicitur,
2561 4747 2794 4799 veteres,
2821 4738 2866 4790 si
2895 4735 3116 4806 quando
3145 4734 3349 4788 bellum
3378 4747 3509 4785 con-

1937 4847 2019 4890 tra
2060 4832 2407 4890 adversarios
2463 4838 2737 4901 gererent,
2794 4825 3279 4882 Deuteronomium
3322 4838 3507 4877 coram

1937 4926 2084 4980 omni
2122 4925 2322 4992 populo
2364 4921 2639 4990 legebant,
2682 4927 2738 4971 et
2767 4933 2891 4971 arca
2923 4916 3059 4985 legis
3083 4913 3295 4968 tabulas
3329 4910 3507 4965 conti—

1559 5207 1788 5262 VARUE
1824 5206 2230 5262 LECTIONES.

323 5343 345 5372 ⁸
376 5339 539 5411 Vind.
559 5338 671 5390 ἆτε.
736 5338 912 5411 "_Ibi_d.
931 5339 1088 5411 αὐτῇ.
1152 5339 1314 5392 'IbitI.
1335 5339 1489 5406 ἄνθη.
1568 5340 1588 5370 ⁹
1612 5339 1749 5411 Ibid.
1779 5339 2104 5411 μελῳδοῦσιν
2129 5340 2213 5392 ἐπ’
2235 5341 2369 5411 αὐτῇ
2398 5337 2490 5411 καὶ
2506 5336 2772 5411 βάλλουσι
2793 5334 3080 5411 δείκνυσιν..
3161 5329 3352 5411 “Ibid;
3376 5329 3511 5411 ύλπο-

266 5410 667 5480 μιμνήσκουσα.
760 5408 804 5480 ’³.
837 5408 988 5480 Ibid._
1016 5411 1382 5480 αναστάσεως.

1476 5411 1517 5439 ¹²
1555 5411 1622 5462 εἰ.
1650 5410 1787 5464 Des.
1813 5411 1869 5464 in
1900 5411 2134 5466 Vindob.

2217 5411 2258 5444 ¹³
2295 5398 2436 5463 Ibid.
2471 5398 2595 5460 οὔτε
2623 5406 2737 5476 τῷ.
2765 5475 2768 5476 ν
2801 5404 2844 5476 ¹Δ⁸
2872 5401 3020 5476 Ibid.
3040 5398 3509 5476 ἐπανορθοῦσθαι.

265 5469 595 5550 Athanasius
625 5477 679 5530 in
723 5478 885 5550 epist.
925 5477 991 5532 ad
1029 5478 1263 5550 Marcell.
1300 5478 1427 5550 (Ed.
1456 5478 1658 5550 Bened.
1696 5487 1734 5532 t.
1772 5479 1814 5543 l,
1868 5496 1922 5550 p.
1979 5497 2038 5543 ιι,
2083 5497 2135 5549 p.
2190 5479 2340 5548 992.)
2381 5469 2684 5550 διορθούνᾙ
2729 5475 2770 5506 ³⁸
2799 5472 3002 5550 Athan.
3040 5471 3078 5524 l.
3113 5486 3168 5550 ιτἱ
3195 5469 3511 5550 ἐμπίπτειν.

267 5552 309 5580 ις
333 5547 525 5636 ιγπίηά,
562 5535 1006 5636 pegagp'gtaegj.m
1037 5549 1077 5579 ιτ
1103 5548 1241 5634 Ibid.
1283 5535 1376 5634 τοῖς
1419 5549 1564 5636 λαοῦκ
1590 5549 1679 5631 τὸν
1704 5535 2102 5636 καθιστάμενοῦ
2130 5535 2384 5636 ἄρμοντά,
2422 5535 2679 5636 κελεύσας
2701 5543 2940 5636 γράψαι,
2969 5558 3108 5636 κλει.
3153 5540 3201 5636 λδ
3229 5535 3512 5636 ““1ξᾹΙι)ἰςὶ.

267 5619 357 5671 καὶ
393 5619 537 5686 ἔχειν
566 5615 725 5668 τοῦτο
757 5620 833 5686 εἰς
881 5617 1130 5686 βοήθειαν
1158 5621 1281 5681 τοὺς
1318 5619 1448 5670 αὐτὸ
1477 5617 1814 5686 μελετῶντας

269 5685 560 5756 βασιλείας.
641 5687 691 5756 ῗοῗ
719 5685 854 5739 Ibid.
895 5685 1187 5740 Χετταίων.

267 5759 418 5812 θανά.
499 5757 546 5785 ’⁵
579 5755 717 5810 Ibid.
753 5757 801 5805 εἴ
840 5773 986 5808 ποτε.

1855 5620 2114 5690 γνησίως.

1286 5690 1326 5720 ²¹
1383 5687 1519 5745 Ibid.
1561 5689 1928 5752 συνελθόντας.

2187 5604 2385 5688 Ᾰμέλει
2430 5618 2524 5669 καὶ
2835 5604 2985 5688 ’κ.ςτ.
3028 5611 3076 5664 λ.
3155 5609 3209 5688 ‘1
3415 5604 3514 5670 τὰς

2007 5674 2482 5758 ηἰδίάἰηκολσε.
2599 5674 2811 5737 "'lbid.
2847 5683 3074 5744 πάντας.
3169 5674 3514 5731 "lbid.m-
