3954 6294
148 328 210 394 33
1266 331 1651 392 AUCTARIU
1660 332 1709 390 M

1815 354 1828 364 -
1869 332 1968 391 AD
2002 331 2176 392 TOM.
2217 332 2310 392 1V.
3304 331 3376 399 35

1294 736 1442 825 AD
1525 733 1958 870 TOMUM
2042 739 2204 826 IV.

1015 954 1500 1016 THEODORETI
1537 954 1938 1014 SERMONES
1977 957 2073 1016 ET
2111 956 2477 1018 ΗΟΜΙΙᾸΛΞ.

142 1305 496 1376 Θεοδωρήτου
537 1304 582 1338 ³⁸
616 1305 954 1376 ἐπισκόπου
990 1304 1208 1376 Κύρου,
1259 1304 1550 1376 ἐγκώμιον
1601 1307 1688 1376 είς

1813 1304 1901 1376 34
1939 1303 2244 1376 Theodoreti
2292 1307 2516 1376 episcopi
2556 1305 2700 1376 Cyri,
2757 1309 2811 1361 in
2848 1311 3178 1366 nativitatem
3223 1329 3374 1371 vena-

200 1373 622 1448 τῆν’γέννησιν
647 1376 752 1448 τοῦ
781 1375 1026 1448 ἐντίμου
1052 1374 1151 1448 καί
1177 1373 1430 1448 ᾄξδᾷξου
1458 1374 1687 1444 προφή-

1810 1373 1826 1375 ⁷
1864 1373 2023 1448 fandi
2057 1383 2107 1428 et
2136 1373 2652 1448 gloriosiprophet'te
2684 1386 2734 1429 et
2781 1384 3122 1448 prtecursoris
3149 1383 3371 1440 Joannis

199 1443 296 1502 του
319 1443 413 1502 οιαὶ
440 1443 779 1514 προδρόμου
813 1444 1154 1498 Βαπτιστοῦ
1186 1443 1486 1497 Ἰωάννου.
1582 1443 1585 1444 ⁷

929 1444 1154 1498 ιτιστοῦ
1186 1443 1486 1497 Ἰωάννου.
1582 1443 1585 1444 ⁷
1865 1443 2150 1515 Baptism,
2178 1443 2490 1500 encomiitm.

201 1557 260 1611 El
295 1559 390 1628 μὲν
419 1558 446 1610 ὁ
474 1555 570 1608 τοῦ
596 1556 768 1624 Λόγου
793 1554 969 1627 κήρυξ
1000 1553 1093 1608 καὶ
1123 1555 1426 1625 πρόδρομος
1451 1555 1557 1608 τῶν
1590 1555 1688 1609 κά-

1864 1555 2093 1611 Etiamsi
2121 1557 2290 1612 Verbi
2323 1572 2502 1627 praeco
2538 1567 2594 1612 et
2630 1573 2939 1628 przecursor
2991 1562 3224 1616 terrenis
3277 1579 3373 1618 vo-

139 1669 205 1704 τω
224 1650 386 1718 λόγων
422 1649 593 1702 ἐδεῖτο
633 1648 767 1720 πρὸς
797 1647 1040 1710 ἔπαινον,
1067 1647 1289 1718 θαρρεῖν
1325 1647 1424 1717 μὲν
1459 1647 1566 1700 οὐδ’
1596 1646 1688 1700 οὖ-

1810 1645 1951 1700 :ibus
1988 1647 2054 1701 ad
2098 1642 2467 1702 laudationem
2521 1648 2812 1718 indigeret,
2863 1665 2970 1704 non
3009 1661 3155 1707 esset
3187 1661 3371 1708 tamen

140 1759 231 1804 τως
277 1741 304 1793 ό
350 1740 537 1811 παρὼν
587 1734 696 1809 εἶχε
738 1739 914 1806 λόγος,
969 1738 1030 1791 τὸ
1061 1737 1319 1791 ἀδύνατον
1353 1739 1491 1809 τάχα
1526 1739 1558 1809 ἢ
1594 1738 1687 1792 καὶ⁵

1810 1738 1939 1806 ιιιοᾱ
1978 1737 2032 1791 in
2066 1737 2168 1792 hac
2197 1739 2446 1792 oratione
2472 1738 2809 1793 conﬁderem
2843 1757 2855 1791 :
2895 1740 3006 1794 imo
3029 1743 3371 1810 propositum

142 1831 320 1902 ἄπορον
353 1827 811 1900 προϐαλλόμενος,
844 1828 940 1880 καὶ
968 1826 1030 1880 τὸ
1069 1825 1240 1897 μείζω
1273 1825 1306 1896 ἢ
1339 1825 1480 1878 κατὰ
1521 1825 1684 1878 δύνα-

1812 1836 2175 1899 irgumentum
2209 1829 2488 1900 persequi,
2519 1845 2644 1884 cum
2688 1829 3028 1900 impossibile
3079 1841 3136 1886 et
3179 1833 3373 1887 absur-

144 1939 222 1990 μιν
245 1921 416 1989 λόγου,
435 1920 537 1990 τὴν
561 1917 841 1990 παροῦσαν
865 1917 1118 1971 ὑπόθεσιν
1139 1917 1349 1987 ὲνορᾷν·
1379 1915 1502 1969 ἐπεὶ
1533 1916 1578 1969 δ’
1599 1909 1687 1970 οὗ·

1800 1918 1945 1983 dum,
1982 1928 2100 1974 tum
2130 1921 2281 1974 omni
2313 1936 2568 1976 sermone
2596 1922 2774 1991 majus
2811 1936 2952 1986 esse,
2982 1933 3361 1992 praetexerem.

139 2031 216 2078 τος
235 2015 427 2070 ἀνωθεν
453 2015 575 2086 μὲν,
621 2013 715 2067 καὶ
743 2013 893 2084 παρὰ
919 2011 1014 2066 τοῦ
1060 2011 1174 2068 ἄνω
1217 2013 1312 2066 καὶ
1345 2011 1562 2083 πρώτου
1592 2013 1689 2066 Λό-

1810 2010 1927 2066 Ium
1960 2021 2144 2068 autem
2173 2012 2263 2068 ille
2285 2013 2503 2068 caelitus
2524 2021 2580 2068 et
2605 2029 2634 2067 a
2660 2014 2848 2068 divino
2874 2015 3164 2084 primoque
3191 2016 3371 2072 Verbo

139 2124 241 2174 γου,
266 2107 356 2177 τὴν
383 2107 688 2178 μαρτυρίαν
729 2105 919 2174 εἴληφε
973 2105 1068 2158 καὶ
1094 2103 1188 2159 τὸν
1225 2102 1466 2172 ἔπαινον,
1503 2121 1687 2175 περιτ-

1811 2103 2168 2157 estimonium
2194 2119 2257 2158 ac
2290 2103 2508 2158 laudem
2536 2105 2830 2174 acceperit,
2856 2104 3060 2159 frustra
3087 2106 3158 2160 sit
3191 2107 3372 2161 omnis

139 2198 215 2261 τὸς
243 2196 333 2269 μὲν
361 2198 504 2260 ἄπας
529 2195 688 2265 λόγος
714 2194 864 2266 αὑτῷ
898 2194 1328 2266 προσαγόμενος,
1364 2191 1616 2264 περιττὸς
1641 2194 1685 2247 δ’

1809 2194 1972 2249 >ratio
2002 2195 2250 2266 quaesita,
2283 2195 2488 2250 frustra
2532 2196 2731 2265 linguae
2760 2197 3097 2266 praeconium
3144 2199 3264 2268 ejus
3312 2202 3370 2254 in

138 2288 163 2338 ὸ
180 2287 265 2356 τῆς
292 2286 531 2358 γλώττης
562 2286 781 2350 ἔπαινος
812 2285 1002 2339 τούτου
1038 2285 1175 2356 πρὸς
1202 2283 1477 2356 εὐφημίαν
1505 2281 1686 2336 κινού-

1833 2301 2059 2341 onorem
2094 2287 2426 2341 adhibitum.
2457 2286 2590 2353 Quis
2623 2287 2708 2340 vel
2739 2302 2909 2340 unum
2963 2287 3098 2341 illud
3140 2284 3388 2352 dixerit,

143 2395 293 2447 μενος.
331 2379 424 2442 Τίς
457 2379 502 2411 ³⁸
553 2378 662 2450 γὰρ
695 2379 789 2432 καὶ
821 2377 963 2431 εῐποι
1009 2377 1070 2430 τὸ
1109 2376 1378 2440 τοσοῦτον,
1404 2377 1470 2428 δι’
1501 2376 1562 2428 οὐ
1592 2376 1688 2428 καὶ

1810 2395 1824 2432 ι
1856 2394 1966 2448 quo
2003 2387 2060 2434 et
2088 2394 2196 2449 qua
2240 2379 2457 2433 ratione
2488 2379 2775 2432 veritatem
2804 2378 2971 2432 fuerit
2995 2394 3325 2434 consecutus
3349 2382 3371 2432 ’ἒ

140 2471 298 2534 ποσῶς
327 2471 422 2540 τῆς
453 2470 712 2540 ἀληθείας
741 2470 982 2538 ἐφίκοιτο
1006 2485 1020 2534 ;
1057 2468 1190 2522 Οὐδὲ
1214 2468 1322 2540 γὰρ
1356 2467 1465 2520 οὐδ’
1489 2469 1538 2520 εἰ
1580 2469 1688 2530 πᾶς

1809 2469 1980 2539 Neque
2011 2470 2182 2535 enim,
2229 2470 2275 2524 si
2315 2469 2498 2524 omnis
2535 2471 2715 2524 oratio
2753 2470 2810 2523 in
2844 2469 3070 2524 delicias
3095 2470 3240 2540 ipsas
3279 2487 3370 2525 co-

139 2557 273 2626 λὸγος
297 2561 372 2623 εἰς
394 2559 450 2612 ἓν
477 2561 584 2630 ἤδη
606 2559 868 2622 συνέλθοι,
894 2559 986 2612 καὶ
1009 2557 1138 2627 μίαν
1163 2557 1478 2611 ἀποτελέσει
1503 2558 1688 2628 φωνὴν

1810 2569 1914 2616 tcta
1946 2561 2037 2627 sit,
2073 2575 2376 2630 vocemque
2402 2561 2619 2614 unicam
2651 2560 2993 2630 splendidam
3040 2561 3148 2630 85
3173 2570 3229 2615 et
3257 2577 3371 2615 ma-

139 2649 506 2721 ).αμπρόφωνον
547 2651 666 2720 ἅμα
704 2651 801 2703 καὶ
847 2650 1245 2721 μεγαλόφωνον,
1281 2650 1373 2703 τὸν
1409 2650 1559 2715 ἄξιον
1609 2651 1686 2721 τῷ

1808 2668 1950 2721 gnam
1987 2652 2301 2722 perfecerit,
2327 2652 2525 2706 Joanni
2547 2651 2734 2709 divino
2755 2653 2978 2706 numine
3017 2669 3181 2722 supra
3205 2669 3369 2723 quam

140 2740 387 2813 Βαπτιστῇ
413 2742 638 2797 ἔπαινον
665 2743 910 2812 ἀποδοίη,
935 2743 1092 2796 πάνθ’
1114 2743 1252 2814 ὑπὲρ
1285 2744 1441 2812 λόγον
1469 2743 1547 2814 τῷ
1575 2743 1690 2796 θεο-

1811 2744 1901 2798 lici
1931 2751 2108 2813 potest
2128 2743 2328 2808 afﬂato,
2358 2743 2934 2812 incomprehensibilia
2960 2744 3144 2798 omnia
3182 2753 3239 2798 et
3270 2744 3372 2798 im-

142 2832 304 2903 λήπτῳ
341 2835 538 2903 ἔχοντι,
597 2834 772 2887 πάντα
829 2834 1046 2905 ἄληπτά
1091 2851 1150 2887 τε
1182 2835 1276 2888 καὶ
1319 2834 1684 2903 ἀπερίληπτα.

1809 2851 1979 2890 nensa
2025 2835 2431 2904 complectenti,
2469 2834 2662 2904 dignas
2688 2833 2879 2889 laudes
2909 2835 3192 2904 rependat.
3219 2835 3370 2890 Adeo

143 2922 282 2976 Ὥστε
337 2925 484 2994 αὐτῷ
543 2926 644 2996 μὲν
712 2925 1008 2996 ἀποχρῶσα
1064 2926 1221 2995 μόνη,
1283 2928 1316 2996 ἡ
1385 2925 1688 2996 Δεσποτικὴ

1808 2934 1853 2980 1t
1875 2925 1977 2994 ipsi
2003 2926 2165 2978 unica
2191 2940 2296 2978 vox
2327 2925 2580 2990 suiliciat,
2613 2925 2892 2980 Dominica
2940 2926 3152 2980 scilicet
3189 2935 3244 2980 et
3281 2927 3369 2981 di-

140 3011 311 3085 δηλαδὴ
334 3018 425 3069 καὶ
457 3015 580 3069 Θεία
605 3016 775 3088 φωνὴ,
808 3013 875 3089 ἧς
915 3019 1008 3069 καὶ
1036 3017 1481 3086 ἀληθῶςὲκείνος
1516 3016 1684 3081 ἄξιος,

1808 3017 1937 3080 tina,
1974 3032 2081 3084 qua
2116 3031 2240 3069 cum
2266 3032 2394 3070 vere
2421 3017 2619 3086 dignus
2652 3018 2744 3080 sit,
2769 3018 2950 3070 omnis
2975 3017 3080 3070 alia
3110 3019 3232 3088 ejus
3257 3033 3369 3070 me-

142 3105 219 3155 καὶ
242 3105 302 3157 δι’
329 3107 392 3178 ἢν
419 3106 556 3178 ἄλλη
589 3109 736 3160 πᾶσα
763 3107 914 3179 φωνὴ
954 3107 1226 3178 ὑποχωρεί
1275 3107 1354 3176 τῷ
1386 3107 1688 3176 τηλικούτῳ

993 3111 1226 3178 ποχωρεῖ
1275 3107 1354 3176 τῷ
1386 3107 1688 3176 τηλικούτῳ
1791 3107 1914 3160 ritis
1936 3107 2084 3161 cedit
2105 3114 2162 3160 et
2189 3106 2421 3160 inferior
2451 3115 2554 3160 est.

141 3197 219 3246 καὶ
239 3197 608 3264 ὑπεξίσταται.

197 3290 266 3340 Δι’
288 3287 321 3341 ἃ.
345 3291 434 3342 καὶ
462 3289 616 3360 αὐτῷ
641 3308 729 3360 μοι
755 3289 963 3360 βέλτιον
995 3284 1134 3342 εἶναι
1158 3289 1323 3351 δοκεῖ,
1359 3289 1433 3359 μὴ
1465 3287 1682 3358 μικρὸν,

1858 3288 2225 3354 Quamobrem
2259 3287 2432 3342 satius
2463 3286 2598 3339 mihi
2629 3285 2848 3340 videtur
2868 3325 2881 3349 ,
2919 3300 3097 3354 neque
3133 3300 3361 3354 parvum

144 3381 206 3449 μὴ
232 3382 362 3449 μέγα
389 3381 728 3450 φθέγξασθαι
755 3383 848 3435 ἐπὶ
873 3383 965 3436 τοῦ
998 3382 1262 3452 παρόντος
1285 3395 1299 3409 ⁸
1331 3381 1406 3443 ὡς
1431 3380 1496 3433 ἂν
1529 3381 1604 3450 μή
1633 3397 1686 3432 τι

1806 3379 2016 3448 ιιίῳιίὀ,
2045 3394 2223 3447 neque
2256 3393 2512 3447 magnum
2541 3377 2608 3431 de
2630 3375 2909 3446 proposito
2938 3385 3262 3445 argumento
3285 3375 3367 3428 lo-

141 3470 218 3521 καὶ
233 3471 358 3537 δόξω
401 3474 669 3544 πράττειν
710 3471 1342 3544 παρακεκινδυνευμένον
1360 3511 1374 3536 ,
1415 3471 1571 3539 λόγον
1593 3471 1684 3524 τὸν

1806 3473 1882 3544 μή
1913 3490 1926 3525 :
1958 3478 2019 3525 ut
2062 3485 2133 3524 ne
2176 3469 2307 3539 quid
2343 3467 2710 3538 periculosius
2748 3482 2908 3536 agere
2942 3465 3154 3528 videar,
3203 3475 3367 3519 tantae

139 3565 252 3631 παρ’
286 3563 518 3634 ὲμαυτοῦ
542 3564 798 3617 ὑποθέσει
819 3564 961 3618 οὕτω
1002 3563 1264 3634 μεγέθους
1287 3563 1485 3634 ἐχούσῃ
1511 3580 1684 3634 προσ-

1805 3561 2072 3633 lignitatis
2101 3568 2424 3629 argumento
2450 3572 2759 3613 sermonem
2798 3571 2829 3610 a
2868 3554 3076 3624 meipso
3102 3555 3120 3572 ‘
3149 3568 3366 3607 accom-

146 3653 330 3707 ϐάλλων
355 3695 370 3719 ,
424 3656 484 3720 ὃς
517 3656 615 3710 καὶ
649 3655 822 3720 ἄλλως
852 3655 1054 3724 φαῦλος
1085 3655 1390 3726 τυγχάνων,
1442 3654 1539 3709 νῦν
1589 3654 1684 3707 καὶ

1806 3653 2038 3716 nodans,
2061 3651 2156 3721 qui
2187 3665 2312 3704 cum
2342 3649 2546 3718 alioqui
2571 3649 2643 3703 sit
2675 3648 3004 3716 incomptus,
3034 3659 3185 3698 nunc
3217 3653 3367 3698 certe

141 3744 345 3812 μάλιστα
375 3748 434 3800 τὸ
457 3747 626 3818 μηδὲν
643 3743 781 3800 εἶναι
802 3747 962 3812 δόξει,
997 3748 1080 3800 ὅτι
1127 3747 1249 3818 μηδ’
1293 3749 1438 3818 ἐρεῖν
1483 3764 1535 3800 τι
1573 3745 1684 3800 τῶν

1808 3745 1999 3800 nutilis
2021 3742 2337 3806 habebitur,
2360 3741 2562 3811 quippe
2587 3741 2682 3810 qui
2704 3739 2842 3793 nihil
2876 3751 3091 3801 eorum,
3117 3751 3240 3805 quae
3259 3735 3368 3790 sint

137 3837 300 3911 ἐκείνῳ
330 3841 641 3912 προσόντων
668 3841 971 3913 δυνήσεται.

1784 3838 1843 3893 in
1866 3838 2097 3901 Joanne,
2125 3834 2300 3906 possit
2331 3834 2624 3903 explicare.

194 3954 292 4006 Kal.
315 3956 436 4025 ἐμοὶ
479 3957 582 4028 μὲν
613 3955 702 4009 διὰ
745 3956 920 4009 ταῦτα
946 3956 1209 4026 κρείττων
1257 3957 1290 4027 ἡ
1320 3957 1496 4029 σιωπὴ
1520 3996 1535 4020 ,
1588 3957 1682 4012 καὶ
1706 4000 1751 4061 c

1857 3948 1991 4002 Mihi
2035 3947 2257 4017 quidem
2302 3955 2596 4017 propterea
2641 3946 2803 4000 silere
2848 3945 3034 4015 potius
3073 3953 3130 4000 et
3177 3945 3366 4000 utilius

135 4042 518 4115 λυσιτελεστέρα
550 4047 645 4101 τοῦ
678 4047 1042 4116 φθέγγεσθαι·
1071 4048 1190 4101 ἐπεὶ
1222 4048 1266 4100 δ’
1309 4050 1421 4119 ὁρῶ
1454 4049 1680 4114 πολλοὺς

1802 4056 1888 4110 ξεί,
1915 4059 2078 4115 quam
2100 4043 2252 4114 loqui
2283 4061 2295 4097 :
2318 4060 2532 4108 verum,
2553 4058 2676 4097 cum
2700 4041 2904 4096 multos
2921 4041 3134 4095 videam
3163 4039 3216 4093 id
3243 4055 3363 4091 mo-

135 4136 200 4206 τῷ
224 4139 498 4211 πράγματι
523 4140 1000 4212 δυσχεραίνοντας,
1027 4143 1121 4193 καὶ
1140 4141 1232 4195 τὸν
1252 4141 1407 4210 λόγον
1428 4143 1683 4196 ἐκκαλου-

1803 4147 1920 4194 este
1949 4138 2116 4201 ferre,
2147 4145 2204 4192 et
2235 4137 2538 4192 orationem
2571 4146 2848 4204 expetere,
2887 4133 2990 4186 hac
3020 4131 3363 4201 potissimum

137 4225 346 4294 μένους,
399 4232 494 4284 καὶ
554 4229 791 4301 μάλιστα
819 4229 917 4299 τῆς
963 4228 1074 4284 τῶν
1122 4231 1381 4298 γενεσίων
1416 4231 1682 4303 ἐνστάσης

1800 4229 2163 4284 latalitiorum
2187 4227 2298 4291 die,
2337 4243 2458 4296 quae
2493 4225 2755 4294 majorem
2791 4221 2922 4276 fecit
2959 4222 3108 4274 hunc
3136 4234 3361 4273 conses-

135 4318 343 4389 ἡμέρας,
370 4323 405 4394 ἢ
429 4323 528 4376 καὶ
561 4323 732 4392 μείζω
762 4321 854 4375 τὸν
897 4321 1141 4393 παρόντα
1187 4325 1452 4394 πεποίηκε
1494 4324 1682 4378 σύλλο-

1800 4336 1927 4385 tum,
1990 4319 2226 4374 maxime
2274 4333 2402 4372 cum
2447 4314 2624 4385 parati
2663 4313 2731 4369 ad
2781 4311 3119 4366 audiendum
3160 4311 3361 4382 singuli

135 4425 236 4476 γον,
262 4414 350 4466 καὶ
375 4413 439 4467 δι’
470 4414 540 4484 ἢν
564 4413 976 4486 ὲμπαράσκευοι
1002 4415 1138 4485 πρὸς
1155 4415 1253 4484 τὴν
1279 4415 1542 4484 ἀκρόασιν
1563 4416 1682 4488 ἐλη-

1803 4409 2165 4477 :onvenerint,
2211 4409 2308 4479 qui
2345 4421 2816 4477 supervacaneum
2871 4402 3277 4474 quodammodo
3307 4410 3364 4458 et

135 4501 334 4556 λύθασιν
362 4506 625 4569 ἕκαστος,
665 4505 716 4559 οἳ
762 4505 858 4558 καὶ
892 4505 1144 4575 περιττόν
1176 4523 1294 4568 πως
1332 4506 1424 4560 καὶ
1454 4505 1681 4578 ἄκαιρον

1805 4501 2232 4572 ntempestivum
2287 4509 2537 4556 nostrum
2589 4497 2878 4553 consilium
2922 4495 3046 4560 rati,
3088 4495 3144 4551 id
3199 4495 3363 4550 nobis

135 4595 185 4647 τὸ
209 4597 460 4668 ἡμέτερον
505 4598 751 4666 οἷονται,
802 4598 879 4662 ὡς
911 4599 1008 4652 καὶ
1045 4598 1113 4651 δι’
1164 4598 1395 4661 ὀνείδους
1439 4600 1677 4654 τιθένσιι·

1798 4593 1987 4660 ποὺτο
2019 4601 2330 4658 verterent;
2364 4593 2443 4646 sic
2470 4605 2669 4646 censeo
2696 4588 3021 4645 solvendum
3051 4603 3172 4644 esse
3202 4586 3359 4651 mihi,

135 4686 255 4741 δοκῶ
284 4707 369 4759 μοι
397 4691 494 4744 καὶ
527 4689 682 4760 παρὰ
703 4688 931 4761 γνώμην
972 4687 1130 4742 λῦσαι
1178 4689 1276 4760 τὴν
1311 4691 1544 4762 σιωπὴν,
1586 4692 1681 4747 κα)⁵

1798 4683 1874 4737 vel
1923 4692 2126 4753 praeter
2190 4684 2528 4753 opinionem,
2579 4681 2883 4745 silentium,
2932 4686 2989 4734 et
3032 4677 3359 4741 orationem,

135 4778 209 4830 τὸν
226 4779 374 4848 λόγον
395 4820 410 4844 ,
435 4782 542 4836 κᾶν
567 4779 774 4851 φαῦλον
794 4780 946 4846 ὄντα,
965 4780 1148 4834 δοῦναι
1175 4784 1286 4844 τοῖς
1314 4781 1675 4853 βουλομένοις⁸

1800 4775 1917 4830 licet
1955 4775 2218 4846 ineptam,
2273 4775 2340 4830 ad
2382 4790 2478 4829 eos
2505 4773 2598 4843 qui
2636 4773 2881 4843 exigunt,
2917 4770 3246 4831 habendam,
3292 4784 3361 4823 ne

134 4869 196 4933 ὡς
220 4871 282 4924 ἂν
311 4873 383 4944 μὴ
407 4877 503 4927 καὶ
532 4873 828 4944 φαινοίμην
858 4871 1079 4936 τούτους
1112 4873 1473 4944 παραλυπῶν,
1501 4873 1582 4940 οἷς
1620 4877 1680 4930 τὸ

1620 4877 1680 4930 τὸ
1787 4866 1978 4922 videar
2017 4867 2317 4930 offendere,
2354 4865 2556 4935 quibus
2587 4872 2808 4934 prastat
2835 4863 3149 4934 gratificari.

135 4963 433 5033 χαρίζεσθαι
457 4965 690 5034 βέλτιον.

196 5056 393 5120 ’Δλλως
419 5075 480 5110 τε
512 5059 610 5110 καὶ
639 5057 739 5127 τῆς
771 5056 958 5126 φωνῆς
979 5056 1074 5110 νῦν
1103 5057 1492 5128 προαχθείσης,
1515 5059 1681 5128 λυθῆ-

1855 5068 1924 5122 Ει
1957 5083 2091 5123 vero
2134 5083 2259 5123 cum
2304 5083 2411 5122 vox
2456 5068 2815 5137 praecesserit,
2868 5066 3108 5136 oportuit
3146 5080 3361 5134 quoque

137 5162 210 5200 ναι
227 5148 360 5219 τάχα
393 5150 490 5203 καὶ
510 5150 608 5220 τὴν
646 5150 922 5221 ἡμετέραν
949 5149 1118 5220 ἐχρῆν
1149 5150 1241 5203 ἐπὶ
1289 5153 1464 5225 τούτῳ
1498 5155 1682 5224 φωνὴν

1799 5171 1976 5212 vocem
2007 5165 2250 5211 nostram
2288 5156 2445 5211 ocius
2471 5157 2632 5222 solvi,
2673 5173 2794 5227 qua:
2827 5156 3073 5211 laudaret
3105 5155 3226 5226 ejus
3262 5170 3360 5209 na--

137 5237 342 5306 ᾅδουσαν
361 5258 419 5294 τε
441 5241 609 5295 αὐτοῦ
638 5242 706 5295 τὰ
729 5240 1002 5308 γενέθλια,
1020 5241 1116 5294 καὶ
1145 5243 1243 5312 τὴν
1272 5244 1526 5316 ὑπερφυᾶ
1555 5265 1686 5301 κατ-

1799 5247 1982 5311 Lalitia,
2008 5256 2065 5302 et
2096 5255 2305 5302 natura:
2330 5245 2493 5300 modo
2523 5245 2862 5316 superiorem
2898 5245 3191 5298 adventum
3222 5259 3360 5314 prte-

137 5331 480 5397 αγγέλλουσαν
522 5333 768 5404 πρόοδον.
823 5333 1032 5387 Οὐκοῦν
1069 5333 1160 5388 διὰ
1209 5336 1381 5390 πάντα
1421 5340 1516 5391 καὶ
1553 5357 1686 5409 συγ-

1802 5340 2026 5394 dicaret.
2065 5338 2186 5392 Erit
2231 5337 2415 5406 itaque
2455 5337 2586 5392 huic
2631 5336 2869 5392 sermoni
2908 5336 3168 5391 nonnulla
3204 5337 3363 5390 venia

181 5507 219 5585 _"'
245 5507 590 5585 Theodoreto
625 5515 986 5585 quidemhoc
1013 5517 1324 5572 encomium
1371 5517 1638 5571 tribuitur
1671 5517 1726 5570 in
1773 5518 1896 5572 cod.
1929 5519 2104 5572 Vatic.
2134 5518 2302 5584 1074,
2332 5530 2468 5575 teste
2507 5520 2704 5574 Allatio
2725 5559 2738 5583 ,
2775 5519 2897 5573 aliis
2938 5530 3118 5574 autem
3147 5519 3366 5572 videtur

138 5572 403 5658 ίῑμεοιιονο
445 5572 816 5658 Daphnopata:
857 5584 990 5658 illud
1024 5587 1415 5658 vindicandum
1453 5603 1594 5642 esse.
1633 5589 1770 5644 Vide
1799 5589 2012 5643 Fabric.
2049 5572 2184 5645 Bibit.
2215 5572 2479 5646 εἰδέω.
2507 5572 2688 5658 in.
2727 5572 2964 5654 ’δδῖξρι
3004 5572 3118 5652 vn;
3151 5606 3204 5658 p.
3236 5588 3362 5642 440.

135 5642 620 5727 ldqmﬁncomium
664 5642 844 5710 exstat
873 5657 930 5709 in
962 5657 1149 5711 codice
1178 5657 1417 5727 quodam
1448 5642 1806 5714 Bibliotheca,
1832 5658 2085 5714 Mediceaa
2111 5642 2397 5718 Lauri:th
2415 5642 2543 5714 ubi
2564 5642 2806 5714 a'd'diem
2831 5642 2898 5713 21
2921 5642 3086 5714 Junii
3107 5642 3363 5726 refertur,

135 5717 220 5772 sed
244 5719 448 5793 absque
479 5726 764 5794 scriptoris
803 5727 1047 5781 nomine.
1077 5717 1456 5784 Vid.'Bandini
1484 5728 1656 5784 Calai.
1691 5737 1730 5782 t.
1764 5729 1806 5794 Ι,
1839 5745 1894 5798 p.
1925 5729 2049 5783 496.
2123 5731 2165 5762 ³³
2189 5732 2290 5794 τίς.
2322 5731 2467 5786 Edit.
2496 5730 2648 5800 prior
2675 5729 2864 5784 habuit
2893 5731 2966 5783 τί.
