3954 6294
613 328 680 390 35
1840 316 2154 403 omnum
2191 345 2678 407 THEODORETI
3776 359 3842 422 as

611 445 775 505 atque
808 440 1109 502 excusatio,
1148 443 1230 494 vel
1259 442 1387 497 hinc
1411 445 1625 509 saltem,
1667 446 1813 515 quod
1854 449 2061 517 aliquid
2092 464 2172 504 ac-

2291 452 2482 524 γνιδμη
2513 453 2592 525 τῷ
2617 455 2759 527 λόγῳ
2789 457 2882 510 καὶ
2909 460 3239 531 παραίτησις
3266 460 3441 523 ἔσται,
3465 465 3630 534 χωρεῖ
3659 465 3769 535 (40)
3795 482 3845 520 τι

610 529 1014 583 commodatum
1077 532 1146 585 ad
1193 536 1533 603 propositum
1596 538 1709 608 86
1763 541 2181 609 complectatur.

610 618 766 683 Quod
786 620 830 672 si
857 620 982 675 huic
1007 623 1119 676 sola
1145 639 1291 678 nunc
1309 625 1566 696 Baptistae
1588 630 1847 685 nativitas
1862 633 2185 701 exponenda

611 710 952 780 subjiciatur,
988 725 1182 768 caetera
1209 731 1340 770 vero
1383 721 1897 787 prastermittantur,
1923 723 2029 778 hoc
2068 724 2186 793 ipso

609 800 839 856 fortasse
869 805 1098 872 penuria
1125 806 1348 862 obtendi
1370 820 1555 879 posset
1583 829 1595 864 ε
1623 814 1777 882 quasi
1805 813 1942 868 nihil
1965 830 2181 881 eorum,

610 907 731 959 quae
745 903 969 961 optentu
978 912 1022 959 r,
1041 896 1223 952 dicere
1237 898 1488 965 habeam,
1508 903 1812 973 cujusmodi
1831 914 1957 961 sunt
1976 907 2181 973 omnia,

609 996 731 1048 quae
754 980 822 1037 de
844 988 1200 1055 consequenti
1227 989 1356 1052 vita,
1381 990 1449 1045 de
1476 992 1720 1048 moribus
1739 1002 1794 1048 et
1813 1005 1987 1050 morte
2011 997 2184 1066 ipsius

549 1108 554 1150 ._
607 1070 809 1125 omissa
852 1071 1074 1127 fuerunt
1117 1093 1127 1127 :
1171 1092 1235 1129 ex
1279 1078 1480 1146 quibus
1520 1088 1701 1136 tamen
1754 1084 1979 1139 laudum
2017 1102 2184 1157 argu-

608 1169 793 1215 menta
814 1171 1115 1232 Suppetunt
1146 1167 1214 1219 iis
1250 1169 1343 1237 qui
1367 1169 1592 1226 laudare
1617 1164 1915 1228 v’oluerint.

679 1250 1000 1321 Quanquam
1033 1255 1100 1309 de
1125 1257 1229 1312 hoc
1264 1259 1382 1327 ipso
1412 1270 1560 1316 recte
1591 1264 1794 1320 sentire
1826 1281 1935 1320 non
1967 1264 2180 1322 videor.

605 1339 747 1408 Quid
781 1343 950 1410 enim,
994 1347 1097 1401 etsi
1134 1350 1283 1403 nulla
1325 1350 1418 1406 liat
1462 1368 1645 1408 rerum
1691 1354 1919 1411 aliarum
1952 1359 2178 1424 mentio,

606 1447 789 1488 annon
835 1434 952 1489 haec
995 1452 1099 1490 una
1140 1440 1272 1494 satis
1314 1445 1620 1512 argumenti
1657 1445 1909 1511 sufﬁciet,
1956 1458 2013 1503 et
2059 1451 2181 1505 illu-

605 1530 794 1587 strem,
838 1533 897 1579 ut
927 1541 1024 1595 par
1048 1536 1150 1591 est,
1188 1530 1316 1585 licet
1340 1532 1411 1586 sit
1439 1534 1619 1599 unica,
1652 1535 1871 1591 dicendi
1897 1541 2178 1595 materiam

604 1615 1015 1683 suppeditabit?
1056 1618 1290 1674 Possunt
1325 1623 1582 1680 videlicet
1625 1628 1892 1696 stupenda
1918 1629 2008 1683 illa
2041 1646 2181 1699 prae-

603 1703 757 1757 conis
788 1705 1109 1773 primordia,
1140 1710 1252 1763 sola
1282 1715 1534 1780 quamvis
1571 1716 1638 1769 ad
1680 1717 2048 1774 laudationem
2082 1736 2176 1776 ac-

2289 546 2428 614 πρὸς
2457 547 2557 617 τὴν
2589 547 2868 602 ὑπόθεσιν.
2922 549 2987 602 Et
3016 550 3074 604 δὲ
3103 551 3384 622 πρόκειται
3435 551 3531 605 νῦν
3580 554 3754 627 τούτῳ
3781 559 3846 610 τά

2285 636 2385 702 τῆς
2433 639 2739 706 γεννήσεως
2785 639 2945 709 μόνον
2986 641 3079 694 τοῦ
3122 642 3425 696 Βαπτιστοῦ
3463 643 3676 707 διιέναι,
3714 648 3780 701 τὰ
3804 647 3845 700 δ’

2288 725 2421 778 ἄλλα
2455 728 2787 796 παραλιπεῖν
2813 770 2827 793 ,
2866 731 2959 782 καὶ
3003 731 3089 783 διά
3136 733 3296 785 τοῦτο
3344 734 3472 797 τσως
3504 735 3846 806 προδαλεϊται

2288 811 2381 863 καὶ
2410 813 2642 884 ἀπορίαν
2668 831 2680 843 ·
2714 815 2789 879 ὡς
2811 817 2961 870 οὐδὲν
2984 815 3128 888 εἶχον
3161 820 3272 891 (41)
3303 821 3410 875 τῶν
3436 825 3576 879 κατὰ
3601 824 3846 896 βούλησιν

2285 903 2590 972 εἰρηκέναι,
2613 900 2700 959 οἷα
2722 908 2938 961 πάντων
2967 910 3092 981 ἑξῆς
3118 912 3464 983 παρειμένων
3496 917 3590 968 καὶ
3622 916 3736 986 βίου
3756 921 3846 969 καὶ

2285 992 2529 1065 ἀγωγῆς,
2561 997 2862 1062 καὶτέλους
2888 1002 3076 1066 αὐτοῦ,
3108 1001 3166 1067 ἐξ
3217 997 3293 1057 ὧν
3339 1005 3432 1058 καὶ
3462 1008 3575 1071 τοῖς
3613 1009 3846 1062 ἐπαινεῖν

2287 1083 2634 1156 βουλομένοις
2662 1088 2730 1141 τά
2758 1090 2856 1159 τῆς
2883 1091 3156 1162 εὐφημίας
3190 1094 3480 1165 προῆκται.

2367 1263 2504 1316 Ἀλλ’
2532 1264 2592 1317 οὗ
2622 1283 2710 1335 μοι
2740 1266 2889 1321 δοκεῖ
2917 1268 3095 1333 καλῶς
3138 1271 3263 1340 περὶ
3292 1273 3443 1326 τοῦδε
3474 1274 3842 1346 ὑπειληφέναι.

2284 1354 2349 1407 Τί
2375 1354 2483 1426 γὰρ
2511 1358 2559 1408 εξ
2599 1357 2764 1427 μηδὲν
2806 1358 2912 1412 τῶν
2955 1360 3128 1414 ἄλλων
3154 1361 3649 1435 διαμνημονεύσοις
3688 1369 3844 1422 Ἀπο-

2282 1446 2385 1514 χρή
2395 1463 2476 1498 σει
2504 1444 2614 1516 γὰρ
2635 1448 2849 1513 πάντως
2870 1450 3020 1521 αύτῷ
3041 1453 3134 1506 καὶ
3167 1454 3326 1523 μόνον
3351 1456 3548 1530 δηλαδὴ
3567 1459 3628 1513 τὸ
3654 1460 3842 1532 παρόν*

2282 1534 2572 1589 πολλοστὸν
2603 1539 2701 1608 μὲν
2728 1541 2826 1610 τῆς
2862 1543 2990 1612 ὅλης
3030 1544 3339 1611 ὑποθέσεως
3382 1549 3461 1615 ὃν,
3492 1551 3750 1623 λαμπρὰν
3777 1553 3842 1619 δ’,

2279 1623 2352 1688 ὡς
2379 1627 2543 1692 εἰκὸς,
2579 1630 2764 1701 φέρον,
2799 1633 2891 1685 καὶ
2923 1634 3081 1703 μόνον
3134 1636 3258 1689 καθ’
3288 1638 3422 1692 αὐτὸ
3444 1641 3542 1713 τὴν
3580 1642 3840 1715 διήγησιν.

2295 1720 2446 1773 Ἐπεὶ
2477 1723 2569 1775 καὶ
2604 1720 2740 1777 οἶδεν
2772 1728 2803 1797 ἠ
2846 1727 3133 1802 θαυμαστὴ
3185 1731 3280 1785 τοῦ
3316 1735 3555 1805 κήρυκος
3600 1738 3840 1809 πρόοδος.

603 1794 823 1859 cersita,
855 1805 1032 1850 totum
1071 1799 1337 1856 orationis
1367 1815 1750 1874 argumentum
1791 1809 1909 1864 sine
1955 1810 2063 1865 ulla
2089 1812 2172 1866 di-

2281 1809 2372 1861 καὶ
2396 1810 2531 1881 μόνη
2563 1813 2699 1883 πρὸς
2722 1794 3143 1888 μνήμην-ἰοῦσα,
3169 1820 3297 1892 ὅλην
3322 1794 3513 1895 τέ’πλη
3525 1794 3692 1896 ρῶσαι
3718 1794 3844 1881 ὑπόᾇ

600 1886 882 1954 gressione
908 1888 1157 1957 implere.

670 2078 731 2133 In
753 2080 900 2135 hunc
927 2081 1094 2153 igitur
1116 2100 1390 2155 campum,
1427 2100 1693 2157 quantum
1721 2090 1870 2156 licet,
1893 2108 1995 2162 pro
2030 2093 2173 2147 virili
2252 2154 2261 2161 ,

598 2179 773 2240 parte,
798 2183 1058 2229 excurrat
1080 2176 1278 2241 oratio,
1298 2178 1626 2250 omissisque
1650 2180 1792 2247 aliis,
1820 2197 1942 2252 qua“:
1962 2183 2175 2254 singula

597 2278 776 2328 suam,
801 2275 859 2318 ut
876 2267 1049 2332 scitis,
1077 2267 1384 2323 disserendi
1409 2272 1696 2326 materiem
1713 2273 1938 2339 habent,
1956 2282 2175 2345 oportet

597 2354 837 2423 primum
876 2355 943 2411 de
973 2358 1076 2410 viri
1109 2374 1140 2412 a
1172 2360 1286 2412 Deo
1314 2360 1480 2416 amati
1516 2364 2170 2439 parentibussermonem

599 2446 824 2511 habere,
853 2448 949 2517 qui
978 2448 1203 2516 fuerint,
1225 2453 1504 2521 quomodo
1525 2453 1729 2508 donum
1754 2456 1887 2532 ipsis
1908 2456 2173 2513 divinitus

595 2554 661 2594 ac
691 2549 889 2608 praeter
905 2550 1115 2596 natura
1134 2542 1280 2613 leges
1296 2544 1582 2599 advenerit
1601 2564 1614 2599 :
1632 2548 1956 2616 praeclarum
1975 2565 2171 2620 nempe

596 2629 725 2683 illud
752 2644 978 2701 germen
1010 2629 1187 2687 felicis
1216 2642 1507 2701 parentum
1540 2645 1749 2705 partus,
1785 2648 2170 2694 ornamentum

592 2718 738 2772 idem
771 2734 834 2773 ac
864 2719 1149 2774 terminus.

667 2813 682 2829 ‘
706 2809 840 2876 Quis
874 2825 1003 2865 vero
1025 2811 1346 2866 Zachariam
1379 2821 1435 2867 et
1464 2814 1833 2870 Elisabetham
1859 2832 1972 2871 non
1993 2818 2166 2885 novit,

592 2900 849 2970 eonjugio
874 2916 938 2954 ac
964 2900 1212 2956 moribus
1239 2900 1434 2957 iisdem
1457 2897 1800 2976 conjunctos.
1828 2906 2033 2963 virtute
2058 2924 2168 2964 non

592 2992 774 3046 minus
803 2992 1089 3047 devinctos
1122 3009 1286 3063 quam
1316 3009 1568 3064 corpore,
1599 2996 1751 3051 nullo
1782 3013 1966 3052 rerum
1995 3008 2169 3054 terre-

589 3098 786 3137 narum
815 3083 1000 3138 studio
1030 3083 1343 3154 depressos,
1390 3086 1457 3140 ad
1484 3086 1727 3141 coalestia
1759 3095 1902 3144 totos
1926 3104 2167 3159 propen-

589 3175 785 3229 dentes
815 3192 828 3227 :
854 3190 1090 3245 quorum
1124 3176 1250 3231 vitae
1285 3177 1516 3246 puritas,
1550 3171 1786 3247 quorum
1815 3179 2064 3234 ascensio
2096 3181 2165 3235 ad

588 3266 784 3329 Deum,
813 3280 1048 3334 quorum
1073 3280 1204 3319 cura
1228 3267 1540 3332 meliorum,
1563 3275 1619 3321 et
1644 3267 1844 3323 mentis
1871 3270 2028 3338 quasi
2049 3270 2166 3326 dei-

592 3357 789 3417 ticatio,
824 3355 934 3424 87
969 3371 1204 3425 quorum
1244 3371 1369 3409 cum
1411 3357 1555 3412 inter
1585 3356 1745 3423 alios,
1791 3368 1908 3411 tum
1949 3359 2005 3412 in
2046 3360 2162 3429 ipsa

588 3444 736 3505 tribu
767 3444 1002 3516 dignitas
1031 3453 1086 3500 et
1112 3446 1373 3515 splendor
1403 3446 1632 3517 insignis
1654 3447 1728 3501 ita
1751 3447 1873 3513 fuit,
1910 3458 1971 3503 ut
1997 3460 2054 3505 et
2084 3450 2160 3505 ibi

587 3533 903 3590 domesticis
933 3535 1344 3590 antecellerent.

654 3628 733 3682 Ex
756 3628 1076 3697 prophetica
1105 3629 1254 3683 enim
1272 3636 1330 3683 et
1354 3629 1680 3685 sacerdotali
1700 3631 1868 3703 stirpe
1892 3634 2160 3688 oriundus

583 3727 705 3772 erat
742 3717 1066 3784 Zacharias;
1118 3718 1465 3789 prophetissa
1515 3719 1721 3790 pariter
1770 3721 1886 3791 ipsa
1935 3723 2155 3793 conjux,

584 3815 809 3880 pr0pter
845 3807 1163 3864 aliinitatem
1197 3809 1444 3880 ejusdem
1480 3825 1606 3864 cum
1635 3811 1754 3866 viro
1798 3811 2077 3882 dignitatis
2102 3821 2158 3867 et

581 3900 793 3954 ordinis
815 3900 1109 3970 particeps.
1133 3899 1362 3970 Utrique
1388 3915 1490 3970 pro
1514 3900 1760 3970 simplice
1781 3901 1979 3972 duplex
1998 3904 2158 3958 clari-

584 4002 665 4046 tas
696 3991 951 4046 elucebat
981 4009 993 4044 :
1034 3989 1089 4044 in
1122 3989 1254 4060 ipsis
1301 4006 1518 4045 omnem
1546 3991 1767 4061 pietatis
1803 3993 2153 4048 exercitatio-

580 4100 706 4139 nem
737 4084 950 4139 diceres
971 4098 1092 4138 esse
1119 4084 1284 4149 viam,
1306 4084 1453 4139 unde
1480 4096 1673 4140 omnes
1696 4087 1934 4142 caelestis
1968 4088 2153 4157 gratiae

580 4174 706 4237 rivi,
737 4183 798 4228 ut
829 4190 928 4244 par
957 4184 1059 4237 est,
1088 4174 1144 4228 in
1176 4188 1271 4229 eos
1295 4172 1621 4229 deﬂuerent.

648 4266 827 4323 Unum
851 4274 969 4320 erat
996 4265 1279 4330 duntaxat,
1306 4265 1453 4335 quod
1476 4265 1611 4336 ipsis
1633 4282 1701 4321 ex
1734 4268 1900 4322 animi
1926 4276 2149 4323 senten-

577 4357 654 4412 tia
677 4372 790 4411 non
816 4356 1058 4420 cederet,
1084 4373 1283 4426 nempe
1307 4370 1373 4412 eo
1394 4372 1568 4426 usque
1588 4356 1791 4413 vixisse
1812 4358 1930 4412 sine
1959 4359 2150 4415 liberis

2279 1900 2448 1967 θεσιν,
2482 1905 2576 1957 καὶ
2607 1905 2770 1975 μηδὲν
2816 1911 3311 1983 προσεπιδεομένην
3351 1914 3460 1969 τῶν
3496 1916 3668 1982 ἄλλως
3702 1936 3842 1991 παρ-

2277 1991 2556 2062 επομένων
2584 1994 2662 2065 τῷ
2691 1994 2855 2067 λόγῳ.

2349 2081 2557 2135 Οὐκοῦν
2589 2102 2679 2154 μοι
2714 2088 2806 2140 καὶ
2845 2087 2922 2151 ὡς
2967 2090 3243 2163 ἐγχωροῦν
3284 2094 3494 2161 διεξίτω
3522 2101 3550 2151 ό
3575 2098 3729 2169 λόγος
3774 2102 3842 2155 τά

2277 2171 2405 2241 περὶ
2426 2172 2650 2244 ταύτης,
2672 2175 2738 2229 τὰ
2760 2176 2896 2231 ἄλλα
2918 2177 3089 2250 δήπου
3121 2184 3341 2254 παρεὶς,
3359 2179 3434 2239 ὧν
3456 2187 3685 2243 ἕκαστον
3711 2191 3842 2246 ἰδίαν

2276 2261 2409 2331 ἔχει,
2433 2263 2507 2326 ὠς
2535 2266 2670 2331 ίστε,
2699 2268 2792 2318 καὶ
2811 2268 2908 2340 τὴν
2934 2272 3220 2327 ὑπόθεσιν·
3252 2275 3385 2330 ἀλλὰ
3415 2277 3523 2350 γὰρ
3549 2280 3841 2350 ἀναγκαῖον

2273 2350 2383 2401 τῶν
2412 2351 2504 2403 τοῦ
2520 2352 2836 2442 ᾔθεολήπτου
2872 2357 3064 2430 πρῶτα
3091 2363 3396 2437 μνησθῆναι
3423 2369 3702 2442 πατέρων.
3736 2374 3840 2426 Kal.

2274 2441 2468 2505 οἵτινες
2489 2436 2658 2505 οὗτοι,
2691 2448 2780 2500 καὶ
2801 2446 2947 2512 ὅπως
2973 2449 3144 2522 δῶρον
3170 2454 3352 2520 αὐτοῖς
3399 2457 3603 2525 θεόθεν,
3656 2461 3751 2515 καὶ
3779 2463 3837 2515 ού

2273 2532 2414 2587 κατὰ
2444 2536 2607 2604 φύσιν
2642 2537 2700 2590 τὸ
2753 2540 2914 2592 καλὸν
2960 2541 3119 2596 τοῦτο
3168 2543 3454 2618 βλάστημα
3486 2549 3607 2618 ἔφυ,
3640 2553 3839 2624 κόσμος

2273 2621 2410 2692 ἅμα,
2445 2624 2539 2677 καὶ
2564 2625 2688 2696 ὄρος
2719 2628 3001 2706 εὐπαιᾷίας
3025 2635 3136 2697 τοῖς
3174 2637 3458 2706 ἐνεγκοῦσι
3488 2621 3786 2712 γινόμενον.

2353 2798 2513 2852 Ἀλλὰ
2536 2801 2620 2864 τίς
2642 2802 2742 2855 οὐκ
2774 2799 2883 2857 οἶδε
2909 2807 3184 2879 Ζαχαρίαν
3211 2811 3304 2864 καὶ
3348 2812 3623 2869 Ἐλισάσετ
3647 2857 3664 2884 ,
3714 2820 3836 2885 τοὺς

2268 2888 2595 2982 ὁμοζύγους,
2621 2895 2713 2982 καὶ
2739 2897 3095 2968 ὁμοτρόπους,
3121 2901 3215 2955 καὶ
3247 2903 3345 2974 οὐχ
3364 2900 3526 2977 ἦττον
3551 2907 3694 2963 κατὰ
3714 2911 3836 2982 ἀρε-

2267 2975 2365 3048 τὴν
2401 2980 2787 3050 συναφθέντας,
2836 2984 3040 3056 ἢκατὰ
3087 2989 3280 3060 σῶμα;
3324 2975 3451 3056 τοῦς
3503 2997 3690 3067 μηδενὶ
3732 2975 3836 3052 τῶν

2272 3069 2420 3125 κάτω
2450 3075 2838 3160 καταχθέντας,
2874 3078 2987 3132 ἀλλ’
3017 3080 3170 3145 ὅλους
3204 3085 3339 3155 πρὸς
3376 3086 3443 3141 τά
3472 3088 3584 3142 ἄνω
3612 3108 3837 3160 μετατε-

2192 3131 2234 3189 C
2267 3159 2480 3252 θέντας,
2511 3131 2649 3236 ὧνῧή
2674 3131 2960 3240 κάθαρσις,
2988 3131 3186 3227 κᾷτ’

2266 3242 2342 3342 (ἓν
2371 3252 2404 3321 ή
2435 3252 2544 3305 τῶν
2574 3257 2897 3325 κρειττόνων
2924 3260 3144 3334 μελέτη,
3170 3242 3265 3318 καὶ
3353 3266 3447 3320 τοῦ
3486 3269 3578 3323 νοῦ
3618 3242 3832 3342 θέωσιςξ

2248 3333 2339 3393 ’ὧν
2364 3344 2501 3412 μετὰ
2531 3345 2640 3398 τῶν
2668 3346 2865 3435 ἄλλων.
2900 3352 2996 3404 καὶ
3017 3333 3156 3407 κατὰ
3181 3333 3337 3424 γένος
3367 3359 3708 3435 λαμπρότης,
3741 3333 3833 3420 καί

2264 3433 2610 3501 περιφάνεια,
2649 3438 2716 3491 ἵν’
2739 3434 2841 3493 ὦσι
2872 3443 3152 3499 κάνταῦθα
3192 3449 3301 3502 τῶν
3338 3442 3457 3506 κατ’
3495 3455 3692 3521 αὐτοὺς
3719 3457 3832 3511 δια-

2262 3522 2535 3592 φέροντες.
3030 3536 3038 3543 “

2330 3612 2682 3710 ξΙροφητικῆς
2706 3618 2815 3690 γάρ
2851 3620 2944 3674 καὶ
2976 3623 3257 3696 ἱερατικῆς
3290 3629 3461 3702 φυλῆς
3500 3636 3528 3686 ὀ
3557 3636 3829 3710 Ζαχαρίας

2261 3701 2544 3774 ἐτύγχανε,
2580 3710 2868 3781 προφήτης
2903 3713 2961 3767 δὲ
2992 3716 3207 3784 πάντως
3234 3720 3326 3774 καὶ
3348 3723 3380 3792 ή
3404 3701 3596 3778 τούτου
3626 3701 3825 3797 ὀμέξυζ

2259 3809 2373 3860 γος,
2426 3798 2520 3849 καὶ
2572 3798 2671 3870 τῆς
2718 3802 2886 3874 αὐτῆς
2913 3804 3002 3859 διὰ
3046 3807 3108 3861 τὸ
3140 3812 3396 3881 συναφὲς,
3432 3816 3529 3870 καὶ
3568 3818 3725 3884 ἀξίας
3750 3820 3826 3892 τῷ

2256 3888 2409 3959 ἀνδρὶ
2431 3893 2783 3958 κοινωνοῦσα,
2807 3897 2902 3949 καὶ
2925 3898 3148 3966 τάξεως,
3168 3897 3249 3967 οἷς
3268 3905 3362 3959 καὶ
3382 3907 3581 3977 ἀμφοῖν
3604 3888 3824 3966 διπλοῦν

2254 3978 2373 4031 ἀνθ’
2404 3981 2576 4035 ἁπλοῦ
2606 3981 2667 4036 τὸ
2695 3987 2991 4057 περιφανὲς
3010 3991 3359 4062 ἐγνωρίζετο.
3392 3994 3614 4060 Τούτοις
3642 4000 3824 4054 πᾶσαν

2254 4068 2330 4130 ὡς
2351 4070 2525 4124 εἰπεῖν
2543 4073 2846 4144 άσκήσασιν
2867 4077 3148 4143 εὐσεϐείας
3171 4081 3308 4148 ὁδὸν,
3332 4085 3531 4152 πάντα,
3558 4087 3635 4149 ὡς
3652 4089 3816 4156 εἰκὸς,

2254 4158 2478 4230 ἐπέρρει
2513 4161 2608 4213 καὶ
2636 4163 2703 4216 τὰ
2740 4163 2892 4236 παρὰ
2918 4169 3019 4237 τῆς
3045 4166 3253 4225 ἄνωθεν
3280 4172 3520 4242 χάριτος.

2330 4249 2425 4301 Ἐν
2453 4250 2613 4320 μόνον
2640 4248 2708 4322 ἦν
2751 4253 2811 4308 τὸ
2842 4254 2916 4326 μὴ
2946 4258 3089 4311 κατὰ
3138 4259 3395 4332 πρόθεσιν
3423 4263 3653 4333 ἐκείνοις
3679 4285 3818 4342 συμο

2252 4337 2455 4405 ϐαῖνον,
2492 4344 2524 4413 ή
2547 4343 2604 4396 ὲν
2632 4345 2810 4415 χρόνῳ
2835 4348 3075 4420 τοσούτῳ
3100 4349 3331 4408 ἀπαιδία
3367 4358 3460 4410 καὶ
3495 4337 3778 4433 στείρωσις
3801 4382 3815 4397 ο

576 4456 633 4500 et
655 4445 888 4509 steriles,
917 4445 1064 4514 quod
1093 4446 1238 4514 apud
1268 4447 1404 4502 alios
1435 4447 1508 4501 ita
1541 4449 1940 4503 exsecrandum
1976 4449 2148 4505 habe-

2305 4435 2419 4496 τοῖς
2446 4433 2547 4504 μὲν
2577 4435 2756 4501 ἄλλοις
2781 4438 2918 4509 τάχα
2942 4441 3036 4495 καὶ
3061 4444 3333 4502 ἀπευκτόν
3361 4465 3477 4513 πως
3514 4430 3689 4508 ἐδόκει
3722 4460 3818 4512 καὶ

575 4537 738 4591 batur
767 4544 823 4590 et
849 4536 1144 4605 abjectum,
1176 4543 1238 4588 ut
1271 4544 1401 4597 tunc
1430 4538 1692 4606 temporis
1725 4539 1930 4606 probro
1963 4550 2146 4595 verte-

2280 4523 2477 4595 ὶθυμον,
2501 4520 2590 4582 οἷα
2613 4528 2675 4582 τὸ
2709 4531 3009 4600 τηνικαῦτα
3034 4535 3127 4588 καὶ
3159 4537 3241 4601 είς
3269 4537 3468 4606 ὄνειδος
3499 4544 3663 4616 φέρον
3688 4566 3700 4579 ·
3755 4542 3815 4604 οὐ

576 4636 729 4681 retur
767 4645 779 4679 :
815 4641 1127 4696 quanquam
1152 4643 1261 4681 non
1292 4636 1411 4683 erat
1428 4628 1482 4681 id
1514 4629 1648 4698 ipsis
1669 4628 1963 4684 admodum
1990 4632 2147 4688 triste

2280 4615 2359 4689 ιὴν
2386 4618 2480 4672 καὶ
2504 4620 2688 4684 αὐτοῖς
2725 4621 2967 4695 λυπηρὸν
3007 4624 3260 4682 τοσοῦτον
3295 4632 3387 4685 καὶ
3425 4615 3692 4709 δύσφορον
3725 4637 3813 4713 ἦν’·
3902 4690 3905 4695 ,

573 4735 637 4775 ac
670 4719 996 4785 molestum;
1031 4728 1298 4773 noverant
1337 4719 1515 4783 enim,
1559 4719 1605 4773 si
1642 4720 1934 4790 quisquam
1980 4721 2142 4788 alius,

2287 4705 2445 4763 δεσαν
2469 4710 2578 4781 γάρ
2600 4712 2650 4764 εί
2681 4712 2774 4765 καί
2802 4730 2949 4776 τινες
2972 4714 3142 4779 ἄλλοι,
3172 4717 3255 4772 ὅτι
3298 4721 3433 4786 Θεός
3469 4705 3618 4779 ἐστιν
3645 4729 3675 4781 ὁ
3702 4705 3816 4797 τοῖς

573 4811 737 4867 rebus
768 4811 972 4866 nostris
1003 4810 1171 4865 Deum
1198 4825 1453 4881 praeesse,
1479 4819 1534 4866 et
1559 4812 1901 4882 singulorum
1932 4814 2143 4870 utilita-

2280 4798 2537 4869 Έμεειςεέροις
2563 4801 2888 4867 ἐπιστατῶν,
2921 4804 3013 4856 καὶ
3034 4805 3097 4858 τὸ
3130 4805 3439 4865 λυσιτελοῦν
3473 4814 3705 4872 ἑκάστου
3733 4823 3813 4874 οι-

573 4903 720 4958 tibns
746 4902 1034 4973 providere
1056 4919 1071 4967 ;
1090 4917 1154 4957 ex
1188 4904 1307 4972 ejus
1337 4902 1565 4957 arbitrio
1588 4913 1822 4974 tempus,
1864 4913 2136 4970 naturam,

2280 4888 2515 4958 ιονομῶν,
2544 4889 2639 4942 καὶ
2666 4891 2750 4944 ὅτι
2774 4891 2940 4946 αὐτοῦ
2972 4892 3320 4966 βουλομένου,
3346 4902 3444 4956 καὶ
3463 4906 3671 4976 χρόνος,
3718 4913 3815 4966 καὶ

569 4994 753 5049 omnia
779 4993 1016 5063 denique
1036 4992 1300 5064 pendere,
1323 5009 1463 5063 quae,
1506 5002 1568 5049 ut
1597 4995 1775 5049 visum
1802 4994 1990 5061 fuerit,
2029 4996 2141 5052 dis—

2280 4982 2428 5045 ιύσις,
2458 4981 2552 5035 καὶ
2580 4982 2756 5092 πάντα
2781 4981 2937 5053 ὁμοῦ,
2974 4985 3103 5056 παρ’
3126 4986 3154 5039 ὃ
3193 4986 3327 5058 ἔχει,
3352 4992 3448 5047 καὶ
3481 4996 3811 5065 ἀλλοιοῦται,

569 5091 757 5153 ponat,
781 5091 1079 5139 commutet
1095 5098 1159 5137 ac
1177 5082 1464 5137 subvertat
1502 5099 1515 5135 :
1551 5083 1652 5152 ipsi
1676 5082 1997 5137 facillimum
2018 5099 2140 5139 esse

2280 5075 2337 5126 ai.
2356 5075 2646 5144 τρέπεται·
2664 5074 2710 5142 ᾧ
2729 5074 2914 5146 ῥᾴδιον
2937 5076 3155 5142 πάντως
3171 5082 3265 5134 καὶ
3284 5083 3450 5154 νηδὺν
3469 5086 3682 5160 ἄγαμον
3696 5094 3813 5164 (62)

568 5174 812 5228 caelibem
847 5181 1066 5226 uterum
1095 5172 1329 5242 aperire,
1368 5179 1425 5226 et
1458 5170 1695 5235 edicere,
1732 5178 1795 5225 ut
1833 5171 1997 5227 eﬂ'eta
2042 5188 2141 5227 na-

2280 5164 2473 5232 νοῖξαι,
2508 5167 2602 5219 καὶ
2635 5163 2838 5237 ἔξωρον
2873 5166 3035 5236 φύσιν
3066 5170 3187 5224 καθ’
3223 5171 3374 5245 ὥραν
3403 5176 3811 5247 βλαστάνουσαν

567 5275 711 5329 tura,
748 5271 1036 5334 postquam
1065 5272 1254 5318 exacta
1287 5272 1372 5318 est
1396 5270 1548 5327 aetas,
1574 5263 1773 5334 pariat.
1808 5261 1950 5330 Quid
1989 5264 2136 5318 enim

2280 5255 2406 5322 εἶξαι
2430 5273 2442 5285 ·
2471 5255 2524 5309 τί
2552 5255 2663 5327 γὰρ
2691 5256 2799 5309 τῶν
2828 5257 3050 5329 ἀπόρων
3072 5262 3239 5327 ἐστὶν,
3258 5264 3287 5317 ὂ
3313 5267 3386 5338 μή
3408 5268 3485 5340 τῷ
3502 5270 3622 5343 Θεῷ
3651 5291 3809 5345 acopis

558 5353 675 5418 tam
715 5355 953 5421 diliicile,
981 5356 1125 5426 quod
1151 5358 1262 5411 Deo
1294 5372 1402 5410 non
1428 5357 1499 5412 sit
1526 5355 1885 5411 facillimum?
2240 5350 2525 5420 μώτατον;

1860 5492 2085 5551 νΑιιῐίΕ
2122 5483 2519 5548 LECTIONES.

638 5613 689 5645 υ
714 5613 1031 5691 ἰδρεθηάιιιῑι
1060 5613 1144 5668 vel
1169 5614 1250 5691 ὅτε
1269 5615 1457 5691 χωρεῖ·
1489 5574 1713 5691 κοητςηλέ
1740 5610 1823 5690 νει
1856 5610 2025 5691 κυρεῖ
2052 5607 2256 5691 Ws»
2287 5623 2342 5659 κ·
2374 5603 2521 5691 τιέξ
2564 5600 2929 5691 iiiis???
2965 5604 3101 5691 bella
3119 5606 3455 5691 Elmete)-
3479 5608 3585 5666 Sed
3620 5610 3808 5691 ἐιεξι-

556 5685 689 5739 dum
719 5672 936 5738 videtur
966 5680 1133 5751 εἶχον.
1206 5685 1250 5714 δ’
1272 5672 1509 5753 ’ἄγαμαι
1541 5680 1683 5735 Edit.
1724 5672 1888 5750 prior
1909 5672 2145 5732 habebat
2163 5676 2381 5744 ἄγανον.
2413 5673 2532 5729 Non
2554 5672 2931 5730 dubitavimus
2957 5672 3569 5749 amplecti‘lectionem,
3596 5672 3719 5751 qui
3743 5682 3805 5738 In

559 5754 804 5825 margine
844 5753 1082 5824 ascripta
1107 5762 1245 5809 erat.
