3954 6294
159 359 220 426 37
1302 365 1828 424 AUCTARIUM.~
1905 365 2001 422 AD
2038 365 2193 422 TOM
2260 364 2352 421 IV.
3339 359 3408 420 38

225 473 413 537 Οὕτως
447 477 478 545 ἡ
513 475 650 544 καλὴ
687 474 822 544 αῦτη
852 475 982 535 δυάς
1018 477 1117 527 κάν
1155 477 1263 538 τοῖς
1319 475 1569 528 δοκοῦσιν
1624 479 1730 527 ὰπ-
1761 481 1802 536 Α

163 568 370 626 ευκτοῖς
389 566 509 638 Θεῷ
533 567 633 618 οὐκ
668 567 802 618 ἀνίει
846 567 1259 637 εὐχαριστοῦσα,
1284 560 1326 633 ᾧ
1359 567 1452 619 καὶ
1469 568 1566 628 τὰς
1582 568 1731 618 ἐλπί-

160 660 249 720 δας
300 657 535 728 ἀνήρτα,
593 659 686 711 καὶ
735 654 794 712 οῦ
850 659 1010 728 μόνου
1061 658 1136 728 τῷ
1171 659 1468 729 βουλήματι
1514 659 1728 712 εἴπετοο

161 752 324 820 ἐχρῆν
349 752 408 804 δὲ
437 751 674 812 πάντως.
710 751 896 821 ὥσπερ
932 753 976 804 τ’
1005 751 1138 804 ἄλλα
1172 746 1315 821 εἶχον
1346 751 1580 821 διαφανῆ
1641 752 1734 804 καὶ

161 840 428 910 ἐπίσημα,
461 841 604 893 οὕτω
653 842 746 893 καὶ
794 842 958 911 γονὴν
1004 841 1307 912 παράδοξον
1348 845 1520 911 σχεῖν⁸
1555 843 1630 903 ὡς
1668 842 1734 895 ἂν

161 931 331 1001 εχοιεν
362 933 568 1002 ταύτην
603 933 822 1002 χάριτος
849 933 999 1002 ὅλην,
1029 933 1162 986 ἀλλά
1192 933 1266 1003 μὴ
1297 933 1510 1003 φύσεως
1541 934 1730 1003 δήπου.

234 1207 304 1258 “Η
328 1206 417 1260 ἴνα
437 1205 497 1258 τὸ
527 1207 714 1276 μεῖζον
731 1206 889 1272 εἴπω,
908 1207 986 1259 ὅτι
1014 1205 1134 1258 ἐπεὶ
1159 1205 1382 1276 ἔμελλεν
1404 1207 1526 1258 ὅσον
1558 1205 1732 1272 οὔπω,

160 1299 250 1355 καὶ
301 1300 579 1370 Παρθένος
626 1302 803 1352 τεκεῖν
831 1339 846 1362 ,
887 1301 979 1352 καὶ
1029 1300 1350 1369 ἐγγάστριον
1399 1297 1491 1351 τοῦ
1539 1299 1734 1360 παντὸς

158 1389 298 1457 ἕξειν
343 1391 456 1461 (45)
486 1392 782 1462 Δεσπότην,
818 1391 884 1443 δι’
904 1383 965 1444 οὗ
991 1391 1050 1443 τὸ
1081 1393 1346 1462 σωτήριον
1381 1391 1574 1452 ἅπασι,
1603 1407 1735 1460 προ-

158 1480 386 1550 δραμεῖν
421 1480 530 1532 ἐδει
552 1480 647 1533 καὶ
679 1481 768 1532 τὸν
803 1479 1044 1549 παρόντα
1066 1479 1220 1531 τόκον
1248 1479 1308 1530 οὐ
1340 1477 1734 1549 παραπλησίως

158 1572 268 1633 τοῖς
294 1569 497 1635 ἄλλοις,
523 1567 731 1621 ἐκεῖνόν
764 1567 876 1638 (Μ)
911 1585 970 1620 τε
999 1569 1098 1637 τὴν
1139 1567 1442 1638 παρουσίαν
1488 1567 1733 1638 μηνύειν,

159 1660 253 1712 καὶ
284 1659 489 1727 ἀγαθὸν
515 1659 673 1711 τοῦτο
700 1658 793 1712 τοῦ
818 1658 1026 1726 ἀγαθοῦ
1049 1659 1336 1728 τυγχάνειν
1355 1659 1732 1728 προάγγελμα,

161 1751 247 1804 τνα
279 1750 343 1803 τὸ
386 1752 527 1820 ὑπὲρ
572 1749 733 1819 φύσιν
771 1751 951 1812 τουτὶ,
997 1749 1057 1801 τὸ
1092 1749 1532 1820 ὑπερφυέστερον
1560 1751 1736 1802 ἐκεῖνο

1907 475 1981 528 lla
2023 476 2343 544 prwclarum
2386 471 2514 525 illud
2556 487 2654 540 par
2689 471 3004 542 conjugum,
3036 470 3200 524 etiam
3241 471 3295 524 in
3343 473 3413 526 iis

1837 581 1957 634 qua:
2001 566 2260 619 videntur
2303 580 2409 618 non
2451 579 2570 618 esse
2615 561 2871 616 materies
2911 577 3156 630 precum,
3207 565 3411 629 gratias

1837 670 1995 725 agerc
2033 671 2142 708 non
2168 655 2415 709 cessabat
2439 655 2570 717 Deo,
2604 669 2669 706 ex
2711 667 2820 722 quo
2853 652 3222 721 suspendebat
3258 669 3410 723 spem

1837 763 2014 809 suam,
2053 757 2109 802 et
2141 749 2298 817 cujus
2331 748 2495 801 unius
2521 746 2856 800 voluntatem
2893 745 3247 814 sequebatur.
3279 746 3411 800 Omu

1839 837 1968 891 nino
2004 838 2167 907 igitur
2202 853 2426 892 necesse
2467 845 2606 899 erat,
2662 844 2723 889 ut
2766 837 2968 905 quibus
3004 845 3198 891 cmtera
3225 851 3413 892 essent

1838 930 2076 984 illustria
2107 931 2220 1000 88
2257 940 2311 985 et
2347 929 2600 1000 insignia,
2636 929 2841 982 sobolis
2870 937 3026 983 ortus
3048 939 3193 983 esset
3224 929 3413 983 insoli-

1838 1027 1946 1082 tus,
1983 1029 2045 1073 ut
2078 1035 2197 1073 eam
2225 1036 2336 1074 non
2366 1036 2396 1073 a
2440 1029 2633 1072 natura
2655 1060 2668 1082 ,
2701 1019 2797 1073 sed
2832 1019 3056 1073 omnino
3087 1019 3354 1074 haberent
3382 1035 3413 1073 a

1837 1111 2030 1179 gratia.

1908 1197 2079 1268 Majus
2129 1198 2334 1268 aliquid
2387 1199 2586 1256 dicam.
2625 1215 2749 1253 cum
2782 1199 2948 1271 Virgo
2983 1200 3225 1270 paritura
3266 1212 3414 1256 esset

1841 1288 2032 1351 filium,
2066 1299 2305 1358 quantus
2341 1291 2475 1342 alias
2513 1306 2674 1343 nemo
2719 1301 2884 1354 esset,
2929 1291 3188 1360 orbisque
3226 1292 3413 1345 Domi-

1837 1392 1992 1440 num,
2020 1393 2050 1432 a
2087 1393 2197 1447 quo
2223 1380 2372 1433 salus
2395 1380 2670 1442 omnibus,
2703 1389 2895 1434 uterus
2921 1381 3306 1449 complexurus
3333 1381 3415 1435 fo—

1839 1477 1942 1530 ret,
1979 1469 2226 1536 oportuit
2254 1478 2314 1523 ut
2338 1485 2577 1538 praesens
2601 1480 2812 1539 partus,
2841 1471 2933 1539 qui
2965 1487 3072 1524 non
3105 1485 3256 1524 more
3282 1471 3416 1526 alio-

1838 1573 1962 1611 rum
2028 1559 2202 1623 iieret,
2263 1563 2502 1630 praeiret,
2561 1570 2616 1616 et
2673 1560 2843 1616 futuri
2907 1561 3053 1616 illius
3119 1561 3411 1616 adventum

1839 1650 2252 1717 praenuntiaret.
2281 1651 2539 1722 Oportuit
2567 1654 2672 1708 hoc
2691 1654 2896 1708 bonum
2932 1654 3061 1708 boni
3095 1655 3243 1709 illius
3279 1671 3417 1724 pra:-

1839 1743 2092 1798 nuntium
2124 1745 2422 1811 exsistere;
2467 1755 2526 1800 ut
2559 1747 2662 1800 hoc
2692 1747 2838 1816 quod
2873 1755 2989 1801 erat
3021 1755 3220 1816 prmter
3251 1756 3414 1802 natu-

161 1842 522 1913 πιστώσηται.
548 1844 658 1895 Kal.
676 1843 882 1896 ἐκεῖθεν
912 1844 1023 1904 τοῖς
1050 1841 1390 1911 βουλομένοις
1412 1841 1501 1913 ἐξῇ
1533 1841 1619 1895 διὰ
1639 1842 1734 1896 τοῦ

1851 1845 1978 1896 ram,
2001 1834 2080 1888 illi
2105 1836 2248 1904 quod
2272 1838 2441 1890 multo
2463 1838 2634 1907 magis
2651 1847 2901 1893 naturam
2928 1846 3231 1908 superaret,
3252 1838 3414 1892 (idem

158 1936 474 2008 ἀπορρήτου
521 1935 772 2005 δέχεσθαι
816 1933 876 1987 τὸ
923 1934 1380 2006 ἀπορρητὸτερον.
1429 1933 1590 1986 Ἀλλά
1630 1935 1737 2006 γὰρ

160 2028 478 2094 ἀναγκαῖον,
517 2027 610 2080 καὶ
638 2028 784 2086 ὅπως
815 2028 843 2080 ὁ
871 2025 1172 2096 παράδοξος
1202 2020 1354 2090 οὗτος
1383 2025 1736 2095 συνετελέσθη

161 2120 315 2182 τόκος
342 2121 540 2182 εἰπεῖν,
576 2117 671 2171 καὶ
707 2118 812 2189 πρὸ
837 2117 992 2170 τοῦδε
1024 2117 1364 2188 θεοσημεῖαι,
1403 2117 1459 2169 αἳ
1484 2117 1577 2170 καὶ
1606 2118 1740 2187 μᾶλ-

161 2210 248 2264 λον
272 2211 632 2280 φρικτότερον
654 2208 863 2273 ἔδειξαν
886 2209 947 2261 τὸ
975 2209 1276 2280 παραγθὲν,
1300 2209 1512 2278 καὶτῆς
1536 2209 1741 2262 ἀνωθεν

162 2301 401 2370 ἀτεχνῶς
429 2299 660 2370 δώρημα
693 2299 932 2370 χάριτος.

242 2477 302 2529 Ὀ
333 2476 614 2547 Ζαχαρίας
664 2476 844 2529 τοίνυν
904 2475 1174 2548 ἱερωσύνῃ
1229 2474 1615 2546 τετιμημένος,
1668 2475 1743 2537 ὼς

162 2568 395 2639 ἔφαμεν,
436 2568 531 2620 καὶ⁹
559 2567 655 2620 τοῦ
686 2567 818 2620 λαοῦ
909 2569 1069 2638 νόμος
1106 2567 1345 2638 ἱερεῦσιν
1373 2567 1746 2638 ὑπερευχόμε-

160 2678 271 2724 νος,
302 2661 380 2724 ὡς
411 2663 439 2713 ὁ
465 2663 564 2730 τῆς
602 2659 985 2727 Σκηνοπηγίας
1023 2660 1326 2724 ἐνειστήκει
1362 2662 1588 2729 καιρὸς,
1624 2658 1744 2710 καθ’

161 2750 218 2802 ὃν
240 2750 337 2802 καὶ
359 2749 438 2819 τῷ
471 2751 717 2820 ἀρχιερεῖ
753 2749 898 2818 μόνῳ
939 2747 1086 2800 ἔνδον
1124 2747 1348 2800 εἰσιέναι
1391 2746 1497 2800 τῶν
1538 2746 1746 2799 ἀδύτων

161 2844 366 2910 ἐφεῖτο,
403 2842 564 2904 αὑτδς
616 2841 712 2910 μὲν
751 2840 890 2893 κατά
921 2840 981 2893 τὸ
1013 2839 1319 2910 εἰθισμένον
1353 2840 1442 2892 τὸν
1471 2839 1596 2893 ναὸν
1629 2842 1742 2890 εἰσ-

163 2934 257 2987 ιὼν
297 2933 420 3002 Θεῷ
453 2923 512 2984 τε
547 2932 887 3002 ἐντυγχάνων
917 2929 1006 3002 ἦν,
1070 2932 1163 2984 καὶ
1203 2933 1295 2984 τοῦ
1361 2930 1598 3000 πλήθους
1648 2931 1746 2998 ἄφ-

163 3040 275 3078 εσιν
323 3024 706 3092 ἐξαιτούμενος
728 3041 740 3053 ο
773 3016 816 3090 ᾧ
850 3023 942 3075 καὶ
969 3023 1036 3075 τὰ
1063 3024 1158 3092 τῆς
1187 3023 1352 3092 εὐχῆς
1399 3022 1742 3092 ἀναφέροντι,

162 3116 398 3182 ἄγγελος
430 3115 676 3176 ἐνωπῐως
710 3115 1060 3185 παρίσταται,
1096 3114 1321 3184 φοϐερὸς
1355 3114 1452 3182 μὲν
1483 3115 1630 3177 ἰδεῖν,
1659 3132 1748 3182 φο-

1840 1928 2130 1976 astrueret.
2178 1923 2332 1979 Unde
2360 1925 2552 1979 liceret
2595 1927 2681 1990 iis,
2724 1927 2815 1998 qui
2845 1929 3064 1994 vellent,
3097 1943 3164 1982 ex
3198 1930 3416 1983 occulto

1840 2015 2110 2070 occultius
2131 2016 2280 2071 aliud
2309 2018 2324 2034 ⁶
2347 2019 2584 2086 assequi.
2621 2019 2726 2074 Sed
2753 2036 3026 2090 exponere
3051 2035 3275 2076 necesse
3307 2028 3419 2086 est,

1840 2107 2118 2174 quomodo
2173 2124 2231 2162 se
2277 2109 2534 2165 habuerit
2571 2111 2915 2167 admirabilis
2971 2113 3061 2167 ille
3102 2121 3313 2182 partus,
3361 2119 3418 2168 et

1841 2207 2045 2266 quanta
2078 2215 2243 2268 super
2275 2215 2340 2253 eo
2368 2210 2620 2270 portenta
2646 2203 2970 2268 acciderint,
2998 2221 3140 2273 quae,
3165 2206 3310 2275 quod
3335 2207 3415 2259 fa-

1842 2295 1990 2341 ctum
2018 2301 2122 2354 est,
2154 2291 2440 2361 ipsumque
2467 2295 2707 2349 caelestis
2731 2296 2920 2364 gratia:
2955 2295 3156 2349 donum
3184 2298 3419 2350 admira—

1843 2377 2010 2433 bilius
2038 2380 2306 2436 fecerunt.

1915 2471 2206 2528 Zacharias
2233 2475 2400 2545 igitur
2431 2492 2554 2530 cum
2580 2487 2745 2542 esset,
2778 2486 2837 2530 ut
2872 2479 3132 2542 diximus,
3161 2482 3417 2535 sacerdo-

1844 2561 1921 2615 tio
1948 2561 2261 2632 insignitus,
2300 2575 2356 2619 et
2397 2582 2496 2636 pro
2532 2568 2755 2637 populo,
2801 2578 2861 2623 ut
2898 2571 3274 2627 sacerdotibus
3302 2574 3418 2644 lege

1845 2651 2161 2706 mandatum
2193 2663 2331 2718 erat,
2371 2671 2563 2725 preces
2588 2657 2863 2722 funderet,
2895 2674 3018 2712 cum
3060 2668 3272 2730 tempus
3303 2677 3421 2716 sce-

1845 2743 2091 2811 n0pegiae
2112 2743 2349 2809 adesset,
2383 2761 2493 2814 quo
2525 2747 2625 2801 soli
2651 2763 2867 2802 summo
2901 2749 3170 2804 sacerdoti
3193 2751 3273 2805 fas
3302 2761 3422 2806 erat

1846 2829 1901 2883 in
1923 2830 2172 2884 intimum
2190 2831 2411 2902 adytum
2433 2843 2742 2902 penetrare,
2761 2851 2861 2906 pro
2885 2852 3034 2891 more
3056 2839 3315 2907 templum
3340 2839 3424 2893 in-

1845 2937 2084 2991 gressus,
2121 2931 2177 2977 et
2207 2925 2378 2978 Deum
2419 2927 2796 2996 interpellans,
2841 2943 2942 2998 pro
2982 2930 3181 2998 popqu
3205 2931 3422 2985 veniam

1847 3013 2004 3065 enixe
2058 3015 2404 3081 precabatur.
2456 3016 2593 3070 Huic
2643 3033 2834 3086 preces
2887 3019 3136 3071 oﬂ’erenti
3194 3021 3424 3075 visibilis

1847 3103 2015 3156 astitit
2049 3104 2294 3174 angelus,
2335 3106 2594 3160 terribilis
2629 3109 2773 3171 visu,
2815 3107 3074 3162 terribilis
3108 3118 3161 3162 et
3187 3125 3424 3178 praesen—

160 3207 320 3278 δερος
347 3206 405 3257 δὲ
436 3206 627 3274 στῆναι
648 3206 738 3257 καὶ
765 3205 904 3274 ὄψει,
935 3205 1161 3274 φοϐερὸς
1177 3205 1242 3268 δ’,
1266 3204 1341 3265 ὡς
1367 3205 1531 3267 εἰκὸς,
1557 3205 1744 3274 ὀμιλῆ-

1851 3195 1941 3256 tia,
1979 3209 2042 3247 ac
2074 3195 2214 3264 ipso,
2251 3204 2310 3249 ut
2347 3197 2608 3252 credibile
2644 3207 2747 3261 est,
2789 3213 3102 3268 congressu.
3139 3201 3419 3266 Zacharia,

164 3316 291 3352 σαι·
340 3299 401 3361 ὃς
447 3298 544 3351 καὶ
597 3297 674 3367 τῷ
709 3298 952 3367 Ζαχαρία
1006 3295 1359 3366 εἰσηκοῦσθαί
1402 3312 1533 3363 φησι
1594 3295 1747 3364 παρά

160 3389 279 3459 Θεῷ
306 3387 607 3457 εὐχομένω,
642 3388 735 3440 καὶ
761 3389 860 3454 τῆς
889 3388 1124 3456 δεήσεως
1148 3385 1320 3456 πέρας
1348 3383 1463 3436 υἱοῦ
1494 3384 1747 3450 ἀπότεξις

160 3481 313 3534 ἔσται
351 3483 420 3550 τῇ
471 3480 755 3550 ὁμοζύγῳ,
784 3479 878 3531 καὶ
908 3477 984 3546 τῷ
1013 3478 1316 3546 τικτομένῳ
1349 3475 1521 3546 ὄνομα
1563 3477 1748 3530 Ἰωάν-

159 3591 274 3643 νης,
307 3570 409 3625 καὶ
439 3571 510 3623 τὰ
532 3570 666 3626 ἄλλα
713 3572 814 3622 ὅσα
850 3569 983 3639 πρὸς
1038 3568 1185 3638 ῥῆμα
1222 3567 1282 3619 τὸ
1316 3567 1456 3620 θεῖον
1494 3568 1747 3631 διέξεισιν

163 3664 500 3733 Εὐαγγέλιον
521 3680 533 3691 ·
563 3657 644 3726 οἷς
679 3663 770 3715 καὶ
800 3663 827 3713 ὁ
879 3660 1154 3730 Ζαχαρίας
1199 3659 1410 3730 ἀθρόως
1439 3659 1745 3730 ὲνηχηθεὶς,

159 3758 251 3808 καὶ
277 3757 362 3824 τῷ
407 3753 696 3824 παραδόξῳ
733 3753 1123 3821 καταπλαγεὶς,
1153 3753 1214 3804 οὐ
1236 3751 1325 3804 διὰ
1352 3751 1451 3820 τὴν
1488 3753 1749 3819 φανεῖσαν

157 3847 277 3916 ὄψιν
305 3847 543 3920 (εἴθιστο
567 3845 673 3916 γὰρ
705 3845 797 3897 καὶ
819 3844 988 3898 πάλαι
1012 3844 1160 3913 αὐτῷ
1186 3843 1254 3895 τά
1285 3842 1539 3912 τηλικάδε
1569 3844 1746 3914 ὁρᾷν),

158 3940 270 3991 ἀλλ’
326 3940 419 3990 ὅτι
473 3938 601 4008 περὶ
651 3937 786 3989 ἄλλα
845 3937 1017 4006 μὲνὴ
1075 3935 1260 4004 δέησις
1293 3934 1484 4004 τούτῳ,
1535 3927 1668 3988 ἄλλα
1694 3935 1750 3989 δὲ

157 4028 508 4099 ἐπήγγελλεν
539 4029 567 4079 ὁ
596 4027 813 4097 φανείς·
841 4029 940 4098 οὐχ
986 4027 1202 4096 ὑπήχθη
1251 4026 1434 4090 εὐθὺς,
1469 4027 1561 4079 καὶ
1616 4027 1750 4096 πρὸς

156 4120 251 4188 τὴν
279 4121 475 4172 πίστιν
516 4117 626 4171 τῶν
656 4116 1026 4187 λαλουμένων,
1062 4118 1147 4170 ἵνα
1184 4118 1258 4188 μὴ
1289 4116 1366 4186 τῷ
1391 4118 1568 4188 ῥᾴδιος
1602 4118 1750 4182 δόξαι

158 4211 290 4282 περὶ
321 4211 431 4279 τὴν
476 4210 814 4280 παραδοχὴν,
857 4209 1002 4280 ῥᾴων
1041 4209 1170 4271 ἴσως
1218 4212 1469 4277 φανεῖται
1495 4211 1588 4261 καὶ
1627 4210 1753 4278 περὶ

157 4303 256 4373 τὴν
293 4302 400 4354 τοῦ
427 4301 752 4370 δεδεγμένου
785 4301 1061 4370 ἀποϐολήν
1083 4318 1095 4330 ·
1130 4302 1252 4352 ἐπεὶ
1287 4302 1379 4353 καὶ
1413 4301 1668 4353 εἰώθασιν
1698 4303 1751 4354 αἱ

154 4393 267 4445 τῶν
302 4392 567 4462 μεγάλων
612 4393 952 4460 πραγμάτων
993 4390 1290 4460 ὑπερϐολαὶ
1313 4390 1574 4461 ὀκνηροὺς
1613 4392 1754 4461 τάχα

161 4501 223 4535 πε
235 4486 289 4554 ρί
327 4484 436 4553 τὴν
465 4484 684 4551 ταχεῖαν
709 4484 882 4534 ποιεῖν
909 4481 1328 4548 συγκατάθεσιν.

1848 3283 2044 3352 inquit,
2078 3285 2370 3341 exauditus
2402 3303 2462 3342 es
2489 3303 2518 3341 a
2549 3289 2680 3349 Deo.
2722 3298 2776 3344 et
2809 3291 3031 3359 quidem
3064 3292 3206 3346 ultra
3231 3310 3425 3363 preca-

1850 3375 2088 3442 tionem;
2135 3377 2304 3431 filium
2341 3380 2516 3448 pariet
2551 3382 2770 3451 conjux,
2814 3382 3053 3438 Joannes
3087 3400 3285 3439 nomen
3320 3388 3425 3442 erit

1848 3466 2042 3522 infanti
2081 3487 2093 3521 :
2133 3469 2345 3539 aliaque
2396 3471 2661 3542 subjecit,
2703 3488 2824 3541 quae
2864 3473 2932 3527 ad
2972 3475 3200 3530 verbum
3241 3477 3424 3532 divino

1849 3567 2176 3613 enarrantur
2209 3561 2502 3632 Evangelio
2531 3574 2574 3616 ο.
2616 3561 2708 3617 His
2742 3563 3032 3619 Zacharias
3066 3567 3425 3621 vehementer

1849 3649 2154 3715 perculsus,
2180 3658 2233 3703 et
2260 3667 2318 3703 re
2345 3651 2652 3706 admirabili
2679 3654 2791 3723 89
2817 3656 3098 3720 attonitus,
3123 3672 3231 3711 non
3278 3660 3425 3728 quod

1851 3739 2029 3792 visum
2055 3741 2186 3794 illud
2213 3757 2414 3795 novum
2438 3743 2731 3810 accideret,
2761 3746 2969 3800 solebat
2990 3747 3192 3817 quippe
3214 3759 3267 3802 et.
3293 3751 3428 3806 alias

1853 3830 1978 3883 talia
2021 3831 2228 3896 videre,
2287 3833 2379 3888 sed
2425 3835 2570 3904 quod
2611 3852 2734 3891 cum
2791 3837 2895 3891 alia
2946 3848 3284 3908 precaretur,
3323 3842 3428 3912 alia

1851 3923 2158 3979 nuntiasset
2189 3927 2280 3995 qui
2317 3929 2569 3998 apparuit
2603 3932 2846 4001 angelus.
2881 3932 3068 4002 Neque
3103 3951 3233 3988 vero
3268 3936 3429 3992 dictis

1855 4013 2014 4068 ﬁdem
2043 4017 2222 4069 statim
2255 4018 2462 4083 habuit,
2499 4030 2568 4074 ne
2591 4021 2747 4076 facile
2773 4032 3080 4094 susceptam
3112 4027 3428 4095 opinionem

1852 4103 2066 4159 facilius
2091 4107 2354 4176 abjecisse
2380 4109 2577 4165 deinde
2603 4111 2885 4166 videretur
2913 4132 2924 4165 :
2953 4114 3131 4168 solent
3159 4098 3306 4170 enim
3341 4134 3430 4172 res

1854 4210 2018 4265 supra
2041 4199 2264 4252 modum
2289 4200 2620 4256 excellentes
2643 4202 2709 4256 ad
2734 4205 3122 4272 promptiorem
3143 4221 3428 4262 assensum

1855 4288 2122 4343 tardiores
2147 4289 2394 4344 reddere.

231 4547 410 4624 L009;
437 4547 581 4624 xa‘tvo
607 4571 884 4641 Ζαχαρίας
905 4547 1004 4624 οὐκ
1027 4570 1261 4634 ὀκλάσας
1292 4572 1418 4634 τοὺς
1439 4572 1745 4642 λογισμοὺς1

1927 4567 2082 4624 Unde
2117 4567 2410 4624 Zacharias
2449 4570 2534 4628 his
2571 4573 2917 4627 sermonibus
2956 4573 3178 4629 minime
3208 4573 3428 4640 cedens,

156 4662 296 4733 ἀλλὰ
332 4662 733 4731 στερῤοτέρους
771 4660 972 4730 μᾶλλον
1003 4660 1081 4730 τῷ
1131 4661 1342 4732 στερῤῷ
1385 4662 1482 4731 τῆς
1520 4662 1756 4733 καταλή-

157 4753 306 4821 ψεως
359 4752 718 4818 ἀποφαίνων
776 4753 1311 4822 Καταγιγνὼσκομαι
1352 4753 1412 4805 τὸ
1448 4755 1598 4822 παρὰ
1662 4754 1754 4806 σοῦ

156 4841 717 4914 χρησμοδατούμενον
743 4885 756 4906 ,
810 4843 1141 4896 πυνθάνεται
1173 4845 1306 4914 πρὸς
1349 4846 1440 4898 τὸν
1485 4847 1716 4913 ἄγγελον
1740 4864 1752 4877 ·

156 4934 492 5007 πρεσϐύτης
525 4933 633 5003 γὰρ
662 4935 794 5001 ἐγὼ,
826 4935 1012 5004 φησὶν,
1046 4935 1120 4999 ὡς
1152 4938 1281 5007 ὁρᾷς
1303 4953 1314 4965 ·
1357 4940 1544 5008 στεῖρα
1576 4939 1630 4990 δὲ
1663 4939 1758 4990 καὶ

155 5022 471 5100 ᾖσυνοικῶ
515 5026 750 5093 γυναικὶ.
791 5028 884 5079 καὶ
926 5027 1018 5079 τοῦ
1059 5028 1251 5098 γεννᾷν
1292 5029 1644 5097 πεπαυμένη·
1677 5023 1758 5093 οἷς

156 5119 506 5190 ἀμφοτέροις
533 5117 729 5187 ἔξωρον
749 5117 810 5170 τὸ
833 5119 1094 5177 κυῒσκειν.
1127 5119 1174 5170 εἱ
1207 5120 1279 5187 μή
1306 5135 1406 5170 που
1429 5119 1561 5170 Θεοῦ
1585 5119 1756 5189 δῶρον

156 5211 215 5262 τὸ
239 5209 571 5279 ἐπίτευγμα
597 5210 681 5279 εἴη
703 5226 715 5238 ·
741 5203 785 5277 ᾧ
809 5210 902 5289 κα)
929 5213 1089 5278 ἡμεῖς
1122 5210 1189 5262 τὰ
1226 5210 1342 5263 κατ’
1394 5210 1588 5272 αὐτοὺς
1632 5212 1759 5264 ἀνα-

158 5300 380 5367 θέντες,
413 5298 574 5352 οὐδὲν
607 5300 635 5351 ὅ
665 5316 718 5352 τι
749 5300 822 5370 μὴ
858 5299 1050 5368 ἐκείνῳ
1079 5299 1267 5352 δοκοῦν
1290 5339 1303 5360 ,
1345 5300 1438 5352 καὶ
1477 5302 1605 5369 ἡμῖν
1633 5320 1760 5355 συν-

155 5394 326 5448 δοκεῖ.
364 5390 567 5445 Ταῦτα
596 5390 703 5460 γὰρ
733 5393 938 5444 ἐκεῖνον
968 5391 1113 5454 εἰκὸς
1153 5392 1243 5444 καὶ
1265 5394 1456 5457 εἰπεῖν,
1491 5392 1584 5444 καὶ
1617 5395 1757 5446 κατὰ

1861 4658 1971 4712 imo
2015 4658 2460 4728 impenetrabiles
2495 4662 2548 4716 vi
2591 4662 2962 4733 intelligentia:
3014 4664 3375 4733 pronuntians
3415 4683 3426 4716 :

1857 4751 1978 4806 Non
2005 4750 2247 4823 intelligo
2271 4760 2425 4807 tuum
2451 4753 2755 4818 oraculum,
2789 4755 3003 4824 reponit
3025 4755 3239 4825 angelo;
3266 4770 3431 4812 senex

1858 4843 2005 4897 enim
2031 4859 2172 4908 sum,
2217 4851 2277 4897 ut
2303 4844 2455 4899 vides
2483 4863 2496 4897 :
2521 4844 2743 4909 sterilis,
2771 4861 2878 4914 qua
2926 4854 3070 4910 utor,
3107 4846 3306 4917 conqu
3331 4862 3430 4916 pa-

1859 4951 1981 4990 rere
2007 4935 2200 5001 desiit;
2236 4937 2454 5007 utrique
2477 4945 2607 4992 tetas
2630 4937 2963 5006 suscipiendi
2995 4938 3200 4992 liberos
3221 4948 3432 5002 exacta,

1860 5026 1965 5081 nisi
1995 5027 2135 5082 forte
2161 5027 2213 5081 id
2250 5043 2477 5083 munere
2503 5028 2600 5082 Dei
2631 5029 2922 5097 contigerit
2953 5046 2964 5081 :
2991 5029 3079 5083 cui
3103 5044 3227 5083 cum
3252 5030 3435 5083 omnia

1862 5129 2049 5176 nostra
2082 5121 2537 5186 commiserimus,
2578 5121 2728 5175 aliud
2767 5121 2906 5175 nihil
2941 5137 3102 5191 quam
3152 5119 3296 5188 quod
3331 5120 3434 5191 ipsi

1859 5212 2135 5277 videatur,
2183 5213 2342 5268 nobis
2375 5211 2646 5283 expediet.
2684 5211 2799 5267 Hoc
2828 5213 3012 5268 dicere
3053 5219 3110 5266 et
3138 5219 3318 5266 mente
3350 5228 3440 5267 re-

1862 5313 2053 5374 putare
2079 5305 2309 5359 decebat
2329 5321 2476 5370 eum,
2499 5306 2591 5375 qui
2613 5305 2707 5359 Dei
2728 5304 2992 5374 propheta
3014 5311 3180 5370 esset,
3195 5310 3251 5358 et
3271 5303 3436 5359 verba

1861 5394 2044 5448 divina
2077 5397 2432 5451 auseultaret.

157 5484 406 5538 διάνοιαν
445 5481 662 5552 φέρειν,
709 5479 844 5533 Θεοῦ
891 5482 1175 5551 προφήτην
1197 5498 1260 5548 γε
1313 5483 1460 5546 ὄντα,
1497 5483 1592 5536 καὶ
1621 5483 1754 5537 Θεοῦ
1794 5487 1907 5548 τοῖς
1929 5486 2109 5555 λόγοις
2141 5487 2482 5558 πειθόμενον.

231 5610 253 5637 ε
294 5598 443 5652 Luc.
481 5612 521 5658 ι,
558 5595 618 5647 Η
656 5609 772 5662 seq.

1456 5688 1691 5743 VABIE
1734 5689 2144 5745 LECTIONES.

229 5783 279 5816 ⁸³
307 5783 394 5849 ἐξ.
432 5781 759 5852 Legendum
806 5781 1024 5837 videtur
1055 5782 1218 5851 ἔχειν.

1298 5783 1340 5814 ⁵⁸
1365 5785 1448 5838 ἐκ.
1483 5782 1796 5852 Legendum
1823 5793 1955 5852 puto
1982 5785 2213 5837 ἐκείνου.
