3954 6294
519 297 589 362 39
1737 291 2053 351 OPERUM
2090 289 2576 349 THEODORETI
3696 289 3762 352 40

591 406 658 460 At
707 421 999 474 quorsum,
1053 405 1198 460 dicat
1262 405 1494 474 aliquis,
1554 405 1844 459 Zacharias
1900 403 2101 473 populo
2133 408 2172 461 Α

521 497 738 550 veniam
763 505 1054 566 rogaturus
1079 510 1202 548 cum
1231 495 1556 565 ingreditur,
1592 496 1685 565 qui
1717 497 1968 566 apparuit
2001 510 2098 548 an-

523 588 695 656 gelus,
721 587 988 641 exauditae
1015 587 1351 656 precationis
1384 587 1601 656 pignus,
1635 588 1836 641 sterilis
1861 596 2095 656 partum,

524 678 810 747 praedicit?
861 680 1050 734 Annon
1087 677 1196 731 illis
1225 679 1550 749 coniugibus
1589 678 1937 734 manifestum
1977 686 2097 732 erat

523 785 633 823 non
665 769 822 824 aliter
845 768 1016 822 venia:
1039 769 1221 822 locum
1251 784 1371 823 esse
1404 769 1672 833 futurum,
1700 773 1716 790 '
1742 787 1904 839 quam
1934 770 1980 824 si
2004 786 2100 824 na-

523 869 769 916 sceretur
799 861 892 929 qui
928 861 1120 916 salutis
1147 871 1429 916 auctorem
1463 863 1804 926 ostenderet,
1833 871 1889 916 et
1920 862 2099 916 omni-

524 954 627 1007 bus
655 953 831 1023 palam
857 953 1232 1018 annuntiaret,
1255 953 1428 1022 ipsius
1449 961 1504 1007 et
1522 954 1751 1017 amicus,
1773 961 1830 1007 et
1852 953 2098 1015 nuntius,

523 1055 580 1100 et
617 1061 744 1109 vox,
775 1054 830 1099 et
864 1060 1173 1114 praecursor
1195 1045 1934 1115 appellatusiQuamobrem
1967 1044 2100 1098 illud

523 1137 660 1191 mihi
687 1135 929 1202 videtur,
961 1144 1017 1190 et
1041 1137 1290 1206 apposite
1319 1137 1529 1192 dictum
1563 1138 1632 1191 ab
1657 1140 1870 1207 angelo,
1898 1147 2100 1191 etcum

525 1224 798 1297 pontificis
832 1227 1120 1298 postulatis
1151 1229 1430 1289 aptissime
1462 1244 1785 1298 congruere.

595 1401 705 1472 90
733 1401 935 1456 Verum
969 1401 1100 1458 huic
1123 1404 1362 1458 sermoni
1395 1420 1532 1474 opus
1555 1415 1640 1458 est
1668 1420 1732 1459 ea
1763 1404 1945 1459 omnia
1975 1405 2103 1460 sub-

521 1493 776 1563 iungere,
812 1509 934 1562 quae
959 1492 1156 1549 deinde
1192 1494 1468 1550 Zacharias
1504 1495 1641 1549 dixit
1689 1496 1932 1566 angelus.
1966 1494 2104 1550 Cum

524 1582 697 1646 enim,
727 1592 786 1636 ut
809 1581 1071 1649 diximus,
1101 1587 1221 1656 ejus
1244 1585 1406 1640 dictis
1431 1601 1538 1639 non
1567 1585 1751 1640 statim
1784 1581 2101 1650 assenserit,

525 1669 622 1724 sed
642 1671 823 1725 arcani
852 1671 1014 1742 hujus
1037 1673 1422 1742 perfectiorem
1443 1675 1720 1744 qumsierit
1739 1675 2101 1745 comprehen-

2289 401 2428 453 Ἀλλ’
2458 403 2580 455 ὂτου
2621 402 2799 474 χάριν,
2825 405 2938 475 ἐρεῖ
2964 422 3067 468 τις,
3098 408 3125 458 6
3161 405 3259 475 μὲν
3278 403 3551 474 Ζαχαρίας
3573 402 3762 473 ἄφεσιν

2202 491 2374 562 εἰσῄει
2405 491 2499 544 τοῦ
2533 491 2766 562 πλήθους
2796 494 3053 564 αἰτήσων,
3078 496 3106 546 6
3135 495 3190 547 δὲ
3222 494 3408 563 φανεὶς
3441 493 3670 562 ἄγγελος
3700 493 3764 544 τά

2200 583 2308 635 τῶν
2333 585 2601 655 αίτήσεών
2626 602 2684 636 τε
2708 585 2856 654 αὐτῷ
2879 586 3042 653 φάναι
3063 583 3348 654 ήκοῦσθαι,
3367 586 3626 655 ἐχέγγυον
3649 583 3766 637 τού-

2199 692 2292 727 του
2337 676 2494 728 τόκον
2549 672 2687 728 εἶναι
2744 677 2834 729 τὸν
2864 679 2928 729 ἐκ
2957 677 3055 746 τῆς
3080 677 3331 746 στείρας;
3358 671 3434 728 Ἦ
3475 675 3630 746 δῆλον
3656 676 3767 738 τοῖς

2202 765 2470 829 συνοῦσιν,
2503 766 2586 820 ὅτι
2616 768 2716 820 οὐκ
2741 768 2806 821 ἂν
2837 768 3010 831 ἄλλως
3032 769 3259 832 ἐκείνοις
3301 767 3400 838 τῆς
3442 767 3767 837 συγγνώμης

2200 860 2438 927 ἀπήντα,
2480 860 2527 910 εί
2573 859 2648 930 μὴ
2682 862 2709 912 6
2745 860 3062 930 τικτόμενος
3086 854 3239 922 οὗτος
3287 861 3377 913 τὸν
3409 859 3500 912 ἐπὶ
3528 859 3768 929 σωτηρία

2199 949 2403 1018 ἥκοντα
2428 949 2725 1014 ἐπεδείκνυ,
2749 951 2843 1002 καὶ
2873 950 3034 1003 αὐτὸν
3062 950 3330 1020 ἀριδήλως
3350 951 3461 1011 τοῖς
3485 950 3615 1002 πᾶσι
3639 956 3769 1001 κατ-

2203 1038 2486 1108 ήγγελλεν,
2511 1035 2596 1092 οἷα
2620 1039 2682 1108 δὴ
2705 1040 2798 1093 καὶ
2833 1040 2986 1109 φίλος
3006 1041 3236 1105 ἐκείνου,
3278 1043 3368 1094 καὶ
3393 1040 3640 1110 ἄγγελος,
3676 1043 3770 1094 καὶ

2203 1131 2354 1199 φωνὴ
2383 1131 2766 1200 χρηματίζων,
2795 1132 2888 1185 καὶ
2918 1133 3248 1204 πρόδρομος;
3281 1134 3349 1187 δι’
3387 1134 3424 1187 ἆ
3465 1151 3555 1204 μοι
3602 1133 3767 1193 δοκεῖ,

2203 1219 2297 1270 καὶ
2323 1220 2392 1272 τὰ
2419 1220 2568 1292 παρὰ
2595 1219 2689 1272 τοῦ
2740 1220 2970 1290 ἀγγέλου
3013 1222 3315 1294 ἐπικαίρως
3364 1223 3638 1298 εἰρῆσθαι.
3675 1225 3769 1274 καὶ

2201 1309 2316 1371 τοϊς
2344 1308 2436 1361 τοῦ
2468 1308 2766 1380 ἀρχιερέως
2806 1310 3051 1380 συνᾴδειν
3082 1311 3163 1363 ὅτι
3196 1310 3450 1378 μάλιστα.
3797 1305 3804 1312 ’

2287 1397 2445 1450 Ἀλλὰ
2465 1399 2574 1467 γὰρ
2591 1398 2709 1451 δέον
2739 1397 2821 1468 τῷ
2847 1401 2990 1470 λόγῳ
3028 1399 3360 1470 προσθεῖναι,
3385 1400 3480 1452 καὶ⁵
3509 1399 3610 1452 ὅσα
3645 1397 3771 1468 ἑξῆς

2205 1488 2342 1559 πρὸς
2386 1489 2477 1542 τὸν
2510 1489 2786 1560 Ζαχαρίαν
2811 1489 3032 1562 εἴρηκεν
3067 1493 3095 1544 6
3141 1491 3347 1558 φανείς.
3385 1491 3602 1560 Ἐπειδὴ
3636 1493 3768 1561 γάρ,

2204 1581 2279 1643 ώς
2333 1579 2560 1650 ἔφαμεν,
2613 1582 2687 1651 μὴ
2735 1583 3077 1652 παραχρῆμα
3103 1583 3131 1635 6
3184 1581 3441 1653 λογισμὸς
3479 1581 3628 1653 αὒτῷ
3659 1584 3770 1644 τοῖς

2208 1670 2449 1742 ῥηθεῖσιν
2471 1671 2747 1738 ἐπένευεν,
2767 1673 2880 1726 ἀλλ’
2911 1672 3289 1744 ἐντελεστέραν
3313 1673 3450 1743 τάχα
3479 1673 3656 1744 ἐξῄτει
3675 1666 3770 1726 τοῦ

527 1759 764 1822 sionem,
811 1771 872 1814 ut
910 1761 965 1830 in
1001 1762 1369 1818 reconditiore
1402 1764 1642 1834 pectoris
1676 1763 1799 1818 sinu
1839 1779 2098 1834 magnum

2208 1741 2516 1834 ἀπορρήτου
2545 1763 2609 1834 δὴ
2629 1763 2726 1834 τὴν
2760 1765 3061 1834 κατάληψιν
3081 1807 3096 1830 ,
3129 1741 3204 1828 ὡς
3239 1764 3304 1818 ἂν
3343 1741 3437 1818 καὶ
3471 1741 3581 1828 τοῖς
3623 1757 3772 1818 ἐνδο-

526 1849 662 1904 illud
703 1851 1029 1906 miraculum
1075 1854 1398 1910 conclusum
1441 1854 1763 1924 deponeret,
1803 1863 1920 1908 tum
1951 1851 2101 1910 aliud

524 1942 663 1996 nihil
698 1945 923 2014 angelus
953 1947 1054 2000 nisi
1091 1946 1372 2000 silentium
1410 1948 1737 2016 praescribit,
1770 1954 1827 2001 et
1861 1947 2102 2017 linguam

523 2033 676 2088 vocis
723 2043 1005 2103 expertem
1062 2035 1262 2101 reddit,
1316 2035 1698 2091 demonstrans
1744 2036 1991 2102 omnino,
2043 2047 2104 2091 ut

524 2125 742 2196 opinor,
801 2141 916 2180 rem
943 2141 1064 2182 esse
1119 2128 1381 2199 mysterio
1435 2130 1671 2198 plenam,
1720 2138 1775 2183 et
1816 2131 2100 2198 majorem.

524 2230 688 2285 quam
718 2223 780 2269 ut
816 2223 950 2270 tunc
975 2231 1228 2272 sermone
1261 2227 1317 2272 et
1355 2216 1541 2288 lingua
1567 2215 1855 2287 praedicari
1894 2224 2099 2286 posset.

595 2405 890 2461 Zacharias
917 2405 1082 2476 igitur
1126 2421 1194 2460 ex
1226 2420 1292 2461 eo
1322 2414 1570 2475 tempore
1610 2403 1913 2475 permansit
1951 2420 2102 2460 com-

527 2499 733 2566 pressis
764 2497 945 2561 labiis,
980 2513 1105 2552 cum
1140 2498 1359 2552 nemine
1393 2497 1733 2566 colloquens,
1779 2512 1881 2551 ncc
1912 2512 2103 2552 vocem

527 2589 807 2651 emittens,
838 2589 942 2642 etsi
977 2589 1244 2643 voluisset
1283 2607 1295 2641 :
1335 2588 1469 2657 quid
1502 2587 1648 2641 enim
1684 2587 1784 2656 ipsi
1813 2603 2103 2643 commune

527 2693 652 2735 cum
686 2678 933 2748 populo?
972 2679 1097 2748 ipsi,
1143 2679 1388 2748 inquam,
1424 2678 1518 2747 qui
1559 2693 1660 2732 usu
1700 2693 1958 2732 sensuum
1999 2679 2102 2733 sibi

528 2770 903 2835 interdixerat,
935 2770 1028 2840 qui
1061 2771 1303 2824 animum
1327 2770 1663 2824 abstraxerat
1698 2786 1728 2824 a
1751 2771 2105 2826 terrestribus

527 2869 584 2915 et
608 2859 829 2913 caducis
854 2860 1038 2924 rebus,
1067 2860 1272 2929 quique
1307 2861 1630 2915 versabatur
1668 2876 1792 2915 cum
1826 2875 2105 2930 corporea:

528 2948 870 3018 contagionis
908 2949 1270 3018 expertibus?
1306 2949 1445 3014 Quid
1493 2964 1617 3003 cum
1661 2950 1788 3013 illis,
1837 2951 1930 3019 qui
1977 2957 2106 3005 sunt

529 3039 597 3094 ad
625 3055 828 3110 corpus
855 3052 911 3095 et
935 3041 1234 3096 crassiores
1262 3055 1458 3096 sensus
1483 3027 1756 3105 cbnversi,
1785 3041 1986 3110 quibus
2011 3051 2104 3096 aut

528 3129 868 3199 superﬂuum
916 3130 1339 3200 quodammodo,
1388 3140 1482 3185 aut
1533 3130 1698 3185 etiam
1745 3131 2101 3201 impossibile,

530 3218 774 3272 divinam
808 3234 1000 3273 vocem
1041 3220 1294 3274 humanis
1340 3235 1448 3274 non
1493 3230 1903 3286 consonantem,
1951 3223 2102 3278 inso-

529 3325 682 3374 nare,
721 3309 999 3380 verbaque
1032 3325 1227 3364 arcana
1268 3326 1332 3365 ac
1367 3311 1661 3364 ineffabilia
1686 3311 1956 3380 proferre,
1984 3330 2105 3383 quae.

529 3415 712 3470 neque
733 3415 996 3470 percusso
1013 3417 1137 3455 aere
1162 3402 1317 3466 fiunt,
1336 3417 1513 3472 neque
1534 3404 1754 3474 organis
1778 3404 1845 3458 ad
1869 3404 2106 3460 forman-

531 3491 657 3546 dam
687 3507 879 3546 voccm
912 3489 1193 3557 institutis,
1230 3493 1325 3547 sed
1363 3493 1578 3548 silentio
1611 3495 1871 3551 interiore
1905 3504 1961 3551 et
1986 3513 2103 3552 me-

531 3582 670 3638 liore
716 3583 822 3637 alia
863 3583 1101 3655 loquela,
1152 3585 1261 3638 illis
1299 3586 1430 3640 solis
1472 3595 1620 3652 nota,
1661 3589 1756 3658 qui
1789 3606 1818 3643 a
1853 3592 2106 3646 sensibus

532 3674 816 3740 recedunt,
839 3685 894 3729 et
923 3691 1063 3745 pura
1089 3685 1271 3732 mente
1299 3693 1479 3732 rerum
1510 3677 1822 3734 divinarum
1849 3681 2105 3736 similitu-

532 3765 690 3821 dines
721 3766 1070 3836 percipiunt?
1103 3766 1236 3834 Quae
1268 3769 1353 3822 vel
1386 3769 1489 3838 ipsi
1519 3769 1797 3824 Zachariae
1819 3811 1832 3836 ,
1865 3773 1968 3826 sibi
2001 3774 2106 3827 uti-

531 3874 640 3929 que
679 3858 920 3924 conscio,
956 3861 1113 3930 cujus
1153 3861 1370 3916 tandem
1409 3860 1797 3918 muniﬁcentiae
1834 3866 2105 3936 particeps

532 3944 708 4003 factus
729 3958 895 4014 esset,
921 3949 1242 4006 inconsueta
1265 3962 1442 4016 erant,
1473 3969 1598 4007 cum
1625 3953 1742 4024 ipse
1769 3955 1835 4009 ad
1863 3957 1998 4012 alios
2021 3959 2102 4012 lo-

532 4050 797 4108 queretur
825 4059 836 4094 :
862 4057 973 4095 non
1005 4041 1156 4107 item,
1188 4059 1312 4097 cum
1343 4044 1560 4099 audiret
1583 4045 1778 4112 Deum,
1806 4047 1894 4102 cui
1920 4048 2103 4103 omnia

533 4141 661 4187 nota
694 4142 842 4198 sunt,
874 4135 1037 4189 etiam
1067 4151 1189 4206 quae
1221 4137 1415 4191 latent.

603 4223 708 4293 91
741 4225 867 4279 Mihi
903 4241 1038 4280 vero
1082 4226 1228 4281 aliud
1265 4227 1545 4297 quidpiam
1582 4227 1638 4284 in
1675 4237 1911 4285 mentem
1947 4247 2104 4286 revo-

535 4325 624 4371 cat
667 4317 998 4385 stupendum
1038 4318 1312 4373 Zachariae
1339 4321 1618 4374 silentium
1653 4340 1667 4376 :
1702 4338 1880 4392 neque
1917 4325 1968 4378 id
2001 4341 2102 4396 ego

537 4407 718 4476 priore
738 4406 997 4478 mysterio
1021 4407 1222 4472 minus,
1258 4424 1438 4477 neque
1458 4410 1750 4466 mediocris
1777 4413 1962 4480 gratiae
1992 4415 2108 4482 ple-
2139 4407 2181 4462 Ι)

536 4513 668 4551 num
705 4497 974 4551 existimo.
1002 4497 1078 4550 Ita
1113 4513 1279 4566 porro
1305 4539 1318 4561 ,
1357 4508 1418 4553 ut
1460 4501 1648 4568 paucis
1687 4501 1886 4564 dicam,
1923 4520 1980 4558 se
2013 4519 2101 4559 res

540 4588 738 4652 habet;
763 4603 887 4642 cum
925 4588 1015 4642 ille
1047 4589 1302 4644 sacerdos
1332 4589 1554 4645 vixisset
1586 4591 1640 4645 in
1668 4593 1838 4648 vcteri
1872 4594 2014 4665 lege,
2045 4609 2101 4652 et

539 4679 769 4733 Aaronis
804 4679 1108 4734 sacerdotio
1143 4681 1159 4698 ⁶
1192 4679 1382 4734 fuisset
1431 4691 1674 4746 ornatus,
1718 4693 1772 4737 et
1810 4693 2103 4755 utrumque

542 4772 647 4845 (lex
679 4786 875 4840 nempe
904 4780 959 4824 et
990 4770 1378 4842 sacerdotium)
1422 4789 1530 4827 non
1565 4773 1793 4828 deberet
1817 4791 1926 4828 non
1954 4775 2102 4830 desi-

541 4877 691 4927 ncre,
716 4861 1018 4930 futuraeque
1035 4863 1219 4931 gratia:
1246 4863 1439 4918 cedere
1465 4880 1479 4929 ;
1527 4865 1811 4934 utriusque
1837 4868 2101 4921 cessatio-

541 4967 685 5015 nem,
735 4959 946 5004 mutum
989 4950 1284 5013 silentium,
1326 4968 1428 5006 vox
1467 4955 1788 5022 tempestive
1822 4957 2099 5020 restituta,

542 5047 946 5098 illucescentem
982 5044 1238 5113 gratiam,
1286 5053 1341 5098 et
1389 5060 1512 5098 cum
1548 5045 1773 5099 Joannis
1817 5045 2101 5100 nativitate

541 5130 920 5185 advenientem
952 5139 1305 5200 reprazsentat
1332 5149 1343 5184 :
1371 5147 1474 5200 qua
1499 5133 1672 5201 gratia
1701 5148 1891 5186 verum
1922 5148 2103 5188 sacer-

541 5223 771 5284 dotium,
807 5238 916 5277 non
948 5239 1046 5293 per
1079 5223 1302 5278 umbras
1338 5238 1402 5276 ac
1435 5223 1653 5292 ﬁguras,
1706 5223 1799 5278 sed
1832 5232 2020 5294 aperte
2050 5232 2106 5278 et

542 5312 740 5383 palam,
773 5327 898 5367 cum
937 5313 1004 5367 iis
1030 5328 1152 5382 quae
1173 5319 1329 5366 erant
1361 5311 1604 5364 involuta
1627 5311 1849 5366 silentio
1877 5311 2105 5366 demon-

541 5412 774 5471 stratur;
812 5405 1008 5459 horum
1054 5403 1217 5459 ﬁnem
1255 5418 1380 5457 cum
1415 5403 1741 5472 prmvideret
1781 5404 2078 5459 Zacharias

2202 1857 2383 1925 τέροις
2420 1858 2521 1926 τῆς
2548 1854 2785 1918 διανοίας
2813 1856 3058 1924 ταμείοις
3089 1855 3234 1908 ἔνδον
3256 1856 3516 1925 κατάσχοι
3542 1855 3602 1910 τὸ
3629 1856 3774 1925 μέγα

2202 1944 2377 2010 τοῦτο,
2406 1945 2502 1996 καὶ
2531 1945 2844 1998 ἐναπόθοιτο
2869 1944 3002 2014 (45),
3023 1944 3148 1998 ἄλλο
3181 1943 3279 2014 μὲν
3309 1943 3459 1997 οὐδὲν
3477 1943 3611 2014 πρὸς
3627 1947 3772 1997 ἐκεῖ·

2203 2053 2292 2090 νον
2332 2037 2360 2087 6
2411 2034 2641 2104 ἄγγελος
2667 2055 2680 2066 ·
2733 2037 2943 2107 σιωπὴν
2991 2038 3036 2090 δ’
3086 2038 3363 2091 ἐπιτάττει
3436 2036 3623 2106 μόνην,
3679 2037 3774 2089 καὶ

2202 2127 2504 2197 ἁφθεγξίαν
2539 2127 2641 2196 τῆς
2673 2127 2942 2198 γλώττης,
2971 2127 3166 2198 δηλῶν,
3213 2124 3388 2198 οἶμαι,
3427 2128 3640 2190 πάντως
3689 2125 3771 2181 ὅτι

2207 2219 2581 2290 μυστηριῶδες
2627 2222 2689 2273 τὸ
2739 2222 2994 2290 πρᾶγμα,
3045 2220 3139 2272 καὶ
3191 2219 3272 2272 ὅτι
3323 2221 3567 2290 κρεῖττον
3610 2219 3769 2287 λόγου

2203 2311 2358 2374 τέως,
2387 2310 2481 2363 καὶ
2510 2311 2609 2380 τῆς
2646 2311 2735 2363 διὰ
2765 2311 3010 2379 γλώττης
3048 2310 3362 2379 ἐκφάνσεως
3387 2309 3600 2379 ἀμέλει.

2273 2401 2384 2453 Καὶ
2422 2401 2451 2453 6
2497 2403 2773 2473 Ζαχαρίας
2821 2401 2981 2471 ἔμενε
3031 2401 3093 2454 τὸ
3143 2401 3238 2452 ἀπ’
3271 2401 3478 2454 ἐκείνου
3523 2402 3592 2454 τὰ
3620 2401 3769 2472 χείλη

2204 2492 2571 2563 συμπτύσσων
2595 2533 2610 2555 ,
2659 2494 2752 2547 καὶ
2785 2493 2975 2564 μηδενὶ
3004 2493 3130 2564 μήθ’
3163 2492 3386 2562 ὁμιλῶν,
3422 2494 3559 2564 μήτε
3591 2495 3771 2564 φωνὴν

2204 2584 2548 2654 προϊέμενος,
2572 2585 2702 2648 ἴσως
2728 2583 2784 2637 δὲ
2819 2584 2912 2637 καὶ
2938 2583 3252 2654 βουλόμενος
3271 2600 3284 2612 ·
3317 2580 3369 2636 τί
3395 2583 3503 2656 γὰρ
3533 2580 3600 2655 ἦν
3625 2575 3771 2654 αὑτῷ

2203 2677 2380 2728 κοινὸν
2419 2677 2737 2746 τηνικαῦτα,
2767 2675 2861 2728 καὶ
2885 2674 2961 2745 τῷ
2979 2674 3111 2744 λαῷ,
3138 2675 3217 2744 τῷ
3245 2675 3342 2744 μὲν
3370 2676 3468 2738 τὰς
3492 2674 3770 2746 αἰσθήσεις

2207 2765 2437 2838 μύσαντι
2467 2768 2590 2839 ήδη,
2624 2765 2718 2822 καί⁹
2750 2769 2840 2822 τὸν
2873 2768 2996 2820 νοῦν
3025 2767 3134 2819 τῶν
3176 2767 3323 2821 κάτω
3366 2770 3460 2821 καὶ
3499 2768 3770 2838 αἰσθητῶν

2203 2860 2506 2925 ἐκϐαλόντι,
2534 2861 2628 2913 καὶ
2653 2861 2833 2931 μόνοις
2852 2863 2963 2924 τοῖς
2987 2860 3113 2913 ἄνευ
3132 2861 3439 2931 παχύτητος
3459 2860 3732 2930 ὁμιλοῦντι
3752 2879 3766 2924 ;

2203 2950 2332 3014 Τοῖς
2380 2951 2436 3004 δὲ
2490 2953 2629 3021 μετὰ
2677 2951 2926 3022 σώματος
2973 2951 3382 3022 στρεφομένοις,
3429 2953 3522 3004 καὶ
3564 2951 3771 3021 πάχους

2130 3067 2173 3124 c
2207 3042 2392 3095 ὑλικοῦ
2429 3044 2523 3095 καὶ
2573 3042 2898 3112 αἰσθήσεως,
2951 3037 3032 3105 οἷς
3079 3042 3172 3094 καὶ
3202 3040 3452 3116 περιττον
3483 3059 3599 3103 πως
3643 3035 3766 3112 ἦνῆ

2208 3135 2301 3187 καὶ
2329 3131 2586 3188 ἀδύνατον
2617 3133 2758 3203 τάχα
2790 3132 2936 3186 θείαν
2979 3134 3255 3203 ἀπήχησιν
3294 3133 3529 3202 ἐνηχεῖν,
3557 3133 3650 3186 καὶ
3681 3131 3768 3184 λό-

2205 3243 2335 3294 γους
2355 3220 2681 3298 ἀρῤήτουςή
2717 3226 2809 3278 καὶ
2841 3224 3141 3294 ἀλαλήτους
3171 3227 3484 3292 ἐπιφωνεῖν,
3514 3223 3550 3277 ὃ.
3585 3223 3658 3294 μὴ
3677 3219 3768 3275 τοῦ

2205 3319 2581 3389 κτυπουμένου
2605 3318 2782 3387 ἀέρος,
2829 3314 2951 3387 μηδ’
2981 3314 3226 3385 ὀργάνων
3259 3315 3351 3368 ἐπὶ
3393 3315 3501 3368 τῶν
3533 3317 3768 3382 φωνοῦν-

2205 3428 2313 3464 των
2333 3425 2346 3438 '
2375 3409 2487 3462 ἀλλ’
2517 3406 2812 3477 ἀφθεγξίας
2834 3409 2930 3478 τῆς
2951 3407 3117 3469 ἔνδον,
3137 3407 3230 3460 καὶ
3256 3406 3444 3469 λαλιᾶς
3467 3407 3770 3477 κρείττονος

2206 3502 2390 3573 ἄλλης,
2416 3496 2484 3573 ἦς
2521 3501 2614 3553 καὶ
2655 3500 2803 3569 μόνοι
2851 3494 2954 3551 οἷοί
3003 3499 3064 3550 τέ
3093 3496 3202 3569 (46)
3249 3497 3385 3550 εἰσιν
3412 3494 3767 3568 ἐησθῆσθαι,

2207 3593 2255 3646 οἱ
2285 3593 2384 3655 τὰς
2415 3590 2694 3659 αἰσθήσεις
2744 3587 3019 3650 λείποντες
3046 3627 3061 3651 ,
3107 3588 3202 3638 καὶ
3228 3585 3421 3656 γυμνῷ
3451 3586 3527 3656 τῷ
3561 3581 3635 3656 νῷ
3666 3586 3769 3638 τῶν

2207 3683 2496 3754 θειοτέρων
2523 3680 2832 3750 δεδεγμένοι
2857 3678 2954 3748 τὴν
2985 3677 3212 3748 μίμησιν
3230 3693 3244 3742 ;
3263 3675 3298 3730 ά
3319 3677 3410 3730 καὶ
3437 3677 3514 3748 τῷ
3535 3677 3770 3746 Ζαχαρία

2207 3778 2264 3828 ἐν
2297 3773 2475 3843 ἐαυτῷ
2502 3772 2674 3842 δήπου
2718 3769 3156 3839 συναισθομένῳ,
3199 3769 3294 3820 καὶ
3330 3769 3448 3828 οἵας
3477 3766 3771 3838 τηνικαῦτα

2205 3869 2302 3936 τῆς
2328 3863 2738 3936 μεγαλοδωρεᾶς
2769 3861 3005 3932 ἠξίωτο,
3059 3857 3360 3930 ἀνομίλητα
3404 3855 3472 3930 ἦν
3519 3859 3656 3921 τέως
3706 3859 3771 3912 τὰ

2207 3956 2344 4024 πρὸς
2385 3951 2628 4014 ἐκείνους
2681 3949 2861 4021 ἐαυτῷ
2919 3945 3340 4020 προσλαλοῦντι,
3374 3949 3468 4000 καὶ
3503 3947 3578 4018 μὴ
3610 3949 3769 4001 ἀκού-

2208 4063 2358 4100 σαντι
2385 4045 2545 4107 Θεοῦ,
2579 4037 2624 4112 ᾧ
2652 4043 2830 4096 πάντα
2863 4039 3104 4110 γνωστὰ,
3151 4041 3245 4093 καὶ
3277 4041 3346 4094 τὰ
3369 4037 3561 4111 ἄδηλα.

2287 4219 2440 4288 Ἐμοὶ
2479 4217 2534 4270 δὲ
2562 4217 2655 4268 καὶ
2681 4215 2808 4268 ἄλλο
2832 4208 3045 4265 δίδωσιν
3071 4215 3270 4265 ἐννοεῖν
3302 4215 3334 4282 ή
3379 4212 3472 4265 τοῦ
3506 4214 3772 4283 Ζαχαρίου

2207 4307 2506 4380 παράδοξος
2537 4308 2710 4374 σιωπή
2735 4323 2748 4335 ο
2785 4305 2892 4357 οὐδ’
2913 4304 3045 4356 αὐτὸ
3077 4299 3230 4372 οἶμαι
3257 4303 3474 4356 ἔλαττον
3497 4302 3590 4355 τοῦ
3637 4320 3770 4373 προ-

2205 4400 2384 4470 τέρου,
2413 4398 2519 4450 οὐδ’
2551 4395 2736 4464 ὀλίγης
2764 4394 3027 4463 τυγχάνον
3050 4393 3150 4462 τῆς
3176 4394 3396 4464 χάριτος
3421 4409 3436 4424 ’
3482 4393 3595 4446 ἔστι
3619 4394 3664 4446 δ’
3698 4392 3770 4457 ὡς

2209 4496 2265 4547 ἐν
2293 4492 2458 4559 ὀλίγῳ
2487 4489 2642 4542 τοῦτο
2671 4489 2843 4541 εἰπεῖν
2867 4505 2878 4518 ·
2902 4488 3088 4556 ἐπειδὴ
3119 4490 3226 4556 γάρ
3251 4491 3276 4540 ο
3304 4488 3445 4556 ἱερὸς
3466 4480 3617 4550 οὗτος
3636 4487 3735 4556 civi;
3745 4503 3772 4555 ρ

2209 4585 2356 4652 νόμῳ
2390 4579 2698 4632 συνεὸιοῦτο
2737 4579 2970 4650 παλαιῷ,
3011 4580 3104 4632 καὶ
3129 4579 3392 4649 ἱερωσύνῃ
3423 4577 3680 4648 τετίμητο
3706 4581 3771 4646 τῇ

2210 4673 2352 4729 κατὰ
2379 4673 2468 4724 τὸν
2507 4669 2736 4741 Ἀαρὼν,
2771 4671 2992 4741 ἔμελλον
3027 4667 3073 4723 δ’
3100 4672 3222 4724 ὅσον
3247 4669 3400 4723 οὔπω
3444 4672 3538 4722 καὶ
3567 4670 3773 4722 πεπαῦ-

2213 4764 2335 4818 σθαι
2371 4763 2677 4834 ἀμφότερα,
2700 4763 2795 4816 καὶ
2824 4766 2890 4833 τῇ
2930 4763 3198 4834 μελλούσῃ
3238 4763 3400 4828 εἴξειν
3436 4762 3639 4833 χάριτι,
3675 4763 3773 4833 τὴν

2211 4855 2421 4909 παῦλαν
2469 4855 2743 4925 ἑκατέροιν
2793 4858 2826 4924 ή
2863 4853 3010 4908 τοῦδε
3041 4856 3365 4924 παρίστησιν
3412 4855 3702 4923 ἀφθεγξία,
3738 4857 3771 4925 ἥ

2211 4951 2303 5002 καὶ
2341 4948 2483 5002 κατὰ
2515 4950 2704 5019 καιρὸν
2735 4950 2918 5003 λέλυτο
2944 4949 3102 5001 πάλιν
3133 4947 3230 5018 τῆς
3259 4948 3500 5018 χάριτος,
3521 4949 3620 5018 ήδη
3645 4949 3771 5001 ἁνα-

2211 5042 2492 5112 φανείσης,
2521 5043 2614 5093 καὶ⁵
2649 5043 2714 5112 τῇ
2747 5041 2840 5094 τοῦ
2898 5041 3139 5093 Ἰωάννου
3185 5039 3434 5109 γεννήσει
3479 5040 3774 5110 συνεκδρα-

2212 5132 2438 5202 μούσης,
2475 5131 2592 5202 μεθ’
2614 5131 2728 5200 ἅμα
2757 5131 2850 5184 καὶ
2876 5134 2972 5201 τῆς
2999 5129 3228 5202 ἀληθοῦς
3256 5131 3571 5203 ἱερωσύνης,
3591 5132 3772 5184 οὐκέτι

2206 5223 2282 5286 ὡς
2319 5224 2380 5274 τὸ
2420 5224 2549 5294 πρὶν
2599 5220 2839 5284 σκιωδῶς
2873 5221 2906 5292 ἣ
2951 5220 3218 5285 τυπικῶς,
3264 5221 3378 5274 ἀλλ’
3403 5221 3650 5289 ἐκφανῶς
3682 5224 3775 5276 καὶ

2207 5313 2416 5384 τρανῶς
2443 5313 2512 5366 τὰ
2543 5310 2876 5381 σεσιγημένα
2901 5310 3194 5382 δηλοῦσης·
3227 5305 3301 5365 ὧν
3323 5311 3414 5364 καὶ
3442 5313 3468 5363 ὁ
3500 5312 3774 5382 Ζαχαρίας

2205 5405 2305 5474 τὴν
2339 5404 2558 5457 ἔκϐασιν
2591 5404 2758 5475 δήπου
2790 5402 3130 5476 αἰσθόμενος,
3161 5404 3219 5456 οὒ
3271 5401 3656 5474 μυστηριωδῶς
3681 5402 3773 5454 οὑ-

1811 5556 2040 5611 νΑιιιίΕ
2085 5555 2489 5611 LECTIONES.

610 5690 658 5724 “
674 5690 988 5762 Legendum
1021 5690 1239 5746 videtur
1276 5691 1605 5746 ἐναποθεῖτο.
1681 5693 1726 5724 ⁸⁸
1750 5691 1895 5746 Edit.
1939 5689 2112 5760 prior,
2145 5691 2193 5744 οξ
2229 5690 2364 5746 οῖτε.
