3954 6294
221 365 283 428 ﬂ
1355 353 1818 413 AUCTARIUM.
1858 375 1925 387 -·
1961 353 2060 411 AD
2097 353 2273 412 TOM.
2316 354 2410 413 IV.
3421 353 3491 416 42

222 465 305 518 δὶν
346 464 553 535 ἐαυτῷ,
583 466 698 518 ἀλλ’
733 466 1000 536 ἀριδήλως
1037 467 1128 518 καὶ
1160 466 1375 538 γλώσσῃ
1410 467 1558 537 ξένη,
1591 467 1684 519 καὶ
1707 466 1793 519 λα-

1906 482 2014 519 non
2065 466 2302 520 obscure
2351 480 2558 528 secum,
2597 463 2692 518 sed
2743 464 2888 518 clare
2928 480 3066 519 nova
3102 475 3165 520 et
3207 465 3488 535 eloquenti

225 556 472 626 λιστέρᾳ,
495 558 658 610 ὁπότε
691 557 785 610 καὶ
815 559 979 628 ἐχρῆν
1001 562 1068 611 τὰ
1101 558 1377 628 παράδοξα
1413 558 1802 627 ἀνεφθέγξατο,

223 647 395 718 δηλῶν
417 649 672 703 ἐντεῦθεν
698 651 778 703 ὅτι
809 651 870 703 οὺ
895 653 1051 722 σιγᾷν
1077 652 1174 714 δεῖ,
1198 651 1308 704 οὐδ’
1331 652 1388 704 ἐν
1415 650 1651 713 διανοίας
1673 649 1804 721 κρύ-

225 755 376 794 πτειν
413 743 608 811 μυχοῖς
631 741 766 794 Θεοῦ
790 745 1113 825 παροςυσίαν,
1142 744 1237 797 καὶ
1253 743 1351 814 τὴν
1373 745 1452 806 είς
1480 742 1804 813 ἀνθρώπους

222 832 387 885 αὑτοῦ
428 833 727 904 ἐπιδημίαν
755 835 846 888 καὶ
875 835 1096 888 κάθοδον
1117 853 1132 868 ·
1165 835 1301 889 ἀλλὰ
1326 833 1496 888 ταῦτα
1525 835 1622 904 μὲν
1647 834 1803 887 ὓστε-

223 943 314 995 ρον
331 943 345 956 ·
377 926 468 978 ὅτε
489 926 584 978 καὶ
607 927 706 997 τὴν
734 927 976 995 ἀφωνίαν
1000 927 1387 990 ἀποϐάλλεται,
1414 927 1510 982 καὶ
1529 927 1598 980 τὰ
1631 927 1803 997 ὑπερ-

222 1017 329 1087 φυῆ
367 1017 527 1071 ταυτὶ
559 1017 855 1085 φθέγγεται
878 1058 892 1083 ,
929 1018 1081 1082 τέλος
1113 1019 1237 1072 ⁵⁷δέ
1277 1018 1375 1090 τῆς
1405 1021 1616 1090 σιωπῆς
1651 1019 1802 1087 γίνε-

219 1124 308 1160 ται
335 1148 351 1172 ,
389 1109 458 1178 ἣν
484 1107 911 1180 ἐπικαιροτάτην
940 1109 1118 1179 ἐαυτῷ
1159 1110 1275 1180 ᾔδει
1297 1127 1310 1140 ·
1352 1111 1448 1163 καὶ⁹
1482 1112 1592 1173 τοῖς
1626 1109 1804 1180 πράγ-

222 1215 355 1268 μασι
409 1197 611 1270 δηλαδὴ
671 1199 981 1270 πρόσφορον
1031 1195 1138 1253 εἶδε
1177 1200 1244 1252 ⁸⁸.
1296 1201 1404 1252 Καὶ
1454 1199 1603 1254 ἄλλοι
1657 1199 1804 1262 τινὲς

220 1285 331 1343 εἷεν
375 1292 426 1344 οἱ
460 1290 718 1361 περὶτῆς
749 1291 915 1345 αὐτοῦ
963 1294 1006 1324 ⁸⁸
1047 1293 1257 1362 σιωπῆς
1301 1291 1470 1360 λόγοι,
1523 1291 1682 1344 ῐδοιεν
1736 1291 1802 1344 ἂν

220 1384 268 1434 οἱ
296 1381 407 1434 τῶν
445 1381 707 1452 μειζόνων
745 1383 980 1436 ἐπόπται
1011 1387 1103 1437 καὶ
1128 1383 1348 1452 μύσται,
1378 1383 1472 1436 καὶ
1504 1379 1585 1446 οἷς
1618 1384 1647 1436 ὁ
1676 1380 1800 1446 νοῦς

219 1471 698 1542 διαϐατικὼτερος,
738 1474 861 1544 ἐμοὶ
883 1473 925 1526 δ’
954 1475 982 1526 ὁ
1015 1473 1172 1542 λόγος
1195 1471 1401 1543 ἐχέσθω
1441 1470 1688 1542 ὕστερον.

284 1563 358 1615 Τὸ
381 1563 477 1614 ἀπ’
497 1563 710 1617 ἐκείνου
739 1563 920 1618 τοίνυν
952 1564 1169 1637 καιροῦ,
1201 1565 1296 1617 καὶ
1328 1566 1358 1634 ή
1400 1562 1701 1625 Ἐλισὰϐετ,
1721 1563 1797 1624 ὡς

216 1654 391 1708 ἅπασι
421 1654 600 1724 δῆλον,
637 1655 975 1710 συλλαϐοῦσα
1013 1657 1104 1710 τὸν
1160 1657 1412 1727 Ἰωάννην
1433 1696 1448 1721 ,
1483 1656 1586 1724 τήν
1614 1671 1673 1706 τε
1698 1671 1799 1722 γα-

217 1744 382 1814 στέρα
414 1744 553 1812 πρὸς
579 1743 743 1812 ὄγκον
784 1743 929 1815 ἐώρα
953 1745 1416 1818 ἐξαιρο[υ]μένην,
1457 1747 1550 1800 καὶ
1581 1749 1639 1799 ἐν
1667 1745 1798 1800 θαύ-

1907 557 2113 628 lingua,
2159 571 2286 611 cum
2322 572 2462 626 opus
2487 565 2632 610 esset
2654 597 2668 620 ,
2721 556 3067 612 incredibilia
3103 557 3322 612 locutus
3352 566 3438 612 est
3472 575 3485 611 :

1906 650 2038 705 hinc
2072 650 2357 704 declarans
2392 665 2502 704 non
2539 648 2848 713 tacendam,
2885 664 3064 718 neque
3101 650 3159 704 in
3195 650 3363 703 animi
3395 666 3490 719 pe-

1905 741 2211 797 netralibus
2243 740 2635 796 recludendam
2667 756 2791 796 esse
2813 741 2910 794 Dei
2942 743 3312 811 praesentiam,
3343 745 3490 815 ejus-

1905 848 2012 902 que
2037 832 2115 886 ad
2151 832 2402 887 homines
2447 848 2729 887 accessum
2777 840 2834 886 et
2866 833 3186 888 adventum.
3225 833 3331 888 Sed
3373 835 3489 888 huic

1904 921 2126 991 quidem
2162 931 2372 992 postea,
2415 937 2540 977 cum
2580 921 2794 992 abjecta
2823 922 3206 978 taciturnitate
3249 923 3487 978 admira-

1905 1014 2037 1068 bilia
2062 1014 2161 1068 ille
2196 1015 2464 1085 loquitur,
2495 1014 2621 1069 finis
2654 1023 2839 1069 autem
2884 1013 3176 1083 impositus
3209 1024 3296 1071 est
3319 1016 3485 1071 silen-

1903 1107 2002 1172 tio,
2028 1107 2175 1177 quod
2203 1108 2307 1162 sibi
2342 1107 2578 1163 maxime
2606 1108 3014 1178 tempestivum,
3036 1124 3106 1162 ac
3139 1108 3305 1162 rebus
3333 1123 3488 1164 com-

1903 1197 2129 1251 modum
2161 1206 2408 1252 noverat.
2431 1197 2550 1250 Alia
2576 1212 2796 1267 quoque
2823 1197 2890 1251 de
2915 1197 3024 1251 hoc
3050 1197 3274 1251 silentio
3300 1211 3490 1254 essent

1903 1289 2158 1353 dicenda,
2191 1289 2286 1343 sed
2311 1289 2552 1343 viderint
2587 1290 2663 1344 illi
2691 1290 2960 1360 majorum
2990 1291 3380 1360 mysteriorum
3405 1291 3489 1344 in-

1903 1391 2206 1452 spectores,
2249 1389 2306 1436 et
2338 1381 2540 1451 quibus
2563 1390 2649 1436 est
2687 1397 2844 1435 mens
2881 1381 3302 1451 penetrantior;
3349 1381 3488 1437 mihi

1901 1491 2035 1530 vero
2068 1491 2250 1530 sermo
2277 1474 2513 1530 ulterius
2537 1474 2822 1544 procedat.

1974 1567 2054 1620 Ex
2073 1583 2141 1621 eo
2171 1575 2422 1636 tempore
2455 1565 2772 1620 Elisabetha
2798 1565 3064 1620 Joannem
3087 1606 3102 1629 ,
3138 1573 3197 1619 ut
3227 1565 3488 1620 omnibus

1900 1656 2096 1725 liquet,
2125 1655 2399 1725 concepit,
2429 1656 2619 1709 alvum
2659 1654 2881 1709 videbat
2914 1654 3396 1721 intumescentem,
3430 1666 3488 1712 et

1902 1745 1957 1799 in
1981 1761 2048 1800 eo
2074 1745 2340 1799 miraculo
2369 1760 2653 1814 nunquam
2680 1760 2791 1798 non
2820 1745 3183 1815 expendebat,
3209 1746 3317 1816 92
3343 1762 3484 1816 quo-

217 1851 344 1904 ματι
365 1834 428 1887 τὸ
450 1834 569 1887 κατ’
591 1835 760 1906 αὐτὴν
781 1837 881 1889 οὐκ
903 1835 1064 1908 ἔληγε
1094 1838 1389 1907 ποιουμένη
1410 1837 1526 1901 πῶς
1550 1839 1582 1907 ἡ
1608 1837 1793 1904 ἄγονος

1902 1837 2064 1892 modo
2091 1837 2394 1891 liberorum
2437 1852 2636 1907 expers
2663 1852 2728 1891 ac
2764 1853 2892 1891 vere
2931 1837 3135 1893 sterilis
3170 1838 3234 1891 ad
3265 1847 3484 1908 partum

214 1927 306 1978 καὶ
332 1926 576 1996 ἀτεχνῶς
602 1929 790 1996 στεῖρα
820 1928 956 1997 πρὸς
989 1929 1149 1999 γονὴν
1199 1929 1470 1999 ἀνήὸησεν
1512 1929 1614 1999 ήδη
1638 1946 1650 1958 ·
1701 1928 1793 1982 καὶ

1902 1929 2256 1998 iuvenescere
2302 1929 2582 1998 cmpisset,
2628 1935 2686 1982 et
2725 1929 2894 1982 ubera
2938 1944 3166 1997 prorsus
3201 1929 3356 1985 arida
3401 1931 3486 1986 lac

216 2017 413 2086 μαστοὶ
439 2017 488 2068 οξ
521 2016 819 2087 κατάξηροι
850 2021 1044 2089 κομιδῇ
1081 2019 1222 2087 γάλα
1242 2020 1501 2074 ἀνέδοσαν
1535 2020 1671 2091 πρὸς
1697 2019 1793 2089 θη-

212 2108 330 2180 λὴν,
397 2109 499 2160 οὐκ
554 2109 889 2179 ἐπιχαρίτως
941 2110 1122 2180 μόνον,
1153 2110 1292 2164 ἀλλὰ
1325 2111 1420 2164 καὶ
1459 2111 1697 2181 ήδίστως
1728 2113 1794 2179 τῇ

211 2201 478 2272 παρήλικι
510 2201 911 2272 ἐμφαινόμενα,
937 2195 1018 2265 οἷς
1045 2203 1137 2256 καὶ
1177 2202 1309 2255 Θεὸν
1343 2201 1670 2272 ἐμεγάλυνε,
1707 2200 1797 2254 τὸν

213 2294 374 2362 μόνον
403 2294 630 2347 δυνατὸν
661 2294 729 2346 τὰ
751 2292 894 2346 οὕτω
931 2295 1146 2364 μεγάλα
1174 2297 1581 2366 τερατουργεῖν.

293 2385 450 2438 Ἐπεὶ
479 2386 538 2438 δὲ
578 2385 781 2455 ταύτην
812 2386 904 2438 καὶ
932 2385 1088 2450 ἕκτος
1123 2386 1308 2456 μηνῶν
1335 2386 1434 2455 τῆς
1481 2384 1796 2456 συλλήψεως

209 2471 388 2546 εἶχεν,
429 2478 464 2546 ἡ
509 2475 603 2529 τοῦ
658 2477 863 2548 Κυρίου
911 2478 1094 2548 μήτηρ
1139 2477 1280 2530 οὕτω
1319 2478 1517 2547 δεῆσαν
1564 2477 1610 2508 ⁸ο
1659 2478 1794 2548 πρὸς

208 2569 308 2636 τὴν
337 2551 556 2636 ἐκείνης
601 2567 907 2634 ἀφικνεῖται
951 2567 1163 2620 οἰκίαν’
1210 2561 1297 2620 οἷα
1339 2566 1576 2634 ὑπόγυον
1611 2567 1656 2598 ⁸¹
1700 2568 1796 2620 καὶ

208 2658 346 2729 αὑτὴ
387 2658 483 2710 τον
524 2657 660 2728 πρὸς
704 2656 796 2709 τοῦ
837 2657 1069 2726 ἀγγέλου
1115 2657 1405 2726 ἀσπασμὸν
1457 2656 1656 2726 ἔχουσα
1700 2657 1794 2709 καὶ

207 2749 342 2802 Θεοῦ
371 2750 468 2803 τοῦ
493 2745 774 2819 ἀχωρήτου
805 2750 862 2800 ἐν
894 2748 1048 2819 νηδύϊ
1085 2749 1386 2819 είσοίκησιν
1411 2787 1425 2810 ,
1471 2744 1539 2820 ἧς
1571 2749 1666 2800 καὶ
1693 2748 1793 2818 τὴν

207 2842 516 2912 παρουσίαν
563 2843 620 2892 ἐν
687 2840 862 2912 κοιλίᾳ
921 2841 1124 2911 ταύτης
1183 2840 1503 2910 αἰσθόμενος
1563 2839 1717 2908 γόνος
1745 2838 1793 2868 ⁵⁸

206 2935 409 3004 σκιρτᾷ
435 2931 586 2985 ἔιδον
620 2932 727 2984 τῶν
760 2931 1032 3004 μητρῴων
1068 2931 1348 3002 θαλάμων,
1378 2930 1474 3001 ήδύ
1499 2948 1550 2983 τι
1587 2929 1792 2985 ἐκεῖθεν

205 3029 298 3080 καὶ
321 3027 636 3097 ἀπόρρητον
671 3023 1008 3096 προμηνύει,
1053 3023 1236 3076 δίδωσι
1267 3022 1580 3094 παραυτίκα
1623 3022 1790 3091 φθέγ-

205 3119 402 3184 ξασθαι
451 3119 551 3189 τὴν
604 3117 815 3188 μητέρα
849 3117 910 3169 οὐ
955 3117 1141 3186 κοινήν
1176 3134 1296 3170 τινα
1339 3115 1432 3168 καὶ
1473 3115 1588 3168 οἷαν
1628 3115 1790 3184 φθέγ-

205 3211 355 3276 ξαιτο
381 3211 447 3264 ἄν
470 3227 552 3272 τις
582 3209 846 3280 φθογγήν.
871 3207 1060 3262 Καίτοι
1087 3209 1282 3280 μικρὸν
1309 3208 1429 3260 οὐδὲ
1458 3209 1632 3272 τοῦτο,
1656 3208 1791 3262 ἀλλὰ

205 3306 401 3375 καινὴν
432 3303 702 3368 ἐκτόπως,
739 3303 833 3355 καὶ
861 3300 1141 3370 θειοτέραν
1161 3341 1174 3362 ,
1221 3302 1316 3354 καὶ
1343 3300 1409 3370 ἦν
1450 3298 1598 3364 ἄξιος
1632 3300 1792 3369 μόνος

202 3401 412 3461 ἐκεῖνος
441 3397 667 3466 ήχῆσαι,
697 3395 725 3446 ὁ
755 3395 850 3448 καὶ
893 3395 1052 3464 μόνος
1083 3395 1343 3464 χωρήσας
1377 3395 1483 3466 πρὸ
1525 3393 1633 3447 τῶν
1669 3393 1792 3447 ὡδί-

202 3509 308 3544 νων
339 3489 410 3542 τὰ
441 3488 700 3560 ὑπερφυῆ
738 3488 832 3541 καὶ
864 3485 1363 3557 θεοληπτικώτατα.

271 3582 511 3652 Μητέρα
571 3581 681 3652 γὰρ
734 3580 940 3650 Κυρίου
997 3581 1030 3650 ή
1081 3580 1362 3632 Ἐλισὰεετ
1419 3579 1518 3650 τὴν
1581 3582 1713 3648 πρὸς
1746 3579 1791 3611 ⁸³

198 3676 374 3746 αὐτὴν
402 3675 646 3745 ἤκουσαν
666 3672 880 3736 λευκῶς
916 3672 1306 3743 προαγγέλλει·
1332 3671 1484 3724 οὔπω
1525 3672 1584 3724 τὸ
1615 3673 1792 3742 παρά-

197 3767 349 3833 δοξόν
396 3783 544 3818 τισιν
589 3765 967 3834 ἐγνωσμένον·
1010 3766 1104 3817 καὶ
1146 3765 1444 3834 εὐφημίαις
1495 3765 1791 3834 μακαρίζει

194 3861 295 3929 τὴν
324 3860 404 3922 ὡς
432 3857 652 3927 ἀληθῶς
679 3857 977 3928 μακαρίαν,
1000 3857 1095 3909 καὶ
1114 3856 1301 3918 ἄλλαις
1321 3857 1544 3926 ῥήσεσιν
1571 3857 1793 3925 ἐξυμνεῖ

196 3951 534 4021 κρείττοσιν,
575 3944 640 4018 ἧς,
698 3948 790 3999 καὶ
816 3946 913 4016 τὴν
946 3944 1130 4013 ἄφιξιν
1183 3945 1322 4015 ὑπὲρ
1353 3943 1552 4014 ἑαυτὴν
1589 3944 1788 4015 δηλαδὴ

195 4043 438 4113 τίθησιν,
470 4039 642 4104 οὕτως
668 4039 896 4110 ἐχούσης
920 4039 987 4090 τὰ
1011 4040 1301 4108 νικητήρια
1324 4037 1464 4090 κατὰ
1486 4037 1688 4107 πάσης,
1715 4036 1790 4098 ὡς

194 4136 400 4198 εἰπεῖν,
434 4133 672 4201 φύσεως.
730 4130 892 4183 Ἀλλὰ
923 4130 1144 4198 γλῶσσα
1202 4129 1300 4199 μὲν
1340 4131 1441 4200 τῆς
1503 4127 1786 4180 Ἐλισὰϐετ

194 4228 390 4296 ἐκείνη
431 4223 698 4294 ἐτύγχανε
720 4265 736 4290 ,
777 4223 872 4276 τοῦ
904 4223 948 4276 δ’
974 4225 1033 4276 ἐν
1061 4223 1261 4294 γαστρὶ
1301 4221 1603 4291 φερομένου
1631 4221 1724 4273 καὶ
1753 4223 1784 4290 ή

193 4318 436 4390 δήλωσις
467 4317 726 4386 μάλιστα,
754 4315 848 4370 καὶ
885 4316 918 4386 ή
959 4315 1298 4385 πρόρρησις,
1353 4313 1448 4366 καὶ
1486 4314 1520 4383 ή
1561 4310 1696 4380 ἄλλη
1732 4311 1788 4363 ἐν

193 4413 411 4472 τούτοις
431 4411 574 4480 ὑπὲρ
604 4407 910 4477 κατάληψιν
944 4406 1229 4476 ἐκφανσις.

1899 2019 2214 2076 sufﬁcerent
2250 2020 2306 2074 in
2335 2021 2572 2090 papillis.
2621 2020 2747 2076 llaec
2774 2035 2883 2074 non
2909 2020 2984 2075 ad
3013 2021 3241 2092 gratiam
3283 2025 3483 2089 solum,

1899 2113 1994 2166 sed
2018 2111 2184 2165 etiam
2209 2111 2277 2166 ad
2302 2127 2569 2165 summam
2587 2111 3062 2182 jucunditalem-in
3085 2113 3317 2168 muliere
3331 2114 3487 2170 senio

1899 2204 2146 2260 confecta
2187 2211 2600 2274 apparuerunt,
2647 2202 2791 2257 unde
2835 2211 2890 2258 et
2935 2205 3108 2261 Deum
3161 2205 3482 2270 extollebat,

1899 2295 1992 2364 qui
2017 2304 2201 2364 posset
2240 2311 2382 2350 unus
2408 2302 2556 2348 tanta
2592 2295 2840 2365 prodigia
2863 2294 3099 2350 efﬁcere.

1967 2385 2103 2441 Cum
2122 2396 2305 2441 autem
2331 2395 2546 2440 sextum
2572 2402 2600 2440 a
2625 2395 2893 2454 conceptu
2921 2401 3166 2440 mensem
3189 2385 3482 2456 attigisset,

1897 2490 2019 2529 eam
2050 2474 2270 2529 Domini
2300 2484 2497 2538 mater,
2532 2482 2591 2527 ut
2631 2477 2939 2544 (cognatam
2979 2471 3056 2543 et)
3091 2473 3250 2526 enixe
3286 2471 3484 2542 depre-

1898 2577 2137 2630 cantem,
2167 2568 2312 2622 domi
2351 2585 2466 2624 suae
2505 2569 2713 2632 invisit,
2753 2583 2950 2636 nempe
2987 2567 3155 2636 paulo
3188 2575 3481 2636 postquam

1898 2659 1969 2716 ab
2002 2660 2197 2729 angelo
2230 2659 2463 2712 salutata
2494 2659 2666 2712 Deum
2711 2659 3040 2712 immensum
3083 2666 3244 2728 utero
3279 2673 3484 2712 conce-

1897 2749 2092 2819 pisset,
2123 2751 2283 2820 cujus
2316 2749 2663 2818 praesentiam
2696 2748 2875 2803 infans
2918 2758 3042 2803 cum
3071 2748 3126 2802 in
3156 2758 3348 2802 ventre
3374 2750 3485 2803 Eli-

1898 2843 2142 2897 sabethae
2169 2845 2504 2913 perciperet,
2536 2844 2593 2896 in
2632 2841 2897 2897 maternis
2928 2840 3238 2896 visceribus
3277 2843 3479 2907 exsilit,

1895 2943 1952 2990 et
1991 2937 2123 2990 hinc
2153 2937 2462 3006 jucundum
2495 2936 2754 3005 quiddam
2797 2949 2861 2989 ac
2907 2933 3185 2988 ineffabile
3226 2950 3485 3003 praenun-

1898 3029 2043 3083 tians
2068 3028 2161 3082 dat
2188 3029 2350 3082 matri
2386 3029 2651 3082 continuo
2685 3042 2807 3096 qua:
2836 3027 3118 3094 loquatur,
3157 3042 3266 3079 non
3300 3033 3482 3083 tamen

1903 3121 2182 3175 communi
2202 3135 2354 3184 voce,
2390 3119 2568 3188 qualis
2595 3118 2733 3172 solet
2757 3116 3033 3186 usurpari.
3061 3115 3248 3186 Neque
3269 3133 3398 3171 vero
3427 3118 3482 3171 id

1901 3212 2020 3266 leve
2051 3219 2154 3276 est,
2185 3228 2310 3266 cum
2337 3210 2538 3264 mirum
2570 3209 2624 3263 in
2658 3207 2883 3262 modum
2914 3223 3104 3261 vocem
3134 3200 3341 3262 tril‘Tuat
3367 3224 3485 3262 om-

1893 3304 2027 3358 nino
2052 3319 2270 3367 novam,
2304 3303 2604 3365 caelestem,
2637 3308 2692 3354 et
2713 3315 2876 3370 quam
2907 3315 3053 3353 unus
3081 3298 3197 3368 ipse
3227 3299 3480 3369 proferre

1894 3403 2196 3458 mereatur,
2233 3394 2328 3464 qui
2371 3402 2499 3448 ante
2528 3392 2722 3447 matris
2761 3401 2975 3462 parturn
3020 3390 3276 3446 sublimia
3310 3399 3367 3446 et
3399 3391 3482 3445 di-

1892 3488 2020 3542 vina
2047 3488 2352 3558 intelligere
2376 3486 2566 3540 valuit.

1963 3581 2190 3634 Matrem
2229 3581 2378 3635 enim
2413 3577 2632 3632 Domini
2676 3576 2994 3633 Elisabetlia
3042 3574 3109 3629 ad
3162 3591 3219 3629 se
3253 3576 3482 3629 venien-

1894 3683 2004 3728 tem
2032 3677 2046 3693 ‘
2075 3681 2264 3742 aperte
2295 3671 2637 3741 pronuntiat,
2667 3687 2791 3725 cum
2819 3669 3027 3722 nemini
3060 3667 3242 3722 adhuc
3266 3683 3352 3722 res
3375 3667 3480 3721 mi-

1894 3764 2083 3818 rabilis
2128 3772 2274 3818 esset
2329 3763 2568 3833 cognita,
2629 3762 2890 3816 laudibus
2929 3761 3151 3814 beatam
3197 3759 3480 3828 praedicat,

1893 3872 2016 3926 qua:
2040 3871 2169 3909 vere
2190 3855 2351 3909 beata
2381 3865 2521 3918 erat,
2554 3854 2782 3923 aliisque
2808 3851 3098 3922 prteconiis
3126 3849 3482 3904 excellentio-

1893 3949 2048 4003 ribus
2073 3963 2194 4002 eam
2218 3948 2450 4011 extollit,
2481 3948 2636 4016 cujus
2673 3947 2972 3999 adventrum
3003 3941 3219 3997 meritis
3248 3942 3363 3996 suis
3391 3957 3483 3995 sn-

1893 4039 2168 4110 periorem
2191 4046 2368 4108 putat,
2399 4034 2603 4107 Quippe
2643 4052 2765 4106 qum
2795 4035 2864 4089 de
2895 4042 3028 4096 tota,
3069 4041 3128 4086 ut
3153 4033 3229 4086 ita
3263 4033 3479 4100 loquar,

1893 4142 2090 4188 natura
2137 4132 2592 4201 triumphaverat.
2641 4129 2850 4198 Lingua
2899 4128 3124 4197 quidem
3163 4126 3269 4178 fuit
3302 4125 3483 4178 Elisa-

1893 4226 2095 4289 bethaa,
2124 4224 2352 4279 Joannis
2374 4237 2506 4276 vero
2536 4231 2692 4274 utero
2721 4220 2964 4274 conclusi
2992 4217 3226 4272 maxime
3253 4217 3485 4272 deumn-

1892 4315 2084 4368 stratio
2111 4314 2522 4382 praedictioq‘uc,
2561 4317 2617 4363 et
2647 4307 3286 4378 incomprehensibilium
3328 4322 3482 4361 arca-

1891 4419 2091 4458 norum
2116 4402 2430 4474 patefactio.

272 4495 431 4570 Ἐγὼ
484 4502 541 4553 δέ
569 4501 705 4562 τέως
745 4499 844 4568 τὴν
882 4498 1142 4568 σύλληψιν
1190 4495 1329 4566 ὑπὲρ
1369 4495 1576 4548 ἔννοιαν
1624 4493 1783 4566 ἔχων,

1958 4498 2066 4568 93
2079 4496 2214 4551 Cum
2231 4512 2360 4566 ergo
2373 4495 2640 4550 hactenus
2654 4494 2796 4549 hanc
2809 4494 3226 4564 conceptionem
3247 4508 3486 4549 censue‘

191 4598 287 4650 καὶ
315 4597 422 4664 οὐχ
454 4589 564 4656 οἷος
599 4591 673 4644 ὢν
699 4591 759 4645 τὸ
795 4589 996 4660 ταύτης
1044 4591 1290 4659 ἀνευρεῖν
1321 4587 1524 4658 μεῖζον,
1551 4587 1647 4640 νῦν
1674 4585 1782 4640 ὡσ-

190 4706 299 4762 περ
332 4685 632 4756 ὑφειμένον
672 4700 724 4737 τι
767 4684 826 4737 τὸ
856 4685 975 4736 κατ’
1006 4681 1242 4752 ἐκείνην,
1296 4681 1392 4733 καὶ
1434 4680 1494 4732 οὐ
1533 4678 1787 4732 τοσοῦτον

189 4780 317 4850 ἔχον
365 4779 635 4849 μεγέθους
664 4775 752 4829 διὰ
789 4775 850 4827 τὸ
884 4775 1060 4844 παρόν
1107 4790 1196 4843 μοι
1242 4772 1408 4838 δοκεῖ,
1440 4771 1468 4824 ὃ
1512 4772 1652 4841 τάχα
1693 4770 1787 4824 καὶ

187 4872 352 4935 ἄλλος
378 4888 464 4932 τις
491 4869 676 4931 πάθοι,
711 4867 787 4938 τῷ
817 4865 1118 4936 τηλικούτῳ
1146 4863 1524 4926 κατασεισθεὶς
1553 4865 1649 4933 τὴν
1673 4863 1788 4916 διά-

187 4983 364 5020 νοιαν.
399 4962 469 5014 Τί
506 4962 613 5032 γὰρ
642 4960 706 5015 ἂν
742 4961 837 5014 καὶ
865 4962 944 5024 είς
986 4958 1289 5030 ὑπερϐολὴν
1331 4957 1408 5027 τῷ
1435 4957 1659 5027 τοιούτῳ
1700 4958 1787 5024 ἐξ·

191 5055 422 5126 ισωθείη
445 5073 460 5121 ;
486 5054 690 5124 Βρέφος
717 5052 1065 5123 ἐγγάστριον,
1101 5049 1298 5120 βρέφος
1327 5048 1783 5119 ἀτελεσφόρητον,

191 5149 399 5221 βρέφος
428 5147 835 5216 ἀκατέργαστον
856 5144 1072 5214 κομιδῇ,
1106 5144 1270 5214 μήπω
1290 5139 1502 5195 τελείαν
1522 5140 1621 5211 τὴν
1646 5140 1785 5212 σύμ-

191 5242 359 5316 πηξιν
410 5239 635 5308 εἰληφὸς
677 5241 744 5306 ⁵⁵,
795 5241 963 5312 μήπω
1005 5239 1105 5302 τὰς
1155 5237 1438 5308 αἰσθήσεις
1482 5235 1603 5307 ἔχον
1649 5235 1786 5307 πρός

190 5352 242 5393 τι
289 5336 474 5404 σαφὲς
527 5334 876 5405 ἐγνωσμένας
909 5372 925 5398 ,
981 5332 1060 5386 ἔτι
1106 5329 1496 5400 διακεχυμένον
1563 5329 1622 5383 ἐν
1673 5330 1786 5392 τοῖς

1895 4590 1998 4644 rim
2031 4589 2360 4660 cogitatione
2395 4587 2762 4657 superiorem,
2791 4602 2894 4641 nec
2930 4587 3204 4654 potuerim
3231 4587 3481 4643 invenire

1895 4683 2197 4753 quidquam
2228 4681 2342 4750 ipsa
2392 4681 2591 4750 majus,
2632 4693 2781 4733 nunc
2804 4678 2950 4748 quod
2985 4678 3051 4732 de
3101 4679 3218 4748 ipsa
3273 4679 3482 4734 dictum

1895 4781 2000 4837 est,
2027 4772 2328 4827 demissum
2358 4779 2414 4825 et
2449 4772 2626 4842 impar
2671 4770 2946 4833 existimo,
2976 4779 3204 4839 propter
3243 4770 3296 4823 id
3333 4771 3480 4839 quod

1901 4881 2144 4936 pmsens
2175 4872 2279 4929 est,
2313 4864 2460 4934 quod
2494 4864 2725 4920 fortasse
2759 4865 2925 4918 etiam
2969 4863 3152 4932 quivis
3178 4862 3320 4916 alius
3363 4863 3482 4916 ani-

1894 4972 2043 5010 mum
2077 4955 2180 5010 sibi
2221 4955 2464 5010 inducat.
2489 4955 2631 5022 Quid
2666 4957 2814 5010 enim
2851 4971 2975 5010 cum
3023 4955 3190 5026 hujus
3227 4956 3478 5011 miraculi

1891 5048 2211 5119 praestantia
2239 5048 2630 5117 comparetur?
2653 5046 2833 5102 infans
2859 5047 2914 5101 in
2945 5055 3122 5112 utero,
3161 5046 3341 5100 infans
3377 5046 3478 5100 ad-

1890 5138 2001 5193 huc
2033 5138 2407 5208 imperfectus,
2441 5138 2621 5194 infans
2660 5139 2894 5194 necdum
2922 5138 3147 5192 omnino
3187 5137 3476 5204 formatus,

1889 5234 2135 5288 nondum
2173 5233 2478 5287 absolutam
2515 5231 2955 5300 compactionem
3003 5239 3309 5295 assecutus,
3336 5245 3480 5284 non-

1890 5327 2019 5380 dum
2050 5324 2306 5380 sensibus
2338 5323 2407 5378 ad
2447 5323 2819 5394 cognitionem
2855 5321 3178 5388 instructus,
3213 5322 3394 5376 adhuc
3424 5320 3479 5375 in

1487 5507 1726 5563 VARUE
1764 5503 2057 5560 LECTION
2067 5503 2170 5558 ES.

257 5637 305 5670 ⁸⁷
331 5634 514 5694 τέλος.
548 5631 698 5686 Edit.
750 5629 904 5700 prior
926 5627 1098 5700 τέως,
1135 5626 1280 5700 quod
1311 5625 1366 5680 in
1413 5624 1564 5700 τέλος
1603 5631 1817 5700 mutare
1863 5636 1986 5700 non
2022 5619 2421 5700 dubitavimus:
2494 5617 2541 5650 ⁸⁸
2567 5611 2715 5700 εῖδε..
2750 5614 2964 5700 hlallem
3007 5610 3156 5700 0135;
3285 5612 3477 5700 αὐτου.

191 5684 591 5775 Εὐξιίνριῖῖοτῖ
629 5684 844 5775 sauia}
923 5684 1208 5775 “ﬁsi-ise}.
1256 5684 1736 5775 Duronlegenduur
1785 5707 1907 5775 esse
1944 5691 2231 5775 δεηθεῖσα.
2268 5689 2459 5775 διῃΕξῘ..
2496 5689 2649 5775 prior
2695 5684 3476 5775 ὑπόγυιον,ληνΕόὶιἏρτὶοτ,

394 5755 513 5806 Γέί
531 5755 692 5858 ειλοός-
728 5771 874 5825 Edit.
902 5755 1088 5840 prior:
1108 5768 1202 5830 ὼς.
1278 5767 1322 5799 ⁵⁸
1349 5755 1677 5839 Ειίίινρτιοι
1704 5762 1961 5847 _habebat
1995 5755 2252 5834 εἰληφώς,
2284 5769 2338 5818 et
2374 5755 2574 5816 deinde
2598 5757 2736 5831 ἔχων
2768 5786 2834 5800 --
2863 5755 3149 5830 τυγχάνων
3173 5785 3241 5795 -
3263 5755 3346 5813 ὃν.

538 5889 810 5963 ΡΑτιιοι,
845 5885 962 5948 Gn.
1003 5883 1322 5950 LXXXIV.

3108 5873 3144 5932 2
