3954 6294
224 396 290 458 l5
1302 392 1772 453 AUCTARIUM.

1916 392 2016 451 AD
2053 392 2228 452 TOM.
2273 395 2368 454 IV.
3402 387 3472 448 46

225 513 316 578 τῆς
343 508 670 577 γεννήσεως,
703 507 794 560 καὶ
838 508 972 578 μετὰ
1003 507 1101 578 τὴν
1149 504 1399 576 γέννησιν
1430 505 1521 557 ἐπὶ
1562 503 1640 572 τῷ
1671 503 1788 556 θεο-

1916 503 2071 571 psius
2103 505 2450 559 nativitatem
2484 504 2755 558 divinitus
2780 513 2998 558 ostensa
3031 508 3180 565 sunt,
3213 501 3473 555 utomnia

226 597 614 669 ληπτικωτὰτῳ
663 595 1008 667 προέϐησανο
1053 595 1128 657 ὡς
1175 593 1240 647 ἂν
1271 592 1384 663 ἔχοι
1417 583 1572 653 οὗτος
1615 589 1791 643 πάντα

227 689 376 742 καινὰ
407 688 497 740 xui
528 685 903 756 ἐξηλλαγμένα
927 701 940 715 ·
966 686 1023 747 ὃς
1044 701 1106 752 γε
1141 682 1426 753 περιουσίᾳ
1455 681 1790 750 Πνεῦμα-τος,

227 783 384 851 μήπω
416 779 540 850 μηδ’
569 778 745 832 αὐτῶν
775 777 997 846 ἀφεθεὶς
1031 771 1105 830 ὧν
1136 776 1392 829 ἐνειλεῖτο
1439 772 1788 844 σπαργάνων,

225 872 314 942 τὴν
340 870 542 941 ἔρημον
572 870 732 932 εὐθὺς
761 869 976 940 ᾤκησεν
1008 866 1276 937 ἀσκεπὴς,
1313 866 1563 928 ἀνέστιος
1583 905 1598 929 ,
1631 863 1793 932 ἄτρο-

227 979 337 1031 φος,
366 961 460 1014 καὶ
489 959 599 1013 τῶν
623 960 974 1030 ἀνθρωπίνων
1001 959 1136 1022 ὅλως
1163 958 1445 1028 τυγχάνων
1475 955 1804 1027 ἀπρόσᾲαυ-.

226 1071 362 1115 στος.
415 1052 501 1114 Ὠς
536 1050 646 1121 γὰρ
674 1051 727 1102 εί
771 1067 855 1113 τις
886 1049 1145 1119 ἄσαρκος,
1185 1049 1217 1118 ἢ
1259 1047 1458 1119 μᾶλλον
1498 1046 1572 1108 ὡς
1619 1045 1672 1097 εἴ
1712 1062 1791 1108 τις

224 1144 279 1208 ἐξ
305 1141 534 1214 οὐρανοῦ
559 1142 710 1212 ἧκων
738 1139 991 1208 ἄγγελος,
1021 1139 1162 1192 οὕτω
1191 1140 1285 1192 xui
1308 1139 1518 1208 διαίτης
1543 1133 1679 1208 εἶχε,
1703 1137 1796 1190 καὶ

224 1235 332 1304 βίον
365 1232 497 1286 αὐτὸ
531 1234 689 1303 μόνον
719 1233 883 1286 ἁῠλου
906 1275 920 1296 ,
962 1232 1048 1286 ἵνα
1093 1231 1166 1302 μὴ
1194 1231 1322 1304 δόξῃ
1374 1231 1516 1300 τάχα.
1542 1230 1673 1300 ὕλης
1704 1231 1797 1283 καὶ

224 1326 418 1396 φθορᾶς
434 1324 741 1396 ἄνθρωπος,
757 1316 818 1376 οὗ
837 1323 1012 1377 πάντα
1028 1326 1272 1394 κρεῖττον
1289 1323 1322 1392 ἢ
1337 1322 1475 1376 κατὰ
1489 1322 1792 1392 ἄνθρωπον.

288 1417 394 1470 Καὶ
443 1416 634 1486 ἔμοιγε
688 1414 825 1486 πρὸς
871 1417 1090 1486 μνήμην
1136 1414 1339 1469 τούτων
1390 1415 1419 1467 ό
1473 1413 1630 1482 λόγος
1681 1412 1794 1476 ἰὼν,

224 1507 464 1560 ἐδούλετο
497 1507 609 1577 ἄρα
640 1507 733 1560 xui
757 1507 1048 1577 ἀναμὲρος,
1076 1506 1154 1568 ὡς
1184 1505 1411 1558 ἕκαστον
1443 1503 1553 1574 ἔχει
1580 1503 1793 1567 διιέναι,

225 1597 331 1660 πῶς
356 1592 514 1662 οὗτος
547 1597 742 1666 κομιδῇ
779 1597 971 1666 νήπιος
996 1594 1092 1660 ὢν,
1126 1596 1220 1650 xui
1255 1594 1507 1662 ἀγκαλῶν
1544 1594 1796 1663 δεόμενος

225 1688 522 1757 μητρικῶν,
568 1687 665 1757 τὴν
699 1687 892 1756 ἄφιλον
939 1685 1155 1756 ἐκείνην
1185 1687 1279 1740 καὶ
1326 1687 1584 1757 τραχεῖαν
1625 1684 1798 1737 εἵλετο

225 1779 453 1846 ἀγωγὴν,
469 1777 564 1830 τὸν
588 1778 817 1848 ἄμικτον
841 1775 974 1846 βίον,
997 1775 1086 1830 τὸν
1104 1774 1486 1846 ἀκοινώνητον,
1511 1773 1603 1828 xui
1631 1773 1796 1844 ἐσχά-

1896 608 2037 646 nova
2081 601 2137 648 et
2166 595 2430 648 inusitata
2471 595 2699 648 haberet
2729 593 2840 656 ille,
2879 593 2973 663 qui
2994 593 3236 662 Spiritus
3265 591 3471 653 atllatu,

1896 684 2142 737 nondum
2173 701 2241 738 ex
2267 685 2354 748 iis,
2392 685 2600 754 quibus
2632 685 2912 738 involutus
2933 691 3073 749 erat,
3114 682 3299 737 fasciis
3323 697 3473 737 exso-

1895 775 2066 840 lutus,
2088 792 2332 831 eremum
2369 779 2553 832 statim
2583 777 2814 832 incoluit
2843 777 2960 830 sine
2984 783 3152 840 tecto,
3177 775 3297 828 sine
3325 774 3470 837 foco,

1896 870 2016 921 sine
2065 868 2210 932 cibo,
2262 869 2385 922 sino
2430 869 2543 922 ullo
2589 884 2715 923 cum
2759 868 3079 922 hominibus
3115 867 3470 922 commercio.

1896 960 2031 1014 Nam
2059 961 2211 1014 velut
2235 961 2418 1015 carnis
2445 976 2660 1031 expers,
2688 969 2781 1014 aut
2805 961 2988 1029 potius
3029 960 3255 1030 angelus
3278 976 3308 1014 e
3333 959 3474 1015 cmlo

1899 1049 2188 1119 delapsus,
2221 1051 2430 1106 vietum
2466 1059 2522 1105 et
2563 1053 2727 1106 vitam
2759 1051 3024 1106 duntaxat
3055 1050 3474 1105 immaterialem

1899 1139 2110 1206 habuit,
2160 1151 2222 1194 ut
2280 1158 2390 1196 non
2429 1141 2711 1196 videretur
2756 1141 2921 1196 homo
2956 1143 3198 1196 materia:
3250 1151 3306 1196 et
3349 1157 3474 1196 cor-

1901 1233 2142 1298 ruptioni
2195 1233 2482 1300 obnoxius,
2513 1235 2669 1306 cujus
2726 1235 2908 1289 omnia
2977 1250 3140 1304 supra
3197 1233 3475 1287 hominem

1899 1323 2100 1380 forent.

1972 1415 2105 1470 Mihi
2143 1417 2363 1487 quidem
2393 1419 2509 1472 haec
2545 1417 2810 1472 memoria
2853 1417 3119 1486 repetenti
3164 1416 3332 1470 subiit
3364 1415 3479 1470 sin-

1899 1504 2022 1573 gula
2048 1521 2147 1574 per
2164 1516 2362 1576 partes
2388 1507 2622 1561 dicendo
2649 1506 2929 1576 persequi,
2953 1507 3228 1576 quomodo
3253 1506 3342 1559 ille
3359 1520 3478 1558 om-

1899 1597 2032 1650 nino
2072 1597 2270 1662 infans,
2298 1607 2354 1652 et
2395 1597 2658 1652 maternis
2685 1598 2832 1652 ulnis
2881 1597 3151 1668 indigens,
3201 1597 3477 1666 ingratum

1899 1697 1956 1742 et
1984 1703 2241 1757 asperum
2266 1689 2602 1753 institutum,
2632 1705 2696 1744 ac
2719 1690 2887 1743 vitam
2913 1689 3138 1743 humani
3166 1691 3181 1709 ‘
3211 1687 3478 1742 consortii

1900 1779 2293 1850 societatisque
2323 1788 2605 1850 expertem
2625 1788 2680 1835 et
2713 1781 2936 1835 omnino
2962 1779 3262 1835 solitariam
3295 1780 3477 1854 elege-

222 1886 322 1931 τως
364 1869 698 1940 μονότροπον
730 1887 743 1900 ο
782 1869 946 1922 πόσον
978 1886 1037 1921 τε
1069 1868 1161 1921 τὸν
1209 1869 1401 1938 χρόνον
1430 1866 1572 1919 οὓτω
1621 1864 1794 1934 διῆξε,

1911 1871 2006 1935 rit;
2043 1846 2310 1940 quantum
2360 1846 2624 1941 temporis
2658 1873 2731 1926 ita
2768 1871 2936 1927 fuerit
2967 1880 3235 1934 versatus,
3271 1872 3342 1925 ab
3363 1846 3480 1924 om-

223 1960 382 2030 μηδὲν
413 1961 544 2030 μήτ’
568 1961 625 2012 ἐν
663 1958 831 2032 ἀώρῳ
865 1963 930 2031 τῇ
958 1959 1161 2031 ἡλικίᾳ,
1199 1959 1322 2030 μήτ’
1349 1961 1428 2022 είς
1466 1958 1606 2028 ἥϐην
1624 1958 1794 2026 ἥκων,

225 2051 352 2121 πρός
381 2067 430 2103 τι
474 2051 587 2104 τῶν
620 2051 978 2122 ἀνθρωπίνων
1025 2051 1382 2114 ἐπικλισθεὶς,
1419 2049 1535 2112 πῶς
1568 2067 1625 2102 τε
1656 2049 1799 2103 κατὰ

223 2143 352 2195 θεῖον
375 2143 764 2214 χρηματισμὸν
785 2143 862 2212 τῷ
900 2143 1138 2215 Ἰορδάνῃ
1167 2141 1523 2211 ἐπεςοίτησεν
1552 2142 1609 2193 ἐν
1639 2140 1798 2194 ὑστέ-

223 2253 316 2306 ρῳ,
344 2237 510 2306 ἡνίκα
537 2236 631 2288 xui
655 2235 870 2306 πρῶτον
902 2238 1013 2298 τοῖς
1043 2231 1350 2303 ἀνθρώποις
1373 2232 1568 2303 ἐφάνη,
1593 2232 1714 2286 τίνα
1737 2247 1798 2284 τε

224 2323 282 2398 ἦν
307 2327 341 2380 a
373 2330 479 2390 τοῖς
511 2327 664 2390 λαοῖς
695 2327 970 2396 βαπτίζων
1001 2326 1392 2396 παρηγγυᾶτοο
1437 2325 1533 2377 xui
1569 2323 1630 2377 τὸ
1657 2321 1798 2376 πάν-

224 2435 322 2470 των
355 2418 814 2490 παραδοξότατον,
851 2418 968 2480 πῶς
1012 2418 1107 2472 καὶ
1153 2416 1315 2470 αὑτὸν
1361 2418 1419 2469 ἐν
1464 2418 1575 2478 τοῖς
1603 2414 1796 2468 ὕδασιν

225 2513 474 2565 ἑϐἀπτισε
511 2511 607 2565 τὸν
639 2512 935 2580 Δεσπότην,
965 2512 1209 2580 κορυφῆς
1236 2509 1336 2578 τῆς
1365 2507 1555 2561 τούτου
1579 2507 1796 2576 ἁψάμε-

226 2621 325 2666 νος,
355 2604 671 2656 τελευταῖον
705 2602 820 2666 πῶς
848 2603 936 2656 διὰ
957 2603 1046 2655 τὸν
1070 2603 1346 2671 Δεσπότην
1379 2600 1474 2652 xui
1499 2600 1596 2670 τὴν
1623 2600 1798 2654 οἰκίαν

225 2698 523 2768 ἐκτέτμητο
565 2695 826 2766 κεφαλὴν,
855 2690 922 2768 ἦς
963 2694 1056 2748 καὶ
1094 2694 1156 2747 τὸ
1195 2693 1424 2762 ἀσελγὲς
1455 2694 1631 2746 ἐκεῖνο
1665 2709 1798 2745 κατ-

221 2789 498 2856 ωρχήσατο
528 2786 732 2856 κόριον.

288 2877 466 2931 Ταῦτα
498 2874 598 2930 οὖν
628 2877 721 2931 xui
741 2877 807 2930 τὰ
831 2875 910 2930 ἔτι
933 2875 1123 2930 τούτου
1155 2875 1324 2947 μείζω
1350 2875 1444 2929 xui
1469 2874 1796 2944 ὑψηλότερα,

224 2969 273 3020 εί
291 2986 351 3037 γε
388 2970 479 3022 xui
507 2967 795 3039 ἐνεχώρει,
841 2967 1054 3034 ἐξεῖπεν
1081 2970 1108 3021 ό
1148 2967 1302 3035 λόγος
1333 2967 1427 3019 xui
1460 2967 1800 3037 παρεστήσα-

224 3081 299 3128 το,
334 3063 490 3126 αὐτός
520 3079 586 3114 τε
621 3061 782 3132 ἡδίων
811 3062 878 3132 τῇ
908 3059 1111 3113 τούτων
1150 3059 1431 3128 γινόμενος
1468 3060 1678 3128 μνήμῃ,
1707 3057 1800 3110 xui

1900 1960 2065 2015 nibus
2086 1962 2253 2016 rebus
2275 1962 2552 2026 humanis,
2581 1977 2705 2016 cum
2732 1962 2788 2014 in
2811 1963 2987 2031 prima
3018 1965 3259 2026 aetatula,
3288 1961 3478 2016 tumin

1894 2053 2188 2124 juventute
2224 2063 2546 2122 separatus;
2585 2053 2861 2122 quomodo
2885 2053 3041 2124 juxta
3081 2053 3331 2107 divinum
3358 2067 3481 2105 ora-

1900 2146 2085 2200 culum
2125 2145 2196 2200 ad
2243 2146 2539 2200 Iordanem
2589 2146 2789 2201 deinde
2820 2144 3055 2210 venerit,
3092 2144 3185 2198 ubi
3240 2145 3481 2214 primum

1900 2236 2220 2291 hominibus
2260 2237 2412 2291 visus
2446 2246 2559 2302 est;
2590 2253 2711 2306 quae
2742 2237 2947 2291 fuerint
2989 2237 3100 2300 illa,
3141 2252 3262 2306 qua:
3304 2236 3484 2306 bapti-

1901 2342 2033 2380 zans
2057 2327 2278 2397 populis
2309 2327 2693 2393 denuntiaret;
2728 2335 2804 2393 et,
2859 2329 3007 2398 quod
3055 2328 3216 2382 ﬁdem
3258 2344 3478 2382 omnem

1901 2426 2146 2488 superat,
2169 2418 2448 2487 quomodo
2490 2419 2547 2473 in
2573 2420 2732 2489 aquis
2765 2420 2943 2489 ipsum
2978 2419 3268 2473 Dominum
3296 2418 3479 2488 bapti-

1907 2510 2136 2576 zaverit,
2171 2511 2402 2581 ejusque
2430 2520 2596 2580 caput
2629 2511 2899 2581 tetigerit;
2937 2510 3171 2580 denique
3203 2509 3481 2581 quomodo

1901 2610 2130 2671 propter
2153 2591 2453 2657 Dominum
2488 2617 2591 2657 suo
2626 2602 2743 2672 ipse
2783 2601 3045 2656 multatus
3073 2600 3242 2656 fuerit
3277 2600 3477 2670 capite,

1901 2695 2059 2763 cujus
2090 2708 2254 2748 causa
2287 2709 2488 2764 procax
2508 2694 2689 2765 puella
2711 2695 3022 2749 saltaverat.

1972 2866 2098 2922 [huc
2129 2877 2186 2922 et
2221 2866 2329 2921 alia
2360 2869 2567 2939 majora
2616 2867 3048 2938 sublimioraque
3069 2908 3082 2934 ,
3123 2868 3170 2922 si
3202 2867 3283 2921 fas
3312 2873 3480 2930 esset,

1903 2959 2140 3014 dicendo
2176 2959 2288 3030 96
2315 2968 2743 3029 persequeretur
2773 2960 2891 3014 haec
2919 2959 3094 3013 oratio
3125 2974 3268 3021 mea,
3303 2966 3482 3011 tanta-

1904 3066 2138 3119 rumque
2172 3066 2358 3104 rerum
2389 3051 2908 3104 commemoratione
2942 3049 3161 3102 suavior
3185 3048 3358 3112 fieret,
3382 3063 3484 3102 nec

225 3153 437 3223 ἀκροαῖς
457 3150 735 3220 φιλοθέοις
762 3151 860 3219 οὐχ
878 3150 1076 3220 ἥκιστα
1099 3149 1476 3220 χαριζόμενος.
1513 3147 1653 3199 Ἀλλ’
1681 3147 1800 3199 ἐπεὶ

1911 3142 2180 3212 religiosis
2230 3141 2458 3195 auribus
2506 3157 2700 3211 parum
2743 3141 3176 3212 gratiﬁcaretur;
3235 3139 3330 3194 sed
3379 3139 3483 3194 ista

225 3245 402 3315 ἑτέρου
432 3246 529 3298 xui
565 3244 724 3312 λόγου
755 3244 869 3296 ἐστὶ
904 3243 994 3295 xui
1017 3241 1209 3311 καιροῦ
1241 3241 1308 3293 τὰ
1335 3239 1582 3302 τοιαῦτα,
1613 3238 1802 3291 καθότι

229 3337 313 3389 καὶ
352 3337 662 3407 ἀρχόμενος
700 3335 800 3406 ἠδη
833 3337 860 3386 ό
897 3333 1052 3401 λόγος
1095 3335 1338 3404 εἰρήκει,
1389 3330 1543 3384 οὐδὲν
1572 3329 1712 3393 τέως
1746 3334 1803 3382 ὲν

226 3429 296 3500 τῷ
332 3431 568 3498 παρόντι
619 3431 750 3498 περὶ
794 3431 1017 3485 ἐκείνων
1068 3431 1202 3500 ἐρεῖ,
1257 3428 1418 3498 μόνον
1461 3425 1658 3496 δηλαδὴ
1694 3424 1804 3478 τῶν

232 3521 358 3574 κατὰ
390 3523 487 3591 τὴν
527 3521 790 3592 γέννησιν
827 3521 1194 3592 μεμνημένος,
1231 3521 1324 3572 xui
1354 3517 1461 3572 τῶν
1504 3517 1646 3570 κατὰ
1673 3517 1811 3570 ταύ-

229 3627 319 3681 την
357 3613 609 3682 τεράτων
649 3611 742 3664 καὶ
791 3611 1137 3682 Θαυμασίων,
1193 3611 1289 3680 οὐχ
1327 3608 1468 3660 ὥστε
1505 3607 1600 3660 καὶ
1633 3609 1805 3660 εἰπεῖν

228 3720 273 3755 τι
298 3704 581 3758 κάνταῦθα
615 3702 790 3772 (τοῦτο
814 3704 941 3772 γὰρ,
964 3703 1034 3764 ὡς
1056 3703 1190 3769 ἴστε,
1222 3701 1314 3753 xui
1347 3700 1558 3769 φθάσας
1589 3698 1802 3769 πρῶτος

227 3795 525 3865 ἐδήλωσεν),
583 3795 691 3848 ἀλλ’
717 3793 855 3847 ὥστε
895 3795 986 3846 τὸν
1017 3793 1178 3847 πόθον
1214 3791 1571 3857 ἐνδείξασθαι,
1613 3792 1710 3844 xui
1737 3794 1806 3843 τὰ

228 3884 320 3953 τῆς
357 3885 576 3956 ἡμέρας
607 3886 906 3954 ὲνσημᾶναι
937 3884 1273 3955 χαρμόσυνα.

293 3977 406 4031 Νῦν
445 3979 561 4048 γὰρ
595 3977 668 4040 ὡς
697 3977 912 4048 ἀληθῶς
942 3979 1092 4030 πᾶσα
1121 3976 1304 4030 θάλλει
1330 3975 1546 4046 καρδία,
1579 3976 1672 4029 καὶ
1695 3977 1806 4038 τοῖς

226 4069 310 4121 τοῦ
356 4069 662 4140 θἐολήτττου
723 4071 1008 4140 συνήδεται
1057 4069 1357 4138 γενεσίοις·
1407 4068 1499 4121 νῦν
1547 4068 1806 4138 μειδίαμα

226 4160 318 4229 τὴν
346 4162 586 4214 ἑκάστου
625 4161 822 4231 ψυχὴν,
869 4161 964 4214 xui
1002 4161 1308 4231 εὐφροσύνη
1345 4161 1670 4230 κατείληφεν
1711 4158 1807 4230 ἄῤ-

229 4253 381 4320 ρητος
406 4271 420 4283 ·
449 4252 547 4304 νῦν
581 4253 762 4324 χαίρει
798 4253 894 4304 καὶ
914 4253 1013 4320 ὅση
1049 4253 1158 4305 τῶν
1187 4253 1364 4306 ἀΰλων
1387 4251 1568 4321 φύσις,
1592 4253 1685 4304 xui
1707 4253 1806 4322 ὅση

227 4341 312 4394 τὸν
342 4343 456 4397 ἄνω
489 4344 674 4415 χῶρον
701 4346 860 4410 οἰκεῖ,
889 4345 983 4397 xui
1004 4345 1104 4415 ὅση
1135 4345 1225 4398 τὸν
1251 4345 1399 4398 κάτω
1423 4344 1530 4414 ἄρα
1556 4343 1649 4396 xui
1681 4343 1809 4394 ὑπο-

228 4433 452 4502 χθόνιον,
493 4436 587 4490 διὰ
625 4437 722 4507 τὴν
773 4437 1070 4508 μέλλουσαν
1103 4437 1319 4491 ἔσεσθαι
1360 4436 1632 4507 σωτηρίαν
1667 4435 1808 4488 ᾶπα-

1905 3247 2214 3288 sermonem
2263 3232 2454 3296 alium,
2503 3232 2672 3297 aliud,
2716 3241 2776 3287 ut
2818 3233 2981 3302 hujus
3029 3231 3292 3286 orationis
3322 3231 3483 3285 initio

1905 3323 2154 3379 dicebam
2176 3363 2190 3386 ,
2219 3331 2436 3392 tempus
2480 3324 2724 3393 exigunt.
2755 3323 2903 3377 Nihil
2935 3340 3002 3377 ex
3044 3323 3152 3378 illis
3189 3323 3478 3393 attingam,

1903 3433 2094 3474 eorum
2124 3416 2389 3470 duntaxat
2427 3430 2548 3484 quae
2592 3416 2660 3469 ad
2694 3417 3036 3471 nativitatem
3083 3415 3382 3486 pertinent,
3428 3423 3485 3468 et

1905 3513 2282 3584 prodigiorum
2335 3514 2498 3577 atque
2533 3509 2923 3564 miraculorum
2959 3525 3081 3579 qua:
3119 3517 3232 3562 tum
3269 3507 3486 3562 accide-

1906 3613 2054 3667 runt,
2092 3620 2334 3671 memor;
2365 3620 2475 3658 non
2506 3602 2651 3673 quod
2689 3601 2790 3656 ista
2815 3610 3110 3656 retractare
3136 3600 3479 3669 velim,qu:e,

1907 3703 1968 3748 ut
2009 3695 2181 3758 scitis,
2217 3709 2344 3764 pars
2389 3693 2656 3749 orationis
2691 3693 2842 3761 prior
2901 3691 3209 3762 occupavit,
3259 3690 3353 3745 sed
3406 3690 3486 3744 sic

1905 3787 2190 3841 ostendam
2226 3801 2505 3850 amorem,
2546 3794 2602 3840 et
2632 3800 2815 3839 meum
2851 3783 2918 3838 de
2957 3783 3062 3838 hoc
3096 3783 3184 3838 die
3223 3784 3483 3854 gaudium

1904 3878 2240 3948 significabo.

1976 3971 2133 4025 Nunc
2153 3985 2318 4040 quam
2331 3969 2618 4024 verissime
2641 3966 3017 4022 exhilarantur
3029 3966 3274 4021 omnium
3297 3965 3482 4029 corda,

1907 4074 1964 4118 et
2014 4063 2242 4118 Joannis
2275 4062 2558 4117 natalibus
2605 4061 2976 4130 gratulantur;
3025 4074 3171 4112 nunc
3225 4058 3488 4111 uniuscu~

1904 4155 2104 4224 jusque
2159 4155 2342 4208 sinum
2387 4152 2638 4206 hilaritas
2686 4159 2742 4204 et
2805 4150 3063 4219 gaudium
3118 4148 3485 4202 inenarrabile

1909 4244 2205 4313 complevit
2242 4260 2255 4295 :
2299 4257 2448 4297 nunc
2475 4240 2702 4310 singulae
2724 4249 2934 4292 natum
2964 4239 3298 4307 spirituales,
3325 4247 3487 4307 quot-

1909 4342 2044 4403 quot
2065 4334 2346 4387 caelestem
2377 4332 2655 4401 regionem
2688 4329 2955 4393 incolunt,
2990 4338 3048 4383 et
3073 4338 3342 4398 quotquot
3369 4329 3484 4384 sive

1912 4432 2106 4488 terras,
2165 4423 2280 4477 sive
2331 4421 2538 4476 inferos
2577 4420 2918 4484 inhabitant,
2952 4430 3177 4491 propter
3230 4420 3482 4486 salutem,

229 4540 344 4580 τιν’
379 4528 506 4598 ἄρτι
545 4527 612 4580 τὸ
650 4529 742 4581 ἀπ’
773 4529 966 4592 αἰῶνος
1005 4528 1362 4599 σεσιγημένον
1401 4530 1692 4598 μυστήριον
1721 4529 1800 4579 ὲκ-

1912 4529 2034 4584 quae
2073 4513 2199 4569 inde
2251 4513 2308 4568 in
2343 4527 2534 4567 omnes
2587 4513 2750 4567 debet
2798 4512 3131 4577 redundare,
3166 4513 3419 4566 laetantur
3469 4531 3482 4568 :

226 4615 558 4671 καλύπτεται
590 4635 604 4648 ο
651 4619 778 4690 ἄρτι
817 4623 846 4673 ό
897 4621 1190 4692 μονογενὴς
1231 4619 1326 4673 τοῦ
1364 4619 1498 4673 Θεοῦ
1532 4619 1678 4686 Υἱὸς,
1712 4619 1806 4672 καὶ

229 4708 347 4774 Υίὸς
379 4713 677 4784 ἀνθρώπου
708 4713 914 4781 γίνεται
941 4713 1289 4784 ἁπορῤήτως.

296 4867 456 4936 Ἀρτι
480 4869 708 4937 ἄγγελοι
739 4871 848 4932 τοῖς
870 4868 1177 4940 ἀνθρώποις
1209 4869 1586 4936 συνάπτονται,
1619 4871 1712 4922 καὶ
1737 4868 1807 4922 τὰ

227 4961 352 5030 πρὶν
372 4960 641 5014 διεστῶτα
673 4963 752 5023 εἰς
800 4960 858 5013 ἒν
896 4962 1302 5031 συνεισέρχεται
1326 4976 1340 4991 °
1379 4962 1554 5015 πάντα
1585 4961 1694 5032 γὰρ
1737 4961 1806 5014 τὰ

229 5053 458 5123 κρείττω
497 5056 566 5124 τῇ
604 5053 702 5105 τοῦ
732 5054 1048 5125 Προδρόμου
1095 5054 1374 5126 συντρέχει
1412 5055 1680 5122 γεννήσει,
1714 5053 1805 5106 καὶ

227 5144 388 5197 αὐτοῦ
444 5147 514 5217 τῇ
561 5145 808 5218 προσόδῳ
859 5147 967 5199 πᾶν
1003 5145 1056 5198 εἴ
1092 5163 1145 5199 τι
1186 5146 1490 5211 κάλλιστον,
1525 5146 1628 5216 ἤδη
1668 5163 1807 5215 συμ-

227 5237 501 5306 πρόεισιν·
556 5238 784 5300 εἰκότως
829 5237 957 5308 ἄρα,
1008 5239 1103 5292 xui
1148 5238 1218 5291 τὰ
1261 5240 1382 5291 κατ’
1419 5238 1582 5291 αὑτὸν
1627 5240 1805 5292 πάντα

225 5327 403 5392 καινὰ,
437 5330 536 5382 καὶ
570 5328 831 5398 σύλληψις
859 5329 997 5398 ἅμα,
1031 5330 1124 5383 xui
1154 5329 1425 5400 γέννησις,
1465 5331 1558 5382 xui
1589 5329 1802 5401 ἀγωγὴ,

227 5418 314 5469 xui
343 5419 480 5487 βίος,
509 5421 608 5472 καὶ
627 5420 726 5472 ὅσα
756 5419 888 5473 ἄλλα
917 5422 1011 5473 ἐπὶ
1038 5421 1214 5492 τούτῳ
1243 5420 1561 5494 παραδόξως
1588 5437 1804 5474 συνετε-

225 5506 405 5580 λέσθη.

290 5599 502 5652 Οὐκοῦν
551 5600 741 5671 μηδεὶς
782 5599 1029 5670 στυγνὸς,
1064 5601 1251 5673 μηδεὶς
1302 5603 1572 5675 κατηφὴς,
1618 5605 1807 5676 μηδεὶς

223 5688 361 5760 λύπῃ
417 5691 706 5755 κατωπὸς,
745 5692 837 5746 τοῦ
885 5695 1152 5764 παρόντος
1210 5697 1484 5767 μετεχέτω
1523 5697 1803 5766 συλλόγου.

235 5780 389 5836 Ἀλλὰ
437 5786 538 5839 xui
589 5783 768 5857 ψυχῆς
821 5787 978 5842 ἀνίαν
1031 5788 1126 5842 xui
1175 5787 1421 5860 σώματος
1477 5789 1804 5855 ἀποτιναξά-

1912 4621 2058 4661 nunc
2081 4605 2464 4660 absconditum
2507 4619 2540 4659 a
2584 4605 2784 4660 saeculo
2826 4606 3146 4677 mysterium
3179 4605 3483 4670 revelatur;

1912 4714 2060 4752 nunc
2085 4698 2406 4767 unigenitus
2430 4696 2528 4751 Dei
2570 4697 2740 4752 Filius
2788 4699 2845 4751 ﬁt
2885 4698 3146 4752 ineﬂabili
3195 4699 3356 4752 modo
3399 4698 3487 4752 Fi-

1911 4791 2019 4844 lius
2049 4791 2308 4845 hominis.

1981 4883 2099 4938 Jam
2140 4884 2319 4953 angeli
2353 4900 2478 4940 cum
2511 4882 2828 4937 hominibus
2860 4885 3300 4955 conjunguntur,
3339 4892 3394 4938 et
3429 4884 3484 4938 in

1912 4987 2083 5024 unum
2104 4972 2461 5038 conveniunt,
2483 4988 2604 5042 quae
2634 4972 2787 5042 prius
2806 4984 2966 5028 erant
2984 4974 3324 5029 dissitamam
3346 4975 3486 5043 opti-

1911 5077 1998 5116 ma
2028 5078 2258 5132 qumque
2287 5079 2412 5118 cum
2436 5065 2797 5119 Praacursoris
2822 5065 3097 5120 natalibus
3117 5075 3476 5129 concurrunt,

1909 5163 1966 5209 et
1999 5169 2123 5208 cum
2147 5155 2266 5225 ejus
2290 5155 2530 5210 adventu
2567 5156 3031 5212 excellentissima
3061 5171 3289 5225 qumque
3321 5155 3483 5209 simul

1912 5246 2230 5313 conﬂuunt;
2260 5262 2363 5302 nec
2390 5247 2666 5302 immerito
2691 5263 2820 5302 sane
2843 5247 3044 5311 omnia,
3070 5263 3191 5317 quae
3218 5248 3283 5302 ad
3309 5250 3483 5320 ipsum

1913 5338 2210 5407 pertinent,
2239 5354 2378 5392 nova
2409 5347 2558 5404 sunt,
2591 5349 2912 5408 conceptus,
2949 5339 3241 5404 nativitas,
3270 5340 3486 5394 institu-

1911 5438 2052 5494 tum,
2089 5429 2212 5484 vita:
2257 5446 2465 5500 genus,
2500 5439 2555 5484 et
2608 5429 2711 5483 alia
2743 5445 2864 5498 qua:
2918 5430 2973 5484 in
3018 5431 3136 5500 ipso
3181 5433 3374 5488 mirum
3429 5431 3485 5486 in

1915 5521 2139 5577 modum
2167 5521 2408 5591 perfecta
2437 5529 2584 5576 sunt.

1982 5612 2178 5668 Nullus
2206 5611 2373 5682 igitur
2398 5610 2695 5675 austerior,
2721 5610 2905 5665 nullus
2927 5610 3113 5680 pusilli
3145 5609 3332 5675 animi,
3357 5611 3485 5666 nul-

1911 5701 1999 5756 lus
2028 5702 2238 5758 tristior
2257 5701 2330 5757 sit
2357 5702 2522 5773 hujus
2551 5701 2819 5757 orationis
2839 5702 3145 5772 particeps:
3177 5701 3272 5756 sed
3307 5701 3401 5772 qui
3429 5711 3485 5756 et

1913 5793 2080 5848 animi
2119 5802 2174 5850 ct
2229 5793 2512 5863 corporis‘
2545 5809 2838 5850 maerorem
2874 5793 2985 5866 97
3017 5793 3236 5868 abjecit,
3264 5791 3488 5851 accedat
