3954 6294
416 387 485 452 4⁸1
1618 372 1939 435 OPERUM
2012 371 2015 391 ‘

2130 366 2501 428 EODORETI
3622 357 3688 422 48

416 502 529 565 ille,
554 498 796 553 celebret
821 494 1086 566 prazcouis
1107 490 1329 555 natalia,
1357 498 1413 545 et
1440 488 1583 545 diem
1602 490 1751 544 hunc
1785 488 2004 543 faustis-

2130 498 2289 546 ιενος,
2318 482 2491 544 οὕτως
2519 479 2705 534 εἰσίτω
2739 479 3011 551 ἐορτάσων
3040 478 3135 532 τοῦ
3172 478 3414 550 κήρυκος
3442 476 3512 530 τὰ
3531 479 3688 545 γενέ-

419 592 618 646 simum
676 589 951 660 prmdicet.
1010 584 1152 650 Quid
1205 582 1353 637 enim
1409 583 1589 653 majus
1640 583 1707 638 ad
1769 582 2005 637 delicias

419 686 646 748 θίγοι-ιιι,
701 698 826 737 cum
884 677 1255 750 pulcherrima
1286 690 1538 745 quaeque,
1592 685 1649 731 et
1681 675 2004 730 suavissima

418 789 647 844 quaeque
690 767 1197 842 perfectissimaque
1244 764 1300 818 in
1345 780 1519 818 unum
1574 773 1766 820 coacta
1797 763 2003 829 videat,

418 867 620 937 quibus
653 864 871 920 divinus
894 862 986 917 ille
1022 862 1366 933 praenuntius
1403 861 1709 916 instructus
1739 858 1863 914 est?

489 1020 627 1077 Cum
652 1019 819 1091 igitur
854 1027 926 1085 te,
950 1018 1270 1098 beatissime
1296 1018 1633 1086 Praecursor,
1663 1019 1742 1074 sic
1773 1018 1875 1073 viae
1907 1018 2008 1072 du-

420 1127 541 1167 cem
585 1126 649 1165 ac
680 1109 988 1180 principem
1038 1107 1453 1175 ornaverimus,
1489 1108 1590 1164 abs
1623 1116 1675 1165 te
1721 1108 1795 1163 sit
1847 1108 2009 1164 nobis

420 1202 632 1268 laetitia,
660 1203 840 1258 omnis
872 1217 999 1273 spes
1023 1210 1080 1256 et
1110 1202 1396 1265 auxilium,
1419 1209 1618 1271 praesto
1643 1200 1739 1266 sis,
1762 1208 2010 1255 amantes

420 1308 474 1351 te
530 1296 772 1360 redama,
812 1304 869 1350 et
924 1295 1134 1350 intimis
1192 1295 1358 1350 animi
1407 1295 1666 1350 sensibus
1724 1310 1851 1364 erga
1908 1308 2011 1349 nos

420 1400 756 1453 commotus,
778 1405 892 1445 non
917 1398 1106 1444 nostra
1131 1396 1350 1459 reputa,
1377 1402 1479 1445 nec
1503 1401 1617 1451 eas,
1642 1386 1844 1456 quibus
1867 1400 2008 1454 quo-

423 1483 555 1538 tidie
581 1482 954 1553 implicamur,
989 1479 1329 1549 iniquitates,
1357 1478 1452 1533 sed
1469 1477 2010 1533 commiserationem

420 1576 740 1630 errantibus
766 1575 987 1630 exhibe.
1025 1572 1107 1628 Ad
1134 1572 1427 1627 arbitrium
1451 1571 1623 1627 habes
1650 1571 1751 1626 tibi
1778 1585 2013 1626 consen-

423 1669 652 1723 tientem
684 1668 998 1732 Dominum,
1035 1665 1131 1737 qui
1157 1665 1316 1720 nobis
1336 1663 1630 1731 condonet,
1655 1664 1700 1718 si
1720 1663 1857 1733 quid
1887 1678 2014 1732 per-

421 1775 611 1829 peram
635 1759 813 1829 egisse
838 1758 1155 1824 videamur;
1184 1757 1349 1828 hujus
1375 1755 1523 1811 enim
1551 1770 1612 1811 es
1644 1755 1876 1820 amicus,
1904 1754 2009 1810 Ba-

2108 573 2250 637 θλια,
2288 574 2380 627 καὶ
2427 572 2813 644 πανηγυρίσων
2850 574 2950 642 τῆς
2979 569 3194 642 ἡμέρας
3230 568 3300 622 τὰ
3334 569 3687 640 χαριστήρια.

2107 666 2173 719 Τί
2214 666 2322 737 γὰρ
2361 665 2456 719 καὶ
2503 666 2688 736 μεῖζον
2735 666 2815 729 είς
2855 664 3051 736 ἡδονὴν
3093 662 3367 734 κομιεῖταί
3401 679 3485 725 τις
3531 660 3690 716 πάνθ’

2106 758 2248 828 ὁρῶν
2277 756 2374 811 νῦν
2398 757 2467 810 τὰ
2510 757 2772 811 κάλλιστα
2813 757 2952 828 ἅμα,
2979 756 3076 809 καὶ⁵
3103 755 3318 826 ἥδιστα,
3359 752 3454 807 καὶ
3484 753 3692 807 λυσιτεο

2108 848 2340 903 λέστατα
2372 850 2451 914 εἰς
2481 848 2538 902 ἓν
2570 848 2915 914 συνελθόντα,
2948 849 3043 902 καὶ
3075 846 3320 919 μηνυτὴν
3362 845 3559 918 ἔχοντα
3592 846 3687 899 καὶ

2110 942 2449 1014 προάγγελον
2481 941 2574 996 τὸν
2612 941 2943 1014 θεόληπτον;

2192 1032 2356 1086 Ἀλλὰ
2386 1031 2553 1102 γὰρ⁵⁷
2583 1032 2707 1086 ἐπεὶ
2756 1026 2918 1096 σὲίῶ
2963 1030 3353 1105 μακαριώτατε
3387 1031 3692 1105 Πρόδρομε,

2109 1123 2251 1178 οὕτω
2296 1124 2392 1177 xui.
2443 1123 2637 1196 ὁδηγὸν
2687 1125 2782 1178 καὶ
2839 1124 3082 1196 ἀρχηγὸν
3122 1126 3181 1176 ἐν
3227 1126 3343 1187 τοῖς
3387 1122 3695 1194 κρείττοσιν

2111 1216 2544 1287 ἐπλουτήσαμεν,
2584 1215 2681 1270 καὶ
2717 1216 2870 1287 παρὰ
2904 1216 2998 1269 σοῦ
3029 1217 3163 1287 ἡμῖν
3206 1216 3303 1269 καὶ
3331 1214 3491 1287 ἡδονὴ
3522 1216 3695 1278 πᾶσα,

2111 1310 2207 1363 καὶ
2236 1308 2416 1373 ἐλπὶς,
2466 1309 2559 1362 καὶ
2609 1307 2851 1379 βοήθεια,
2887 1307 3109 1379 φάνηθι,
3151 1309 3247 1361 καὶ
3279 1307 3441 1370 αὐτὸς
3469 1308 3696 1361 ἀντιπο-

2114 1393 2222 1448 θῶν
2252 1396 2379 1458 τοὺς
2407 1394 2732 1460 ποθοῦντας,
2766 1397 2862 1451 καὶ
2895 1398 3156 1466 χρηστοῖς
3183 1395 3313 1467 περὶ
3340 1398 3489 1468 ἡμᾶς
3514 1395 3699 1451 κινού-

2116 1503 2276 1557 μενος
2306 1486 2655 1557 σπλάγχνοις,
2684 1486 2760 1558 μὴ
2789 1488 2857 1542 τὰ
2891 1488 3141 1560 ἡμέτερα
3163 1487 3534 1558 λογιζόμενος,
3576 1486 3699 1558 μηδ’

2112 1575 2193 1645 οἷς
2223 1579 2347 1634 καθ’
2378 1581 2595 1651 ἡμέραν
2632 1580 3045 1651 συνειλήμμεθα
3085 1579 3429 1649 αἰτιάμασιν,
3473 1579 3611 1632 ἀλλὰ
3636 1578 3699 1632 τί)

2114 1674 2208 1728 σὺν
2239 1672 2522 1744 συμπαθὲς
2551 1672 2647 1727 καὶ
2678 1672 3009 1743 σφάλλουσιν
3041 1672 3472 1743 ἐνδεικνύμενος.
3513 1671 3701 1742 Ἔχεις

2112 1764 2221 1836 γὰρ
2304 1763 2630 1835 βουλόμενος
2696 1763 3015 1818 ἐπινεύοντα
3081 1763 3176 1819 τδν
3227 1763 3507 1832 Δεσπότην
3535 1802 3551 1827 ,
3606 1762 3702 1815 καὶ

421 1852 609 1921 ptista,
644 1865 951 1921 praecursor
978 1858 1033 1905 et
1064 1848 1363 1919 propheta;
1391 1863 1519 1902 eum
1554 1847 1766 1902 caeteris
1799 1855 1856 1902 et
1878 1847 2015 1901 libe-

2130 1854 2343 1923 icptév'ca
2374 1856 2528 1927 ἡμῖν,
2552 1855 2605 1908 εἴ
2619 1872 2673 1908 τι
2707 1855 2781 1926 μὴ
2805 1856 2899 1909 καὶ
2918 1855 3144 1918 δεόντως
3166 1843 3493 1925 φαινοίμεθα
3519 1851 3697 1924 πράτ-

423 1945 540 1999 rius
563 1952 619 1999 et
634 1943 1002 1999 confidentius
1026 1943 1324 2012 alloqueris
1353 1960 1366 1994 :
1396 1927 1619 1997 auditur
1638 1942 2010 2011 interpellatio

424 2046 535 2102 tua,
563 2044 619 2091 ct
671 2051 865 2106 preces
911 2035 1030 2091 sine
1075 2034 1244 2090 ullius
1274 2034 1588 2090 interventu
1620 2034 1686 2090 ad
1717 2050 1881 2091 aures
1910 2034 2011 2090 Dei

422 2129 605 2184 stagim
669 2128 956 2184 accedunt.
1012 2126 1287 2183 Caeterum
1340 2142 1441 2197 pro
1502 2127 1665 2183 nobis
1726 2142 2009 2199 nunquam

421 2236 603 2277 cesses
636 2220 952 2291 deprecari;
990 2235 1112 2291 quae
1155 2219 1316 2275 nobis
1367 2219 1720 2285 conducunt,
1754 2219 2008 2290 impetra,

425 2324 485 2369 ut
513 2314 842 2369 clementem
866 2313 1039 2368 Deum
1060 2312 1383 2375 habeamus,
1410 2318 1467 2367 et
1492 2310 1549 2364 in
1582 2310 1772 2367 futuro
1806 2311 2011 2367 saeculo

424 2406 605 2477 ipsum
662 2420 1042 2476 assequamur,
1078 2404 1171 2473 qui
1206 2402 1535 2474 promissam
1588 2403 1750 2458 nobis
1781 2403 2010 2475 gloriam

423 2498 714 2564 concedat,
744 2498 801 2552 in
839 2497 1061 2554 Christo
1084 2496 1217 2552 Jesu
1244 2494 1477 2550 Domino
1503 2504 1718 2561 nostro,
1751 2511 1863 2553 una
1885 2511 2015 2550 cum

424 2590 760 2646 viviﬁcatore
806 2589 1038 2660 Spiritu,
1089 2603 1239 2643 nunc
1280 2594 1338 2644 et
1380 2602 1617 2659 semper,
1645 2595 1702 2644 et
1729 2588 1785 2644 in
1815 2589 2016 2647 saecula

423 2680 772 2735 saeculorum.
790 2679 987 2734 Amen.

2115 1960 2334 2008 τοντεςο
2370 1945 2436 1997 σὺ
2484 1943 2593 2016 γὰρ
2638 1944 2830 1999 τούτου
2876 1945 2973 1998 καὶ
3021 1944 3199 2015 φίλος,
3247 1943 3343 1996 καὶ
3377 1941 3700 2012 βαπτιστὴς,

2117 2037 2212 2092 καὶ
2244 2036 2571 2108 πρόδρομος,
2607 2039 2704 2091 καὶ
2746 2037 3069 2110 προφήτης,
3103 2036 3200 2090 καὶ
3231 2034 3325 2089 σοῦ
3363 2038 3395 2105 ἡ
3433 2035 3571 2105 πρὸς
3607 2034 3703 2087 αὖα

2117 2127 2211 2181 τὸν
2253 2127 2534 2201 παρρησία
2581 2127 2784 2198 μείζων
2830 2129 2945 2191 τοῖς
2989 2127 3154 2195 ὅλοις,
3188 2126 3283 2181 καὶ
3330 2125 3697 2198 ἁπαράθετος,

2117 2218 2185 2272 δι’
2215 2219 2285 2290 ἧν
2310 2235 2393 2272 σοι
2429 2217 2577 2289 καὶὴ
2609 2218 2849 2284 ἔντευξις
2879 2218 3142 2290 ἀκουστὴ,
3176 2218 3274 2272 καὶ
3299 2218 3333 2289 ἡ
3357 2217 3541 2287 δέησις
3566 2216 3704 2287 ἄμε-

2123 2327 2238 2375 σος,
2274 2310 2367 2364 καὶ
2403 2294 2483 2374 εἰς
2517 2303 2632 2363 ὦτα
2661 2308 2798 2363 Θεοῦ
2849 2311 3085 2381 μάλιστα
3132 2310 3426 2366 πίπτουσα.
3468 2308 3562 2380 Μὴ
3611 2301 3706 2361 οῦν

2121 2403 2358 2468 ἐλλίποις
2389 2402 2576 2457 λοιπὸν
2606 2402 2746 2473 ὑπὲρ
2770 2402 2972 2456 δούλων
3003 2400 3347 2476 πρεσϐεύων,
3381 2401 3477 2455 καὶ
3505 2399 3575 2453 τὰ
3605 2399 3703 2452 λυ-

2125 2495 2307 2566 σιτελῆ
2342 2496 2476 2566 ἡμῖν
2516 2494 2920 2566 ἐξαιτούμενος,
2963 2495 3040 2558 ὡς
3082 2493 3148 2547 ἂν
3187 2493 3284 2547 καὶ
3325 2492 3458 2546 Θεὸν
3499 2489 3706 2562 εὐμενῆ

2125 2588 2411 2659 σχοίημεν,
2443 2587 2536 2639 καὶ
2566 2586 2729 2641 αὐτοῦ
2762 2585 3001 2658 Χριστοῦ
3021 2586 3067 2619 ⁵⁸
3098 2587 3159 2640 ἐν
3198 2584 3274 2657 τῷ
3314 2583 3563 2656 μέλλοντι
3608 2581 3707 2636 τύ-

2125 2697 2337 2753 χοιμεν,
2372 2678 2650 2750 βασιλείαν
2684 2681 2818 2751 ἡμῖν
2847 2678 2947 2750 τὴν
2981 2677 3400 2750 ἐπηγγελμένην
3434 2678 3711 2749 παρέχον-

422 2791 535 2837 τος,
589 2775 646 2826 ἐν
675 2770 896 2843 Χριστῷ
933 2769 1107 2842 Ἰησοῦ
1154 2772 1345 2842 Κυρίῳ
1393 2769 1553 2841 ἡμῶν
1607 2772 1723 2844 ἅμα
1763 2771 1839 2845 τῷ
1888 2773 2138 2847 ζωοποιῷ
2178 2770 2479 2843 Πνεῦματι,
2512 2770 2606 2826 νῦν
2652 2771 2749 2826 καὶ
2781 2771 2868 2826 ἀεὶ
2898 2771 2994 2827 καὶ
3034 2773 3114 2835 είς
3164 2771 3292 2834 τοὺς
3348 2768 3552 2834 αίῶνας
3598 2769 3708 2824 τῶν

424 2865 658 2919 αἰώνων.
704 2866 760 2917 Ἀ
770 2865 896 2936 μήν.

427 2978 541 3049 98
569 2976 655 3035 Ea:
679 2977 982 3034 Theodoreti
1008 2980 1336 3055 sermonibus
1356 2984 1585 3055 quinque
1600 2984 1653 3039 in
1675 2982 1733 3039 S.
1756 2983 2015 3039 Joannem

2132 2985 2510 3055 Θεοδωρήτου
2559 2985 2629 3038 ἐκ
2683 2982 2800 3039 τῶν
2840 2991 2882 3038 ε’
2918 2984 3131 3055 λόγων,
3153 2984 3242 3049 είς
3271 2982 3378 3035 τὸν
3410 2981 3480 3034 ἐν
3516 2980 3707 3051 ἁγίοις

993 3049 1449 3121 ϐἡννεοεεοιηιίνη.

2463 3056 2751 3123 Ἰωάννην
2792 3055 2901 3108 τὸν
2931 3054 3387 3123 Χρυσόστομον.

1586 3230 1666 3284 Ex
1702 3230 1884 3289 Photii
1918 3232 2261 3298 Bibliotheca,
2295 3229 2417 3286 cod.
2453 3228 2577 3285 275.

501 3394 655 3450 Lecti
700 3404 829 3452 sunt
864 3411 1170 3464 sermones,
1207 3414 1346 3469 quos
1390 3400 1588 3458 beatus
1637 3403 2022 3459 Theodoretus
2049 3419 2090 3477 ε

429 3488 487 3543 in
546 3495 794 3543 sanctum
839 3487 1110 3549 Joannem
1157 3490 1613 3563 Chnysostomum
1661 3496 2010 3566 composuit:

429 3593 495 3633 ex
529 3578 595 3633 iis
623 3578 891 3634 hactenus
915 3580 1163 3651 quinque
1196 3589 1409 3653 tantum
1446 3583 1869 3649 vidimus,unde
1895 3600 2017 3654 quae

431 3677 740 3743 sequuntur
768 3670 1179 3741 descripsimus.

500 3852 755 3922 Quinque
797 3868 1118 3909 sermonum
1161 3855 1374 3925 primus
1404 3855 1626 3912 videtur
1670 3856 1840 3912 alium
1868 3856 2017 3927 prio-

431 3957 549 3997 rem
584 3942 772 4013 sequi,
804 3952 899 3999 aut
931 3954 1081 4001 certe
1120 3961 1249 4017 pars
1291 3947 1526 4018 alicujus
1566 3963 1708 4005 esse.
1743 3947 2016 4005 Caeterum

433 4042 634 4090 tractat
657 4037 934 4106 quomodo
957 4038 1237 4110 (Joannes)
1262 4048 1523 4096 evocatus
1554 4040 2018 4111 Constantinopo-

431 4126 528 4181 lim
570 4128 1130 4200 venerit,ipsiusque
1176 4132 1627 4204 archiepiscopus
1685 4133 2017 4188 constitutus

432 4217 504 4272 sit
542 4235 554 4270 :
590 4218 865 4289 quomodo
909 4221 1314 4293 presbyterium
1346 4231 1404 4279 et
1438 4239 1716 4279 summum
1761 4222 2018 4279 sacerdo-

432 4309 571 4364 tium
602 4309 670 4363 ad
702 4310 986 4381 antiquam
1030 4328 1280 4368 normam
1334 4315 1485 4370 omni
1526 4314 1712 4370 studio
1758 4329 2018 4369 revocare

432 4411 664 4459 conatus
714 4403 823 4458 sit:
858 4420 982 4475 quae
1022 4415 1216 4461 contra
1262 4406 1495 4466 Gainam
1542 4421 1844 4478 generosus
1880 4410 1891 4423 '
1925 4406 2018 4459 ille

431 4495 691 4562 Joannes,
720 4512 871 4552 nunc
916 4513 979 4552 os
1028 4497 1313 4555 ferocienti
1357 4498 1677 4562 occludens,
1718 4512 1867 4552 nunc
1918 4510 2017 4565 pro

434 4588 713 4642 communi
774 4588 1089 4658 reipublicae
1140 4591 1364 4667 negotio
1420 4591 1695 4661 legatione
1758 4587 2014 4657 fungens,

435 4677 649 4748 peregit
682 4697 694 4731 :
728 4679 1005 4748 quomodo
1036 4682 1259 4738 tandem
1312 4681 1518 4738 invidia
1561 4679 1891 4736 sententiam
1924 4694 2019 4733 ex-

2208 3401 2549 3470 Ἀνεγνώσθη
2579 3401 2642 3455 ἐκ
2671 3401 2781 3454 τῶν
2806 3398 2900 3454 τοῦ
2941 3398 3213 3468 μακαρίου
3238 3396 3586 3470 Θεοδωρήτου
3618 3395 3707 3450 λό-

2123 3508 2259 3560 γων,
2290 3490 2386 3555 οὓς
2425 3491 2506 3554 είς
2533 3490 2624 3543 τὸν
2660 3491 2717 3542 ἐν
2752 3488 2930 3558 ἁγίοις
2972 3487 3229 3556 Ἰωάννην
3264 3488 3356 3541 τὸν
3396 3489 3711 3561 Χρυσόστο-

2128 3597 2228 3651 μον
2255 3579 2585 3645 συνετάξατο
2608 3621 2623 3645 ,
2658 3572 2733 3633 ὧν
2762 3580 2922 3649 ἡμεῖς
2955 3577 3118 3632 πέντε
3148 3578 3287 3642 τέως
3309 3579 3354 3611 ¹⁹
3388 3578 3570 3650 ἴδομεν
3596 3619 3612 3644 ,
3649 3580 3710 3648 ἐξ

2125 3666 2201 3727 ὧν
2234 3672 2328 3726 καί
2357 3689 2510 3736 τινας
2543 3668 2773 3739 ἐκλογὰς
2818 3670 2916 3733 τὰς
2948 3671 3398 3742 ὑποτεταγμένας
3424 3689 3709 3746 παρεγρα-

2123 3764 2367 3836 ψάμεθα.

2197 3857 2318 3911 Ὅτι
2353 3855 2461 3909 τῶν
2492 3856 2653 3910 πέντε
2682 3856 2857 3925 λόγων
2882 3857 2911 3909 ὁ
2944 3857 3181 3928 πρῶτος,
3212 3856 3373 3913 ἄλλον
3404 3854 3514 3927 πρὸ
3537 3857 3710 3912 αὐτοῦ

2124 3949 2271 4003 δοκεῖ
2298 3948 2571 4019 δέχεσθαι,
2604 3948 2637 4019 ἢ
2687 3948 2851 4020 μέρος
2892 3949 3058 4004 αὑτοῦ
3094 3947 3270 4004 εἶναι’
3313 3950 3451 4019 πλὴν
3480 3950 3712 4021 διαλαμ-

2126 4039 2314 4103 ϐάνει,
2354 4039 2478 4093 ὅθεν
2524 4056 2585 4092 τε
2628 4040 2965 4111 μετάκλητος
3012 4041 3093 4105 είς
3136 4041 3712 4095 Κωνσταντινούπολιν

2124 4126 2248 4203 ἦκε,
2282 4129 2378 4183 καὶ
2416 4130 2566 4193 ὅπως
2591 4131 2761 4201 αὐτῆς
2791 4132 3079 4202 ἀρχιερεὺς
3108 4132 3367 4201 κατέστη,
3393 4131 3485 4188 καὶ
3513 4131 3588 4194 ὡς
3610 4129 3713 4201 τὴν

2130 4218 2449 4291 ἱερωσύνην,
2500 4221 2595 4286 καῖι
2624 4220 3060 4292 ἀρχιερωσύνην,
3093 4222 3175 4284 είς
3220 4222 3313 4275 τὸν
3346 4223 3572 4295 ἀρχαῖον
3612 4223 3714 4276 x6-

2129 4326 2263 4380 σμον
2286 4311 2580 4378 ἐπανάγειν
2607 4312 2866 4382 ἐπειρᾶτο
2887 4312 3090 4384 σπουδῇ
3118 4312 3269 4385 πάσῃ
3291 4329 3306 4344 ο
3330 4315 3424 4367 καὶ
3448 4314 3547 4367 ὅσα
3573 4312 3715 4385 πρὸς

2126 4403 2326 4459 Γαῖναν
2357 4386 2426 4468 ⁸⁸,
2466 4403 2626 4457 τοῦτο
2658 4404 2757 4474 μὲν
2783 4405 2811 4455 ὁ
2837 4405 3084 4472 γενναῖος
3115 4402 3486 4474 ἐπιστομίζων
3527 4404 3716 4459 Ἰωάν-

2126 4513 2246 4566 νης,
2295 4495 2452 4549 τοῦτο
2479 4496 2535 4549 δὲ
2574 4497 2712 4569 ὑπὲρ
2754 4496 2862 4550 τῶν
2901 4497 3096 4551 κοινῶν
3135 4496 3233 4567 τῆς
3279 4497 3555 4560 πολιτείας
3596 4497 3717 4550 δια-

2127 4587 2563 4658 πρεσϐευόμενος
2589 4589 2931 4659 πραγμάτων
2957 4589 3285 4660 διεπράξατο
3304 4606 3318 4620 ·
3352 4589 3448 4643 καὶ
3474 4588 3551 4653 ὡς
3577 4587 3718 4658 φθό-

2127 4695 2216 4742 νος
2247 4678 2397 4749 αὑτῷ
2428 4678 2527 4750 τὴν
2558 4680 2859 4754 ὑπερορίαν
2890 4682 2933 4715 ⁶²
2962 4681 3287 4752 ἐψηφίσατο.
3313 4681 3422 4734 Καί
3449 4698 3573 4735 τινα
3601 4680 3720 4736 τῶν

435 4768 544 4823 silii
570 4769 625 4823 in
647 4785 773 4825 eum
819 4772 1064 4841 protulit.
1092 4772 1217 4830 Haec
1258 4781 1315 4828 et
1356 4774 1464 4828 alia
1502 4788 1625 4843 quae
1673 4772 1761 4826 vir
1798 4780 2015 4828 sanctus

2132 4769 2293 4841 μέχρι
2318 4770 2505 4834 τέλους
2535 4771 2765 4842 ἱστορῶν
2801 4770 2880 4842 τῷ
2912 4771 3185 4843 θεσπεσίῳ
3218 4770 3374 4842 ἀνδρὶ
3414 4770 3716 4841 διηνυσμέ-

434 4857 688 4928 perfecit,
736 4860 806 4916 ad
842 4860 1005 4917 ﬁnem
1066 4877 1242 4934 usque
1302 4877 1535 4918 narrans
1567 4859 2019 4940 (Theodoretus),

436 4952 608 5007 multa
634 4953 1014 5021 nihilominus,
1045 4956 1157 5011 imo
1189 4955 1428 5026 plurima
1450 4954 1842 5024 praetermittit.

505 5041 609 5109 Qui
657 5044 909 5114 sequitur
944 5044 1142 5105 breves
1174 5042 1386 5112 aliquas
1430 5042 1643 5109 laudes,
1673 5042 1862 5099 brevis
1905 5045 2023 5116 ipse

436 5131 693 5198 absolvit,
725 5133 893 5188 ducto
919 5131 1046 5187 inde
1084 5129 1313 5187 exordio
1341 5148 1353 5184 :
1381 5129 1589 5186 Iterum
1622 5131 1768 5187 nobis
1796 5131 2023 5191 Joannis

438 5225 696 5279 memoria
721 5233 1020 5281 revocatur.

511 5315 731 5373 Tertius
778 5314 1158 5371 laudationum
1190 5314 1339 5386 leges
1372 5325 1618 5386 superat.
1668 5317 1899 5374 Praestat
1927 5334 2028 5373 au-

2130 4879 2257 4927 νων,
2288 4861 2356 4916 τὰ
2386 4863 2577 4928 πολλὰ,
2614 4862 2815 4935 μᾶλλον
2835 4862 2891 4917 δέ
2916 4862 2984 4916 τὰ
3014 4863 3243 4918 πλεῖστα
3273 4861 3637 4933 παρατρέχει.

2214 5040 2273 5095 '0
2303 5040 2361 5095 δέ
2399 5041 2596 5113 ἐφεξῆς
2636 5042 2794 5113 λόγος
2835 5043 3093 5106 ἐπαίνους
3130 5042 3283 5105 τινας
3317 5040 3716 5113 όλιγοστίχους,

2134 5132 2228 5186 καὶ
2266 5133 2430 5198 αὐτὸς
2470 5134 2803 5206 όλιγόστιχος
2853 5134 2962 5200 ῶν,
3010 5132 3368 5206 διαπεραίνει,
3409 5133 3720 5205 ἀρχόμενος

2135 5217 2239 5278 ὧδε
2259 5240 2273 5256 ο
2313 5223 2504 5279 Πάλιν
2525 5225 2674 5295 ἡμῖν
2719 5224 3009 5280 Ἰωάννου
3036 5225 3103 5279 τὸ
3127 5226 3551 5295 μνημόσυνον.

2218 5318 2278 5371 Ὀ
2296 5318 2354 5371 δέ
2381 5318 2519 5389 μετὰ
2544 5318 2753 5385 τοῦτον,
2785 5317 3079 5389 ἐγκωμίων
3106 5317 3204 5388 μὲν
3233 5317 3326 5371 καὶ
3351 5316 3514 5379 αὐτὸς
3552 5316 3725 5388 ὑπερ-

1722 5491 1954 5549 νΑΒΙλΕ
1993 5492 2291 5550 LECTION
2301 5493 2404 5549 ES.

511 5638 559 5671 "
592 5636 753 5713 Ἀλλὰ
789 5633 917 5706 γὰρ,
955 5651 1007 5687 κ.
1040 5650 1092 5690 τ.
1121 5634 1171 5688 λ.
1202 5633 1274 5713 l_Jt
1299 5634 1622 5713 tota_hujus_
1640 5635 1922 5713 orationis
1948 5634 2163 5713 indoles
2192 5650 2220 5690 a
2246 5635 2576 5713 politissimo
2620 5636 2955 5713 Theodoreti
2993 5640 3214 5713 ingenio
3239 5638 3572 5713 et_mas_cli_la
3600 5638 3726 5708 ejus

440 5707 756 5780 eloquentia
790 5705 875 5761 est
905 5721 1069 5776 quam
1083 5706 1336 5780 maxime
1370 5705 1571 5780 alie_na_,
1608 5705 1687 5760 ita
1722 5706 1976 5780 epilogus
2020 5706 2308 5780 iste_sali_s
2354 5709 2721 5780 recentiorem
2775 5705 3107 5780 scriptorem
3153 5710 3356 5780 prodit.
3435 5709 3481 5741 ⁵⁸
3510 5705 3695 5780 Legcn

446 5775 575 5834 dum
608 5777 828 5832 videtur
871 5775 1130 5848 χρηστοῦ.
1188 5775 1432 5848 φυτείας.
1462 5775 1825 5848 Edit,_prior,
1859 5775 1995 5840 πως.

2073 5778 2118 5808 ⁸⁸³
2135 5776 2367 5852 Photius
2389 5792 2452 5852 ρζ
2475 5794 2553 5852 In:
2588 5779 2745 5835 1515.
2775 5776 2993 5850 Γάῖναν,
3027 5781 3083 5835 in
3119 5776 3291 5852 marg.
3327 5780 3546 5837 Γαῖνᾶν.

3629 5779 3724 5833 ide

447 5863 637 5922 supra,
666 5849 823 5917 ινιιι,
856 5844 1098 5920 ρἷΟἸΙ.
1177 5847 1221 5880 ⁸⁸
1257 5846 1482 5918 ὑπερορ.
1526 5844 1667 5902 Ibid.
1709 5847 1767 5902 in
1823 5861 1995 5919 marg.
2046 5846 2368 5920 ὑπεροψίαν.
2391 5844 2471 5905 Ἡ.
2516 5847 2610 5926 St.-
