3954 6294
251 274 315 342 ιθ
1349 278 1817 366 AUCTARIUM.

1962 276 2060 335 AD
2093 274 2264 335 TUM.
2314 275 2408 335 IV.
3435 272 3503 335 50

253 393 460 462 ἔρχεται
491 387 721 459 νόμους·
750 387 995 460 διαφέρει
1033 387 1092 443 δὲ
1114 387 1224 443 τῶν
1257 388 1364 461 πρὸ
1396 389 1562 444 αὐτοῦ
1591 393 1659 461 τῇ
1690 389 1823 443 καλ-

1932 395 2034 441 tem
2061 386 2344 455 prioribus
2374 384 2667 440 verborum
2687 390 2746 440 ct
2768 382 3166 443 sententiarum
3200 382 3503 453 puichritu-

250 482 366 553 λονῇ
390 479 502 535 τῶν
528 497 589 535 τε
616 480 897 553 ῥημάτων,
928 481 1022 534 καὶ
1051 480 1162 535 τῶν
1189 481 1480 553 νοημάτων
1499 497 1512 511 ·
1546 481 1827 553 προοιμιά-

252 572 391 638 ζεται
412 569 472 625 δὲ
507 569 653 625 οὕτω
670 587 686 602 ·
721 570 1121 640 Πολυστόμου
1163 569 1280 640 τὴν
1316 570 1637 639 παροῦσαν
1673 570 1825 626 ὑπό-

252 667 412 718 θεσιν
456 663 793 733 σάλπιγγος
831 662 1146 732 δεομένην,
1186 664 1260 718 ἐν
1289 661 1537 733 παιδικῇ
1561 663 1678 718 νῦν
1709 662 1825 732 όρῶ

251 750 727 807 κινδυνεύουσαν
776 752 1007 822 γλώττῃ
1028 768 1044 784 ·
1102 753 1199 807 καὶ
1264 751 1492 819 κάλλος
1535 753 1821 820 ἀθλητοῦ,

245 844 482 913 μυρίαις
530 845 1031 915 συγγραφόμενον
1081 844 1338 912 τέχναις,
1392 844 1637 900 ἀσθενεῖ
1682 845 1823 909 νῦν,

247 937 328 1001 είς
372 933 616 1003 γραφὴν
653 933 786 1003 ἐμοὶ
845 934 1088 1004 τεχνίτῃ
1133 936 1549 1004 προκείμενον.
1602 934 1675 988 Τὺ
1724 933 1823 1005 μὲν

248 1025 530 1096 προοίμιον
572 1024 813 1078 τοιοῦτον
852 1042 865 1055 ·
923 1027 1142 1092 Ἄλλος
1183 1025 1373 1080 αὐτὸν
1399 1026 1563 1080 ἕλκει
1592 1023 1824 1094 ,ϐοηθὸν

250 1114 668 1186 ἁρπαζόμενος,
702 1116 894 1183 ἄλλος
915 1118 1092 1172 καλεῖ
1108 1117 1490 1188 δικαζόμενος
1508 1118 1821 1182 σύνδικον,

249 1208 433 1273 ἀλλος
492 1206 735 1273 πεινῶν,
788 1208 943 1276 ὑπὲρ
981 1207 1208 1278 τροφῆς
1261 1210 1529 1273 ἱκετεύει,
1573 1207 1820 1278 γυμνὸς,

248 1298 395 1366 ὑπὲρ
444 1298 798 1368 ἐνδύματος,
836 1300 1030 1367 ἄλλος
1080 1300 1267 1354 αὐτὸν
1304 1300 1576 1367 ἀποδύει,
1633 1300 1823 1366 ἄλλος

250 1387 501 1455 πενθῶν,
542 1393 629 1457 είς
663 1390 1052 1458 παράκλησιν
1085 1391 1273 1446 δεῖται
1294 1410 1306 1423 ·
1347 1391 1587 1461 δεσμῶν
1622 1391 1824 1461 ἔτερος

251 1481 630 1549 ἀπολυθῆναι
661 1480 820 1549 βοᾷ·
867 1481 1033 1536 ἕλκει
1088 1500 1178 1549 τις
1219 1482 1401 1537 αὐτὸν
1439 1482 1629 1548 ἄλλος
1673 1482 1823 1550 πρὸς

250 1572 445 1625 νόσων
466 1570 815 1639 ἐπίσκεψιν,
844 1570 1017 1637 ξένος
1045 1571 1199 1625 αἰτεῖ
1217 1571 1603 1642 καταγώγιον,
1623 1572 1824 1640 ἕτερος

250 1660 560 1731 παραστὰς
612 1662 797 1731 χρέως
850 1663 1148 1730 ὀδύρεται·
1182 1664 1375 1730 ἄλλος
1409 1665 1683 1732 ἐπόπτην
1725 1665 1824 1718 καὶ

247 1747 622 1817 διαλλακτὴν
666 1748 783 1803 τῶν
832 1751 960 1804 κατ’
994 1748 1163 1806 οἷκον
1193 1752 1635 1823 μεταπέμπεται
1680 1753 1822 1807 στά-
1855 1745 1899 1803 Β

248 1854 420 1904 σεων,
460 1838 608 1894 οὐδὲ
642 1839 864 1906 δοῦλος
907 1844 1057 1912 πρὸς
1099 1842 1295 1898 ἄλλον
1341 1846 1700 1914 καταφεύγει
1733 1844 1827 1899 δε-

247 1932 477 1985 σπότου
507 1932 725 2001 πικρὰν
744 1934 1188 2003 ὀλοφυρόμενος
1210 1935 1641 2005 ἀγανάκτησιν.
1664 1938 1827 2005 Χήρα

242 2018 359 2087 ,ϐοᾷ
387 2019 476 2086 τὸ,
510 2019 796 2091 Ἐλέησον·
833 2021 996 2091 ἄλλη
1037 2021 1153 2091 τὴν
1196 2023 1491 2092 ὀρφανίαν
1531 2022 1822 2090 ὀδύρεται.

247 2114 458 2181 Πυρίαι
511 2112 594 2178 τῷ
643 2113 821 2182 πατρὶ
845 2115 974 2169 καθ’
1007 2113 1278 2183 ἑκάστην
1328 2115 1478 2183 πρὸς
1531 2114 1827 2181 ἑκάστους

249 2203 394 2272 ὑπὲρ
419 2203 692 2259 ἑκάστου
730 2206 962 2273 τροπαί.
1012 2205 1357 2273 Ἀρπάζεταί
1393 2224 1502 2271 τις,
1546 2206 1643 2258 καὶ
1682 2222 1828 2259 συν-

247 2294 463 2366 ήγορος
501 2300 537 2352 ὀ
569 2296 791 2365 πατήρ·
835 2298 1012 2367 λιμὸς
1056 2298 1315 2369 ἐνοχλεῖ,
1349 2300 1447 2353 καὶ
1478 2298 1733 2368 τροφεὺς
1759 2298 1826 2353 ἐκ

248 2391 594 2459 συνηγόρου
631 2390 855 2461 γίνεται
876 2408 889 2421 ·
936 2390 1115 2444 νοσεῖ
1150 2406 1264 2457 τις,
1296 2391 1392 2445 καὶ
1422 2393 1509 2456 εις
1550 2391 1752 2458 ἰατρὸν
1794 2393 1828 2444 ὀ

248 2480 501 2549 τροφεὺς
526 2480 967 2550 μεταϐάλλεται
996 2497 1009 2511 ·
1044 2480 1249 2535 πένθει
1276 2498 1366 2547 τις
1396 2479 1824 2548 περιπέπτωκε,

250 2571 344 2624 καὶ
384 2575 418 2625 ὀ
456 2571 801 2642 νοσοκόμος
831 2574 1171 2642 εὑρίσκεται
1220 2574 1592 2643 παραμύθιον
1615 2572 1659 2605 ⁸³
1680 2588 1694 2603 ·
1733 2570 1829 2636 ξέ-

248 2681 368 2718 νων
395 2664 632 2733 ἐπέστη
667 2665 914 2735 φροντὶς
932 2706 946 2732 ,
974 2666 1073 2720 καὶ
1103 2666 1425 2735 ξενοδόχος
1452 2668 1485 2719 ὀ
1506 2665 1704 2719 πάντα
1736 2681 1829 2734 γε·

249 2756 434 2826 ’ρονὼς
484 2755 933 2813 ἀναδείκνυται.
983 2760 1093 2812 Καὶ
1144 2760 1203 2811 τί
1248 2758 1373 2827 χρὴ
1392 2760 1519 2812 καθ’
1567 2758 1830 2812 ἕκαστον

247 2850 462 2920 λέγειν,
497 2850 622 2904 ὅσα
645 2851 868 2919 χρόνου
888 2850 1041 2919 μέρη
1069 2851 1174 2904 τὸν
1201 2852 1437 2905 ἐκείνου
1466 2851 1613 2915 βίον
1640 2850 1830 2920 διεμέ-

247 2959 487 3011 τρησεν,
524 2944 629 2997 ἶνα
649 2943 736 3013 μὴ
779 2943 894 3011 τὴν
920 2944 1379 3012 ἀρχιερωσύνην
1405 2945 1602 3013 μόνην
1629 2944 1787 3013 λέγω
1810 2961 1828 3007 ;

250 3035 522 3102 Τοσαύτη
563 3034 705 3100 τοὺς
739 3033 1088 3103 ἀνθρώπους
1128 3035 1317 3104 ἔργων
1362 3036 1671 3103 σωτηρίων
1698 3050 1828 3087 ποι-

244 3128 403 3181 κιλιά
427 3125 736 3195 προϊοῦσα
768 3129 839 3181 οὐ
878 3126 1169 3181 διέλιπεν.
1211 3129 1275 3181 Ὢ
1328 3128 1692 3196 στρατιώτου
1726 3128 1825 3182 καὶ

238 3217 383 3287 μετὰ
412 3215 718 3283 τελευτὴν
740 3216 1026 3284 ἀριστέως
1047 3232 1060 3246 ·
1089 3215 1134 3269 ὣ
1151 3218 1428 3286 λυπηροῦ
1444 3217 1567 3281 τοῖς
1593 3216 1829 3287 ἐχθροῖς

242 3306 337 3362 καὶ
361 3308 515 3377 μετὰ
547 3307 741 3376 τάφον
768 3309 1048 3361 ὁπλίτου·
1085 3305 1132 3360 ὢ
1160 3310 1574 3377 παναρμονίας
1616 3309 1825 3376 λύρας,

243 3398 493 3467 τελευτῇ
528 3398 877 3465 λελυμένης
896 3414 908 3427 ·
958 3397 1004 3449 ὢ
1035 3397 1444 3467 δικαστηρίων
1469 3398 1830 3467 τηλικοῦτον

238 3489 590 3558 ρυθμιστὴν
634 3486 1070 3557 ἐζημιωμένων·
1121 3486 1168 3542 ὢ
1218 3490 1516 3558 σωτηρίου
1557 3489 1684 3557 τοῖς
1723 3490 1829 3544 ἀν-

239 3575 491 3646 θρώποις
530 3580 628 3645 εἰς
674 3577 936 3646 οὐρανὸν
974 3580 1468 3647 άναρπασθείσης
1514 3579 1823 3649 σαγήνης·

239 3668 282 3722 ὢ
305 3670 573 3740 δένδρου
627 3671 778 3739 πρὸς
808 3670 1072 3739 οὐρανὸν
1107 3671 1209 3725 καὶ
1256 3671 1374 3742 γῆν
1412 3670 1823 3741 μερισθέντος,

237 3759 333 3812 καὶ
389 3758 467 3828 τῇ
493 3758 626 3829 μὲν
677 3759 744 3813 τὸ
789 3759 982 3829 σῶμα,
1020 3760 1101 3826 τῷ
1132 3759 1202 3814 δὲ
1246 3760 1361 3829 τὴν
1393 3759 1608 3830 ψυχὴν
1636 3776 1826 3831 παρα-

239 3853 536 3920 σχόντος·
598 3850 673 3904 ἐν
715 3850 880 3920 τάφῳ
918 3851 983 3904 τὸ
1028 3850 1140 3919 τῆς
1193 3852 1564 3920 Ἐκκλησίας
1604 3852 1828 3923 συγκέ-

239 3948 511 3999 κλεισται
536 3946 756 4012 στόμα.
780 3940 914 4012 Οἷος
935 3946 1244 4012 εὐσεϐείας
1259 3944 1587 4013 ἀνθρώπων
1607 3947 1826 4016 ὀφθαλο

1925 480 2076 535 dine.
2111 478 2202 534 Sic
2233 479 2427 549 incipit
2462 496 2475 531 :
2510 477 2618 533 Viri
2644 478 2972 532 disertissimi
3007 476 3365 531 laudationem
3391 492 3507 547 qua:

1923 569 2035 639 99
2064 570 2190 624 tuba
2224 570 2502 641 indigeret,
2529 567 2722 640 puerili
2757 569 3082 639 prOpositam
3126 566 3321 637 lingua:
3364 569 3504 637 peri-

1924 662 2102 717 clitari
2131 662 2277 718 video
2305 679 2323 716 :
2352 660 2795 734 quemadmodum
2829 671 2877 714 et
2908 661 3062 714 decus
3093 658 3327 726 athletae,
3361 658 3507 712 mitte

1924 772 2041 809 cum
2073 754 2314 823 artiﬁciis
2355 754 2673 824 descriptum
2714 754 2839 807 mihi
2877 769 3015 806 nunc
3047 751 3302 806 imbecillo
3329 754 3506 807 animo

1925 846 2122 915 artiﬁci
2158 847 2229 901 ad
2281 846 2679 901 describendum
2718 846 3063 916 propositum.
3112 844 3202 899 Sic
3241 860 3299 900 se
3338 845 3505 899 habet

1924 939 2283 1006 Prooemium,
2322 946 2635 1010 sequuntur
2662 938 2803 992 ista:
2833 937 2982 992 Alius
3029 936 3184 992 illum
3210 938 3422 1007 rapiens
3450 937 3503 989 in

1925 1030 2188 1085 auxilium
2226 1032 2428 1096 trahit;
2458 1030 2597 1085 alius
2638 1031 2694 1083 in
2731 1030 2826 1100 jus
2863 1045 3053 1083 vocans
3088 1037 3370 1100 patronum
3403 1029 3504 1080 im-

1926 1118 2135 1189 plorat;
2189 1118 2327 1173 alius
2372 1119 2646 1189 famelicus
2690 1119 2889 1182 cibum,
2928 1118 3097 1172 nudus
3124 1126 3311 1172 vestem
3353 1125 3502 1181 orat;

1925 1210 2065 1265 alius
2111 1209 2267 1264 illum
2308 1212 2482 1275 exuit;
2541 1209 2679 1263 alius
2723 1208 2907 1265 dolens
2952 1207 3361 1262 consolationem
3414 1224 3505 1277 pc-

1926 1305 2020 1368 tit;
2064 1301 2203 1357 alius
2250 1301 2472 1356 vinculis
2520 1300 2716 1355 exsolvi
2761 1308 3040 1371 precatur;
3075 1298 3214 1352 alius
3254 1298 3324 1351 ad
3362 1314 3505 1351 mor-

1926 1394 2110 1447 borum
2140 1392 2519 1463 inspectionem
2553 1393 2728 1462 ipsum
2766 1392 2957 1455 trahit;
2989 1390 3296 1461 peregrinus
3331 1389 3504 1457 hospi-

1926 1486 2059 1538 tium
2109 1485 2341 1555 ﬂagitat,
2377 1490 2519 1538 astat
2558 1482 2695 1537 alius
2747 1482 2977 1537 debitum
3010 1482 3325 1552 deplorans,
3369 1481 3507 1537 alius

1927 1576 2209 1631 arbitrium
2254 1584 2303 1630 et
2342 1575 2733 1647 pacificatorem
2780 1571 3184 1629 domesticarum
3233 1574 3509 1628 turbarum

1927 1670 2167 1734 accersit,
2199 1668 2408 1722 necad
2433 1666 2601 1721 alium
2630 1666 2863 1737 confugit
2907 1682 3086 1721 servus
3120 1682 3367 1720 amaram
3417 1665 3512 1719 do-

1925 1762 2055 1815 mini
2084 1762 2501 1832 indignationem
2539 1761 2755 1831 deﬂens.
2785 1759 2913 1813 Inde
2949 1758 3110 1813 vidua
3156 1758 3375 1824 clamat,
3413 1757 3509 1811 Mi-

1927 1867 2143 1917 serere;
2188 1852 2310 1906 inde
2359 1852 2638 1906 orbitatem
2698 1849 2959 1922 deplorat.
3008 1850 3191 1905 Multa:
3242 1868 3305 1904 ac
3346 1850 3511 1904 varice

1927 1945 2102 2013 patri,
2135 1945 2191 1997 in
2224 1943 2482 2013 singulos,
2524 1960 2619 2013 pro
2656 1939 2879 2012 singulis
2919 1943 3384 2007 commutationes;
3416 1959 3510 1995 ra-

1928 2035 2072 2104 pitur
2102 2035 2217 2109 quis
2262 2036 2319 2088 in
2344 2034 2627 2105 judicium,
2659 2041 2915 2104 patronus
2952 2033 3156 2101 evadit;
3202 2035 3367 2104 fames
3411 2033 3511 2087 ali—

1928 2142 2081 2196 quem
2107 2134 2280 2192 vemat,
2308 2124 2372 2194 ﬁt
2406 2127 2634 2180 nutritor
2663 2141 2726 2180 ea:
2760 2134 3012 2197 patrono;
3047 2125 3236 2196 aliquis
3267 2135 3507 2197 aegrotat,

1929 2218 2158 2271 nutritor
2181 2217 2235 2270 in
2258 2217 2512 2270 medicum
2542 2216 2799 2282 vertitur;
2831 2214 3011 2269 dolore
3034 2215 3227 2287 aliquis
3263 2217 3507 2280 concidit,

1926 2306 2163 2361 solamen
2224 2308 2411 2377 afferre
2461 2306 2865 2377 deprehenditur
2926 2307 3191 2371 medicus;
3250 2309 3510 2378 hospitum

1928 2415 2057 2452 cura
2105 2398 2310 2463 incidit,
2350 2398 2527 2451 omnia
2569 2397 2742 2466 factus
2795 2404 3148 2467 susceptorem
3185 2413 3240 2450 se
3285 2398 3508 2450 exhibet.

1930 2490 2069 2556 Quid
2112 2492 2299 2545 attinet
2329 2490 2574 2560 prosequi
2599 2489 2816 2543 dicendo
2840 2488 3078 2561 singulas
3106 2492 3354 2560 temporis
3379 2509 3508 2561 par-

1931 2589 2026 2647 tes,
2052 2598 2170 2653 quae
2194 2583 2360 2636 vitam
2383 2583 2547 2652 ipsius
2580 2582 2829 2636 dimensa:
2853 2587 2996 2647 sunt,
3023 2583 3068 2636 si
3097 2582 3160 2634 de
3191 2581 3303 2635 solo
3328 2600 3509 2636 sacer-

1930 2675 2072 2729 dotio
2114 2674 2283 2729 dicere
2311 2674 2612 2745 nequeam?
2638 2681 2789 2727 tanta
2817 2673 3139 2729 salutarium
3176 2693 3391 2747 operum
3420 2694 3512 2729 va-

1930 2768 2092 2821 rietas
2131 2768 2363 2821 homines
2411 2783 2517 2820 non
2564 2764 2722 2836 plane
2773 2765 3007 2837 reliquit.
3044 2765 3088 2821 0
3124 2768 3306 2821 ducem
3351 2769 3510 2822 etiam

1932 2864 2047 2930 post
2070 2858 2190 2912 vita:
2212 2857 2374 2926 finem
2396 2858 2742 2927 fortissimum
2760 2858 2781 2910 !
2803 2874 2832 2912 ο
2858 2857 3076 2912 militem
3096 2860 3324 2913 hostibus
3353 2861 3511 2913 etiam

1932 2964 1959 3000 e
1986 2946 2227 3019 sepulcro
2265 2946 2592 3001 terribilem!
2618 2964 2647 3000 ο
2679 2947 2854 3017 lyram
2889 2949 3058 3001 omnis
3089 2949 3381 3001 harmonia:
3417 2965 3509 3001 ca-

1933 3053 2136 3107 pacem,
2169 3045 2336 3090 morte
2349 3038 2471 3107 jam
2494 3036 2835 3091 dissolutam!
2849 3053 2878 3090 ο
2903 3037 3194 3091 tribunalia
3216 3046 3361 3092 tanto
3388 3055 3514 3092 ora-

1935 3136 2047 3182 tore
2088 3128 2246 3198 100
2279 3127 2504 3181 orbata!
2533 3144 2563 3181 o
2593 3127 2887 3182 salutarem
2927 3129 3195 3182 hominum
3232 3146 3507 3200 sagenam,

1932 3221 1987 3274 in
2012 3218 2199 3274 coelum
2230 3228 2444 3290 raptam
2463 3220 2483 3273 !
2499 3236 2529 3273 o
2545 3220 2789 3274 arborem
2805 3221 2891 3274 ‘in
2914 3219 3101 3274 caelum
3110 3221 3231 3290 jam
3248 3230 3296 3275 et
3310 3229 3511 3276 terram

1932 3311 2191 3376 divisam,
2224 3318 2271 3364 et
2316 3312 2435 3365 huic
2483 3311 2690 3380 quidem
2725 3328 2932 3383 corpus,
2979 3311 3062 3366 illi
3107 3328 3229 3367 vero
3273 3315 3512 3368 animam

1932 3402 2266 3457 tradentem!
2307 3400 2375 3456 Os
2413 3401 2663 3456 Ecclesia:
2704 3403 2760 3455 in
2804 3402 3045 3473 sepulcro
3093 3404 3354 3459 occlusum
3401 3406 3514 3460 est!

1935 3492 2179 3560 Quantus
2209 3491 2404 3547 ocellus
2436 3492 2649 3561 pietatis
2683 3507 2746 3544 ea:
2779 3492 3051 3546 hominum
3089 3500 3366 3564 conspectu
3394 3508 3512 3547 ere-

1931 3593 2051 3654 ptus
2084 3584 2196 3637 est!
2233 3582 2353 3638 Non
2402 3590 2641 3636 mortuus
2673 3597 2747 3647 es,
2785 3581 3081 3635 beatissime
3106 3582 3291 3647 Pater,
3325 3582 3417 3637 sed
3454 3591 3513 3635 ut

1931 3675 2013 3729 sol
2053 3674 2331 3728 occidisti:
2377 3672 2612 3744 lugemus
2655 3680 2723 3738 te,
2747 3688 2852 3726 non
2899 3681 2955 3726 ut
2996 3680 3283 3738 mortuum,
3324 3674 3415 3726 sed
3454 3680 3512 3726 ut

1934 3766 2080 3820 nobis
2140 3763 2502 3818 absconditum
2555 3779 2573 3816 :
2622 3764 2908 3834 quaerimus
2942 3770 3009 3828 te,
3058 3779 3163 3816 non
3210 3762 3357 3817 velut
3402 3765 3512 3818 vita

1934 3858 2193 3928 functum,
2230 3856 2322 3910 sed
2353 3863 2612 3925 tanquam
2652 3853 2916 3908 eleuatum
2944 3854 2999 3908 in
3026 3853 3233 3909 caelum.
3273 3854 3365 3911 Sic
3396 3854 3513 3910 fere

1936 3948 2135 4004 tertius
2165 3948 2304 4018 (sive
2324 3946 2576 4019 quartus)
2603 3946 2765 4002 liber.

237 4040 347 4109 μὸς
369 4038 782 4108 άνηρπάσθηί
816 4042 898 4095 οὐ
927 4038 1243 4107 τέθνηκας,
1268 4036 1318 4095 ὦ
1346 4040 1600 4110 μακάριε
1626 4040 1841 4111 Πάτερ,
1881 4042 2018 4098 ἀλλ’
2056 4043 2136 4109 ὡς
2170 4041 2346 4110 ἣλιος
2370 4040 2533 4104 ἐδυς.
2578 4042 2702 4109 Οὐχ
2731 4041 2813 4104 ὡς
2856 4041 3265 4105 ἀποθανόντος
3288 4038 3511 4107 ἀλγοῦ-

236 4151 364 4204 μεν,
396 4134 542 4189 ἀλλ’
573 4133 653 4197 ὡς
684 4130 828 4201 ἡμῖν
858 4131 1270 4202 κεκρυμμένου
1289 4148 1303 4162 ·
1338 4134 1451 4201 οὐχ
1509 4134 1591 4199 ὡς
1652 4133 1945 4189 τεθνεῶτα
1975 4134 2284 4205 ζητοῦμεν,
2320 4132 2455 4189 ἀλλ’
2489 4132 2570 4197 ὡς
2605 4133 2693 4196 είς
2755 4131 3051 4201 οὐρανοὺς
3107 4129 3508 4200 μεταστάντα.

249 4224 409 4279 Ἀλλὰ
438 4224 675 4279 τοιαῦτα
709 4223 827 4294 μὲν,
857 4224 953 4277 καὶ
981 4223 1010 4276 ὁ
1036 4224 1218 4295 τρίτος
1249 4224 1304 4295 (ἢ
1333 4225 1611 4297 τέταρτος)
1647 4225 1824 4295 λόγος.

316 4317 804 4389 Ἐγκωμιαστικοῦ
832 4316 890 4370 δὲ
918 4316 1087 4370 τύπον
1113 4316 1206 4370 καὶ
1223 4317 1253 4369 ὁ
1269 4316 1528 4388 τέταρτος
1548 4318 1822 4383 διασώζει,

2002 4313 2244 4380 Quartus
2307 4313 2512 4381 pariter
2561 4308 2933 4364 encomiastici
3000 4308 3233 4365 formam
3302 4328 3507 4383 servat.

237 4414 302 4466 in
324 4411 420 4465 τοῦ
452 4411 572 4464 δεῖν
616 4409 786 4479 τιμᾷν
828 4406 1071 4478 πατέρας
1100 4406 1211 4461 τῶν
1237 4408 1478 4463 ἐπαίνων
1515 4408 1825 4479 ἀπαρχόμε-

1932 4406 2101 4462 ducto
2137 4401 2469 4458 laudationis
2493 4401 2652 4456 initio
2677 4416 2745 4456 ex
2765 4416 2833 4456 eo
2857 4400 3006 4471 quod
3040 4411 3290 4472 oporteat
3312 4422 3511 4476 paren-

239 4520 348 4569 νος,
377 4495 439 4557 οὗ
462 4505 590 4557 ἐστι
623 4502 720 4554 καὶ
746 4499 950 4555 ταῦτα·

311 4683 552 4738 Τούτων
584 4679 710 4734 τῶν
750 4679 1050 4749 ποιμένων
1100 4675 1188 4745 εἷς
1233 4677 1332 4733 καὶ
1372 4679 1406 4731 ό
1448 4677 1754 4743 Ἰωάννης,
1785 4676 1823 4744 ἠ

235 4769 465 4837 ἄκακος
500 4772 785 4835 σύνεσις,
812 4772 845 4823 ὀ
874 4769 1296 4838 πολυόμματος
1316 4766 1484 4833 νοῦς,
1517 4764 1628 4833 τῆς
1654 4768 1828 4834 εὐαγ-

236 4862 490 4932 γελικῆς
514 4844 833 4931 ἐμπειρίας
867 4861 905 4929 ἠ
934 4860 1175 4925 βίϐλος,
1202 4861 1235 4913 ὀ
1269 4856 1457 4926 κηροῦ
1478 4854 1628 4922 πρὸς
1654 4855 1827 4910 διαλ-

238 4958 427 5024 λαγὰς
451 4952 971 5020 εὐπλαστότερος,
999 4952 1076 5005 τὸ
1093 4950 1244 5019 πρὸς
1272 4950 1611 5019 χαρίσματα
1641 4952 1829 5003 πέλα-

239 5064 361 5117 γος,
393 5051 427 5101 ὀ
469 5046 632 5115 πρὸς
674 5043 897 5110 δόλους
930 5043 1364 5112 πολεμούντων
1394 5039 1691 5108 ἀκέραιος,
1720 5039 1830 5109 τῆς

245 5137 622 5205 Ἑκκλησίας
683 5137 717 5188 ὀ
776 5135 1089 5203 περίϐολος
1123 5151 1136 5165 ·
1198 5131 1398 5197 οὐδεὶς
1455 5133 1830 5202 ὑποκρίσεως

235 5231 423 5286 αὐτὸν
454 5227 864 5284 διελάνθανεν
881 5226 1036 5295 ὄφις.
1052 5225 1245 5279 Πόθεν
1269 5238 1367 5278 σοι
1381 5224 1597 5288 βούλει
1624 5222 1826 5290 δείξω-

234 5339 344 5389 μεν
380 5322 494 5377 τὸν
539 5318 837 5386 Ἰωάννην
882 5315 1248 5386 πολύτιμον;
1303 5313 1397 5365 Ἐκ
1446 5312 1823 5382 φιλοξενίαςς

1934 4495 2084 4551 tibus
2138 4494 2405 4569 honorem
2467 4490 2749 4546 exhibere.
2806 4489 2933 4544 [hac
2992 4489 3121 4547 inde
3183 4493 3508 4567 deprompta

1931 4593 2062 4643 sunt
2090 4604 2102 4640 :

1997 4678 2231 4732 Joannes
2258 4678 2445 4731 horum
2478 4682 2752 4745 pastorum
2788 4692 2923 4730 unus
2966 4678 3082 4746 fuit,
3120 4677 3363 4733 voluntas
3394 4682 3508 4734 sine

1933 4768 2163 4833 malitia,
2198 4783 2343 4821 mens
2370 4764 2752 4829 oculatissima,
2779 4766 3093 4836 evangelicae
3123 4769 3325 4837 peritiae
3355 4768 3503 4833 liber,

1929 4857 1996 4921 “,
2023 4874 2142 4912 cera
2166 4859 2219 4911 in
2242 4873 2421 4911 omnes
2448 4856 2647 4926 formas
2673 4856 3111 4923 commutabilior,
3133 4857 3351 4929 pelagus
3382 4876 3507 4930 gra-

1929 4951 2149 5014 tiarum,
2192 4956 2379 5003 contra
2429 4947 2578 5002 dolos
2646 4949 2873 5002 hostium
2924 4950 3206 5019 infractus,
3257 4950 3508 5005 Ecclesia

1929 5044 2314 5097 munimentum
2346 5058 2363 5095 :
2402 5040 2582 5096 nullus
2615 5039 2770 5094 illum
2791 5042 3118 5112 hypocriseos
3158 5054 3372 5110 serpens
3419 5041 3503 5095 la—

1931 5135 2049 5188 tuit.
2089 5133 2234 5188 Unde
2257 5132 2349 5187 tibi
2376 5133 2452 5186 vis
2484 5132 2900 5186 demonstremus
2937 5129 3199 5184 Joannem
3243 5127 3507 5199 singulari

1935 5225 2130 5279 honore
2193 5224 2457 5296 dignum?
2512 5224 2576 5277 ab
2625 5221 3028 5293 hospitalitate?
3058 5220 3251 5291 Ecquis
3301 5220 3507 5275 Joanne

1937 5318 2201 5372 amantior
2241 5316 2547 5388 hospitum?
2573 5335 2603 5370 a
2637 5315 2933 5368 constantia
2977 5313 3031 5367 in
3080 5313 3508 5386 defensionibus?

1522 5495 1760 5551 VARUE
1801 5494 2199 5552 LECTIONES.

304 5623 348 5655 "
379 5620 534 5678 Edit.
600 5619 758 5689 prior
810 5616 1512 5689 uapapueloossmuimur
1546 5613 1878 5689 Alectioncm,
1938 5630 2059 5689 qua:
2106 5621 2301 5689 exstat
2344 5611 2488 5689 apud
2534 5610 2810 5666 Photium.

2915 5612 2957 5642 ⁸³
2991 5610 3165 5666 Procl.
3219 5608 3503 5679 Scriptum:

237 5709 267 5747 ι
298 5691 405 5748 Deo
432 5682 746 5763 inspirans,
781 5682 1058 5761 impolluta
1088 5682 1415 5753 bibliotheca,
1453 5686 1642 5741 dirina’
1673 5682 1969 5739 thesaurus
1985 5683 2371 5754 intelligentiw.
2401 5682 2567 5736 Gauri.
