3954 6294
455 237 516 304 51
1667 241 1984 305 OPERUM
2020 242 2512 305 THEODORETI
3655 236 3735 301 52‘

452 355 651 428 quue
673 356 829 412 illum
855 364 1087 430 potestas
1123 359 1416 432 prostravit
1431 360 1466 414 ι·
1489 376 1523 415 a
1551 358 1726 415 studio
1759 361 1815 414 in
1842 358 2033 414 Eccle-

2150 358 2242 414 Καὶ
2298 359 2389 426 τις
2450 357 2724 414 Ἰωάννου
2776 353 3295 426 -φιλοξενώτεροω
3355 351 3459 406 Ἕκ
3497 347 3607 416 τῆς
3655 351 3724 402 ὲν

452 447 630 502 siam?
653 445 950 520 Cujusnam
970 459 1045 505 est
1077 448 1178 509 illa
1200 454 1458 507 concinna
1478 450 1770 507 modulatio
1803 450 2037 523 psalmo-

454 551 595 613 rum,
624 555 731 610 qua
746 539 1029 611 populares
1059 548 1248 596 turma:
1268 542 1325 596 in
1350 542 1486 597 hunc
1519 556 1685 613 usque
1707 541 1847 596 diem
1860 543 2035 594 consi-

456 627 630 683 nunt?
653 628 782 684 Haec
806 638 1048 700 quartus
1059 644 1269 687 sermo.

527 903 774 975 Sequens
824 904 1049 962 easdem
1100 906 1276 968 nectit
1332 905 1563 961 laudum
1611 903 1891 960 corollas:
1935 904 2035 961 sed

453 997 570 1051 vim
610 1003 667 1051 et
701 996 874 1052 robur
916 997 1321 1053 sententiarum
1346 1011 1572 1054 suarum
1605 995 1669 1051 in
1701 995 1920 1051 meliori
1949 996 2036 1052 lu-

454 1086 602 1140 mine
637 1087 818 1156 ponit.

484 1224 489 1229 .
527 1178 680 1249 101
720 1178 993 1235 Videntur
1018 1194 1185 1250 porro
1220 1193 1414 1235 omnes
1444 1177 1524 1232 illi
1557 1191 1841 1233 sermones
1869 1179 2035 1248 quin-

452 1283 583 1338 que,
628 1278 756 1340 post
798 1273 1174 1329 reversionem
1204 1271 1275 1327 ab
1310 1270 1506 1327 exsilio
1535 1271 1847 1340 compositi.
1891 1269 2037 1327 Sub—

448 1359 598 1429 iecta»
622 1358 929 1433 fragmenta
952 1377 1082 1432 pars
1110 1369 1242 1419 sunt
1264 1361 1554 1433 praesentis
1580 1360 1874 1417 sermonis;

521 1538 609 1593 Da
647 1541 792 1596 nobis
822 1548 1064 1604 mutuam
1103 1539 1281 1614 lyram
1315 1548 1483 1609 tuam,
1511 1558 1542 1597 ο
1566 1541 1753 1608 Pater,
1786 1541 1856 1596 da
1888 1548 2038 1595 tuum

454 1631 524 1685 ad
561 1638 682 1685 tuas
717 1630 897 1685 laudes
931 1630 1211 1703 plectrum.
1248 1633 1369 1689 Etsi
1403 1634 1544 1687 enim
1572 1649 1763 1688 manus
1792 1632 2039 1688 resolutae

2136 450 2534 519 προστασίαις
2560 449 2965 518 στερρότητος
2988 464 3009 513 ;
3047 445 3161 501 Καὶ
3194 445 3285 509 τίς
3312 442 3501 497 αὐτὸν
3538 440 3721 494 δυνα-

2134 544 2310 599 στεία
2338 542 2711 613 κατῇδεσεν;
2754 542 2857 596 Ἕκ
2887 538 3001 609 τῆς
3032 538 3167 607 περὶ
3195 534 3314 603 τὴν
3354 533 3722 599 Ἐκκλησίαν

2135 633 2453 703 σπουδῆς;
2482 634 2596 689 Kal
2622 635 2789 699 τίνος
2822 633 2862 700 ἡ
2890 629 2997 698 τῆς
3019 628 3371 700 ψαλμῳδίας
3399 625 3520 679 τῶν
3541 624 3722 691 δημο-

2134 724 2317 780 τικῶν
2337 725 2651 797 ταγμάτων
2665 724 2840 795 μέχρι
2859 722 2978 778 νῦν
2997 719 3287 790 εὐρυθςιία
3295 736 3317 784 ;
3331 712 3496 770 Ἀλλὰ
3509 716 3720 771 τοιαῦτα

2139 817 2237 887 μὲν
2260 818 2356 871 καὶ
2384 813 2541 881 οὗτος
2564 819 2593 871 ὁ
2615 816 2795 884 λόγος.

2217 905 2277 961 '0
2308 906 2365 959 δὲ
2387 906 2587 977 ἐφεξῆς
2613 906 2744 970 τοὺς
2768 902 2967 968 αὐτοὺς
3001 901 3099 974 μὲν
3125 899 3232 957 τῶν
3263 898 3559 969 ὲγνωμίων
3587 894 3718 948 πλέ-

2136 1012 2225 1050 uel
2256 997 2579 1067 στεφάνους,
2607 995 2991 1067 λαμπρότερον
3021 992 3078 1047 δέ
3105 1009 3225 1057 πως
3250 991 3351 1063 τὴν
3377 988 3485 1043 τῶν
3513 987 3718 1058 νοημά-

2136 1105 2245 1141 των
2278 1087 2433 1158 ἰσχὺν
2462 1087 2817 1156 ἀπαγγέλλει.

2218 1178 2458 1234 Ἐοίκασι
2487 1179 2543 1234 δὲ
2570 1173 2716 1234 οὗτοι
2754 1179 2955 1241 πάντες
2986 1178 3038 1231 οἱ
3069 1176 3231 1230 πέντε
3264 1174 3412 1242 λόγοι
3452 1169 3589 1242 μετὰ
3616 1169 3718 1238 τὴν

2136 1270 2246 1323 ἀπὸ
2276 1270 2376 1340 τῆς
2408 1270 2705 1343 ὑπερορίας
2735 1270 3075 1341 ἀνακομιδὴν
3106 1264 3489 1335 συντετάχθαι.
3523 1261 3632 1316 Τοῦ
3659 1261 3716 1312 δὲ

2137 1359 2234 1415 νῦν
2261 1361 2423 1432 λόγου
2463 1362 2627 1435 μέρος
2651 1361 2792 1416 εἰσὶν
2822 1362 2880 1416 αἱ
2918 1378 2984 1414 πε
2995 1360 3218 1433 ρικοπαὶ
3266 1357 3379 1411 τῶν
3415 1354 3716 1425 ὑποκειμέ-

2137 1467 2244 1508 νων
2276 1452 2559 1525 ῥημάτων.

2207 1545 2454 1614 Χρῆσον
2490 1544 2659 1614 ἡμῖν,
2685 1540 2732 1601 ὦ
2760 1545 2974 1615 Πάτερ,
2999 1543 3118 1612 τὴν
3161 1542 3356 1610 λύραν
3407 1536 3523 1607 τὴν
3569 1534 3713 1604 σὴν,

2138 1634 2205 1690 τὸ
2238 1635 2358 1690 σὸν
2404 1638 2492 1703 εὶς
2537 1636 2653 1705 τὴν
2687 1636 2814 1706 σὴν
2869 1635 3173 1705 εὐφημίαν
3227 1629 3513 1686 δάνεισον
3560 1625 3713 1695 πλῆ-

454 1721 563 1775 sint
588 1730 797 1779 naturae
826 1721 954 1793 lege,
982 1724 1119 1778 dono
1146 1732 1322 1779 tamen
1345 1726 1534 1795 gratim
1565 1723 1683 1796 lyra
1711 1741 1804 1794 per
1826 1741 2035 1779 omnem

2150 1744 2340 1796 νιτρον.
2374 1729 2446 1783 El
2477 1728 2588 1798 γὰρ
2615 1728 2717 1782 καὶ
2761 1704 2827 1782 αὶ
2858 1704 3055 1797 χεῖρες
3103 1723 3416 1790 ἐλύθησαν
3444 1718 3525 1785 τῷ
3556 1720 3716 1788 νόμῳ

455 1816 656 1865 terram
690 1821 864 1870 sonat.
905 1815 991 1869 Da
1025 1814 1172 1868 nobis
1204 1812 1563 1868 immortalem
1587 1812 1740 1867 illam
1772 1812 2031 1884 linguam,

456 1917 572 1970 qua:
602 1902 718 1956 sola
743 1903 894 1958 rebus
922 1905 1027 1958 tuis
1055 1905 1373 1958 enarrandis
1398 1921 1499 1977 par
1528 1913 1604 1957 est
1635 1903 1701 1957 ⁸⁸⁵.
1743 1903 2034 1975 Propterea

453 1989 687 2057 Joannes
731 1991 993 2048 Joannem
1031 1996 1306 2050 antecessit
1339 1995 1410 2060 ⁸⁵,
1454 1995 1617 2050 libere
1659 1994 1875 2067 loquens
1920 1997 2034 2052 zelo

455 2081 762 2149 ardentem;
793 2086 883 2155 qui
911 2093 1027 2155 post
1056 2094 1275 2139 mortem
1305 2088 1481 2156 arguit
1511 2086 1886 2157 praedicantem
1917 2095 2033 2159 post

455 2178 675 2226 mortem
702 2188 723 2228 :
755 2175 851 2245 qui
890 2174 1155 2229 desertum
1199 2174 1341 2229 velut
1381 2175 1562 2230 urbem
1598 2177 1847 2243 instituit,
1885 2179 2044 2237 totius

453 2264 596 2319 urbis
627 2267 1040 2322 emendatorem.
1062 2267 1236 2323 Habes
1272 2267 1437 2323 aliam
1459 2286 1578 2324 cum
1599 2270 1853 2341 apostolis
1878 2273 1923 2306 ⁸⁸
1956 2291 2045 2329 co-

455 2357 797 2425 gnationem;
817 2360 1021 2430 primus
1049 2360 1192 2430 apud
1221 2359 1574 2415 Hamaxobios
1591 2359 1811 2433 Scythas
1829 2364 1897 2431 ⁸⁷,
1916 2381 2041 2421 aras

456 2448 703 2515 erexisti,
732 2451 751 2470 ’
782 2457 831 2503 et
861 2450 1118 2505 barbarus
1159 2452 1250 2523 qui
1285 2452 1373 2506 vis:
1416 2451 1481 2506 ab
1524 2469 1656 2523 equo
1693 2452 1933 2520 dissilit,
1960 2454 2042 2508 di-

457 2539 583 2592 dicit
632 2556 771 2610 genu
807 2543 1048 2612 ﬂectere,
1084 2549 1135 2596 et
1181 2543 1252 2598 ad
1297 2544 1657 2614 pauimentum
1709 2546 1972 2614 prosterni
2019 2560 2039 2600 .'

455 2632 547 2700 qui
587 2633 917 2702 captivorum
969 2633 1216 2707 lacrymis
1265 2652 1372 2690 non
1420 2643 1677 2702 mouetur,
1720 2636 1901 2692 didicit
1943 2653 2041 2708 pro

456 2725 691 2792 peccatis
701 2727 849 2796 ﬂere.
876 2724 1014 2791 Quin
1041 2728 1201 2782 etiam
1223 2728 1586 2799 jaculatorem
1613 2727 1833 2783 Persam
1855 2727 2041 2800 jaculo

458 2816 850 2884 prwdicationis
879 2820 1159 2889 petiisti“;
1178 2821 1370 2891 quique
1400 2818 1534 2875 nihil
1553 2821 1786 2892 cogitant
1806 2821 1909 2874 nisi
1937 2820 2044 2895 fer-

457 2924 598 2973 rum,
630 2909 925 2964 didicerunt
957 2909 1284 2981 Cruciﬁxum
1317 2912 1563 2967 adorare.

2140 1819 2252 1888 τῆς
2282 1820 2543 1888 φύσεως,
2581 1820 2723 1894 ἀλλ’
2752 1821 2790 1887 ἠ
2818 1819 2976 1886 λύρα
3019 1816 3119 1870 διὰ
3149 1813 3352 1880 πάσης
3385 1809 3491 1878 τῆς
3523 1811 3715 1863 οἰκου-

2134 1910 2325 1979 μένης
2345 1910 2483 1980 ἠχεῖ
2503 1908 2584 1975 τῷ
2613 1909 2776 1979 δώρῳ
2791 1910 2839 1942 ⁷⁸
2865 1908 2976 1978 τῆς
2999 1906 3239 1978 χάριτος
3258 1921 3273 1936 ’
3308 1902 3548 1968 ἐκείνης
3575 1899 3714 1968 ἡμῖν

2141 2001 2251 2069 τῆς
2289 2000 2590 2056 ἀθανάτου
2625 2000 2890 2070 γλώττης
2919 1997 3201 2069 μετάδος·
3230 1996 3388 2065 μόνη
3421 1992 3530 2063 γὰρ
3557 1993 3594 2059 ἡ
3632 1988 3715 2056 σὴ

2139 2089 2371 2160 γλῶττα
2399 2089 2519 2144 τῶν
2551 2090 2681 2144 σῶν
2716 2087 3180 2158 κατορθωμάτων
3205 2084 3367 2162 ἀξία.
3396 2086 3499 2137 Διὰ
3531 2080 3719 2134 ταῦτα

2156 2181 2438 2251 Ἰωάννης
2497 2181 2783 2250 Ἰωάννην
2833 2181 3189 2248 ἀπείληφεν,
3222 2179 3254 2231 ό
3308 2174 3713 2243 πεπαῤῥησια·

2142 2272 2370 2343 σμένος
2398 2273 2506 2327 τὸν
2533 2272 2839 2340 ζηλωτήνο
2884 2275 2917 2326 ό
2957 2270 3110 2341 μετὰ
3147 2269 3408 2324 θάνατον
3450 2264 3719 2334 ἐλέγχων

2140 2364 2248 2419 τὸν
2271 2365 2642 2433 κηρύττοντα
2668 2365 2818 2434 μετὰ
2843 2361 3122 2426 θάνατον,
3154 2364 3187 2415 ό
3220 2359 3331 2430 τῆς
3362 2357 3586 2428 ἐρήμου
3609 2373 3717 2408 πο-

2139 2458 2349 2526 λίτης,
2381 2456 2491 2512 τὸν
2516 2457 2720 2525 πάσης
2748 2457 2982 2522 πόλεως
3027 2451 3473 2523 σωφρονιστὴν.
3511 2450 3717 2517 Ἔχεις

2140 2547 2256 2617 τὴν
2293 2547 2495 2617 ἀλλην
2536 2547 2688 2616 πρὸς
2721 2546 2864 2613 τοὺς
2903 2545 3290 2608 ἀποστόλους
3317 2537 3679 2611 συγγένειαν
3697 2552 3714 2569 ο

2138 2639 2371 2709 πρῶτος
2416 2638 2575 2708 παρὰ
2624 2638 2750 2705 τοῖς
2799 2637 3167 2708 Ἀμαξοϐίοις
3210 2634 3467 2699 Σκύθαις
3503 2635 3708 2687 θυσια-

2136 2730 2352 2801 στήρια
2378 2730 2640 2800 ἔπηξας*
2674 2730 2775 2786 καὶ
2817 2731 2996 2800 μόλις
3038 2728 3156 2782 τῶν
3183 2728 3383 2781 ἵππων
3404 2719 3715 2789 ἀποπηδή-

2135 2836 2254 2889 σας
2284 2825 2317 2876 ό
2346 2822 2670 2891 βάρϐαρος,
2709 2822 2890 2891 ἔμαθε
2930 2822 3080 2891 γόνυ
3123 2818 3440 2887 κάμπτειν,
3479 2814 3578 2869 καὶ
3628 2814 3715 2877 εις

2136 2912 2361 2982 ἔδαφος
2401 2913 2845 2978 ἐξαπλοῦσθαι·
2882 2911 2981 2966 καὶ
3037 2911 3070 2965 ό
3116 2908 3243 2974 τοῖς
3269 2907 3386 2962 τῶν
3416 2901 3709 2975 αἰχμαλώ-

454 3017 574 3054 των
630 3002 888 3073 δάκρυσι
939 3005 1027 3075 μὴ
1080 3008 1531 3077 καμπτόμενος,
1579 3006 1799 3076 ἔμαθεν
1851 3008 2003 3076 ὑπὲρ
2065 3007 2496 3078 ἁμαρτημάτων
2539 3008 2841 3079 δακρύειν.
2884 3006 2994 3062 Καὶ
3033 3005 3163 3076 μὴν
3197 3003 3433 3059 καὶτὸν
3459 3001 3718 3069 τοξότην

453 3089 696 3162 Πέρσην
765 3095 1205 3166 ἀντετόξευσας
1274 3098 1357 3166 τῷ
1415 3100 1754 3171 ¹κηρύγματι
1773 3115 1786 3132 ·
1866 3099 1966 3154 καὶ.
2015 3100 2449 3171 σιδηρόφρονες
2515 3102 2972 3172 προσκυνοῦσιν
3021 3099 3241 3155 ἐκεῖνοι
3292 3097 3399 3152 τὸν
3452 3109 3719 3163 σταυρω-

454 3187 657 3243 θέντα.

529 3280 687 3350 102
725 3278 857 3336 Vicit
897 3288 989 3336 tua
1032 3282 1217 3356 lingua
1256 3284 1625 3342 Chaldworum
1663 3293 1713 3341 et
1755 3302 2033 3359 magorum
2060 3285 2106 3349 C

457 3369 773 3441 praestigias,
803 3369 1093 3428 Persarum
1121 3374 1402 3444 infecunda
1428 3383 1477 3430 et
1503 3375 1691 3448 glabra
1723 3375 1879 3430 tellus
1908 3392 2035 3430 ora-

458 3461 614 3515 tionis
652 3461 832 3516 domos
861 3464 1015 3534 quasi
1051 3466 1292 3535 germina
1332 3467 1599 3537 produxit.
1632 3466 1741 3523 Nec
1761 3467 1885 3538 jam
1917 3480 2056 3520 am-'

457 3550 597 3622 plius
628 3551 868 3625 Babylon
904 3572 937 3609 a
967 3555 1053 3627 pio
1096 3554 1242 3611 cultu
1287 3556 1465 3613 aliena
1508 3565 1606 3625 est,
1637 3565 1794 3629 atque
1834 3559 1942 3612 hwc
1986 3564 2037 3611 te

460 3643 711 3714 apostolis
738 3647 1030 3701 sociarant.

528 3734 685 3805 Apud
727 3751 821 3790 nos
859 3751 981 3791 vero
1023 3738 1315 3793 etiamnum
1352 3740 1560 3794 semina
1595 3738 1791 3810 lingua:
1820 3745 1923 3794 tua:
1957 3741 2037 3795 ita

460 3829 688 3898 florent,
738 3836 796 3883 ut
839 3830 886 3884 si
938 3830 1149 3900 quando
1205 3831 1399 3903 aliquis
1455 3832 1715 3887 Joannem
1769 3832 2033 3899 nominet,

464 3936 685 3991 magnus
702 3923 881 3976 statim
898 3939 1057 3978 sonus
1081 3925 1421 3990 exaudiatur,
1445 3922 1897 3995 ecclesiasticaque
1916 3923 2037 3993 lyra

461 4014 738 4083 antiquum
779 4012 1037 4085 plectrum
1080 4022 1357 4087 cognoscat
1387 4031 1405 4070 :
1434 4014 1653 4086 syllable
1692 4015 1917 4069 nominis
1959 4013 2037 4068 tui

460 4120 555 4175 pro
582 4103 758 4175 digitis
783 4104 1065 4175 suﬂiciunt.

535 4198 670 4254 Vidit
695 4200 816 4255 urbs
841 4202 986 4272 regia
1018 4200 1272 4273 Syrorum
1299 4200 1428 4267 tela,
1456 4210 1504 4254 et
1546 4203 1872 4273 contempsit.
1898 4202 2034 4258 Vidit

462 4288 672 4361 lapillos
707 4290 935 4357 Indicos,
965 4300 1013 4346 et
1043 4291 1292 4363 despexit,
1331 4309 1424 4347 nec
1458 4291 1612 4346 illam
1646 4292 1767 4364 Tyri
1793 4310 2034 4366 purpura

2218 3283 2542 3352 Ἐνίκησεν
2569 3284 2607 3353 ἡ
2637 3283 2721 3353 σὴ
2753 3281 2989 3353 γλῶττα
3018 3278 3335 3341 Χαλδαίων
3363 3279 3461 3335 καὶ
3506 3280 3719 3351 μάγων

2134 3375 2634 3444 μαγγανευτήρια,
2673 3376 2775 3429 καὶ
2810 3375 2849 3441 ἡ
2884 3372 3303 3442 κεχερσωμένη
3359 3372 3575 3440 Περσὶς
3616 3374 3715 3427 εὐ-

2135 3465 2415 3533 κτηρίους
2455 3466 2665 3530 οἴκους
2700 3463 3118 3530 ἐϐλάστησενο
3165 3461 3365 3516 οὐκέτι
3399 3462 3511 3531 τῆς
3546 3464 3717 3516 εὐσε-

2137 3556 2281 3622 ϐοῦς
2317 3558 2646 3626 θρησκείας
2673 3557 2747 3610 τὰ
2787 3553 3141 3620 Βαϐυλῶνος
3167 3553 3458 3623 ἀλλότρια
3479 3570 3494 3586 ο
3525 3552 3719 3609 ταῦτά

2136 3663 2210 3703 σε
2236 3647 2362 3715 τοῖς
2385 3647 2750 3714 ἀποστόλοις
2773 3644 3135 3710 συνέζευξεν
3148 3645 3215 3700 ⁷⁸.

2210 3738 2341 3792 Ἔτι
2368 3737 2505 3804 παρ’
2538 3735 2685 3806 ἡμῖν
2711 3737 2786 3790 τὰ
2821 3735 3134 3804 σπέρματα
3159 3732 3272 3802 τῆς
3293 3732 3412 3802 σῆς
3446 3732 3715 3803 γλώττης

2135 3826 2327 3893 ἀνθεῖ,
2358 3826 2477 3882 κᾶν
2521 3825 2813 3893 Ἰωάννην
2834 3842 2923 3891 τις
2950 3822 3244 3893 ὀνομάσῃ,
3272 3821 3470 3889 πολὺς
3489 3824 3523 3875 ό
3556 3820 3713 3891 ἦχος

2137 3918 2520 3987 ἐκκρούεται·
2551 3919 2589 3987 ἠ
2620 3917 2729 3987 γὰρ
2778 3913 3261 3984 ἐκκλησιαστικὴ
3298 3914 3456 3982 λύρα
3499 3912 3566 3967 τὸ
3595 3913 3715 3980 ἀρ·-

2135 4010 2311 4081 χαῖον
2340 4009 2654 4079 πλῆκτρον
2705 4008 3116 4079 ἐπιγινώσκει·
3168 4006 3268 4060 καὶ
3312 4004 3446 4061 ἀντὶ
3490 4004 3704 4059 δακτύ-

2132 4106 2260 4158 λων
2290 4100 2590 4171 ἀρκοῦσιν
2618 4103 2678 4156 at
2704 4100 2812 4156 τοῦ
2839 4100 2956 4155 σοῦ
2982 4098 3273 4168 ὀνόματος
3309 4096 3636 4151 συλλαϐαί.

2217 4195 2515 4251 Ἐϐλεπεν
2553 4194 2592 4262 η
2639 4192 2894 4259 βασιλὶς
2925 4190 3103 4257 πόλις
3131 4189 3204 4244 τὰ
3233 4189 3302 4243 ἐκ
3331 4188 3534 4256 Σύρων
3554 4185 3713 4255 ὐφά·

2135 4301 2356 4355 σματα,
2390 4277 2490 4339 καὶ
2544 4283 2861 4339 διέπτυενο
2921 4282 3154 4350 ἐθεώρει
3199 4280 3345 4347 τοὺς
3392 4280 3461 4343 ἐξ
3506 4277 3714 4343 Ἰνδῶν

460 4378 647 4451 aﬂ'ecit.
681 4378 964 4435 Hartalem
1006 4380 1252 4435 ardenter
1288 4380 1579 4449 concupivit
1625 4378 1882 4451 linguam,
1917 4398 2036 4452 qua:

2150 4378 2365 4444 λίθους,
2387 4377 2487 4433 καὶ
2504 4377 2856 4445 κατεφρόνει
2873 4390 2888 4405 ·
2906 4374 3051 4430 οὐδὲ
3069 4373 3182 4441 τῆς
3207 4373 3392 4440 Τύρου
3412 4371 3476 4425 τὸ
3493 4371 3713 4437 ἁλουρ-

459 4469 785 4526 immortales
812 4471 1063 4527 doctrina:
1092 4470 1318 4543 liquores
1346 4468 1649 4526 distillaret.

2138 4467 2242 4538 γὲς
2261 4467 2456 4536 αὐτὴν
2479 4467 2728 4536 ἔτερπεν
2755 4466 2958 4533 άνθος.
2988 4465 3264 4533 Πηλίνην
3291 4464 3492 4518 ἐπόθει
3524 4459 3714 4532 γλῶτ-

2132 4577 2266 4625 ταν,
2298 4561 2565 4614 ἀθάνατα
2597 4558 2997 4624 διδασκαλίας
3025 4556 3413 4626 προχέουσαν
3451 4554 3708 4623 νάματα.

530 4645 664 4701 Vidit
681 4651 964 4720 te‘antiqua
978 4648 1234 4719 Ephesus,
1255 4658 1305 4704 et
1317 4648 1579 4704 Joannem
1601 4664 1792 4704 novum
1812 4638 2025 4705 dixit".

2205 4649 2348 4707 Εἷδέ
2372 4666 2446 4706 σε
2470 4652 2572 4706 καὶ
2602 4652 2860 4720 Ἔφεσος
2883 4652 2922 4718 ἠ
2944 4649 3186 4718 ἀρχαία,
3215 4646 3314 4701 καὶ
3342 4646 3486 4701 νέον
3513 4643 3711 4700 Ἰωάν-

460 4733 617 4804 Vidit,
647 4746 704 4792 et
723 4740 1006 4812 euangelici
1030 4740 1307 4796 recordata
1334 4747 1411 4795 est
1436 4741 1655 4795 tonitru.

530 4922 755 4991 Exinde,
785 4942 823 4980 οι
844 4925 1038 4990 dilecti,
1069 4941 1250 4980 cursus
1279 4925 1531 4979 orationis
1560 4924 1615 4979 in
1642 4923 1951 4994 confragosa
1980 4930 2032 4977 et

461 5034 650 5091 aspera
674 5018 981 5091 impellitur.
1002 5018 1080 5074 Ne
1101 5027 1275 5074 tamen
1298 5018 1580 5090 asperitate
1601 5017 1838 5072 deterriti
1859 5015 2033 5088 fugia-

2134 4761 2252 4812 νην
2289 4746 2649 4813 προσεῖπεν
2690 4740 2833 4810 εἶδε,
2877 4742 2976 4797 καὶ
3011 4735 3405 4811 εὐαγβλικῆς
3439 4733 3709 4806 ὑπεμνή-

2135 4839 2252 4902 σθη
2271 4837 2315 4868 ⁷³
2331 4832 2617 4902 βροντῆς·

2219 4923 2546 4990 Ἐντεῦθεν,
2568 4922 2887 4992 ἀγαπητοὶ,
2916 4920 2984 4975 τὸ
3005 4919 3199 4990 ῥεῦμα
3226 4917 3333 4973 τοῦ
3363 4918 3549 4984 λόγου
3577 4926 3709 4981 τραο

2137 5015 2406 5085 χύνεται,
2434 5014 2598 5071 ἀλλὰ
2620 5015 2707 5085 μὴ
2734 5014 3013 5084 φύγωμεν
3053 5011 3168 5081 τὴν
3199 5008 3562 5078 τραχύτητα,
3596 5002 3706 5071 τῆς

1722 5152 1955 5208 νΑῐὶΙιΕ
1995 5152 2287 5210 LECTION
2295 5154 2397 5210 ES.

528 5263 774 5338 “Procl.
810 5263 1002 5338 Nullus
1041 5267 1197 5338 digne
1239 5267 1476 5323 laudabit
1511 5268 1803 5331 Joannem,
1831 5272 1877 5324 si
1912 5287 2013 5324 non
2049 5271 2116 5323 sit
2156 5269 2292 5324 alius
2333 5269 2587 5325 Joannes.
2629 5270 2689 5327 G.
2769 5272 2812 5303 ⁸⁸
2843 5270 3021 5324 Procl.
3061 5268 3291 5324 Joannes
3323 5266 3442 5332 ille,
3473 5264 3706 5338 Joannes

460 5338 594 5399 iste;
629 5334 723 5388 ille
758 5334 1232 5405 prwdicatorfiste
1282 5338 1434 5404 tuba,
1467 5345 1573 5394 etc.
1607 5339 1668 5395 G.
1745 5341 1790 5372 ⁶⁰
1812 5340 1991 5395 Procl.
2036 5338 2268 5393 Joannes
2319 5357 2439 5394 cum
2485 5340 2782 5405 beatissimo
2827 5338 3000 5393 Paulo
3050 5347 3172 5392 tunc
3215 5338 3410 5391 clamat
3452 5334 3703 5389 :Christi

462 5407 638 5461 bonus
675 5405 813 5459 odor
846 5419 1038 5461 sumus
1070 5424 1082 5460 :
1122 5406 1340 5461 Omnem
1373 5409 1513 5463 enim
1561 5408 1731 5463 locum
1762 5410 1843 5463 ab”
1867 5424 2044 5463 errore
2082 5408 2339 5463 liberauit.
2376 5410 2438 5465 (ἶ.

459 5473 605 5529 Euro

457 5543 567 5596 side

695 5476 722 5548 i_
755 5473 979 5548 Scythas,
1028 5493 1062 5530 a
1116 5475 1501 5548 Chrysostomo,
1546 5496 1664 5532 cum
1699 5477 1886 5548 Cucusi
1932 5476 2218 5540 exsularet,

647 5543 841 5616 'erbum
859 5544 957 5616 Dei
991 5543 1282 5601 seminavit.
1320 5547 1382 5604 Ο.
1456 5549 1501 5580 ⁶⁹
1537 5548 1714 5604 Procl.
1741 5549 1803 5602 In
1828 5543 2031 5616 Epheso
2065 5557 2234 5600 artem
2264 5543 2422 5602 Mida:
2449 5551 2664 5604 nudavit
2690 5567 2708 5604 :
2740 5559 2911 5606 artem
2941 5550 3204 5604 nefariam
3232 5545 3580 5615 comparandi
3607 5556 3706 5613 pe-

2516 5410 2560 5441 ⁶⁷
2592 5411 2771 5466 Procl.
2813 5410 2876 5463 In
2913 5411 3164 5479 plaustris
3201 5409 3457 5479 uiuentes,
3482 5405 3539 5479 _ii
3578 5411 3704 5479 sunt

2264 5477 2367 5546 ﬁde
2413 5478 2717 5535 Christiana
2749 5473 2956 5535 imbuti.
2997 5479 3059 5535 G.
3175 5479 3220 5510 ⁸⁸
3258 5476 3436 5531 Procl.
3474 5473 3704 5546 InPer-

458 5613 665 5670 cunias.
694 5614 757 5672 ϐ.
833 5616 876 5648 ⁷⁰
901 5615 1074 5687 δώρῳ.
1111 5617 1272 5673 Phot.
1294 5617 1349 5673 in
1376 5633 1549 5688 marg.
1623 5617 1786 5688 λόίῳ.
1858 5613 1901 5649 τι
1931 5617 2088 5673 Phot.
2135 5616 2190 5671 in
2236 5632 2403 5691 marg.
2457 5621 2764 5689 συνέταξεν.
2838 5621 3063 5677 "Phot.
3091 5620 3150 5673 in
3171 5613 3667 5688 ιηςιτείὺπενοήθη.
