3954 6294
290 264 326 323 5
1278 190 1288 199 ’
1367 227 1834 291 ΑΠΕΤΑΗΙυΜο
1866 251 1870 262 ι

1982 225 2073 285 ΑΙ)
2111 222 2289 285 ΤΟΜ.
2327 221 2426 282 1V.

3476 208 3573 277 ML

288 354 531 425 εἰρήνης
559 349 775 405 λοιπὸν
806 347 1209 415 ὁδοποιούσης
1251 343 1331 410 τῷ
1342 344 1617 413 ῥεύματι.
1645 344 1714 396 El
1751 339 1864 410 γάρ

1982 354 2104 402 nus,
2137 333 2562 408 quandoquidem
2593 346 2699 403 pax
2733 327 2910 383 cursui
2941 328 3081 380 viam
3106 324 3304 403 aperit.
3338 324 3476 380 Nam
3500 329 3545 382 si

294 463 343 500 τι
367 443 516 512 πρὸς
545 441 683 507 τοὺς
716 440 867 507 σοὺς
899 438 1145 503 ναύτας,
1166 431 1213 493 ὦ
1236 436 1448 503 Πάτερ,
1471 430 1848 504 ἀγανακτεῖς,

296 537 351 591 sl
379 552 434 589 τι
464 534 608 604 πρὸς
650 531 791 598 τοὺς
826 529 1380 600 συμπεπλευκότας
1418 524 1588 593 λυπῇ
1607 565 1622 591 ,
1651 521 1861 589 ἐννόη-

296 643 429 695 σον,
461 628 548 681 ὅτι
579 624 799 695 χειμὼν
833 625 935 678 καὶ
974 621 1217 677 κλύδων
1240 621 1336 675 καὶ
1368 617 1651 674 θάλασσα
1676 616 1864 685 βρασ-

296 716 515 790 σομένη
550 715 901 786 ἠνάγκασεν
932 712 1155 779 αὐτοὺς
1190 712 1285 765 καὶ
1318 711 1575 775 ἄκοντας
1606 706 1713 762 τὸν
1756 706 1863 761 Ἰω-

292 808 405 864 νᾶν
424 807 750 878 προσρῖψαι
777 804 903 871 τοῖς
932 805 1214 873 κύμασιν.
1250 804 1372 856 Οὐκ
1400 799 1646 854 ἐκείνων
1659 795 1861 868 μῖσος,

293 901 453 957 ἀλλά
493 900 609 955 σὸν
649 897 985 969 γυμνάσιον
1032 896 1098 951 τὸ
1149 892 1420 965 συμϐάν·
1460 892 1572 945 οὐκ
1619 888 1866 943 ἐκείνων

294 996 571 1063 πόλεμος,
603 991 764 1048 ἀλλὰ
794 989 908 1057 σὸς
931 987 1094 1058 ἀγὼν
1116 985 1188 1041 τὰ
1210 984 1500 1055 γενόμενα
1519 998 1533 1013 ι
1570 982 1681 1035 οὐκ
1711 977 1865 1032 ἐκεῖ·

293 1104 385 1142 νοι
420 1084 529 1153 τῆς
560 1081 897 1153 ἀδελφικῆς
950 1078 1387 1148 ἀπηνέχθησαν
1444 1072 1678 1144 ψήφου,
1726 1071 1865 1126 ἀλλ’

292 1177 411 1233 ἔδει
436 1177 534 1230 καὶ
564 1175 639 1228 σὲ
667 1174 773 1229 τὸν
803 1173 1058 1227 δίαυλον
1099 1170 1216 1224 τῶν
1239 1168 1555 1239 μαρτύρων
1581 1162 1825 1233 δραμεῖν
1850 1180 1863 1193 ·

300 1268 634 1339 ἀπόρρητός
664 1285 752 1333 τις
784 1265 1091 1333 οἰκονομία
1119 1258 1441 1330 σκάμματά
1464 1272 1564 1311 σοι
1591 1254 1687 1309 καὶ
1709 1253 1869 1307 διαύ-

294 1362 502 1429 Jove"
531 1359 878 1429 ηὐτρέπισε.
914 1355 1159 1419 Πάντως
1186 1348 1394 1420 ἐρρέθη
1438 1346 1536 1405 καὶ
1570 1344 1701 1413 περὶ
1751 1342 1867 1398 σοῦ

295 1450 441 1521 πρὸς
470 1451 579 1503 τὸν
611 1446 821 1502 κοινὸν
845 1445 1182 1500 ἀντίπαλον
1225 1439 1338 1510 τῆς
1378 1436 1863 1505 ἀνθρωπότητος·

296 1541 605 1613 Προσέσχες
636 1541 704 1609 τῇ
744 1536 953 1608 διανοίᾳ
982 1552 1075 1589 σου
1112 1532 1254 1588 κατὰ
1291 1529 1384 1585 τοῦ
1416 1527 1746 1599 Θεράποντός
1766 1541 1867 1597 μου

307 1632 583 1698 ’lwiwou;
619 1628 718 1683 καὶ
750 1627 917 1695 ἑξῆς.

1961 430 2106 503 quid,
2154 447 2184 485 o
2223 435 2402 500 pater,
2459 426 2524 479 de
2561 420 2987 479 naviductoribus
3011 419 3058 451 "
3082 416 3456 489 conquereris;
3499 421 3545 473 si

1961 522 2087 594 quid
2117 520 2366 576 adversus
2393 535 2478 572 eos
2506 528 2557 572 te
2586 523 2891 579 commouet,
2921 512 3012 583 qui
3035 510 3219 564 eadem
3247 512 3369 563 naui
3395 512 3545 564 uehe-

1962 618 2156 672 bantur
2189 631 2207 670 :
2236 615 2408 685 cogita
2459 610 2715 682 quomodo
2758 626 2790 661 a
2841 610 3168 675 tempestate,
3213 601 3463 672 procella,
3499 610 3547 656 et

1963 713 2319 783 eﬂ‘ervescente
2342 710 2480 763 mari
2511 708 2557 740 ⁷⁸
2581 706 2743 759 coacti
2770 713 2893 757 sunt
2926 701 3008 757 vel
3038 700 3190 759 inviti
3222 699 3413 773 Ionam
3445 702 3548 772 [lu-

1962 805 2127 861 ctibus
2180 805 2512 873 immergere.
2553 797 2703 864 Quod
2743 796 2962 856 accidit.
2999 810 3104 848 non
3148 808 3329 847 eorum
3367 793 3548 846 odium

1965 898 2085 968 fuit,
2113 896 2202 951 sed
2239 904 2333 949 tua
2372 893 2677 948 exercitatio
2706 906 2723 943 :
2750 888 2888 960 quod
2923 888 3119 958 factum
3155 894 3248 952 est,
3280 901 3383 938 non
3411 885 3547 954 ipso-

1965 1008 2085 1045 rum
2112 988 2307 1044 bellum
2342 994 2477 1051 erat,
2511 984 2602 1040 sed
2636 991 2786 1037 tuum
2824 988 3090 1035 certamen
3118 995 3262 1032 :non
3294 976 3373 1030 illi
3404 977 3467 1030 de
3500 984 3550 1030 te

1966 1080 2123 1136 aliter
2173 1095 2335 1150 quam
2388 1076 2580 1147 fratres
2626 1072 2858 1134 decebat,
2902 1056 3207 1132 senserunt,-
3261 1065 3415 1137 103
3460 1065 3550 1119 sed

1966 1174 2198 1244 oportuit
2244 1177 2304 1224 ut
2346 1169 2579 1224 stadium
2623 1172 2921 1235 martyrum
2968 1162 3290 1215 decurreres.
3335 1159 3555 1212 Arcana

1968 1263 2199 1336 quadam
2228 1261 2615 1333 dispensatione
2650 1256 2789 1311 Deus
2828 1254 3019 1318 locum,
3056 1254 3111 1306 in
3150 1268 3251 1322 quo
3286 1266 3555 1321 pugnares

1969 1363 2019 1410 et
2058 1369 2314 1417 curreres,
2350 1351 2691 1423 praeparavit.
2744 1346 2806 1402 Ut
2853 1346 3064 1400 omnino
3108 1344 3368 1398 diceretur
3394 1341 3457 1395 de
3498 1347 3555 1394 te

1969 1456 2155 1503 contra
2200 1447 2356 1499 totius
2388 1443 2735 1499 humanitatis
2770 1439 3133 1494 adversarium
3173 1450 3498 1489 communem
3529 1448 3548 1487 :

1968 1537 2231 1610 Nunquid
2260 1533 2622 1591 considerasti
2652 1546 2873 1587 servum
2896 1544 3078 1584 meum
3112 1524 3414 1584 Joannem?
3448 1531 3545 1578 etc.

374 1719 797 1790 Ἐ’χρεωστεῖτο
838 1717 916 1783 τῷ
964 1713 1218 1787 λαμπρῷ
1261 1713 1400 1778 βίῳ,
1431 1711 1528 1764 καὶ
1562 1711 1598 1778 ἡ
1629 1706 1870 1778 λαμπρὰ

2045 1712 2276 1768 Illustris
2317 1713 2423 1766 vita
2469 1708 2662 1763 illustri
2698 1716 2863 1761 morte
2900 1705 3181 1775 indigebat.
3223 1704 3550 1774 Oppugnavit

293 1811 560 1881 τελευτή.
597 1810 881 1865 Ἐπάλαιε
913 1808 1030 1879 μὲν
1061 1805 1141 1873 τῷ
1182 1805 1314 1861 Ἰὼϐ
1338 1807 1371 1858 ό
1402 1802 1702 1867 διάϐολος,
1736 1798 1865 1851 ἐδό-

293 1923 440 1961 κουν
473 1902 547 1958 δὲ
596 1901 998 1970 προσκρούειν
1030 1901 1083 1953 ol
1114 1897 1301 1967 φίλοι.
1334 1894 1437 1948 Διά
1471 1893 1651 1947 τοῦτο
1684 1890 1863 1945 ὒστε·

285 2011 399 2063 ρον
425 1996 459 2047 ὁ
485 1993 636 2060 Θεὸς
670 1990 894 2055 ἐξιᾶται
923 1987 1066 2053 τοὺς
1093 1986 1331 2058 φίλους,
1362 1982 1459 2037 καὶ
1498 1980 1621 2047 τοῖς
1667 1979 1865 2049 φίλοις

292 2087 469 2156 φίλον
503 2084 618 2139 τὸν
657 2082 777 2140 ’1ὼό
804 2079 1153 2137 ἀποδίδωσι.
1200 2076 1378 2131 Τοῦτο
1441 2073 1542 2127 καὶ
1590 2072 1727 2137 νῦν,
1751 2069 1867 2124 ὤσ-

294 2194 398 2245 περ
435 2175 822 2243 αἰσθάνομαι,
853 2170 1119 2241 γεγονὸς,
1156 2162 1203 2222 ὦ
1231 2165 1442 2234 Πάτερ,
1475 2164 1576 2218 καί
1621 2161 1729 2228 τὰς
1773 2161 1867 2214 ὄε-

1973 1805 2214 1860 diabolus
2256 1804 2465 1866 Jobum,
2494 1800 2803 1856 videbantur
2838 1799 2941 1869 ipsi
2979 1810 3180 1868 quoque
3216 1796 3371 1849 amici
3411 1810 3551 1863 aegro

1972 1907 2021 1952 et
2059 1897 2264 1967 infenso
2303 1911 2412 1949 esse
2448 1895 2624 1947 animo
2658 1909 2674 1946 :
2706 1906 2869 1962 quare
2898 1889 3038 1944 Deus
3074 1895 3250 1959 postea
3283 1886 3407 1957 ipsis
3439 1900 3550 1939 me-

1973 1991 2203 2044 dicinam
2237 1992 2251 2009 ‘
2284 1986 2536 2049 adhibuit,
2582 1984 2874 2053 Jobumque
2923 1982 3139 2044 amicis,
3186 1978 3378 2031 amicos
3422 1976 3550 2031 Jobo

1973 2080 2197 2135 reddidit
2230 2095 2248 2131 :
2273 2079 2367 2131 hoc
2397 2077 2551 2130 etiam
2587 2091 2745 2137 nunc,
2774 2080 2830 2125 ut
2860 2072 3045 2135 sentio,
3075 2071 3269 2139 factum
3294 2067 3347 2120 in
3380 2075 3428 2118 te
3453 2074 3546 2132 est,

1974 2186 2004 2225 ο
2027 2169 2212 2235 Pater,
2235 2168 2551 2238 dextrasque
2574 2165 2798 2219 Patrum
2824 2163 2995 2217 videre
3022 2161 3148 2216 mihi
3172 2159 3348 2213 videor
3371 2165 3550 2211 mutuo

292 2267 419 2335 ξιάς
454 2267 581 2322 τῶν
635 2265 912 2333 Πατέρων
970 2260 1272 2327 ἀλλήλαις
1327 2252 1865 2325 συνεφαπτομένας

1982 2259 2204 2324 iunctas.
2256 2257 2465 2328 Recepit
2511 2256 2671 2311 Jobus
2720 2253 2900 2324 plura,
2942 2268 3104 2322 quam
3146 2250 3290 2320 prius
3336 2246 3546 2310 habuit,

290 2361 671 2432 φαντάζομαι.
717 2357 1034 2413 Ἀπέλαϐεν
1078 2352 1209 2409 Ἰὼϐ
1250 2345 1867 2403 πολυπλασιασθέντα

1975 2349 2212 2419 recepisti
2257 2354 2308 2401 et
2352 2356 2406 2399 tu
2454 2363 2571 2400 cum
2614 2345 2853 2400 auctario
2884 2340 3110 2413 gloriam
3153 2338 3387 2393 omnibus
3432 2352 3550 2392 ma-

291 2453 360 2506 τὰ
398 2450 708 2521 χρήματα·
763 2446 1061 2511 ἀπέλαϐες
1102 2441 1201 2496 καὶ
1227 2440 1310 2496 σὺ
1330 2442 1483 2510 μετὰ
1513 2436 1867 2507 προσθήκης
1965 2439 2162 2509 jorem.

294 2542 405 2612 τὴν
433 2540 601 2609 παρὰ
635 2537 877 2594 πάντων
908 2536 1104 2606 τιμήν.

366 2629 577 2684 Τοῦτον
613 2628 705 2681 τὸν
730 2626 957 2698 ἔσχατον
988 2625 1145 2694 λόγον
1178 2627 1211 2695 ἡ
1239 2622 1517 2694 ἐπιγραφὴ
1544 2622 1600 2674 ἐν
1622 2618 1697 2690 τῷ
1729 2618 1867 2672 ἁπο-

292 2723 515 2794 στολείῳ
552 2720 801 2792 εἰρῆσθαι
825 2719 998 2788 λέγει.
1030 2719 1104 2772 Τδ
1138 2718 1195 2772 δὲ
1240 2717 1523 2790 προοίμιον
1550 2713 1864 2776 αἰνίττεται,

303 2812 376 2877 ὥς
402 2812 589 2868 ἄλλων
622 2810 1009 2882 προειπόντων,
1042 2810 1071 2862 ὁ
1098 2808 1448 2879 συγγραφεὺς
1477 2804 1593 2876 μετ’
1628 2801 1867 2864 ἐκείνους

288 2906 619 2976 δημηγορεῖ.
675 2903 827 2972 Ἔχει
864 2901 974 2971 γὰρ
1020 2899 1224 2964 οὕτως·
1267 2896 1502 2965 Ἐπειδὴ
1536 2895 1692 2965 κάμὲ
1719 2891 1868 2961 πρὸς

291 2996 357 3050 τὸ
382 2996 596 3066 λέγειν
621 2999 653 3049 ό
678 2995 904 3059 κύκλος
938 2992 1280 3058 ἀνίστησιν,
1315 2988 1522 3056 ἐπειδὴ
1550 2986 1616 3041 τὸ
1649 2986 1870 3051 σύνθη-

2045 2628 2205 2683 Hunc
2244 2636 2584 2698 postremum
2633 2640 2941 2682 sermonem
2982 2623 3267 2695 inscriptio
3303 2623 3462 2678 docet
3496 2621 3550 2676 in

1975 2718 2278 2789 apostolico
2312 2719 2513 2788 templo
2548 2717 2817 2773 habitum.
2864 2716 3200 2772 Prommium
3244 2730 3375 2770 vero
3414 2715 3552 2769 indi-

1977 2816 2064 2864 cat
2093 2809 2162 2864 ab
2196 2818 2423 2864 auctore
2451 2809 2677 2875 factum,
2704 2817 2992 2879 postquam
3020 2807 3114 2861 alii
3143 2807 3426 2862 dixissent.
3463 2806 3553 2862 Sic

1975 2900 2123 2956 enim
2161 2915 2219 2956 se
2253 2901 2421 2956 habet
2454 2918 2467 2953 :
2500 2899 2634 2955 Cum
2670 2917 2753 2954 me
2796 2898 2922 2953 ordo
2952 2899 3023 2954 ad
3066 2899 3341 2953 dicendum
3372 2914 3555 2952 assur-

1975 3006 2096 3061 gere
2111 2990 2318 3061 jubeat,
2348 2992 2659 3061 signumque
2682 2988 2752 3044 ad
2780 3004 3103 3042 communem
3136 2988 3286 3056 quasi
3314 2987 3557 3040 choreum

287 3105 371 3158 μα
396 3057 560 3158 πρὸς
594 3085 712 3153 τὴν
739 3057 956 3155 κοινην
984 3085 1228 3154 χορείαν
1252 3081 1484 3152 ἐγείρει,
1516 3075 1760 3133 ἐπειδὰν
1783 3072 1870 3128 δεῖ

1982 3057 2182 3143 excitet,
2216 3096 2335 3132 cum
2379 3057 2459 3132 me
2505 3057 2664 3132 etiam
2712 3084 2951 3149 Oporteat
2990 3075 3283 3130 laudationi
3324 3082 3558 3146 paterna:

290 3180 441 3249 κάμὲ
492 3177 652 3247 πρὸς
696 3176 1000 3246 εὐφημίαν
1051 3172 1348 3244 πατρικὴν
1384 3168 1875 3238 ἀνακρούσασθαι

283 3269 491 3339 μέλος,
532 3267 635 3323 καί
664 3268 877 3322 πολλοὶ
906 3266 1023 3336 μὲν
1054 3268 1110 3320 οί
1154 3263 1221 3318 τὸ
1253 3263 1495 3332 ὄφλημα
1525 3259 1592 3314 τὸ
1620 3255 1872 3327 ἀπαραί-

293 3377 472 3427 τητον
519 3359 923 3423 ἀπαιτοῦντες
940 3357 1005 3422 ⁷⁸,
1045 3356 1181 3426 παρ’
1219 3354 1363 3425 ἡμῖν
1405 3352 1474 3406 δὲ
1527 3349 1709 3405 οὐδὲν
1767 3347 1872 3416 τῆς

293 3448 598 3519 πατρικῆς
638 3447 975 3519 ἐφάμιλλον
1031 3444 1280 3517 ἀρετῆς·
1336 3442 1575 3514 χρῆσον
1608 3439 1775 3511 ἡμῖν,
1826 3433 1875 3496 ὦ

295 3542 487 3611 Πάτερ
528 3539 806 3609 Ἰωάννη,
836 3538 953 3609 τὴν
974 3538 1172 3607 λύραν
1196 3536 1312 3605 τὴν
1336 3533 1478 3601 σήν.

298 3762 456 3834 104
495 3762 587 3834 Ea:
621 3752 937 3834 allocutione
963 3754 1293 3834 Theodoreti,
1317 3755 1456 3834 dicta
1474 3752 1727 3834 aduersus
1751 3771 1879 3809 san-

361 3825 506 3887 ctum
533 3831 795 3902 Cyrillum
825 3829 1179 3902 Calchedone,
1218 3843 1337 3881 eum
1371 3826 1435 3881 ab
1466 3825 1671 3902 Epheso
1698 3841 1881 3902 ascen-

363 3905 527 3957 disset
564 3893 632 3955 (id
670 3893 1179 3970 Constantinopolim
1212 3914 1327 3970 una.
1350 3913 1467 3950 cum
1508 3893 1881 3961 Orientalibus,

363 3990 461 4045 pro
490 3972 760 4037 Nestorio,
793 3972 947 4041 quasi
974 3967 1169 4041 injuste
1196 3967 1563 4022 condemnato.

362 4083 535 4139 Vides
571 4081 847 4153 quomodo
886 4090 942 4137 et
974 4079 1344 4137 ditl‘erentiam
1378 4085 1702 4133 naturarum
1750 4077 1885 4142 scio,

291 4182 349 4231 et
375 4176 658 4231 unitatem
693 4190 802 4228 non
836 4174 1009 4238 solvo,
1037 4187 1070 4228 θ
1098 4186 1240 4228 nove
1267 4168 1473 4225 Christi
1508 4169 1875 4239 impugnator,

293 4266 469 4337 magis
491 4280 632 4320 vero
654 4263 753 4318 Dei
784 4263 1134 4335 impugnator
1158 4279 1172 4318 :
1201 4261 1350 4317 Hunc
1379 4262 1682 4333 prazscripto
1705 4261 1878 4315 consi-

296 4355 361 4411 lic
380 4372 441 4416 ειε
464 4356 804 4428 prwscientia
829 4353 926 4409 Dei
950 4354 1200 4409 traditum
1224 4355 1507 4425 capientes,
1533 4368 1627 4424 per
1659 4368 1879 4406 manum

1975 3168 2291 3241 praludere,
2319 3178 2367 3222 et
2395 3168 2561 3223 ordiri
2591 3167 2773 3233 melos,
2802 3167 3115 3237 exigantque
3149 3162 3302 3219 multi
3337 3165 3552 3221 indecli-

1978 3260 2152 3316 nabile
2176 3260 2405 3315 debitum
2429 3261 2493 3315 ab
2517 3276 2595 3327 eo,
2614 3259 2703 3330 qui
2720 3275 2822 3312 non
2845 3256 2996 3312 habet
3015 3273 3115 3327 par
3152 3257 3438 3328 quidquam
3462 3273 3556 3326 pa-

1989 3358 2155 3407 terna:
2180 3352 2364 3406 uirtuti
2396 3349 2741 3405 celebrandaz.
2773 3348 2856 3403 Da
2888 3355 3130 3402 mutuam
3167 3346 3342 3416 nobis,
3368 3346 3553 3417 Pater,

1981 3445 2156 3517 lyram
2194 3452 2362 3502 tuam.

1977 3750 2361 3810 Theodoretus
2404 3744 2787 3810 Calchedone,
2838 3757 3026 3799 mense
3066 3740 3380 3812 Septembri
3423 3756 3555 3796 ann.

1977 3824 2105 3889 451,
2139 3828 2333 3879 contra
2365 3819 2422 3874 S.
2455 3817 2741 3889 Cyrillum.
2770 3829 2951 3889 quem
2975 3811 3180 3889 ubique
3219 3811 3420 3881 passim
3464 3827 3557 3865 ac-

1980 3882 2136 3949 cusat
2178 3882 2521 3946 confusionis
2562 3882 2889 3940 naturarum
2937 3883 2994 3938 in
3034 3882 3275 3947 Christo,
3305 3891 3363 3936 et
3391 3897 3423 3936 a
3448 3897 3559 3952 quo

1981 3970 2249 4019 assertam
2278 3961 2548 4015 unitatem
2578 3956 2699 4010 καθ’
2731 3956 3026 4008 ὑπόστασιν
3061 3953 3274 4007 irridet.

2054 4034 2144 4087 Ill.
2187 4031 2320 4098 Quae
2360 4028 2905 4098 diximus,imagnam
2936 4021 3230 4098 _a_ccipiunt
3272 4021 3451 4098 lucem
3491 4035 3556 4074 ex

1984 4089 2237 4172 epistola:
2265 4089 2836 4172 quam_Theo’dor_etus
2857 4089 3201 4172 Qalchedoqne
3228 4089 3296 4172 ad
3322 4089 3557 4172 Alexan-

1986 4158 2148 4226 drum
2184 4158 2651 4239 Hierapolitanum
2684 4163 2885 4239 Ephesi
2923 4170 3230 4239 versantem
3264 4158 3415 4239 dedit
3443 4175 3471 4239 ε.
3491 4175 3555 4213 ex

1986 4242 2093 4297 hac
2137 4241 2283 4297 enim
2326 4229 2671 4306 intelligitur,
2711 4229 2956 4306 quinque
3004 4230 3412 4286 Theodoretum
3448 4229 3557 4281 ha-

1986 4311 2176 4367 buisse
2216 4302 2564 4365 Calchedorie
2617 4302 2937 4363 conciones,
2982 4308 3219 4369 quatuor
3266 4306 3556 4365 antequam

1988 4380 2297 4435 Alexandro
2315 4376 2583 4432 scriberet
2604 4393 2616 4426 :
2634 4371 3020 4429 Celebravimus
3034 4385 3259 4435 synaxes
3276 4369 3558 4431 maximas,

295 4449 603 4521 iniquorum
625 4448 907 4519 aﬂligentes
931 4448 1283 4518 interfecistis,
1310 4464 1460 4519 quem
1488 4446 1628 4501 Deus
1666 4446 1885 4503 resusci—
1912 4465 1960 4522 ι)
1988 4459 2038 4522 e_t
2073 4458 2271 4522 quarto
2304 4449 2430 4518 ipsis
2459 4450 2779 4522 enarratum
2812 4449 2908 4522 ‘est.
2939 4440 3015 4505 de
3042 4440 3181 4521 ﬁde;
3214 4453 3398 4520 unam,
3435 4453 3560 4518 cum

294 4541 427 4594 tavit
455 4556 523 4595 ea:
550 4540 792 4606 mortuis,
814 4537 997 4594 solutis
1022 4536 1243 4594 vinculis
1266 4538 1460 4608 inferni
1486 4535 1534 4591 ιι.

870 4656 1021 4696 NOTAE
1060 4653 1324 4697 GABNERII.

366 4733 410 4789 1.
452 4731 804 4788 Theodoreti
839 4733 982 4788 hanc
1020 4748 1143 4788 esse
1189 4732 1574 4787 allocutionem
1621 4730 1883 4786 evincunt

296 4803 412 4859 duo
447 4820 461 4858 :
494 4803 800 4861 auctoritas
828 4820 860 4857 v
892 4802 1107 4869 synodi,
1138 4804 1297 4872 cujus
1325 4804 1464 4857 actis
1492 4801 1788 4872 inseritur;
1828 4812 1885 4852 et

296 4875 676 4954 consonantia
708 4873 973 4954 doctrinae
1005 4888 1130 4954 cum
1164 4870 1250 4938 ea,
1296 4888 1460 4942 quam
1502 4870 1884 4926 Theodorctus

297 4943 636 4999 indubitatis
663 4943 718 4997 in
748 4943 884 4998 locis
909 4942 1096 4997 tradit.

370 5014 439 5069 ll.
488 5014 599 5070 Ubi
648 5013 839 5068 habita
885 5013 975 5078 sit,
1025 5027 1135 5081 quo
1187 5020 1464 5082 tempore,
1515 5019 1572 5065 et
1622 5011 1885 5067 adversus

1988 4507 2363 4576 Orientalibus
2409 4516 2477 4571 ad
2529 4530 2656 4569 suas
2702 4510 2981 4581 Ecclesias
3026 4511 3327 4581 remigrare
3367 4507 3557 4579 jussis,

1987 4591 2321 4647 valediceret
2344 4586 2490 4658 plebi
2513 4580 3151 4658 Constantinopolitanae.

2063 4661 2150 4716 IV.
2186 4661 2267 4714 Ex
2310 4647 2398 4713 his
2440 4658 2562 4711 dua:
2595 4654 2743 4709 omni
2785 4667 2852 4706 ex
2877 4647 3039 4720 parte
3079 4651 3396 4719 perierunt;
3431 4647 3565 4702 alia-

1988 4746 2113 4785 rum
2140 4731 2374 4786 duarum
2399 4727 2594 4796 exigua
2620 4726 2918 4796 fragmenta
2947 4729 3257 4796 superant_:_
3277 4734 3399 4796 una
3425 4733 3565 4796 pene

1989 4801 2203 4871 integra
2240 4806 2454 4871 servata
2491 4787 2681 4871 estin
2705 4787 2866 4871 'actis
2911 4787 3260 4871 conciliabu‘li
3302 4787 3563 4871 Ephesini

1989 4858 2371 4931 Orientalium,
2405 4882 2526 4936 qua:
2562 4866 2880 4921 inseruntur
2918 4860 2975 4914 in
3025 4858 3322 4914 secundam
3352 4865 3565 4927 partem

1991 4939 2207 4995 concilii
2246 4938 2531 5008 Ephesini.

2061 4993 2133 5063 Et
2165 4993 2511 5079 differ-entiam
2549 5011 2884 5079 naturarum
2920 5000 3045 5064 scio,
3080 5007 3187 5079 etc.
3233 4993 3564 5079 Alteroanti:

295 5067 465 5153 quem
485 5067 528 5152 ,⁷
548 5067 843 5154 inscriptio
890 5067 1250 5140 demonstrat.
1294 5067 1634 5138 Declamavit
1677 5082 1888 5138 scilicet
1993 5080 2097 5135 bus
2118 5067 2247 5133 hinc
2272 5077 2396 5132 inde
2420 5075 2690 5147 partibus,
2707 5074 2773 5128 de
2796 5071 2995 5127 unione
3015 5077 3335 5125 naturarum
3362 5067 3564 5136 φυσικῇ

368 5223 399 5266 σι
421 5225 549 5281 Act.
581 5240 642 5291 ιι,
666 5222 758 5290 25,
783 5224 874 5283 24.

1578 5313 1813 5372 VARIIE
1848 5310 2255 5370 LECTIONES.

372 5457 420 5492 ⁷³
445 5456 617 5514 Phot.
650 5455 707 5511 in
746 5470 921 5527 marg.
966 5456 1196 5527 σκάμμα
1245 5472 1331 5527 σοι
1368 5452 1743 5527 musteum.
1780 5451 2103 5527 Scammatis
2142 5463 2331 5527 vocem
2367 5461 2479 5527 pro
2523 5459 2703 5527 arenae
2737 5449 2880 5527 male
2923 5449 2995 5527 et,
3016 5443 3263 5527 palaestra
3306 5443 3573 5527 adhibent

298 5527 691 5585 Tertullianus
717 5534 774 5581 et
798 5524 1178 5597 Hieronymus.
1219 5528 1278 5581 ln
1312 5524 1558 5597 Scholiis
1587 5524 1652 5597 ad
1685 5524 1741 5597 ιι,
1782 5524 1819 5577 l.

1862 5539 1916 5593 p.
1969 5523 2092 5593 409.
2140 5525 2326 5593 monet
2367 5512 2748 5593 Hceschelius:
2794 5512 3157 5593 Tg‘cuaupa,
3207 5514 3359 5567 locus
3392 5519 3572 5568 certa.

297 5581 475 5653 ἱηὶὲιίέ
497 5581 778 5665 ,οειηριιε
822 5581 1132 5650 ιιιὶιιειῗιειιε.
1157 5581 1367 5666 Epiph.
1443 5593 1583 5649 .2‘16.
1622 5581 1878 5648 Ambros:
1902 5594 1937 5648 1,
1969 5609 1985 5646 ι
2018 5581 2091 5645 De
2134 5589 2339 5657 oﬂiciis.
2370 5602 2419 5641 c.
2450 5586 2534 5640 16.
2610 5582 2652 5612 ⁷⁸
2686 5584 2782 5634 ἀπ.
2840 5581 3070 5636 Photius
3096 5582 3151 5635 in
3175 5598 3346 5652 marg.
3375 5598 3572 5651 παραι-

298 5667 555 5718 eon-zec.
595 5665 661 5718 ll.
695 5665 776 5718 St.
854 5666 897 5697 ⁷⁵
932 5666 1250 5718 Pastoribus
1291 5613 1565 5718 Eccﬂasiaz.
1590 5664 1652 5716 D.
1732 5662 1773 5694 ⁷⁸
1805 5663 1955 5718 Aula:
1997 5661 2078 5716 ira
2123 5671 2178 5714 et
2216 5656 2425 5712 invidia
2469 5659 2693 5718 propter
2734 5651 3056 5707 Ehdoxiam.
3087 5651 3147 5707 G.

298 5667 555 5731 ωὖντες.
595 5665 661 5721 ll.
695 5665 776 5722 St.
854 5666 897 5697 ⁷⁵
932 5665 1250 5721 Ριιειοιίὺιιε
1291 5667 1395 5719 Ecc

1419 5666 1565 5721 esiaz.
1590 5664 1652 5716 D.
1732 5662 1773 5694 ⁷⁸
1805 5663 1955 5718 Aula:
1997 5661 2078 5716 ira
2123 5651 2190 5714 cf
2216 5656 2425 5712 invidia
2469 5659 2693 5726 propter
2734 5651 3056 5707 Ehdoxiam.
3087 5651 3147 5707 G.
