3954 6294
259 284 325 348 57
413 337 418 342 _
1387 276 1928 337 AUC'I‘ARIUM.-
1956 277 2052 336 AD
2088 277 2262 339 TOM‘.
2301 279 2390 341 IV.
3438 279 3510 342 58

262 392 613 458 ﬁdis-ﬂuctus
642 390 876 446 transire
908 389 1022 445 ausi
1057 391 1209 456 estis,
1238 399 1297 445 ut
1329 403 1568 446 nostram
1601 393 1834 447 audiatis
1869 395 1912 450 Α
2008 392 2136 447 Vere
2166 394 2477 464 obstupescit
2506 393 2693 447 caelum
2717 393 2786 448 ad
2815 395 2928 457 hoc,
2960 401 3008 446 et
3038 392 3240 446 horruit
3281 393 3510 464 amplius

259 503 482 552 vocem,
527 499 693 555 quam
741 483 911 538 vestri
963 483 1204 554 pastoris
1253 483 1403 538 vocis
1455 483 1685 556 emgiem
1739 499 1838 553 pu-

259 579 406 633 tatis.

327 666 666 722 Desideratis
706 667 853 722 enim
893 665 1084 720 audire
1123 665 1393 737 iucundas
1436 665 1603 721 vestri
1654 674 1837 736 pasto-

258 761 330 814 ris
370 759 584 813 ﬁstulas
621 777 633 811 :
670 759 926 828 pastoris,
963 773 1126 828 quem
1161 767 1411 827 pastores
1449 757 1583 812 socii
1617 757 1837 811 calamis

254 849 601 910 occiderunt,
642 856 702 902 ut
748 857 963 918 putant,
1000 848 1067 901 ad
1108 863 1249 917 quos
1285 849 1430 903 Deus
1464 865 1563 918 per
1601 849 1836 918 prophe-

257 949 362 993 tam
416 940 615 993 elamat
666 957 679 992 :
729 939 977 994 Pastores
1033 940 1187 994 multi
1230 949 1577 1010 corruperunt
1623 941 1834 994 vineam

253 1044 460 1091 meam,
514 1029 925 1098 coinquinarunt
970 1030 1260 1099 portionem
1303 1046 1504 1093 meam,
1552 1038 1833 1098 posuerunt

249 1126 462 1187 partem
516 1135 688 1172 meam
733 1119 1130 1173 desiderabilem
1178 1121 1232 1174 in
1273 1119 1608 1174 solitudinem
1643 1123 1834 1190 imper-

250 1213 397 1268 viam
427 1209 475 1265 ι.
516 1212 671 1266 Dicat
693 1211 760 1266 de
785 1212 1009 1282 ipsis,et
1029 1229 1127 1280 per
1150 1213 1315 1266 alium
1350 1213 1671 1282 prophetam
1700 1236 1713 1268 .-
1740 1213 1833 1268 Se-

248 1303 483 1358 cundum
506 1303 895 1358 multitudinem
925 1306 1159 1374 ipsorum
1188 1306 1262 1358 ita
1287 1312 1626 1374 peccaverunt
1655 1307 1780 1359 mihi
1815 1323 1826 1358 :

247 1395 481 1466 gloriam
515 1412 694 1449 eorum
724 1397 778 1449 in
803 1397 1150 1465 ignominiam
1179 1413 1371 1466 ponam
1403 1395 1444 1449 1.
1478 1397 1629 1451 Dicat
1653 1405 1709 1452 et
1736 1413 1833 1466 per

248 1487 415 1540 alium
453 1487 654 1541 iterum
690 1487 1010 1556 prophetam
1041 1503 1054 1539 :
1087 1487 1170 1541 Va:
1201 1486 1302 1554 filii
1333 1495 1607 1557 apostatte,
1639 1489 1831 1558 fecistis

246 1579 544 1644 consilium,
600 1587 650 1632 et
706 1595 808 1632 non
866 1595 929 1631 ea:
989 1595 1104 1645 me;
1158 1588 1208 1631 et
1255 1589 1430 1648 pacta,
1481 1587 1532 1633 et
1581 1597 1686 1634 non
1739 1597 1832 1650 per

244 1670 492 1738 spiritum
533 1685 706 1722 meum
719 1685 737 1732 ;
768 1676 824 1720 ut
862 1668 1126 1738 adjiciatis
1166 1679 1433 1738 peccatum
1465 1686 1624 1740 super
1651 1686 1832 1740 pecca-

1939 492 2106 550 terra,
2139 485 2263 539 dicit
2301 485 2580 550 Dominus,
2623 485 2748 555 quia
2797 484 2899 537 duo
2947 485 3054 537 haec
3092 482 3237 537 mala
3269 483 3386 552 fecit
3415 500 3512 554 po-

1941 576 2096 646 pulus
2142 579 2260 630 iste.
2304 578 2406 642 Me,
2444 578 2642 647 inquit,
2688 575 3100 646 dereliquerunt,
3131 578 3330 642 fontem
3362 593 3514 647 aqua:

1938 668 2086 731 vivat,
2118 677 2165 720 et
2197 668 2442 737 foderunt
2471 669 2565 723 sibi
2586 671 2841 722 cisternas
2870 669 3108 733 detritus,
3142 685 3258 738 gnte
3289 687 3390 722 non
3422 686 3514 739 po-

1939 766 2115 810 terunt
2159 776 2355 828 aquam
2383 761 2672 813 continere
2702 767 2748 812 P.
2802 759 2956 812 Dicat
2994 757 3061 812 ad
3105 776 3203 813 eos
3234 760 3378 813 Deus
3413 774 3511 827 per

1935 849 2227 903 Jeremiam
2263 850 2588 919 prophetam
2627 869 2639 903 :
2671 852 2910 904 Transite
2940 851 3009 904 ad
3053 850 3256 904 insulas
3287 849 3507 915 Cltetim,

1937 948 1985 992 et
2014 941 2204 1005 videte;
2233 948 2281 993 et
2329 943 2384 994 in
2425 925 2596 996 δεξιαί·
2628 944 2839 1007 mittite,
2875 951 2924 994 et
2955 942 3284 996 considerate
3311 943 3438 996 bene
3463 945 3510 997 si

1935 1030 2076 1098 facta
2105 1032 2212 1084 sint
2254 1031 2408 1098 talia,
2441 1033 2624 1103 qualia
2679 1037 2810 1100 hwc,
2864 1034 2909 1088 si
2961 1033 3278 1088 mutaverint
3332 1043 3509 1104 gentes

1934 1122 2054 1175 deos
2082 1138 2203 1176 suos
2227 1132 2276 1174 ιι.

2009 1235 2244 1290 Transite
2292 1237 2362 1290 ad
2415 1237 2623 1291 insulas
2670 1238 2888 1294 Chetim.
2931 1237 3051 1293 Non
3081 1239 3268 1301 vultis,
3310 1237 3506 1308 inquit,

1933 1325 2076 1382 ferre
2101 1328 2266 1382 verba
2291 1344 2410 1382 mea
2437 1345 2450 1394 ;
2483 1343 2592 1383 non
2621 1329 2772 1384 fertis
2798 1315 3131 1400 prophetas;
3175 1345 3282 1383 non
3311 1331 3510 1398 accipi-

1934 1419 2004 1473 tis
2033 1420 2251 1490 legem;
2296 1436 2406 1473 non
2454 1421 2678 1475 creditis
2722 1421 2925 1475 divinis
2971 1421 3309 1490 Seripturis?
3361 1437 3509 1475 assu-

1933 1512 2064 1565 mite
2089 1512 2375 1580 gentilium
2409 1529 2610 1582 pueros
2640 1513 2694 1566 in
2726 1513 3020 1577 doctores;
3067 1513 3140 1565 ite
3190 1512 3255 1565 ad
3296 1520 3505 1581 gentes,

1930 1613 1986 1659 et
2007 1605 2200 1659 discite
2226 1605 2502 1674 quomodo
2525 1604 2776 1658 colantur
2796 1603 2865 1657 ab
2885 1604 2992 1657 illis
3017 1603 3092 1655 dii
3123 1602 3505 1671 putativi,eum

1935 1713 2040 1749 non
2072 1697 2181 1750 sint
2209 1697 2285 1751 dii
2318 1715 2330 1750 :
2357 1696 2595 1750 Transite
2631 1695 2700 1749 ad
2729 1694 2932 1748 insulas
2963 1693 3190 1759 Cltetim,
3229 1703 3278 1746 et
3320 1693 3506 1746 mittite

935 1757 945 1768 ,
1448 1760 1458 1770 _
1489 1760 1500 1770 ο
1531 1738 1538 1740 -
1653 1738 1659 1740 -
2072 1738 2181 1750 ω...
2210 1738 2285 1751 υ...
2319 1739 2330 1750 .
2361 1738 2592 1750 ......ν..ν
2631 1738 2697 1749 ....
2731 1738 2932 1748 ............
2965 1738 3190 1759 v..-.....,
3231 1738 3274 1746 ν-

246 1768 391 1823 mm;
421 1759 656 1811 conversi
685 1759 828 1821 em"
857 1773 944 1826 qm
971 1757 1290 1826 profundum
1319 1758 1592 1811 mmmam
1622 1757 1829 1812 consul"
1861 1738 1904 1796 Β
1931 1788 1985 1840 in
2017 1785 2206 1851 Cedar,
2239 1795 2287 1840 et
2318 1788 2444 1840 bene
2491 1787 2837 1851 considerate,
2897 1787 2942 1838 si
2995 1786 3136 1855 facta
3191 1787 3296 1838 sint
3347 1784 3501 1848 talia,

246 1851 394 1913 tatis,
438 1859 487 1903 et
513 1851 767 1920 injustam
804 1861 863 1904 ω.
897 1849 1052 1904 Dicat
1079 1849 1146 1903 ad
1180 1865 1276 1905 eos
1302 1858 1357 1905 et
1389 1851 1555 1905 Isaias
1588 1869 1602 1905 :
1639 1851 1827 1905 Manus

242 1944 379 1996 enim
393 1951 583 1996 vestra:
599 1941 812 2011 polluta:
832 1942 1239 2011 suntsanguine,
1263 1941 1418 2010 107
1439 1948 1487 1993 et
1503 1942 1652 2011 digiti
1671 1943 1827 1996 vestri

243 2035 468 2100 peccatis
506 2049 517 2084 :
555 2031 735 2102 lingua
777 2039 950 2086 vestra
995 2029 1169 2084 locuta
1210 2040 1284 2084 est
1325 2031 1660 2100 injustitiam,
1692 2040 1740 2085 et
1769 2050 1825 2086 os

241 2133 473 2178 vestrum
517 2125 850 2194 iniquitatem
889 2123 1195 2176 meditatum
1237 2130 1332 2176 est.
1368 2121 1558 2178 Nullus
1597 2123 1826 2193 loquitur

231 2213 406 2281 justa,
440 2215 565 2284 quia
598 2214 893 2283 concipiunt
933 2211 1184 2278 laborem,
1218 2219 1267 2265 et
1309 2214 1526 2282 pariunt
1574 2214 1826 2283 iniquita-

239 2314 364 2358 tem.
397 2307 414 2325 ⁶
445 2305 554 2360 Ova
609 2305 852 2376 aspidum
905 2303 1274 2369 excluserunt,
1324 2312 1374 2357 et
1421 2303 1555 2358 telas
1607 2320 1823 2359 araneae

235 2405 484 2452 texerunt
516 2407 568 2450 υ.

305 2487 501 2542 Videte
541 2488 944 2542 accusationem
989 2487 1227 2553 malitiae,
1263 2497 1319 2544 et
1359 2489 1671 2559 putredinis
1705 2505 1821 2543 ma—

235 2578 365 2632 litiae
393 2578 788 2643 indicium,ova
822 2578 1160 2648 aspidum,et
1183 2579 1318 2633 telas
1338 2594 1551 2634 araneas
1586 2597 1598 2632 :
1627 2589 1818 2650 partus

231 2671 458 2740 quidem
483 2671 1072 2742 malitiam,conceptus
1100 2681 1284 2728 autem
1321 2671 1693 2727 inﬁrmitatem
1720 2673 1817 2726 ha-

233 2763 345 2818 bet.
371 2763 487 2818 Ova
515 2763 764 2833 aspidum
790 2764 1012 2818 malitiae
1045 2764 1289 2833 species;
1331 2764 1438 2818 tela
1479 2779 1693 2819 aranea;
1725 2765 1814 2818 in-

231 2854 514 2910 ﬁrmitatis
555 2863 940 2925 argumentum
999 2863 1120 2921 est;
1173 2863 1230 2910 et
1301 2856 1596 2910 comedens
1648 2871 1813 2911 ovum

226 2960 426 3000 eorum
455 2945 824 3011 confractum,
859 2955 1117 3016 putamen
1160 2947 1388 3002 invenit.
1435 2947 1624 3002 Vidisti
1658 2947 1813 3001 mali-

228 3037 360 3091 tiam
403 3037 815 3092 inﬁrmantem?
857 3038 1042 3093 vidisti
1076 3037 1447 3093 oﬁendentem
1491 3053 1601 3091 non
1638 3037 1812 3093 oﬁ'en-

225 3127 497 3184 dentem‘!
521 3129 703 3183 vidisti
729 3145 878 3193 eum,
907 3129 1001 3198 qui
1028 3129 1401 3199 impugnatur,
1445 3130 1812 3184 coronatum?

226 3228 273 3274 et
303 3223 399 3291 qui
429 3221 653 3275 comedit
683 3238 836 3275 ovum
867 3238 1048 3274 eorum
1078 3222 1429 3291 confractum,
1462 3223 1640 3275 urium
1675 3223 1818 3276 inve-

226 3315 324 3368 nit.
351 3313 546 3369 Urium
583 3323 766 3367 autem
801 3322 882 3368 est
917 3314 1120 3383 aliquid
1154 3314 1363 3378 sterile,
1421 3313 1527 3368 hoc
1578 3322 1684 3379 est,
1719 3315 1819 3368 im-

223 3404 560 3473 perfectum.
611 3405 770 3468 Isaia,
823 3405 1103 3475 promulga
1147 3405 1309 3459 nobis
1345 3413 1403 3458 et
1440 3405 1660 3459 malitiae
1693 3420 1817 3474 spe-

224 3495 392 3550 ciem.
441 3495 513 3550 Et
558 3497 613 3550 in
655 3498 769 3566 ipso
811 3495 1102 3550 basiliscus.
1133 3496 1248 3550 Hoc
1302 3507 1486 3552 autem
1538 3497 1811 3564 mirabile,

221 3585 376 3655 quod
420 3585 710 3641 basiliscus
736 3586 790 3640 in
817 3586 932 3650 illo,
971 3596 1028 3641 et
1075 3586 1278 3652 urium,
1323 3587 1436 3646 hoc,
1459 3595 1564 3652 est,
1607 3587 1810 3643 sterile.

219 3675 526 3731 Basiliscus
545 3686 729 3732 autem
750 3677 1012 3732 malitiam
1039 3677 1339 3747 signiﬁcat;
1367 3678 1812 3747 quandoquidem

218 3762 464 3819 bestiola
496 3765 613 3820 haec
652 3766 897 3820 omnium
945 3766 1222 3834 reptilium
1259 3766 1596 3821 ferocissima
1623 3775 1726 3832 est,
1759 3768 1812 3822 ei

216 3855 443 3909 confert
469 3856 693 3910 malitiae
723 3857 1006 3922 sobolem;
1033 3873 1224 3911 verum
1261 3864 1318 3910 et
1362 3857 1452 3910 illa
1497 3857 1612 3926 ipsa
1651 3859 1810 3912 urion

214 3955 320 4010 est,
361 3955 595 4016 propter
622 3947 999 4001 inﬁrmitatem
1023 3947 1246 4002 malitiae
1274 3965 1285 4000 ε
1319 3946 1534 4001 inﬁrma
1551 3948 1698 4001 enim
1726 3956 1811 4002 est

215 4039 346 4093 ntali
358 4037 436 4092 tia
445 4080 458 4092 .

280 4126 562 4196 Sequitur
590 4126 1030 4182 demonstratio:
1079 4125 1203 4180 Tela
1255 4141 1436 4178 eorum
1471 4143 1576 4179 non
1617 4127 1715 4179 erit
1752 4129 1808 4180 in

212 4221 636 4282 vestimentum;
679 4235 784 4272 non
823 4221 963 4272 enim
1004 4219 1300 4272 vestiuntur
1331 4219 1394 4272 ab
1425 4217 1663 4287 operibus
1695 4234 1809 4270 ma-

216 4326 388 4366 nuum
429 4326 678 4364 suarum.
710 4310 943 4376 Quare?
990 4308 1128 4374 Quia
1156 4325 1317 4379 opera
1368 4308 1663 4378 injustitiw.
1715 4308 1808 4362 Dic

214 4398 470 4467 speciem
506 4396 990 4468 injustitite.Pedes
1019 4413 1202 4450 eorum
1232 4398 1288 4449 in
1325 4395 1530 4448 malum
1557 4402 1802 4450 currunt.
1837 4406 1882 4462 Ι)

213 4488 498 4544 Nimirum
526 4496 588 4542 ut
612 4487 819 4558 aliquid
848 4487 959 4542 ﬁat.
1001 4487 1068 4541 Et
1095 4486 1295 4540 veloces
1333 4486 1400 4539 ad
1442 4485 1808 4556 effundendum

209 4581 557 4651 sanguinem.
590 4579 730 4645 Quid
767 4579 835 4632 ad
870 4579 984 4633 haec
1003 4579 1026 4633 ?
1047 4578 1327 4634 Cunctatio
1357 4585 1406 4630 et
1435 4577 1721 4648 infelicitas
1751 4577 1808 4631 in

209 4672 308 4725 siis
325 4687 541 4724 eorum.
567 4670 701 4724 Nam
722 4671 819 4724 vite
841 4685 1024 4723 eorum
1043 4679 1316 4734 tortuosae,
1339 4685 1477 4740 quas
1498 4674 1808 4736 transeunt,

209 4772 268 4818 et
290 4765 446 4817 viam
479 4763 624 4832 pacis
654 4763 950 4816 nescierunt
985 4769 1038 4814 °.

282 4855 434 4908 Vere
464 4853 719 4908 lamentis
750 4853 915 4923 digna
965 4861 1096 4907 sunt
1143 4852 1280 4912 hzec.
1308 4851 1457 4922 quod
1490 4849 1808 4907 sacerdotes

207 4954 415 5001 contra
452 4945 770 5002 sacerdotes
802 4945 932 5000 talia
957 4944 1157 4999 dicant.
1204 4945 1402 5001 Verum
1423 4945 1530 5000 hoc
1554 4942 1808 5009 dicimus,

207 5051 323 5091 non
355 5037 512 5107 quod
548 5045 761 5091 tantum
806 5051 1129 5091 accusemus
1160 5035 1301 5102 illos,
1346 5044 1612 5107 quantum
1641 5032 1810 5090 vestri

210 5143 413 5183 curam
448 5130 714 5198 gerimus.
739 5128 808 5182 Et
829 5137 953 5198 post
973 5127 1079 5182 alia
1109 5146 1122 5180 :

263 5282 536 5341 tJerem.
568 5301 662 5348 xu,
698 5284 786 5340 l0.
883 5283 900 5322 ι
940 5284 1098 5341 Osee.
1140 5301 1212 5347 tv,
1249 5286 1301 5339 7.
1407 5295 1446 5324 ω
1479 5286 1582 5346 Isa.
1607 5301 1732 5351 xxx,
1758 5287 1810 5340 Ι.

205 5365 234 5408 ς
262 5355 410 5412 ibid.
454 5355 544 5423 i0,
577 5355 664 5410 il.
737 5366 758 5393 τ
788 5355 892 5410 Isa.
918 5371 1004 5420 XL,
1045 5356 1133 5419 12,
1156 5355 1245 5410 22.

1891 5293 1919 5322 η
1942 5283 2043 5341 lsa.
2088 5296 2195 5348 ιιι,
2226 5280 2280 5344 3,
2315 5279 2348 5334 5
2421 5286 2447 5314 ο
2481 5275 2614 5332 ibid.
2641 5258 2779 5340 δίε.

1929 1876 2111 1946 qualia
2151 1877 2297 1940 hare,-
2337 1893 2462 1929 num
2508 1876 2826 1929 mutaverint
2860 1881 3034 1943 gentes
3079 1872 3199 1924 deos
3243 1872 3407 1923 suos?
3448 1879 3504 1924 et

1928 1965 2104 2034 quos?
2141 1973 2191 2017 et
2223 1963 2306 2018 illi
2338 1981 2440 2018 non
2467 1973 2588 2017 sunt
2615 1963 2707 2016 dii.
2742 1963 2809 2018 Et
2834 1977 3004 2031 quare
3039 1962 3155 2014 hmo
3181 1960 3366 2013 dicis?
3398 1960 3502 2012 Po-

1929 2056 2083 2128 pulus
2109 2075 2252 2112 meus
2282 2056 2745 2127 mutavitglariam
2775 2071 2927 2108 suam
2954 2070 2971 2108 :
2997 2052 3141 2108 unde
3163 2053 3370 2106 nullam
3390 2051 3500 2105 uti-

1928 2150 2137 2205 litatem
2176 2151 2432 2220 accipiet.

1995 2261 2121 2316 litec
2142 2269 2197 2316 et
2224 2261 2290 2315 de
2316 2261 2422 2315 illis
2453 2259 2703 2330 congruit
2724 2259 2848 2313 diei.
2890 2258 3087 2328 Pagani
3119 2257 3264 2326 ligna
3287 2265 3342 2311 et
3363 2256 3502 2325 lapi-

1924 2353 2023 2408 des
2046 2359 2391 2416 venerantes,
2413 2359 2472 2403 ut
2491 2351 2992 2420 lOSimmortalia
3023 2349 3112 2403 illa
3129 2350 3388 2403 salutant.
3415 2348 3494 2400 Tu

1921 2451 2129 2507 autem,
2166 2443 2273 2496 illis
2307 2441 2610 2512 prazdieans
2633 2457 2696 2495 ea
2722 2441 2968 2494 venerari
2995 2455 3103 2493 non
3131 2439 3356 2499 debere,
3401 2438 3496 2492 sed

1922 2536 2099 2590 solum
2132 2549 2326 2589 verum
2357 2533 2550 2594 Deum,
2608 2535 2697 2602 qui
2757 2532 3022 2586 constituit
3053 2540 3248 2584 montes
3296 2531 3351 2583 in
3383 2537 3493 2582 sta-

1923 2635 2059 2687 tera,
2092 2632 2140 2678 et
2168 2623 2326 2678 silvas
2382 2625 2438 2677 in
2488 2623 2644 2686 libra,
2676 2633 2725 2676 et
2755 2625 2969 2677 metitur
3002 2639 3166 2676 manu
3203 2639 3418 2692 aquam,
3450 2627 3499 2674 et

1919 2717 2108 2771 ca’lum
2147 2716 2348 2787 palmo,
2384 2723 2433 2769 et
2464 2733 2672 2769 omnem
2705 2723 2904 2768 terram
2936 2713 3163 2784 pugillo;
3195 2714 3283 2784 qui
3311 2713 3500 2766 consti—

1920 2809 2016 2860 tuit
2047 2806 2231 2860 ca’lum
2254 2807 2405 2871 quasi
2436 2823 2726 2870 cameram,
2748 2807 2836 2875 qui
2861 2807 3088 2858 continet
3123 2805 3498 2857 rotunditatem

1917 2898 2084 2950 omnis
2137 2904 2306 2961 terrae,
2355 2905 2402 2948 et
2441 2896 2738 2950 habitantes
2766 2897 2820 2948 in
2851 2894 2946 2948 illa
2979 2894 3132 2964 quasi
3183 2894 3409 2947 locustas
3450 2903 3495 2952 τ.

1917 2995 1972 3040 et
2003 2987 2171 3048 hunc,
2200 2985 2294 3054 qui
2324 2985 2506 3038 omnia
2548 2985 2715 3039 verbo
2750 2984 2898 3047 fecit,
2948 2994 3002 3037 et
3037 2984 3198 3037 unica
3233 2982 3496 3036 momenti

1839 3079 1882 3138 C
1920 3077 2274 3131 inclinatione
2305 3076 2530 3130 exhibet
2553 3091 2618 3129 ea
2649 3091 2771 3144 quae
2808 3091 2919 3128 non
2965 3083 3112 3138 sunt,
3158 3083 3218 3127 ut
3265 3073 3401 3136 sint;
3443 3081 3499 3127 et

1921 3169 2075 3223 dedit
2101 3170 2187 3221 his
2219 3183 2340 3236 qua:
2363 3183 2474 3220 non
2509 3173 2690 3229 erant,
2722 3173 2781 3219 ut
2811 3175 3016 3228 essent,
3045 3165 3159 3218 sola
3190 3164 3494 3226 voluntate;

1919 3257 2073 3327 quasi
2097 3256 2302 3310 oblitus
2321 3256 2517 3310 horum
2538 3255 2805 3318 omnium,
2826 3254 3173 3323 passionihus
3196 3253 3494 3306 obnoxium

1917 3347 2071 3412 facis,
2099 3355 2155 3401 et
2186 3347 2362 3416 legem
2407 3345 2588 3415 ponis,
2639 3352 2699 3399 ut
2736 3345 3000 3399 adoretur
3034 3343 3170 3397 Deus
3213 3341 3492 3414 passibilis.

1987 3438 2055 3493 Et
2076 3438 2267 3508 pagani
2288 3437 2533 3507 quidem,
2549 3445 2610 3490 ut
2633 3436 2953 3506 praedictum
2977 3444 3080 3498 est,
3107 3434 3350 3489 avaritias
3367 3448 3496 3489 ver-

1915 3532 1988 3586 bo
2011 3531 2178 3600 capti,
2215 3531 2380 3585 etiam
2404 3531 2606 3585 coelum
2629 3529 2968 3598 impassihile
2995 3535 3213 3590 vocant,
3245 3535 3300 3579 et
3323 3527 3493 3580 solem

1915 3619 2307 3688 impassihilem
2349 3619 2644 3688 appellant,
2676 3626 2732 3671 et
2755 3618 2940 3672 stellas
2994 3616 3330 3670 immortales
3387 3624 3493 3669 sta-

1917 3716 2098 3771 tuunt,
2131 3715 2187 3762 et
2218 3717 2415 3762 terram
2438 3723 2599 3776 quam
2620 3708 2852 3770 calcant,
2874 3706 3017 3761 inter
3033 3705 3164 3759 deos
3179 3711 3489 3758 numerant.

1911 3799 2022 3854 Nos
2041 3809 2223 3854 autem
2243 3798 2595 3862 invisibilem,
2615 3797 2992 3868 Unigenitum,
3022 3794 3494 3865 incomprehensi-

1912 3889 2100 3954 bilem,
2124 3888 2621 3959 inexcogitabilem,
2657 3888 2972 3956 passibilem
3017 3903 3138 3941 esse
3166 3882 3496 3940 credemus?

1912 3981 2080 4035 absit.
2109 3979 2364 4034 Salvator
2380 3987 2637 4033 nosteret-
2651 3978 3004 4044 benefactor;
3039 3992 3109 4031 ne
3134 3978 3213 4031 sic
3229 3983 3492 4046 apostatee

1911 4070 2085 4125 simus
2106 4069 2441 4123 adorationis
2463 4076 2600 4134 tuae;
2623 4083 2690 4121 ne
2711 4068 2791 4123 sic.
2818 4068 3132 4136 ignoremus
3158 4076 3304 4120 tuam
3326 4073 3489 4116 natu-

1912 4175 2052 4223 ram,
2081 4174 2149 4212 ne
2177 4155 2264 4213 'sic
2304 4157 2503 4226 ingrati
2536 4156 2708 4210 simus
2736 4155 2803 4208 de
2852 4155 2961 4208 tuis
2992 4154 3174 4217 donis,
3214 4169 3283 4206 ne
3315 4152 3491 4220 suspi-

1909 4266 2104 4305 cemur
2137 4249 2455 4317 passibilem
2506 4255 2755 4300 nostrum
2801 4245 3172 4307 liberatorem,
3204 4243 3298 4312 qui
3327 4259 3426 4296 nos
3458 4259 3489 4296 c

1910 4340 2265 4411 passionihus
2293 4338 2360 4392 ad
2400 4335 2890 4405 impassihilitatem
2921 4334 3218 4398 transtulit,
3246 4343 3302 4387 et
3329 4333 3489 4386 nobis

1913 4429 2262 4502 passionihus
2289 4426 2542 4482 obnoxiis
2574 4424 3068 4494 impassihilitatem
3107 4423 3340 4493 largitus
3381 4431 3484 4474 est.

1911 4523 2066 4577 Hanc
2097 4527 2153 4575 et
2187 4534 2290 4589 pro
2315 4518 2471 4572 vobis
2521 4516 2852 4586 legationem
2899 4514 3181 4570 aﬁ'erimus
3207 4515 3317 4569 Deo
3351 4529 3363 4566 :
3397 4514 3485 4567 cui

1909 4614 2082 4686 gloria
2109 4612 2166 4666 in
2195 4611 2414 4666 saecula.
2449 4608 2623 4663 Amen
2645 4653 2663 4669 ,

2469 4762 2618 4802 ΝΟΤΕ
2657 4761 2924 4800 GABNEB".

1988 4839 2244 4896 Homilia.
2276 4837 2418 4904 Quin
2445 4837 2550 4891 ista
2578 4836 2650 4891 sit
2683 4832 3038 4904 Theodoreti,
3067 4833 3362 4904 nullusﬁest
3386 4830 3486 4883 du-

1916 4911 2127 4968 bitandi
2170 4903 2322 4964 locus
2351 4925 2362 4960 :
2395 4923 2523 4961 nam
2551 4905 2790 4960 refertur
2817 4903 2865 4935 ⁸⁰
2893 4913 2950 4958 et
2979 4903 3031 4956 in
3060 4903 3299 4957 secunda
3336 4908 3486 4969 parte

1917 4980 2137 5037 concilii
2176 4977 2440 5048 Ephesini
2492 4976 2638 5049 inter
2684 4972 3486 5049 acta__conciliab_uli_Orienta-

1916 5053 2084 5116 lium,
2115 5058 2173 5106 et
2203 5039 2259 5102 in
2286 5065 2319 5103 v
2348 5046 2585 5118 synodo,
2635 5053 2744 5118 act.
2788 5043 2865 5118 5ζ
2873 5043 2969 5096 ubi
3003 5039 3484 5118 instituitur_judi-

1916 5109 2164 5177 cium'de
2193 5109 2527 5174 Theodoreti
2555 5109 2797 5184 scriptis.
2832 5113 2978 5168 Pene
3021 5111 3230 5180 integra
3250 5109 3486 5164 habetur

2835 5252 2844 5263 ’
2887 5281 2915 5322 ι’
2946 5273 3145 5327 Jerem.
3175 5284 3234 5335 ιι,
3269 5268 3354 5335 l2,
3394 5269 3478 5323 l3.

1491 5448 1726 5505 VAliUE
1766 5448 2058 5507 LECTION
2065 5447 2167 5502 ES.

275 5571 323 5603 ⁸ο
363 5567 811 5640 Ναηιητθίενιιςν.
845 5577 963 5624 etet.
997 5567 1092 5640 llis
1128 5567 1348 5640 quidem
1389 5571 1725 5638 argumentis
1775 5582 1966 5640 parum
2003 5565 2288 5640 innitere_r.
2339 5562 2588 5640 Constat,
2614 5558 2760 5610 enim
2805 5546 3486 5640 alia”etiammquremsulz

205 5640 338 5695 ﬁcto
376 5637 576 5710 Cyrilli
624 5623 684 5692 ἐι
732 5623 1059 5694 Theodoreti
1110 5623 1330 5694 nomine
1374 5623 1728 5710 eoutempore
1777 5623 2091 5694 ierebantur
2141 5635 2371 5703 scripta,
2424 5633 2626 5684 inserta
2667 5643 2784 5683 esse
2834 5627 2978 5681 Actis
3027 5623 3380 5680 conciliorum
3422 5629 3484 5674 οι

204 5709 408 5782 synodi
439 5707 666 5778 quimte.
