3954 6294
260 367 338 425 (55
1372 372 1816 432 ΑυΕΤΑΒΙυΜ

1996 374 2053 432 .D
2085 374 2261 434 TOM.
2307 375 2400 434 IV.
3465 381 3557 443 66-

271 481 463 537 Latine
499 491 735 539 tantum.
772 485 880 540 Hos
903 487 1146 557 quinque
1173 487 1344 542 libros
1371 487 1779 542 ’l‘heodoretum
1827 488 2048 543 diabolo
2079 489 2372 561 instigante
2409 490 2716 560 scripsisse,
2751 491 2928 561 lepida
2973 499 3056 546 est
3093 492 3246 547 Marii
3275 493 3555 550 Mereato-.

266 577 344 634 ris
363 579 662 644 sententia,
694 597 856 650 quam
896 582 1199 636 defendere
1248 599 1356 637 non
1391 583 1617 638 erubuit
1653 584 1976 649 Garnerius,
2022 602 2146 640 cum
2175 587 2292 640 sine
2332 587 2439 641 ulla
2477 587 2803 656 probatione
2828 597 3184 657 supponeret,
3221 588 3557 642 Theodore--

267 678 382 724 tum
411 670 470 723 in
503 671 594 725 bis
625 671 781 725 libris
806 672 1008 743 Cyrillo
1031 673 1401 728 Alexandrino
1421 682 1477 728 et
1511 673 1765 728 Patribus
1792 675 2086 743 Ephesinis
2115 677 2382 730 maculam
2415 692 2705 746 aspergere
2741 676 2999 731 voluisse.
3037 676 3145 730 Sed
3175 678 3333 748 longe
3369 676 3533 730 aliam

263 764 433 819 fuisse
475 767 762 836 scriptoris
802 767 974 821 nostri
1011 777 1271 833 mentem,
1316 767 1476 823 facile
1515 768 1785 838 intelliget
1828 771 1922 838 qui
1967 770 2271 840 fragmenta
2311 772 2411 826 ista
2447 772 2631 825 animo
2666 788 2693 825 a
2741 773 3140 842 prmconceptis
3180 773 3536 842 opinionibus

178 909 186 932 ἒ
263 859 440 912 libero
474 859 690 929 legerit.
732 860 932 914 Parum
964 861 1019 914 in
1055 861 1158 915 bac
1185 878 1405 932 quoque
1431 878 1488 916 re
1511 862 1617 917 sibi
1647 872 1866 918 constat
1898 863 2222 928 Garnerius,
2243 865 2337 933 qui
2364 865 2472 920 alio
2495 865 2617 919 loco
2648 864 2932 936 (Auctarii,
2965 879 3018 933 p.
3044 864 3148 918 256
3173 865 3306 918 edit.
3334 864 3532 935 Paris.)

179 941 187 960 “’
261 950 480 1014 statuit,
517 951 693 1006 libros
731 951 808 1005 De
836 951 1097 1022 theologia
1127 961 1184 1006 et
1212 952 1289 1006 De
1328 955 1720 1018 incarnatione,
1765 970 2003 1023 quorum
2036 954 2417 1009 Theodoretus
2445 956 2502 1009 in
2540 955 2785 1025 Epistola
2824 955 2891 1008 ad
2926 954 3166 1008 Leonem
3195 955 3532 1008 mentionem

259 1039 413 1106 fecit,
441 1045 671 1099 eosdem
697 1062 820 1103 esse
843 1049 1110 1120 dialogos,
1149 1051 1241 1120 qui
1275 1051 1576 1106 Athanasio
1611 1051 1681 1106 ab
1703 1051 1824 1106 aliis
1856 1066 2144 1120 perperam
2171 1051 2512 1105 tribuuntur.
2548 1050 2777 1104 Mutavit
2809 1058 2992 1103 autem
3018 1048 3373 1110 sententiam,
3403 1061 3532 1100 cum

259 1133 318 1186 in
345 1137 724 1206 conjecturam
777 1139 1070 1205 incideret,
1125 1142 1240 1197 haec
1290 1142 1595 1214 fragmenta
1640 1153 1852 1213 partem
1898 1142 2234 1197 constituere
2257 1141 2465 1196 codicis
2504 1139 2909 1210 quadragesimi
2945 1138 3300 1207 sexti,'quem
3324 1136 3457 1205 legit
3475 1141 3533 1188 et

257 1223 557 1296 descripsit
607 1229 856 1285 Photius.
908 1229 1099 1285 Simile
1131 1233 1355 1302 quidem
1396 1243 1781 1304 argumentum
1818 1251 1911 1289 sex
1947 1234 2198 1304 priorum
2239 1233 2374 1287 dicti
2409 1232 2618 1287 codicis
2651 1232 2916 1285 librorum
2963 1230 3132 1284 fuisse
3160 1227 3400 1290 videtur,
3435 1225 3531 1280 sed

259 1333 481 1384 vereor,
533 1336 602 1375 ne
658 1324 808 1392 justo
855 1325 1120 1380 audacius
1148 1325 1378 1395 vestigia
1409 1327 1511 1379 ista
1543 1335 1863 1395 persecutus
1889 1325 1960 1381 sit
1989 1326 2312 1389 Garnerius,
2347 1333 2441 1378 aut
2478 1324 2662 1393 potius
2687 1323 2888 1376 Marius
2912 1321 3197 1384 Mercator,
3227 1334 3392 1388 quem
3423 1319 3530 1373 du-

253 1423 376 1464 cem
411 1411 630 1466 habuit.
661 1414 902 1484 Uterque
932 1415 1081 1470 enim
1108 1415 1317 1486 absque
1345 1417 1456 1470 ulla
1492 1417 1832 1472 hzesitatione
1863 1418 1993 1472 huic
2023 1417 2106 1471 vel
2140 1417 2219 1470 illi
2257 1415 2566 1486 fragmento
2605 1414 2787 1468 locum
2838 1411 3160 1483 assignavit,
3185 1421 3243 1466 et
3273 1411 3424 1473 libri,
3460 1411 3529 1465 ad

255 1517 420 1571 quem
449 1503 647 1558 referri
675 1506 890 1570 debeat,
926 1523 1218 1562 numerum
1247 1509 1521 1579 ascripsit.
1551 1511 1661 1564 Nec
1702 1511 1976 1566 dubitavit
2004 1510 2304 1564 Carnerius
2342 1509 2428 1562 his
2457 1508 2778 1578 fragmentis
2803 1507 3022 1561 titulum
3059 1504 3360 1575 Pentaiogii
3391 1503 3529 1574 adji-

251 1607 404 1656 cere,
443 1595 551 1648 etsi
583 1613 677 1650 sex
706 1598 911 1653 fuerint
948 1599 1079 1654 libri
1134 1600 1300 1670 huius
1334 1603 1666 1672 argumenti,
1699 1618 1838 1672 quos
1863 1603 1918 1656 in
1964 1603 2155 1657 codice
2198 1617 2300 1656 suo
2334 1617 2393 1656 se
2421 1601 2618 1672 legisse
2646 1607 2879 1655 testatur
2914 1598 3164 1654 Photius.
3198 1597 3255 1653 Si
3277 1597 3411 1667 quid
3441 1613 3530 1650 er-

257 1690 441 1735 ratum
475 1685 570 1748 sit,
609 1687 825 1755 culpam
856 1704 1074 1743 omnem
1107 1691 1369 1745 transfert
1397 1691 1452 1744 in
1478 1692 1758 1755 Photium,
1785 1708 1947 1761 quem
1977 1693 2111 1746 dicit
2139 1709 2308 1745 unum
2338 1693 2536 1746 horum
2570 1692 2836 1745 librorum
2868 1691 2923 1744 in
2953 1691 3092 1746 duos
3110 1689 3444 1746 dissolvisse.
3469 1686 3525 1740 Si

252 1771 326 1830 ita
345 1777 604 1846 judicare
645 1781 1009 1836 liceatcodice
1041 1799 1152 1839 non
1186 1785 1453 1855 inspecto,
1479 1801 1609 1840 sane
1653 1795 1834 1840 actum
1874 1794 2022 1842 esset
2048 1787 2116 1840 de
2169 1786 2345 1842 Photii
2382 1785 2513 1839 ﬁde.
2558 1785 2665 1840 Sed
2709 1785 3016 1840 rectissime
3063 1781 3523 1843 Montfauconius,

253 1879 313 1924 ut
353 1871 527 1924 animi
583 1872 860 1928 levitatem
907 1875 962 1928 in
991 1874 1263 1931 Garnerio
1299 1879 1438 1935 adeo
1483 1881 1841 1950 conspicuam
1892 1889 2171 1950 argueret,
2225 1879 2390 1933 simili
2419 1881 2709 1934 occasione
2747 1880 2985 1943 monuit,
3017 1879 3108 1932 vix
3150 1876 3304 1932 credi
3339 1885 3522 1944 posse,

250 1961 532 2026 Photium,
572 1961 629 2016 in
671 1964 956 2020 codicibus
1002 1971 1424 2038 pertractandis,
1461 1973 1506 2026 si
1544 1974 1670 2043 quis
1717 1987 1960 2042 unquam
1987 1973 2151 2038 alius,
2180 1973 2640 2038 versatissimum,
2692 1987 2884 2027 errore
2933 1971 3149 2040 lapsum
3198 1983 3340 2024 esse.

271 2180 2489 2211 Mm—m
2500 2185 3485 2210 wn.“

1343 2343 2362 2460 ΘΕΟΔΩΡΗΤΟΥ

769 2585 1567 2673 ΠΕΝΤΑΛΟΓΙΟΝ
1641 2588 1900 2674 ΠΕΡΙ
1971 2587 2972 2678 ΕΝΑΝΘΡΩΠΗΣΕΩΣ.

891 2927 1818 3043 THEODORETI
1886 2921 2915 3036 PENTALOGIUM

1500 3149 1594 3207 DE
1638 3143 2233 3206 INCARNA’I‘IONE.

321 3441 480 3494 Ἀλλὰ
507 3443 616 3512 μὴν
643 3439 915 3510 οἰκτείρας
937 3441 965 3492 6
993 3440 1228 3510 Ποιητής
1256 3441 1353 3510 τὴν
1392 3442 1596 3494 οἰκείαν
1625 3443 1814 3496 εἰκόνα
1846 3447 1882 3504 Α

1991 3443 2033 3510 1
2046 3441 2149 3512 16
2163 3441 2454 3494 Enimvero
2477 3439 2769 3494 miseratus
2783 3438 3012 3495 Creator
3033 3438 3322 3510 imaginem
3347 3455 3501 3495 suam

244 3533 658 3604 πολεμουμένην
697 3533 790 3586 καὶ
833 3531 1044 3602 θανάτῳ
1087 3535 1623 3604 παραπεμπομένην,
1658 3534 1805 3588 ἐκλιι

1940 3535 1994 3590 ιι)
2044 3535 2200 3588 hoste
2247 3533 2504 3587 afflictam
2553 3532 2826 3600 mortique
2861 3531 3137 3585 addictam
3173 3548 3184 3584 :
3217 3530 3501 3585 lnclinavit

239 3639 348 3676 νεν
371 3622 669 3691 οὐρανοὺς
694 3623 794 3677 καὶ
823 3625 1040 3691 κατέϐη
1064 3641 1075 3653 ⁸
1103 3625 1162 3676 οὐ
1190 3623 1350 3677 τόπον
1389 3623 1625 3693 ἀμείψας
1655 3624 1800 3695 (πλη-

1936 3625 2094 3690 :tclos,
2125 3632 2174 3678 et
2220 3623 2481 3678 descendit
2510 3636 2566 3688 8;
2618 3638 2729 3676 non
2773 3623 2995 3692 quidem
3032 3623 3212 3676 locum
3246 3631 3497 3684 mutans,

241 3717 328 3784 ροῖ
354 3714 542 3784 γὰρτὰ
562 3717 912 3785 σύμπαντα),
945 3715 1079 3768 ἀλλὰ
1110 3716 1474 3782 συγκαταϐὰς.
1501 3716 1802 3770 Κατάϐασιι

1938 3732 2044 3771 :um
2070 3716 2292 3786 impleat
2317 3715 2520 3779 omnia,
2551 3713 2644 3768 sed
2671 3713 3138 3768 condescendens.
3167 3713 3499 3767 Desccnsum

237 3809 350 3879 γὰρ
389 3809 622 3878 νοοῦμεν
683 3809 781 3880 τὴν
823 3810 1254 3877 συγκατάϐασιν.
1312 3811 1423 3863 Καὶ
1481 3811 1798 3882 παρθενικὴι

1937 3807 2120 3878 μιίρρε
2153 3806 2507 3872 intelligimus
2532 3804 2984 3859 condescensum.
3021 3805 3088 3858 Et
3116 3805 3292 3859 electo
3328 3802 3498 3874 virgi-

234 3898 401 3967 νηδὺν
434 3899 793 3968 ἐκλεξάμενος
830 3901 998 3971 κόρης
1027 3901 1188 3968 ἁγίας
1227 3901 1320 3954 καὶ
1349 3901 1598 3971 εὐσεϐείᾳ
1629 3919 1795 3954 συγτε·

1936 3899 2027 3953 iali
2054 3909 2211 3952 utero
2239 3898 2431 3967 puellae
2457 3905 2660 3951 sanctae
2695 3895 2996 3964 pietatique
3027 3894 3333 3959 innutriue,
3363 3909 3497 3948 voce

235 3991 584 4061 θραμμένης,
615 3991 682 4044 δι’
715 3993 1010 4063 ἀγγελικῆς
1050 3996 1232 4063 φωνῆς
1263 3995 1689 4063 προμηνυσάσης
1722 3995 1796 4047 τοι

1928 3990 2159 4059 angelica
2202 3999 2415 4058 partum
2457 3987 2880 4056 praanuntiante,
2932 3985 3265 4054 modumque
3293 4001 3489 4040 conce-

231 4080 414 4146 τόκον,
472 4083 568 4133 καὶ
613 4082 714 4150 τῆς
765 4081 1074 4153 συλλήψεως
1116 4084 1534 4154 ἐρμηνευσάσης
1593 4085 1681 4137 τὸν
1723 4086 1792 4138 ἀν·

1933 4081 2121 4159 )tionis
2156 4079 2490 4134 ineffabilem
2527 4078 2944 4147 interpretante,
2988 4084 3151 4145 atque
3185 4076 3287 4129 hac
3320 4075 3494 4143 expli-

233 4172 569 4242 ερμήνευτον
603 4172 822 4242 τρόπον,
854 4177 946 4226 καὶ
987 4174 1087 4242 τῆς
1120 4174 1388 4244 παρθένου
1427 4175 1519 4227 τὸν
1550 4175 1710 4244 φόϐον
1745 4179 1794 4246 τῇ

1934 4170 2131 4222 ratione
2165 4178 2372 4222 metum
2407 4167 2637 4237 virginis
2669 4167 2936 4226 solvente,
2969 4163 3294 4234 ingreditur,
3334 4178 3399 4216 ac
3423 4163 3495 4217 si-

232 4263 503 4334 ἑρμηνειᾳ
524 4264 784 4334 λυσάσης,
815 4265 1162 4328 εἰσοικίζεταί
1181 4284 1238 4318 τε
1267 4267 1360 4319 καὶ
1388 4267 1513 4319 ναὸν
1538 4266 1684 4337 αὑτῷ
1715 4285 1793 4320 και

1930 4260 2086 4315 Jimet
2121 4267 2390 4330 przeparat
2426 4259 2687 4326 templum
2710 4297 2724 4321 ,
2765 4255 3025 4326 ﬁngitque
3056 4255 3491 4321 tabernaculum,

232 4353 585 4419 τασκευάξει,
621 4355 718 4408 καὶ
749 4356 848 4425 τὴν
883 4358 1162 4426 ἄσπαρτον
1214 4358 1306 4410 καὶ
1360 4357 1620 4428 ἀνήροτον
1679 4373 1793 4428 σκη-

1224 4358 1306 4410 καὶ
1360 4357 1620 4428 ἀνήροτον
1679 4373 1811 4428 σκη-
1915 4367 2092 4421 neque
2121 4361 2317 4416 satum,
2346 4364 2524 4418 neque
2553 4357 2785 4402 aratum.

231 4445 332 4514 νὴν
358 4447 373 4476 ¹
407 4446 747 4502 διαπλάττει.

313 4539 540 4609 Ἐπειδὴ
587 4541 680 4593 καὶ
723 4542 752 4592 6
795 4540 1009 4610 πρῶτος
1056 4539 1362 4610 ἄνθρωπος,
1399 4540 1427 4592 6
1465 4541 1528 4611 τῇ
1567 4541 1810 4612 ἁμαρτίᾳ

1982 4531 2250 4598 Quoniam
2291 4545 2424 4586 vero
2455 4530 2608 4601 prior
2639 4531 2827 4595 homo,
2871 4531 2964 4600 qui
3008 4531 3220 4602 primus
3268 4542 3490 4601 peccato

230 4630 453 4701 πρῶτος
495 4631 810 4695 δουλεύσας,
858 4632 1088 4702 ἀπάτωρ
1145 4632 1429 4700 ἐτύγχανε,
1497 4631 1706 4703 μητέρα
1752 4633 1791 4685 δὲ

1928 4625 2162 4690 servivit,
2210 4625 2329 4680 sine
2362 4634 2518 4695 patre
2554 4623 2787 4688 exstitit,
2832 4624 3113 4693 solamque
3146 4633 3350 4678 terram
3389 4623 3489 4677 ha-

232 4721 406 4790 μύνην
459 4714 573 4789 εἶχε
634 4720 731 4790 τὴν
779 4721 918 4789 γῆν·
956 4721 1170 4772 Ἔλαϐε
1205 4720 1334 4789 γὰρ,
1373 4720 1558 4789 φησὶν,
1595 4723 1626 4773 ό
1665 4721 1793 4786 Θεὸς

1924 4717 2033 4771 buit
2057 4732 2158 4787 pro
2193 4723 2364 4771 matre
2393 4734 2406 4769 :
2437 4717 2646 4786 Accepit
2677 4717 2817 4768 enim
2853 4713 2994 4767 Deus
3033 4713 3200 4768 lutum
3231 4716 3293 4768 de
3323 4722 3485 4777 terra,

413 4784 545 4864 (£36-
566 4784 852 4880 τῆς-γῆξ,
897 4811 992 4864 καὶ
1032 4784 1287 4864 salace—
1314 4784 1413 4863 re}
1437 4784 1787 4877 ’ἄνθρωποί

1923 4817 1966 4862 et
1997 4784 2243 4878 formavit
2271 4809 2534 4862 hominem
2565 4784 2628 4872 1ﬁt;
2666 4807 2810 4861 unde
2839 4814 2893 4860 et
2923 4805 3117 4860 beatus
3151 4805 3354 4860 Paulus
3372 4804 3484 4857 ait:

224 4903 310 4955 διὸ
346 4901 444 4955 καὶ
482 4903 510 4954 6
555 4902 822 4972 μακάριος
862 4901 1075 4965 Παῦλός
1113 4916 1305 4970 φησιν·
1355 4899 1416 4952 '0
1450 4898 1680 4966 πρῶτος
1707 4899 1785 4952 ἄνη

1926 4899 2128 4954 Primus
2157 4899 2309 4952 homo
2339 4899 2402 4952 de
2425 4907 2570 4952 terra
2601 4905 2838 4950 terrenus
2871 4908 2892 4936 ο
2920 4914 2948 4970 ;.
2974 4897 3096 4952 ideo
3144 4895 3487 4966 unigenitum

224 4996 467 5060 θρωπος
495 4992 564 5046 ἐκ
612 4993 725 5062 γῆς
773 4993 1005 5060 χοϊκός’
1041 4991 1232 5044 τούτου
1269 4991 1428 5061 χάριν
1459 4993 1487 5043 6
1516 4989 1785 5060 μονογενὴς

1925 4990 2011 5044 Dei
2058 4988 2321 5053 Verbum,
2376 4988 2674 5057 assumptis
2717 5003 2784 5042 ex
2833 4987 3054 5057 Virgine
3106 4987 3218 5041 sola
3279 4995 3486 5039 natum

223 5082 324 5136 τοῦ
363 5083 499 5135 Θεοῦ
530 5084 699 5151 Λόγος
728 5085 790 5135 ἐκ
819 5083 1099 5154 Παρθένου
1134 5082 1299 5152 μόνης
1322 5081 1423 5143 τὰς
1461 5080 1562 5150 τῆς
1587 5080 1784 5134 διαπλά

1922 5082 2227 5154 principiis,
2269 5090 2556 5153 postquam
2604 5082 2866 5151 templum
2914 5096 3024 5134 non
3062 5095 3226 5132 manu
3280 5077 3483 5132 factum

223 5192 370 5238 σεως
422 5172 600 5226 λαϐὼν
666 5175 940 5243 ἀφορμὰς,
992 5175 1088 5227 καλ⁷
1143 5173 1318 5243 τούτῳ
1360 5171 1439 5242 τῷ
1479 5173 1666 5242 τρόπῳ
1715 5172 1784 5225 cu

1924 5175 2162 5245 perfecit,
2195 5174 2410 5244 sibique
2438 5173 2732 5242 copulavit,
2771 5171 2974 5242 prodiit
3011 5185 3078 5224 ex
3117 5167 3356 5238 Virgine,
3395 5181 3485 5220 zo-

221 5266 583 5337 ἀγεώργητον
638 5266 762 5318 ναὸν
811 5266 1244 5337 δημιουργήσας,
1296 5265 1392 5318 καὶ
1458 5263 1635 5335 ἑαυτῷ
1683 5281 1780 5317 συν

1920 5282 2040 5321 nam
2070 5265 2394 5336 virginalem
2435 5280 2613 5334 neque
2643 5261 3001 5331 conceptione
3039 5259 3276 5321 solvens,
3303 5270 3481 5324 neque

222 5359 392 5426 ἅψας,
423 5357 668 5426 πρόεισιν
727 5359 790 5409 ἐκ
845 5357 945 5426 τῆς
1002 5357 1302 5426 Παρθένου,
1345 5355 1445 5427 τὴν
1470 5356 1783 5427 παρθενικὴε

1916 5357 2265 5429 generatione
2300 5355 2656 5428 diﬂ'ringens,
2693 5353 2788 5409 sed
2830 5353 3199 5424 incorruptam
3233 5359 3477 5412 servans,

289 5529 315 5556 ι
341 5515 485 5570 Psal.
519 5531 648 5578 ιιι-ιι,
685 5514 768 5568 l0.
838 5514 865 5554 ι)
905 5513 1040 5570 Gen.
1072 5529 1128 5579 η,
1155 5513 1204 5565 7.
1286 5523 1308 5550 ο
1337 5511 1507 5567 lCor.
1539 5528 1626 5576 xv,
1657 5513 1744 5566 47.

1511 5645 1744 5701 ΥΑΠΙιΕ
1785 5645 2179 5703 LECTIONES.

303 5793 320 5822 ι
356 5789 450 5860 τὴν
482 5790 618 5844 ἀσπ.
653 5789 746 5842 καὶ
773 5789 856 5843 ἀν.
892 5804 978 5841 σκ.
1011 5785 1067 5842 ld
1104 5795 1208 5852 est,
1250 5784 1370 5839 sine
1396 5782 1501 5838 viri
1526 5797 1712 5855 opera.
1746 5781 1913 5841 Cum.
