3954 6294
496 343 564 407 67
1688 338 2005 398 OPERUM
2051 339 2539 401 THEODOBETI
3680 347 3747 410 63

497 470 662 531 atque
685 458 963 522 intactam,
992 467 1247 524 magnum
1278 450 1415 506 illud
1438 459 1497 505 et
1531 448 1817 506 ineffabile
1845 451 2081 505 miracu-

2191 451 2361 521 ζώνην
2390 453 2451 505 οὐ
2487 455 2554 524 τῇ
2606 452 2864 523 συλλήψει
2915 454 3105 520 λύσας,
3137 457 3199 511 οὐ
3228 457 3292 527 τῇ
3326 455 3579 525 γεννήσει
3604 455 3749 530 διαρ-

492 552 612 606 lum
638 552 889 621 patravit.

565 839 816 908 Magnum
838 834 1125 891 enimvero
1150 841 1208 889 et
1241 832 1803 903 incomprehensibile
1836 833 2075 888 miracu-

452 979 462 989 ,
496 929 634 991 lum,
673 942 1006 997 omnemque
1035 924 1255 981 dicendi
1293 925 1610 981 facultatem
1643 924 1951 979 excedens!
1984 925 2076 980 Vi—

494 1024 626 1077 dere
676 1035 957 1075 racemum
993 1035 1062 1074 ex
1107 1026 1254 1072 terra
1297 1017 1417 1074 sine
1461 1015 1780 1086 palmitibus
1820 1023 2073 1082 enatum;

494 1115 833 1169 frumentum
876 1112 995 1166 sine
1048 1116 1293 1164 semente
1341 1108 1708 1178 productum;
1762 1114 2077 1162 contextam

494 1204 613 1259 sine
639 1203 745 1258 filis
781 1218 845 1258 ac
876 1201 1133 1279 manibus
1159 1198 1412 1253 textor-iis
1433 1206 1677 1265 vestem;
1720 1212 1924 1267 panem
1964 1212 2076 1251 non

494 1296 661 1361 mola,
710 1295 865 1371 117
916 1309 1027 1347 non
1070 1290 1348 1355 manibus,
1388 1304 1500 1343 non
1540 1289 1666 1359 igne
1692 1286 1929 1353 factum,
1980 1286 2078 1341 sed

494 1387 850 1442 ineti‘abiliter
881 1400 949 1440 ex
966 1383 1162 1437 farinis
1188 1380 1555 1452 virginalibus
1588 1379 1956 1444 elaboratum,
1982 1379 2078 1448 qui

496 1487 674 1534 totum
713 1486 988 1531 terrarum
1025 1474 1215 1529 orbem
1251 1471 1561 1527 abscondit.
1613 1469 1697 1525 Ad
1727 1471 1872 1535 haec,
1909 1469 2080 1541 virgi-

495 1585 622 1624 nem
674 1568 900 1639 proprio
947 1565 1061 1621 ﬁlio
1104 1579 1370 1619 mammas
1406 1553 1764 1633 praebentem,
1814 1561 2082 1631 lactisque

495 1658 675 1714 fontes
742 1664 1147 1728 suggerentem,
1182 1654 1293 1708 imo
1329 1661 1388 1707 et
1435 1662 1667 1706 matrem
1713 1649 1912 1704 factam
1973 1649 2085 1703 vir-

496 1748 726 1818 ginitate
786 1748 991 1813 illaasa;
1043 1752 1277 1799 matrem
1323 1743 1521 1797 factam
1571 1740 1909 1796 matrimonii
1962 1739 2080 1811 lege

496 1853 612 1895 non
682 1845 964 1907 suscepta;
1030 1843 1263 1892 matrem
1286 1874 1302 1901 ,
1364 1834 1565 1889 factam
1613 1847 1740 1887 cum
1803 1831 2075 1896 nesciret,

496 1930 772 2000 quomodo
823 1929 897 1984 sit
945 1937 1153 1993 mater;
1207 1934 1442 1980 matrem
1487 1926 1709 1988 factam,
1759 1938 1884 1979 cum
1926 1923 2081 1993 prius

494 2041 638 2080 uxor
683 2039 794 2078 non
856 2023 1091 2088 fuisset,‘
1153 2022 1248 2077 sed
1311 2023 1369 2076 in
1420 2019 1736 2091 virginitate
1805 2026 2079 2073 tumorem

497 2117 705 2173 ventris
746 2123 1070 2180 ostentaret,
1126 2122 1184 2170 et
1232 2112 1401 2168 ferret
1443 2111 1701 2168 manibus
1736 2110 1998 2175 fructum,
2025 2116 2083 2163 et

497 2222 621 2276 quae
646 2216 777 2262 sunt
801 2205 992 2260 matris
1020 2210 1230 2274 ageret,
1266 2204 1286 2223 ⁶
1321 2202 1470 2258 salva
1500 2200 1851 2272 virginitate;
1883 2210 1941 2255 et
1969 2200 2083 2254 vir-

497 2298 682 2369 ginem
707 2296 929 2366 quidem
966 2302 1236 2358 vocatam,
1263 2308 1385 2362 quae
1420 2300 1597 2346 mater
1619 2298 1799 2357 esset;
1829 2280 2081 2344 'matrem

498 2403 653 2452 vero,
672 2401 793 2457 quae
819 2386 1009 2456 virgo:
1033 2393 1197 2454 atque
1222 2383 1297 2437 ita
1321 2381 1597 2438 contraria
1619 2380 1863 2447 nomina,
1881 2395 2081 2449 resque

501 2478 761 2534 adversas
792 2478 956 2532 simul
981 2475 1326 2531 conciliaret.

570 2630 822 2686 Humana
849 2637 1047 2684 natura
1079 2633 1358 2697 assumpta
1390 2624 1577 2698 (Deus)
1605 2624 1900 2696 imaginem
1925 2639 2081 2680 suam

502 2731 731 2779 renovat
768 2730 997 2793 peccato
1025 2728 1374 2790 corruptam;
1414 2728 1471 2775 et
1498 2718 1853 2774 simulacrum
1881 2718 2081 2787 nequi-

503 2811 592 2868 tia:
650 2811 904 2882 rubigine
962 2811 1331 2866 inveteratum
1382 2815 1691 2873 restaurat,
1748 2807 2082 2877 exhibetque

501 2901 787 2956 venustius
810 2901 1020 2972 priore;
1054 2914 1165 2954 non
1204 2910 1271 2955 ex
1305 2905 1477 2964 terra,
1507 2905 1568 2952 ut
1598 2897 1762 2963 olim,
1794 2897 1900 2951 hoc
1920 2893 2085 2969 retin:

501 3011 656 3067 gens,
692 2993 790 3049 sed
837 2992 972 3047 illud
1001 2993 1118 3063 ipse
1145 3006 1456 3055 assumens;
1489 3004 1594 3043 nec
1628 2998 1815 3044 tamen
1839 2988 2080 3044 divinam

502 3100 753 3147 naturam
788 3088 844 3144 in
883 3087 1181 3149 humanam
1214 3092 1573 3148 convertens,
1607 3082 1704 3137 sed
1743 3097 1868 3137 cum
1895 3082 2085 3138 divina

504 3182 802 3237 humanam
842 3184 1179 3234 connectens
1220 3194 1235 3230 :
1284 3191 1514 3231 manens
1562 3176 1711 3231 enim
1749 3176 1898 3245 quod
1941 3185 2081 3241 erat,

504 3267 804 3337 assumpsit
837 3265 985 3336 quod
1017 3279 1130 3318 non
1166 3272 1305 3318 erat.
1337 3262 1474 3317 Cum
1498 3271 1646 3317 esset
1680 3262 1938 3318 informa
1959 3264 2080 3331 Dei,

506 3359 651 3416 servi
690 3359 944 3422 formam,
981 3354 1037 3409 id
1068 3361 1172 3420 est,
1203 3354 1497 3409 essentiam
1524 3354 1769 3423 accepit;
1803 3355 1859 3408 in
1888 3355 2077 3417 simili-

506 3450 687 3504 tudine
716 3448 939 3502 hominis
974 3446 1164 3516 factus,
1189 3453 1237 3498 et
1266 3444 1448 3498 habitu
1476 3445 1738 3511 inventus,
1768 3453 1827 3499 ut
1855 3444 2048 3500 homod
2066 3487 2080 3512 ,

506 3541 634 3613 quia
667 3539 771 3595 etsi
816 3547 1062 3593 nostram
1103 3544 1359 3591 naturam
1394 3535 1653 3603 haberet,
1703 3552 1817 3591 non
1857 3546 1977 3592 erat
2007 3545 2086 3592 ta-

509 3648 633 3689 men
665 3630 816 3686 omni
852 3645 919 3684 ex
945 3636 1101 3699 parte
1135 3627 1296 3682 nobis
1323 3626 1541 3682 similis.
1573 3626 1773 3683 Sumus
1795 3629 1940 3683 enim
1969 3628 2083 3684 nati

508 3742 575 3781 ex
614 3724 867 3788 muliere,
908 3728 1071 3776 natus
1095 3728 1151 3775 et
1173 3720 1310 3790 ipse,
1343 3719 1436 3774 sed
1461 3735 1570 3774 non
1596 3720 1850 3774 similiter
1872 3729 1932 3775 ut
1962 3736 2084 3787 nos,

508 3830 636 3870 cum
676 3829 746 3868 ex
774 3812 896 3867 alvo
934 3808 1189 3881 virginali
1224 3809 1515 3879 prodierit.
1561 3809 1850 3864 Perfectus
1878 3818 1963 3865 est
1989 3811 2088 3866 ho-

511 3921 621 3970 mo,
648 3903 812 3959 sicuti
838 3915 970 3968 nos;
1009 3900 1103 3954 sed
1135 3899 1329 3954 habuit
1358 3899 1646 3968 plusquam
1673 3914 1774 3954 nos
1796 3898 1893 3953 Dei
1920 3898 2084 3955 Verbi

512 3984 970 4052 inhabita'tionem
1006 3999 1061 4046 et
1097 3991 1391 4046 unionem:
1432 3990 1594 4060 118
1641 4005 1862 4045 carnem
1894 3989 2089 4045 habuit

512 4089 787 4144 viventem
817 4092 873 4140 et
912 4083 1256 4147 rationalem,
1293 4081 1523 4152 perinde
1562 4096 1626 4135 ac
1658 4096 1792 4148 nos;
1828 4080 1923 4135 sed
1958 4096 2084 4151 pec—

508 4178 618 4233 cati
659 4185 843 4231 motus
898 4190 1010 4229 non
1045 4172 1327 4237 sustinuit,
1362 4172 1506 4226 sicut
1550 4186 1688 4236 nos;
1732 4171 1843 4225 imo
1872 4171 1930 4225 in
1964 4186 2086 4225 cor-

509 4285 665 4340 pore,
689 4267 836 4338 quod
869 4264 1291 4336 oppugnabatur
1316 4278 1347 4317 a
1376 4271 1622 4333 peccato,
1662 4262 1871 4333 peccati
1899 4270 2084 4334 tyran-

510 4362 695 4417 nidem
720 4358 991 4415 dissolvit.

577 4535 752 4588 Porro
775 4540 960 4587 autem
993 4531 1014 4564 ³
1048 4529 1265 4602 proﬁcit
1294 4539 1453 4586 aztate
1485 4529 1706 4599 quidem
1751 4543 1970 4599 corpus,
2004 4544 2090 4583 sa-
2116 4517 2166 4573 ι)

512 4619 719 4691 pientia
751 4637 883 4676 vero
930 4622 1146 4676 animus
1177 4631 1200 4660 θ
1242 4638 1255 4675 :
1303 4636 1481 4690 neque
1517 4620 1665 4674 enim
1696 4618 1871 4673 ullum
1907 4617 2089 4671 incre-

512 4722 760 4768 mentum
816 4713 1075 4769 divinitas
1135 4713 1416 4768 admittit:
1456 4729 1582 4767 nam
1629 4710 1779 4766 omni
1822 4726 1890 4765 ex
1932 4716 2090 4779 parte

513 4803 816 4873 perfectum
853 4812 938 4859 est
972 4804 1069 4858 Dei
1102 4803 1374 4869 Verbum;
1406 4802 1798 4857 convenienter
1842 4815 1975 4853 vero
2000 4812 2090 4853 sa-

512 4894 734 4966 pientiae
780 4884 1185 4949 inerementum
1232 4892 1516 4964 conjunxit
1563 4887 1934 4963 (evangelista)
1967 4904 2092 4942 cum

510 4985 689 5041 aetatis
746 4994 1076 5056 augmento:
1111 4985 1381 5055 siquidem
1425 4982 1491 5036 ad
1539 4994 1856 5035 mensuram
1912 4980 2088 5034 aetatis

511 5076 762 5145 corporis
823 5090 980 5132 suam
1034 5075 1221 5130 divina
1287 5080 1484 5128 natura
1536 5067 1869 5139 Sapientiam
1929 5083 2088 5124 reve-

514 5166 669 5220 lavit.
1764 5166 1777 5175 ‘

585 5256 822 5313 Omnino
874 5255 1093 5313 Gabriel
1129 5256 1151 5286 ⁸
1179 5268 1303 5307 cum
1333 5251 1544 5321 Virgini
1594 5250 1781 5305 laetum
1832 5251 2089 5306 nuntium

583 5390 609 5431 ιι
631 5391 867 5461 Philipp.
903 5405 961 5454 ιι,
990 5389 1042 5452 6,
1074 5389 1128 5442 7.
1202 5398 1227 5426 ε
1256 5388 1388 5444 Luc.
1411 5404 1469 5453 ll,
1499 5388 1553 5454 5,
1583 5387 1638 5441 2.

2179 541 2370 614 ῥήξας,
2402 544 2516 597 ἀλλ’
2572 546 2848 616 ἀκήρατον
2913 547 3010 602 καὶ
3065 548 3346 615 ἀνέπαφον
3398 545 3746 616 διαφυλάξας,

2092 662 2095 667 -
2175 636 2269 687 καὶ
2310 635 2373 687 τὸ
2422 635 2564 705 μέγα
2596 636 2767 689 τοῦτο
2812 638 2908 691 καὶ
2967 639 3205 710 ἄρρητον
3257 638 3749 709 θαυματουργίμας

2174 724 2377 796 θαῦμα.
2879 786 2882 794 λ

2244 821 2407 889 Μέγα
2448 821 2560 892 γὰρ
2611 821 2688 892 τῷ
2727 821 2844 876 ὄντι
2884 822 2979 875 καὶ
3019 821 3403 893 ἀκατάληπτον
3455 822 3550 875 καὶ
3596 821 3748 889 λόγου

2175 911 2408 983 δύναμιν
2456 912 2803 985 ὑπερϐαῖνον,
2838 913 3034 986 βότρυν
3072 913 3203 968 ἰδεῖν
3228 915 3298 967 ἐκ
3325 914 3429 983 γῆς
3460 912 3590 966 ἄνευ
3621 915 3749 984 κλη-

2180 1004 2365 1074 μάτων
2397 1004 2796 1075 βλαστὴσαντα,
2832 1008 2977 1060 σῖτον
3010 1006 3139 1061 ἄνευ
3197 1005 3528 1075 σπερμάτων
3560 1003 3750 1072 φύντα,

2176 1095 2381 1165 χιτῶνα
2410 1097 2666 1166 νημάτων
2699 1097 2868 1168 χωρὶς
2902 1098 2995 1152 καὶ
3038 1097 3238 1167 χειρῶν
3277 1094 3588 1165 ὑφαντικῶν
3618 1095 3754 1163 ὑφα-

2180 1183 2398 1253 σμένον,
2428 1184 2592 1255 ἄρτον
2630 1184 2692 1238 οὐ
2739 1185 2882 1259 μόλῃ
2922 1185 3018 1239 καὶ
3046 1186 3203 1256 χερσὶ
3230 1186 3331 1239 καὶ
3349 1185 3483 1256 πυρὶ
3502 1184 3756 1253 δημιουρ-

2179 1273 2436 1344 γηθέντα,
2497 1274 2614 1329 ἀλλ’
2666 1276 2923 1346 ἀρρήτως
2980 1276 3041 1340 ἐξ
3098 1275 3344 1347 ἀλεύρων
3407 1273 3754 1346 παρθεωκῶν

2179 1366 2567 1436 γεγενημένον,
2606 1368 2702 1421 καὶ
2735 1366 2832 1437 τὴν
2879 1367 3208 1438 οἰκουμένην
3235 1366 3555 1436 καλύψαντα
3574 1381 3588 1397 ο
3620 1364 3757 1436 πρὸς

2181 1458 2236 1511 δὲ
2268 1456 2502 1524 τούτοις,
2564 1458 2834 1531 παρθένον
2879 1458 3065 1529 οἰκείῳ
3119 1457 3306 1530 βρέφει
3339 1457 3508 1528 θηλὴν
3533 1455 3756 1527 ὀρέγου-

2184 1567 2306 1612 σαν,
2337 1550 2432 1603 καὶ
2466 1548 2738 1617 γάλακτος
2776 1548 3119 1620 χορηγοῦσαν
3165 1548 3373 1617 πηγὰς,
3410 1548 3505 1601 καὶ
3544 1547 3759 1617 μητέρα

2182 1640 2485 1711 γενομένην
2547 1640 2975 1711 πεφυλαγμένης
3015 1641 3116 1711 τῆς
3167 1639 3489 1711 παρθενίας,
3549 1636 3758 1708 μητέρα

2181 1732 2484 1804 γενομένην
2526 1732 2626 1803 τὴν
2672 1733 2852 1802 γάμου
2909 1733 3072 1803 νόμον
3099 1732 3161 1786 οὐ
3189 1730 3509 1802 δεξαμένην,
3552 1727 3759 1799 μητέρα

2185 1823 2484 1894 γενομένην
2513 1823 2608 1893 τὴν
2644 1822 2759 1885 πῶς
2786 1822 2995 1891 γίνεται
3026 1823 3211 1893 μήτηρ
3242 1823 3343 1876 οὐκ
3365 1818 3758 1890 ἐπισταμένην,

2189 1915 2405 1988 μητέρα
2420 1914 2722 1986 γενομένην
2749 1915 2849 1984 τὴν
2873 1916 3106 1984 γυναῖκα
3136 1913 3406 1985 πρότερον
3436 1912 3497 1966 οὺ
3532 1909 3759 1980 γενομέ-

2186 2022 2305 2076 νην,
2334 2005 2449 2059 ἀλλ’
2478 2006 2538 2059 ὲν
2571 2005 2844 2078 παρθενίᾳ
2888 2006 2984 2060 καὶ
3032 2005 3125 2060 τὸν
3170 2004 3332 2074 ϐγκον
3376 2004 3476 2074 τῆς
3523 2000 3758 2074 γαστρὸς

2185 2095 2599 2162 ὲπιδεικνῦσαν,
2632 2097 2728 2149 καὶ
2758 2095 2850 2150 τὸν
2883 2096 3095 2166 καρπὸν
3139 2097 3197 2149 έν
3249 2097 3368 2158 ταῖς
3410 2094 3568 2164 χερσῖ⁹
3604 2108 3758 2165 περι-

2188 2187 2478 2257 φέρουσαν,
2514 2187 2610 2240 καὶ
2659 2185 2727 2239 τὰ
2775 2186 2982 2257 μητρὸς
3035 2184 3409 2258 ἐργαζομένην
3451 2182 3761 2254 σωζομένης

2186 2277 2288 2346 τῆς
2322 2275 2639 2346 παρθενίας,
2671 2274 2768 2328 καὶ
2808 2262 3080 2346 παρθένον
3130 2275 3230 2346 μὲν
3269 2274 3366 2345 τὴν
3404 2275 3626 2345 μητέρα
3665 2290 3761 2326 κα-

2187 2366 2480 2438 λουμένην,
2512 2366 2724 2436 μητέρα
2760 2366 2817 2419 δὲ
2854 2367 2955 2435 τὴν
2981 2366 3252 2438 παρθένον
3283 2365 3760 2438 προσαγορευομέ-

2187 2477 2308 2531 νην,
2338 2460 2431 2514 καὶ
2457 2458 2717 2513 τάναντία
2755 2457 2998 2529 ὀνόματά
3029 2475 3089 2512 τε
3143 2441 3239 2514 καὶ
3266 2460 3566 2532 πράγματα
3625 2458 3763 2513 κατὰ

2189 2550 2385 2606 ταυτὸν
2412 2549 2773 2618 συνάγουσαν.

2259 2640 2371 2693 Καὶ
2394 2640 2495 2710 τὴν
2538 2637 2883 2708 ἀνθρωπείαν
2916 2635 3081 2706 φύσιν
3124 2638 3408 2693 ἀναλαϐὼν
3432 2639 3530 2712 τὴν
3556 2641 3761 2694 οἰκείαν

2188 2728 2375 2783 είκόνα
2408 2731 2664 2793 νεοποιεῖ,
2694 2731 2762 2800 τῇ
2793 2728 3038 2800 ἁμαρτίᾳ
3082 2727 3492 2800 διαφθαρεῖσαν,
3522 2728 3620 2782 καὶ
3674 2728 3763 2783 τὸν

2188 2819 2480 2887 ἀνδριάντα
2531 2816 2622 2871 τὸν
2671 2816 2778 2870 ὑπὸ
2821 2817 2916 2871 τοῦ
2950 2819 3052 2890 τῆς
3091 2818 3354 2888 πονηρίας
3402 2818 3482 2872 ίοῦ
3520 2817 3762 2873 παλαιω-

2189 2910 2350 2964 θέντα
2372 2911 2593 2989 ῥινανεοί
2618 2910 2713 2962 καὶ
2741 2907 2837 2961 τοῦ
2870 2909 3137 2981 προτέρου
3167 2908 3520 2980 χαριέστερον
3554 2909 3764 2964 δείκνυε-

2191 3018 2295 3067 σιν,
2331 3003 2432 3055 οὐκ
2470 3000 2579 3056 ἀπὸ
2627 3001 2733 3071 γῆς
2781 3001 2859 3064 ὡς
2904 3000 3074 3055 πάλαι
3096 3001 3286 3055 τοῦτον
3335 3001 3762 3074 δημιουργήσας,

2189 3092 2306 3147 ἀλλ’
2356 3094 2515 3157 αὐτὸς
2559 3092 3015 3163 καταδεξάμενος,
3058 3094 3120 3146 οὐ
3153 3092 3251 3163 τὴν
3293 3094 3443 3147 θείαν
3475 3094 3638 3165 φύσιν
3686 3096 3762 3157 είς

2190 3185 2536 3256 ἀνθρωπείαν
2568 3183 2910 3255 μεταϐαλὼν,
2960 3184 3096 3239 ἀλλὰ
3128 3188 3194 3257 τῇ
3256 3185 3377 3257 θείᾳ
3408 3186 3507 3257 τὴν
3556 3185 3766 3258 ἀνθρω-

2192 3276 2351 3330 πείαν
2388 3276 2650 3345 συνάψας.
2709 3276 2905 3330 Μένων
2943 3276 3052 3348 γὰρ
3081 3276 3110 3329 δ
3143 3273 3231 3348 ἦν,
3291 3277 3481 3331 ἔλαϐεν
3501 3278 3529 3330 ὃ
3558 3280 3659 3332 οῦκ
3680 3273 3764 3349 ἦν.

2203 3370 2292 3431 Ἐν
2341 3371 2522 3440 μορφῇ
2551 3369 2687 3435 Θεοῦ
2734 3367 2833 3435 ὢν,
2867 3368 3026 3435 ἔλαϐε
3058 3371 3163 3442 τὴν,
3180 3371 3274 3423 τοῦ
3312 3371 3497 3425 δούλου
3534 3371 3763 3443 μορφὴν,

2191 3463 2357 3534 ἡγουν
2407 3460 2614 3525 οὐσίαν,
2651 3460 2722 3514 ἐν
2776 3459 3092 3531 ὁμοιώματι
3142 3446 3490 3528 ἀνδρώπου²
3525 3463 3764 3533 γενόμε.

2190 3576 2318 3624 νος,
2354 3557 2452 3611 καί
2485 3557 2754 3626 σχήματι
2782 3556 3046 3625 εὑρεθεὶς
3069 3557 3147 3623 ὡς
3185 3555 3522 3625 ἅνθρωπος·
3553 3557 3634 3610 δτι
3672 3553 3765 3625 τὴν

2190 3648 2462 3720 ἡμετέραν
2511 3647 2675 3717 φύσιν
2729 3647 2891 3717 ἔχων,
2942 3647 3003 3700 οὐ
3067 3647 3208 3700 κατὰ
3252 3647 3428 3701 πάντα
3484 3648 3615 3718 ἡμῖν
3656 3645 3766 3706 ῐσος

2188 3739 2502 3810 ἐτύγχανεν.
2539 3738 2941 3810 Ἐγεννήθημεν
2971 3738 3081 3808 γὰρ
3115 3741 3177 3791 έκ
3208 3738 3485 3807 γυναικὸς,
3524 3738 3620 3792 καὶ
3666 3736 3764 3790 αὑ-

2187 3832 2300 3896 τὸς,
2325 3830 2437 3886 ἀλλ’
2463 3831 2562 3902 οὐχ
2594 3832 2801 3902 ὁμοίως
2843 3832 3001 3901 ἡμῖν·
3031 3831 3093 3883 ὲκ
3130 3829 3464 3901 παρθενικῆς
3504 3829 3611 3901 γὰρ
3661 3828 3765 3899 μή·

2187 3940 2320 3995 τρας
2375 3922 2696 3993 ἐϐλάστησε.
2752 3922 2862 3975 Καὶ
2921 3921 3126 3986 τέλειος
3174 3922 3274 3991 μὲν
3321 3921 3611 3992 ἄνθρωπος
3656 3918 3758 3980 κὼς

2188 4018 2371 4087 ἡμεῖς,
2390 4011 2502 4086 εἶχε
2532 4015 2591 4069 δὲ
2613 4014 2775 4068 πλέον
2812 4013 2971 4086 ἡμῶν
2997 4014 3090 4068 τοῦ
3122 4014 3256 4068 Θεοῦ
3288 4014 3462 4083 Λόγου
3503 4014 3601 4084 τὴν
3630 4011 3764 4067 ἐνοί-

2190 4105 2351 4178 κησίν
2379 4122 2437 4159 τε
2474 4105 2568 4158 καὶ
2607 4102 2820 4168 ἕνωσιν,
2855 4103 2951 4157 καὶ
2987 4104 3166 4174 σάρκα
3221 4104 3323 4174 μὲν
3367 4099 3481 4173 εἶχε
3522 4100 3763 4172 ἔμψυχόν

2189 4213 2249 4249 τε
2274 4195 2369 4248 καὶ
2398 4195 2644 4265 λογικὴν,
2677 4192 2924 4264 καθάπερ
2950 4194 3130 4263 ἡμεῖς,
3155 4192 3264 4246 τῶν
3289 4194 3344 4246 δὲ
3362 4192 3462 4262 τῆς
3491 4191 3763 4264 ἁμαρτίας

2193 4284 2507 4356 κινημάτων
2539 4283 2638 4337 οὐκ
2671 4282 2932 4354 ἡνέσχετο
2973 4283 3160 4353 ὥσπερ
3193 4285 3353 4354 ἡμεῖς
3375 4300 3389 4314 -
3421 4282 3537 4337 ἀλλ’
3573 4287 3634 4340 έν
3665 4279 3764 4335 σώ-

2195 4392 2325 4445 ματι
2376 4374 2468 4442 νφ’
2519 4374 2796 4445 ἁμαρτίας
2841 4374 3263 4445 πολεμουμένῳ,
3299 4373 3397 4445 τὴν
3455 4374 3550 4445 τῆς
3593 4375 3761 4445 ἁμαρ-

2190 4467 2318 4531 τίας
2351 4466 2614 4520 κατέλυσε
2636 4466 2946 4538 τυραννίδα.

2262 4557 2564 4628 Προκόπτει
2600 4557 2657 4611 δὲ
2691 4557 2879 4631 ἡλικίᾳ
2915 4558 3015 4630 μὲν
3046 4558 3226 4629 σῶμα,
3272 4559 3436 4631 σοφία
3478 4558 3537 4612 δὲ
3573 4557 3754 4629 ψυχήῖ

2190 4646 2382 4718 θεότης
2434 4647 2538 4718 γὰρ
2585 4649 2874 4718 οὐδετέραν
2905 4650 3147 4703 ἐπίδοσιν
3193 4649 3533 4720 ἐπιδέχεται*
3563 4646 3757 4703 παντέ-

2191 4739 2332 4800 λειος
2355 4738 2462 4808 γὰρ
2481 4739 2509 4790 ὁ
2528 4737 2622 4789 τοῦ
2647 4736 2781 4790 Θεοῦ
2806 4737 2977 4806 Λόγος
2995 4755 3009 4768 ο
3039 4737 3263 4803 εἰκότως
3294 4739 3350 4791 δὲ
3379 4730 3665 4805 συνέζευξε
3693 4739 3755 4808 τῇ

2192 4828 2291 4898 τῆς
2325 4828 2539 4898 ἡλικίας
2568 4826 2793 4898 αὐξήσει
2819 4826 2917 4898 τὴν
2960 4827 3059 4895 τῆς
3083 4827 3274 4896 σοφίας
3308 4829 3549 4883 ἐπίδοσιν
3570 4845 3582 4859 ·
3626 4830 3757 4899 πρὸς

2193 4920 2301 4992 γὰρ
2349 4921 2409 4976 τὸ
2444 4921 2642 4992 μέτρον
2678 4921 2777 4991 τῆς
2819 4922 2913 4975 τοῦ
2953 4921 3204 4992 σώματος
3232 4923 3449 4992 ἡλικίας
3494 4924 3761 4980 ἀπεκάλυ-

2193 5027 2326 5065 πτεν
2364 5012 2399 5082 ἡ
2434 5010 2552 5066 θεία
2577 5010 2738 5082 φύσις
2769 5012 2868 5084 τὴν
2892 5012 3098 5068 οἰκείαν
3132 5014 3344 5085 σοφίαν.

2280 5252 2498 5324 Ἀμέλει
2524 5255 2552 5308 ὀ
2577 5252 2817 5326 Γαϐριὴλ
2850 5255 2951 5325 τὴν
2983 5255 3259 5326 Παρθένον
3284 5253 3757 5325 εὐαγγελιζόμενος

1809 5500 2046 5558 VARIAE
2081 5501 2376 5560 LECTION
2384 5504 2489 5560 ES.

588 5617 609 5651 ³
634 5612 902 5695 Loco__cit.
922 5618 1044 5695 ἱ[οε.
1089 5613 1409 5695 ἀνθρώπων.
1481 5614 1694 5695 ξΡονῙο
1724 5622 1922 5680 autem,
1954 5624 2072 5695 etc:
2118 5615 2201 5695 ᾼιί
2251 5620 2552 5695 marginem
2601 5622 2786 5695 posuit
2806 5622 3126 5695 _Garnerius
3145 5642 3167 5695 ,ε
3199 5643 3217 5695 ι
3246 5624 3319 5695 Ex
3347 5623 3486 5678 libro
3508 5620 3757 5695 secundo

517 5683 839 5753 Peutalogii.
865 5701 883 5733 ι
922 5683 1040 5739 Non
1064 5683 1239 5739 exstat
1262 5692 1445 5741 autem
1484 5684 1587 5739 iste
1627 5684 1782 5739 locus
1824 5685 1969 5753 apud
2018 5686 2248 5741 Marium
2295 5683 2674 5744 Mercatorern.
2753 5692 3014 5750 ‘Omm'no
3054 5691 3283 5753 Gabriel.
3334 5704 3439 5748 etc.
3491 5693 3572 5747 Ad
3618 5706 3760 5744 mar-

517 5756 699 5830 ginem
746 5752 936 5810 eadem
978 5755 1141 5811 verba
1183 5764 1338 5811 erant
1385 5755 1581 5827 posita,
1629 5754 1815 5812 addito

1914 5757 2179 5814 creatoris
2210 5758 2452 5849 nomine,
2484 5759 2641 5831 cujus
2659 5761 2824 5819 verba
2865 5762 3330 5836 interpretationis
3359 5764 3480 5820 loco
3513 5763 3566 5818 in
3606 5769 3758 5818 textu
