3954 6294
503 349 570 416 71
1704 341 2019 401 OPERUM
2058 341 2546 401 THEODORE'I‘I
3703 359 3769 420 72

569 468 727 526 Unde
803 481 1040 538 puerum
1099 463 1348 516 nominat
1389 461 1617 523 Jesnm,
1673 457 2086 528 appellationerr

2279 459 2495 512 Παιδίον
2525 459 2632 528 γὰρ
2669 458 2924 529 ὀνομάζει
2972 461 3064 514 τὸν
3121 463 3348 534 Ἰησοῦν,
3379 469 3444 538 τῇ
3480 472 3768 545 φαινομένῃ

505 563 648 616 hanc
697 569 912 614 naturae
970 556 1240 617 tribuens,
1297 568 1421 622 quae
1480 550 1721 605 videtur.
1778 550 1898 618 lpsa
1943 548 2093 602 enim

503 652 805 714 crescebat,
838 649 1109 719 siquidem
1138 662 1340 716 corpus
1361 644 1475 700 suis
1497 643 1855 698 incrementis
1886 656 2086 712 seque-

505 744 669 798 batur
703 750 911 795 natura:
934 739 1129 807 legem.
1671 799 1681 805 η

569 837 638 891 Et
698 831 1098 902 confortabatur
1153 828 1357 900 Spiritu
1401 845 1416 882 :
1455 826 1551 896 qui
1597 839 1794 893 nempe
1842 823 1915 887 ei,
1964 838 2091 877 cum

502 927 854 987 formaretur,
900 922 1123 986 aderat;
1173 935 1410 989 cumque
1461 925 1839 988 generaretur,
1875 930 1940 970 ac
1991 916 2092 969 ba-

501 1020 830 1091 ptizaretur,
855 1024 915 1071 et
939 1013 1205 1068 miracula
1238 1019 1502 1081 patraret.

613 1109 812 1164 Plenus
865 1107 1161 1177 sapientia,
1222 1102 1405 1157 innuit
1456 1109 1668 1154 naturae
1728 1095 2094 1152 inhabitantis

497 1201 1026 1264 manifestationem,
1083 1213 1208 1268 quae
1252 1194 1516 1266 paulatim
1571 1194 1766 1247 ﬁeret:
1813 1191 1880 1244 Et
1910 1190 2088 1261 gratia

499 1297 595 1351 Dei
617 1303 731 1348 erat
756 1295 810 1347 in
849 1292 964 1347 illo.
995 1322 1067 1330 —
1098 1291 1160 1344 In
1193 1292 1306 1360 ipso
1358 1289 1498 1342 enim
1529 1287 1732 1342 habitat
1774 1283 1944 1339 omnis
1977 1282 2090 1353 ple-

499 1387 683 1440 nitudo
719 1384 1010 1438 divinitatis
1044 1379 1397 1450 corporaliter
1433 1379 1476 1430 ί.

566 1478 693 1532 Haec
743 1475 910 1530 Isaias
948 1488 1170 1543 quoque
1209 1487 1334 1526 cum
1369 1468 1716 1540 praediceret,
1771 1465 2086 1521 clamabat:

500 1571 818 1640 Egredietur
861 1567 1010 1636 virga
1060 1564 1122 1617 de
1157 1563 1362 1616 .radice
1405 1561 1572 1624 Iesse,
1614 1567 1662 1612 et
1692 1561 1786 1629 ﬂos
1817 1558 1879 1611 de
1917 1558 2091 1610 radice

499 1662 613 1730 ejus
647 1657 910 1722 ascendet,
941 1664 989 1710 et
1021 1655 1304 1719 requiescet
1341 1668 1501 1723 super
1546 1667 1665 1704 eum
1706 1649 1937 1719 Spiritus
1967 1648 2087 1711 Dei,

497 1755 714 1823 spiritus
745 1751 1020 1821 sapientia:
1064 1756 1112 1800 et
1149 1745 1469 1807 intellectus,
1521 1745 1740 1813 spiritus
1789 1740 2010 1794 consilii
2039 1747 2089 1792 et

2199 553 2357 620 φύσει
2388 553 2484 623 τὴν
2521 553 2890 624 προσηγορίαν
2920 553 3124 625 ταύτην
3141 556 3330 621 τιθείς.
3373 560 3522 632 Αὐτὴ
3548 561 3655 634 γὰρ
3676 565 3766 635 ηῧ-

2197 644 2352 708 ξανε’
2392 645 2552 716 σῶμα
2596 647 2706 717 γάρ
2736 641 2804 714 ἦν
2826 645 2968 700 κατὰ
3001 647 3164 718 μέρος
3207 650 3521 721 προϐαῖνον,
3553 656 3646 708 καὶ
3673 657 3767 726 φύ-

2198 752 2335 799 σεως
2366 738 2513 807 ὅροις
2543 737 2643 790 έπό
2650 755 2830 808 μενον.

2267 827 2378 881 Καὶ
2415 829 2803 896 ἐκραταιοῦτο
2840 832 3169 900 Πνεύματι·
3200 832 3228 885 ὃ
3257 835 3349 886 καὶ
3395 835 3770 910 πλαττομένῳ,

2202 920 2298 972 καὶ
2328 921 2655 992 τικτομένῳ,
2690 922 2786 976 καὶ
2847 922 3253 996 βαπτιζομένῳ,
3290 927 3384 979 καὶ
3435 927 3773 1002 θαυματουρ-

2197 1013 2382 1084 γοῦντι
2417 1016 2619 1085 παρῆν.

2263 1109 2695 1177 Πληρούμενον
2731 1111 2976 1180 σοφίας,
3019 1111 3118 1183 τὴν
3158 1112 3303 1166 κατὰ
3360 1112 3524 1183 μέρος
3569 1113 3776 1169 ἀποκά-

2192 1195 2352 1265 λυψιν
2411 1199 2647 1252 ἐνταῦθα
2697 1203 2796 1272 τῆς
2833 1203 3151 1272 ὲνοικούσης
3195 1203 3495 1257 αἰνίττεται
3541 1204 3770 1272 φύσεως.

2191 1287 2300 1341 Kal
2333 1288 2506 1356 χάρις
2537 1291 2685 1345 Θεοῦ
2710 1289 2801 1362 -ἧν
2820 1293 3112 1359 ἐπάῠτῷ.
3151 1296 3253 1350 Ἔν
3273 1294 3464 1361 αῠτῷ⁸
3501 1296 3613 1365 γὰρ
3641 1313 3774 1351 κατ-

2202 1381 2359 1434 οικεῖ
2381 1380 2506 1436 πᾶν
2525 1383 2590 1436 τό
2616 1384 2908 1455 πλήρωμα
2931 1384 3036 1454 τῆς
3069 1388 3348 1455 θεότητος
3376 1388 3745 1457 σωματικῶς.

2262 1472 2449 1526 Ταῦτα
2484 1477 2580 1528 καὶ
2621 1476 2847 1537 Ἡσαΐας
2867 1480 3289 1550 προαγορεύων⁹
3321 1481 3475 1534 ὲὸόα·
3519 1482 3771 1546 7358.286-

2191 1577 2361 1617 σεται
2393 1565 2618 1632 ῥάϐδος
2655 1567 2725 1620 ἐκ
2763 1568 2872 1636 τῆς
2893 1568 3061 1637 ῥίζης
3091 1571 3337 1636 Ἰεσσαί,
3370 1571 3467 1626 καί
3500 1572 3684 1639 ἄνθος
3709 1571 3772 1627 ἐκ

2189 1654 2299 1722 τῆς
2331 1653 2499 1723 ῥίζης
2537 1657 2934 1726 ἀναϐήσεται,
2965 1661 3065 1714 καὶ
3103 1661 3520 1717 ἀναπαύσεται
3543 1663 3640 1717 ἐπ’
3675 1665 3774 1718 αὑ-

2189 1747 2296 1798 τὸν
2332 1746 2578 1816 Πνεῦμα
2615 1747 2792 1816 Θεοῦ,
2820 1752 3059 1820 πνεῦμα
3083 1755 3305 1823 σοφίας
3324 1755 3421 1808 καὶ
3447 1756 3772 1821 συνέσεως,

500 1843 848 1914 fortitudinis,
878 1841 1097 1911 spiritus
1145 1837 1377 1892 scientiae
1405 1844 1453 1889 et
1483 1835 1737 1905 pietatis;
1777 1841 1825 1886 et
1875 1830 2086 1902 replebit

2199 1834 2436 1904 πνεῦμα
2484 1837 2726 1905 ,ϐουλῆς
2780 1839 2880 1891 καί
2929 1841 3168 1910 ἰσχύος,
3217 1841 3456 1911 πνεῦμα
3500 1841 3775 1912 γνώσεως

497 1952 618 1991 eum
642 1935 859 2004 spiritus
892 1933 1093 1984 timoris
1120 1930 1216 1983 Dei
1237 1927 1248 1978 Ξ
1269 1967 1282 1981 .
1309 1927 1488 1996 Atque
1519 1926 1636 1979 haec
1666 1932 1818 1977 tanta
1847 1932 1931 1991 est
1959 1937 2091 1992 pro-

497 2027 732 2098 phetica:
751 2034 807 2078 et
829 2023 1157 2092 evangelicae
1177 2018 1586 2090 przedicationis
1603 2016 1923 2070 concordia.
1949 2014 2091 2070 Cum

499 2119 669 2190 igitur
702 2119 854 2186 121
891 2115 1048 2184 audis
1077 2133 1088 2166 :
1124 2114 1266 2166 Puer
1291 2111 1578 2172 crescebat,
1605 2117 1653 2162 et
1683 2107 2092 2176 coufortabatur

497 2212 708 2279 spiritu,
736 2217 792 2263 et
815 2209 870 2262 in
895 2221 1064 2276 quam
1085 2205 1257 2259 verba
1288 2203 1405 2258 base
1443 2211 1698 2258 naturam
1730 2197 2088 2262 conveniant,

500 2304 782 2374 inquirere
827 2301 1068 2356 volueris
1111 2318 1124 2352 :
1171 2305 1450 2352 memento
1484 2301 1540 2348 et
1588 2292 1790 2346 radicis
1818 2291 1994 2354 Jesse,
2024 2298 2080 2343 et

499 2397 702 2466 virgae,
738 2403 793 2449 et
836 2392 990 2447 ﬂoris
1034 2391 1163 2445 inde
1217 2387 1572 2458 pullulantis,
1614 2393 1671 2438 et
1700 2383 1977 2436 visibilem
2011 2381 2094 2434 in-

499 2488 686 2544 venies
718 2484 922 2540 Christi
966 2491 1241 2544 naturam,
1295 2495 1403 2532 non
1455 2481 1587 2530 item
1638 2473 1974 2528 invisibilem
2023 2472 2092 2526 ab

496 2579 832 2650 evangelista
859 2585 916 2632 et
952 2560 1220 2646 propheta
1255 2569 1609 2626 occultatam.

566 2763 705 2818 Cum
747 2759 916 2830 igitur
960 2755 1161 2811 audis:
1195 2753 1349 2808 Iesus
1389 2750 1696 2822 proﬁciebat
1724 2747 1987 2820 sapientia
2044 2755 2092 2800 et

501 2856 695 2924 gratia,
747 2851 931 2905 animo
977 2846 1286 2919 perpende,
1329 2845 1464 2913 quid
1488 2841 1760 2912 sapientia
1803 2849 1860 2894 et
1917 2837 2091 2907 gratia

496 2945 781 3018 proﬁciat;
814 2952 868 2997 et
897 2942 1056 2995 facile
1087 2937 1362 3006 inteiliges
1383 2936 1625 2988 animum
1651 2946 1773 2986 esse
1790 2928 2088 3000 ejusmodi,

497 3054 605 3093 non
629 3036 994 3096 divinitatem,
1035 3045 1157 3100 quae
1185 3027 1428 3097 perfecta
1469 3039 1690 3092 semper
1722 3029 1826 3085 est,
1855 3035 2090 3090 quasque

493 3147 590 3187 eos
617 3129 711 3201 qui
743 3126 893 3197 digni
919 3132 1071 3186 sunt,
1104 3121 1382 3190 sapientes
1412 3116 1608 3179 efﬁcit,
1638 3114 1778 3167 nihil
1807 3112 1953 3166 enim
1985 3111 2086 3165 ho-

495 3238 621 3276 rum
660 3215 936 3273 divinitati
967 3211 1228 3268 convenit
1258 3228 1272 3264 :
1309 3208 1406 3265 sed
1440 3217 1599 3262 aetate
1625 3204 1848 3274 quidem
1883 3218 2085 3272 corpus

496 3312 734 3384 proﬁcit,
755 3307 1028 3378 sapientia
1059 3319 1194 3358 vero
1222 3301 1476 3366 animus;
1517 3315 1616 3352 nec
1662 3298 1754 3352 ille
1785 3301 1966 3352 tamen
1995 3303 2082 3349 ra-

497 3403 665 3460 tionis
697 3415 915 3470 expers,
960 3396 1056 3451 sed
1091 3395 1365 3464 particeps
1402 3400 1615 3446 tantum
1647 3409 1659 3443 :
1695 3407 1764 3446 ex
1808 3405 1920 3460 quo
1948 3404 2085 3444 con-

496 3505 625 3560 stat,
677 3495 914 3548 animam
967 3486 1289 3543 rationalem
1330 3499 1362 3538 a
1387 3484 1568 3540 Verbo
1609 3484 1722 3538 Deo
1746 3489 2083 3551 assumptam

495 3602 636 3643 8858.

558 3675 636 3731 Ut
691 3669 1006 3728 summatim
1067 3667 1267 3730 dicam,
1323 3664 1542 3736 genitus
1591 3663 2084 3724 admirabiliterex

495 3775 684 3824 sancta
714 3766 938 3836 Virgine
976 3761 1230 3816 Christus
1263 3759 1528 3813 Dominus
1575 3757 1779 3828 (neque
1815 3758 1966 3811 enim
2002 3756 2084 3822 ip-

495 3877 617 3915 sum
646 3859 725 3913 fas
752 3865 836 3911 est
864 3865 989 3926 post
1014 3863 1254 3923 partum,
1293 3850 1379 3904 vel
1413 3849 1591 3903 solum
1626 3849 1799 3902 Deum
1831 3847 2080 3902 Verbum

495 3953 792 4023 appellare,
846 3949 932 4002 vel
987 3945 1266 4000 hominem
1326 3942 1615 3996 divinitate
1672 3939 1923 4002 nudum,
1985 3937 2081 3992 sed

494 4045 776 4102 Christum
811 4062 824 4095 :
869 4056 978 4110 quo
1017 4037 1238 4092 nomine
1273 4043 1505 4103 utraque
1535 4039 1754 4096 natura,
1792 4045 2083 4085 assumens

495 4138 709 4195 scilicet
749 4150 814 4189 ac
860 4140 1160 4200 assumpta,
1211 4123 1596 4197 significatur),
1648 4123 1833 4177 omnia
1891 4129 2080 4176 nostra

496 4238 696 4302 praeter
728 4234 1014 4298 peceatum
1048 4219 1316 4289 suscipit;
1367 4234 1478 4272 non
1509 4231 1669 4271 secus
1707 4229 1772 4269 ac
1817 4213 2076 4277 infantes,

495 4322 679 4377 fasciis
709 4317 1035 4380 involvitur;
1076 4313 1322 4368 nutritur
1351 4311 1513 4373 lacte,
1562 4316 1617 4363 et
1655 4306 1956 4361 mamillam
1983 4322 2077 4361 su-

495 4411 886 4484 git;manibus
917 4405 1327 4466 circumfertur,
1374 4417 1440 4455 ac
1489 4399 1795 4470 imponitur
1823 4399 2076 4469 gremio;

2193 1927 2293 1980 καὶ
2337 1931 2678 1995 εὐσεϐείας·
2743 1931 2982 2000 πνεῦμα
3044 1933 3232 2002 φόϐου
3291 1934 3440 1988 Θεοῦ
3481 1934 3777 2004 ἐμπλήσει

2193 2021 2401 2074 αὐτόν.
2441 2022 2687 2092 Τοσαύτη
2720 2024 2828 2076 τῶν
2861 2024 3216 2094 προφητικῶν
3263 2025 3357 2079 καὶ
3407 2026 3777 2095 εὐαγγελικῶν

2195 2111 2569 2180 κηρυγμάτων
2616 2115 2648 2182 ὴ
2705 2114 3012 2184 συμφωνία.
3043 2115 3212 2168 Ὅταν
3273 2117 3451 2169 τοίνυν
3506 2117 3774 2188 ἀκούσῃς,

2200 2197 2272 2250 Τὸ
2305 2198 2546 2253 παιδίον
2575 2202 2825 2268 ηὖξανε,
2877 2204 2976 2257 καί
3027 2199 3415 2273 ἐκραταιοῦτο
3463 2207 3774 2275 πνεύματι,

2194 2291 2289 2342 καὶ
2334 2291 2432 2361 τὴν
2475 2291 2638 2361 φύσιν
2680 2294 2934 2358 ἐξετάσαι
2965 2295 3220 2368 θελήσῃς,
3249 2299 3632 2369 ἀναμνήσθητι
3681 2297 3778 2367 τῆς

2196 2382 2355 2453 ῥίζης
2404 2384 2620 2450 Ἰεσσαὶ,
2660 2386 2752 2438 καὶ
2801 2387 2898 2457 τῆς
2931 2387 3153 2456 ῥάϐδου,
3185 2389 3282 2441 καὶ
3315 2389 3408 2442 τοῦ
3457 2389 3657 2454 ἄνθους
3685 2389 3776 2443 τοῦ

2194 2476 2403 2527 ἐκεῖθεν
2468 2476 2895 2548 βλαστήσαντος·
2937 2481 3032 2531 καὶ
3085 2479 3342 2550 εὑρήσεις
3393 2480 3488 2534 τοῦ
3538 2481 3778 2552 Χριστοῦ

2193 2567 2292 2634 τὴν
2330 2569 2662 2640 φαινομένην
2703 2570 2886 2638 φύσιν,
2913 2571 3028 2624 ἀλλ’
3069 2571 3128 2624 οὺ
3156 2571 3254 2642 τὴν
3276 2573 3508 2643 ἀόρατον
3542 2575 3651 2628 ὑπὸ
3683 2575 3774 2628 τοῦ

2213 2660 2606 2728 εὐαγγελιστοῦ
2638 2663 2731 2714 καὶ
2766 2662 2857 2715 τοῦ
2899 2664 3179 2734 προφήτου
3212 2668 3619 2738 κρυπτομένην.

2271 2753 2440 2806 Ὅταν
2474 2749 2566 2806 οὖν
2601 2754 2863 2826 ἀκούσῃς,
2901 2757 2983 2808 ὅτι
3034 2756 3279 2824 Ἰησοῦς
3312 2758 3650 2825 προέκοπτε
3675 2775 3778 2813 σο-

2193 2844 2301 2912 φίᾳ
2325 2846 2419 2899 καί
2452 2845 2959 2924 χάριττηὲξέτασον
2994 2847 3145 2918 παρὰ
3177 2849 3380 2918 σαυτῷ,
3415 2851 3466 2902 τί
3498 2850 3558 2902 τὺ
3581 2852 3782 2921 προκό-

2195 2953 2326 2989 πτον
2345 2937 2505 3007 σοφίᾳ
2522 2937 2615 2990 καὶ
2631 2938 2834 3007 χάριτι,
2861 2940 2955 2992 καὶ
2974 2939 3228 3009 εὑρήσεις
3243 2940 3442 3011 ψυχὴν,
3469 2943 3529 2994 οὐ
3551 2942 3779 3014 θεότητα

2191 3025 2288 3096 τὴν
2331 3026 2417 3078 ἀεὶ
2448 3026 2660 3080 τελείαν
2697 3028 2795 3096 τὴν
2829 3030 2955 3091 τοὺς
2987 3027 3171 3092 ἀξίους
3228 3031 3585 3099 σοφίζουσανο
3627 3033 3780 3084 οὐδὲν

2194 3117 2302 3187 γὰρ
2339 3117 2547 3170 τούτων
2587 3119 2850 3190 ἁρμόττει
2888 3120 3139 3192 θεότητι·
3173 3123 3288 3175 ἀλλ’
3323 3123 3512 3194 ἡλικίᾳ
3564 3125 3667 3194 μὲν
3719 3126 3779 3177 τὸ

2193 3209 2353 3280 σῶμα
2389 3210 2709 3278 προκόπτει,
2762 3212 2921 3282 σοφίᾳ
2961 3213 3016 3264 δὲ
3061 3214 3092 3284 ἡ
3131 3214 3298 3285 ψυχὴ,
3331 3215 3427 3284 οὐχ
3473 3217 3505 3283 ἠ
3554 3216 3773 3283 ἄλογος,

2185 3302 2302 3356 ἀλλ’
2329 3305 2362 3374 ἡ
2393 3303 2585 3374 λογική
2608 3321 2622 3335 ο
2657 3304 2713 3371 ἐξ
2755 3297 2816 3357 οὗ
2854 3305 3033 3377 δῆλον,
3076 3308 3157 3360 ὅτι
3210 3308 3304 3360 καὶ
3338 3307 3564 3379 λογικὴν
3595 3307 3773 3378 ψυχὴν

2185 3395 2213 3446 ὁ
2236 3393 2367 3458 Θεὸς
2399 3395 2572 3463 Λόγος
2598 3397 2872 3466 ἀνείληφε.

2269 3655 2357 3707 Ἐν
2383 3653 2662 3724 κεφαλαίῳ
2689 3654 2730 3685 ¹⁰
2756 3655 2812 3708 δὲ
2841 3655 3036 3720 εἰπεῖν,
3083 3655 3298 3726 τεχθεὶς
3355 3659 3681 3731 παραδόξως
3702 3661 3776 3714 ἐκ

2184 3747 2285 3816 τῆς
2339 3747 2501 3814 ἁγίας
2547 3746 2826 3816 Παρθένου
2869 3748 2896 3798 ὁ
2945 3748 3225 3819 Δεσπότης
3257 3751 3494 3820 Χριστὸς
3530 3751 3615 3825 (οὐ
3668 3755 3777 3823 γὰρ

2185 3840 2375 3907 ἐναγὲς
2423 3841 2560 3908 μετὰ
2593 3839 2684 3891 τὸν
2735 3839 2973 3909 τόκον,ἢ
3018 3839 3150 3893 Θεὸν
3191 3841 3366 3910 Λόγον
3406 3843 3563 3912 μόνον
3611 3845 3776 3898 αὑτὸν

2185 3929 2633 4002 προσαγορεύειν,
2677 3930 2709 4000 ἢ
2763 3930 3048 4001 ἄνθρωπον
3101 3936 3526 4004 γεγυμνωμένον
3579 3936 3777 4006 θεότη-

2183 4040 2294 4087 τος,
2327 4022 2463 4074 ἁλλὰ
2494 4021 2749 4092 Χριστὸν,
2783 4023 2810 4074 ὃ
2846 4024 3113 4095 ἑκατέραν
3139 4025 3319 4094 φύσιν,
3353 4027 3452 4097 τήν
3479 4044 3537 4079 τε
3576 4027 3779 4082 λαϐοῦ-

2185 4131 2303 4179 σαν,
2336 4114 2431 4168 καὶ
2473 4114 2570 4186 τὴν
2619 4113 2918 4186 ληφθεῖσαν
2959 4115 3151 4187 δηλοῖ),
3194 4119 3370 4172 πάντα
3411 4117 3481 4171 τὰ
3525 4121 3779 4192 ἡμέτερα

2185 4204 2323 4277 πλὴν
2380 4206 2655 4278 ἁμαρτίας
2722 4208 3077 4278 καταδέχεται
3136 4209 3306 4278 πάθη.
3353 4211 3779 4282 Σπαργανοῦται

2182 4299 2581 4369 παραπλησίως
2625 4299 2738 4362 τοῖς
2792 4299 3036 4371 βρέφεσι,
3073 4300 3164 4352 καὶ
3211 4299 3440 4367 γάλακτι
3484 4304 3778 4372 τρέφεται,

2181 4393 2273 4445 καὶ
2309 4391 2640 4461 τιθηνεῖται,
2701 4394 2794 4446 καὶ
2849 4394 3006 4462 χερσὶ
3063 4393 3456 4463 περιφέρεται,
3501 4398 3598 4449 καὶ⁵
3656 4399 3781 4451 κόλ-

495 4503 799 4560 secundum
848 4502 1021 4570 legem
1068 4493 1509 4556 circumciditur,
1549 4498 1606 4546 et
1659 4491 1855 4545 hostiis
1894 4489 2082 4558 expia-

2198 4502 2306 4546 ποις
2346 4484 2643 4544 ὲντίθεται,
2687 4485 2780 4538 καὶ
2819 4484 2959 4537 κατὰ
3016 4483 3180 4553 νόμον
3215 4485 3628 4555 περιτέμνεται,
3685 4489 3780 4543 καὶ

497 4595 731 4650 tricibus
757 4601 1040 4662 purgatur,
1088 4603 1214 4642 cum
1241 4600 1379 4639 nova
1418 4583 1513 4651 sit,
1563 4597 1626 4635 ac
1664 4582 1779 4635 sola
1802 4589 2080 4634 terrarum

498 4685 650 4742 orbis
675 4683 874 4747 hostia,
899 4691 1063 4751 atque
1088 4694 1259 4750 agnus
1289 4675 1382 4746 qui
1409 4674 1640 4729 abstulit
1670 4680 1894 4742 peccata
1920 4687 2084 4726 mun-

500 4780 588 4846 di;
615 4795 644 4832 a
669 4777 923 4832 Simeonc
949 4774 1229 4834 adorator,
1255 4767 1528 4836 simulque
1553 4765 1861 4834 appellatur
1884 4763 2085 4819 Serva-

501 4879 586 4924 tor
613 4880 670 4924 et
705 4869 970 4923 Dominus
999 4884 1012 4919 :
1045 4864 1184 4934 fugit
1232 4859 1504 4914 llerodem
1539 4872 1666 4911 cum
1704 4865 1875 4910 matre
1927 4857 2084 4925 122

497 4970 705 5016 etcum
737 4969 942 5019 tutore,
973 4955 1125 5010 venit
1157 4954 1212 5006 in
1243 4954 1257 4972 '
1289 4949 1583 5019 Egyptum
1607 4985 1620 5010 ,
1659 4945 1788 4999 inde
1816 4945 1982 5010 redit,
2017 4945 2086 5001 ti-

498 5059 610 5106 met
638 5050 995 5110 Archelaum,
1032 5041 1406 5098 Nazarethum
1441 5036 1671 5100 secedit,
1703 5043 1863 5090 aetate
1897 5050 1962 5089 ac
1995 5050 2083 5089 sa-

498 5143 705 5215 pientia
743 5139 980 5212 proﬁcit,
1018 5133 1343 5205 parentibus
1373 5128 1627 5183 subditus
1660 5133 1774 5192 est;
1800 5127 1951 5183 omni
1981 5128 2085 5182 ho-

498 5249 634 5288 nore
675 5232 829 5296 colit,
861 5244 968 5283 non
995 5234 1225 5278 matrem
1261 5218 1446 5283 modo,
1471 5217 1565 5272 sed
1601 5226 1658 5272 et
1693 5216 1888 5271 matris
1917 5232 2087 5286 spon-

499 5339 622 5379 sum
670 5322 892 5391 quidem
929 5316 1080 5378 olim,
1131 5318 1319 5380 postea
1367 5322 1500 5364 vero
1553 5315 1869 5362 curatorem
1921 5314 2086 5378 atque

573 5466 589 5504 ί
627 5459 834 5517 Coloss.
861 5471 919 5521 ιι,
943 5453 996 5510 9.
1063 5450 1077 5502 i
1115 5451 1218 5506 lsa.
1259 5464 1334 5514 xx,
1367 5448 1418 5513 l,
1444 5447 1499 5502 2.

2184 4576 2500 4646 καθαρσίοις
2538 4575 2881 4644 καθαίρεται,
2914 4577 2947 4646 ἡ
2983 4574 3144 4645 καινὴ
3180 4577 3276 4628 καὶ
3305 4577 3436 4648 μόνη
3475 4577 3572 4647 τῆς
3594 4581 3779 4633 οίκου-

2191 4666 2358 4737 μένης
2387 4665 2570 4730 θυσία,
2601 4667 2629 4719 ὁ
2652 4665 2746 4718 τοῦ
2762 4666 2966 4736 κόσμου
2985 4667 3082 4736 τὴν
3101 4667 3373 4739 ἁμαρτίαν
3386 4669 3523 4738 ἄρας
3557 4670 3739 4739 ἀμνός
3762 4689 3774 4701 ⁵

2187 4757 2296 4810 ὑπὸ
2355 4757 2450 4809 τοῦ
2494 4756 3175 4826 Συμεὼνπροσκυνείται,
3238 4759 3331 4810 καὶ
3388 4759 3579 4830 Σωτὴρ
3633 4760 3776 4831 ὁμοῦ

2186 4850 2279 4904 καὶ
2309 4847 2584 4917 Δεσπότης
2636 4845 3143 4916 προσαγορεύεται·
3176 4846 3366 4917 φεύγει
3395 4848 3487 4901 τὸν
3523 4851 3778 4923 Ἡρώδην

2189 4939 2330 5009 μετὰ
2363 4937 2466 5030 τῆς
2498 4935 2706 5030 μητρδς
2741 4936 2836 5030 καὶ
2865 4933 2958 4988 τοῦ
2991 4935 3304 5006 κηδεμόνος,
3357 4939 3777 5010 καταλαμϐάνει

2182 5033 2280 5102 τὴν
2308 5026 2601 5098 Αἴγυπτον,
2643 5026 3001 5098 ἐπανέρχεται
3040 5028 3222 5094 πάλιν,
3263 5029 3470 5100 ἀγωνιᾷ
3515 5031 3609 5084 τὸν
3653 5033 3777 5101 ’Δρ-

2184 5122 2399 5193 χέλαον,
2451 5122 2531 5184 εἰς
2581 5121 2682 5189 τὴν
2717 5118 2972 5190 Ναζαρὲθ
3024 5120 3407 5192 παραγίνεται,
3442 5122 3633 5193 ἡλικίᾳ
3681 5127 3779 5176 καὶ

2189 5216 2351 5285 σοφίᾳ
2385 5214 2706 5287 προκόπτει,
2739 5213 3101 5267 ὑποτάττεται
3143 5216 3254 5278 τοῖς
3301 5214 3535 5284 γονεῦσι,
3587 5217 3777 5286 πάσης

2186 5307 2329 5371 ἀξιοῖ
2358 5305 2527 5376 τιμῆς
2559 5305 2620 5360 οὐ
2656 5303 2755 5376 τὴν
2801 5305 3014 5377 μητέρα
3045 5307 3224 5377 μόνον,
3268 5307 3402 5362 άλλά
3427 5309 3520 5362 καὶ
3547 5308 3642 5360 τὸν
3675 5310 3777 5379 τῆς

1781 5536 2019 5593 VARUS
2053 5538 2454 5596 LEC'HONES.

573 5661 594 5691 ⁸
617 5666 673 5716 ἐν
696 5660 875 5744 αὐτῷ..
890 5661 1025 5744 ΔΗτίιέο
1049 5658 1350 5740 supplenda
1357 5657 1622 5744 fuerunt.
1648 5655 1722 5744 ως
1740 5655 2069 5744 Edjit..pri.or

2198 5655 2696 5744 i..7tPOGaTOP£6wi/.
2767 5657 2809 5702 ιο
2835 5659 2893 5711 ὲν
2922 5656 3221 5730 κεφαλαίῳ,
3254 5672 3309 5709 κ.
3352 5671 3402 5711 τ.
3432 5654 3480 5710 λ.
3511 5654 3592 5710 Ad
3626 5673 3780 5714 mar-

501 5711 1433 5809 mea.testiféarhsstg;1‘Ex
1467 5727 1564 5785 lib.
1600 5743 1617 5782 ι
1648 5725 1859 5784 Theod.
1891 5711 2454 5784 Beincamatd'"
2501 5711 2516 5731 ⁸
2924 5711 2948 5713 ”
2997 5711 3010 5729 ⁸
3167 5711 3181 5730 ⁹
