3954 6294
466 271 536 333 75
920 312 934 333 ι
1671 264 1987 328 OPERUM
2025 268 2514 329 THEODORETI
3452 298 3465 303 ‘
3638 277 3705 338 76

465 378 882 448 perfectumuuc
927 377 1138 432 habens
1186 378 1237 431 in
1272 378 1453 444 seipse
1480 375 1714 445 exsistit.
1755 375 1875 429 Non
1902 391 2031 445 ergo
2059 375 2294 446 profecit
2327 391 2435 446 qua
2461 375 2703 431 Verbum
2729 386 2844 442 est;
2900 378 2993 433 sed
3022 377 3325 450 perfectum
3356 383 3499 436 idem
3533 386 3704 455 ipsum

469 478 673 533 manet,
708 471 954 539 nullique
986 471 1278 524 mutationi
1301 469 1620 524 obnoxium.

535 593 807 648 Prmterea
836 591 913 645 ait
942 589 1141 644 Paulus
1171 589 1240 643 de
1270 589 1410 643 Filio
1439 606 1452 642 :
1483 588 1793 643 Humiliavit
1819 590 2177 658 semetipsum,
2208 588 2434 657 formam
2461 588 2594 642 servi
2623 590 2881 659 accipiens
2900 600 2946 643 ι).
2980 589 3116 645 Cum
3146 591 3331 661 itaque
3354 593 3538 649 nullus
3563 611 3626 651 ea
3652 612 3707 655 re

468 682 776 737 offendatur
797 720 811 745 ,
847 695 971 743 nec,
1016 695 1140 733 cum
1168 680 1325 734 audit
1370 680 1688 734 humiliasse
1719 680 2098 749 semetipsum,
2135 680 2340 734 humile
2364 679 2496 747 quid
2521 680 2719 734 sentiat
2751 679 2818 733 de
2846 680 2957 734 Deo
2980 680 3185 745 Verbo,
3218 683 3352 752 quin
3383 685 3564 754 potius
3594 689 3709 759 ejus

466 774 765 828 admiretur
796 771 1171 836 clementiam;
1225 771 1505 841 quomodo
1533 787 1644 825 non
1671 771 2013 841 superfluum
2041 786 2108 826 eo
2132 770 2362 835 offendi,
2410 770 2555 840 quod
2589 770 2883 840 profecisse
2916 787 3041 826 eum
3070 773 3391 841 audiamus?
3435 776 3707 847 Siquidem

465 866 634 924 enim,
687 878 756 916 eo
804 861 951 931 quod
1002 862 1326 917 humiliatus
1357 872 1462 927 est,
1516 862 1655 917 nihil
1688 863 1867 918 deitas
1894 864 2024 917 ltesa
2046 870 2150 927 est,
2183 878 2288 918 nec
2316 863 2681 933 utiquequod
2706 864 3006 933 profecerit
3032 864 3278 921 laedenda
3302 876 3387 923 est
3413 887 3425 922 :
3456 886 3539 934 ac,
3570 872 3710 927 sicut

466 963 637 1018 nostri
665 976 828 1016 causa
853 958 1165 1014 humiliavit
1195 961 1580 1030 semetipsum,
1634 961 1716 1013 sic
1741 967 1797 1012 et
1822 957 1997 1012 nostri
2026 973 2191 1013 causa
2222 957 2451 1026 suscipit
2474 956 2802 1027 profectum,
2837 965 2898 1011 ut
2924 973 3027 1013 nos
3052 958 3251 1014 iterum
3279 962 3332 1014 in
3357 975 3421 1016 eo
3450 963 3709 1032 sapientia

465 1058 834 1128 proﬁciamus,
871 1059 966 1128 qui
995 1058 1126 1112 olim
1157 1067 1383 1127 peccato
1413 1056 1597 1111 effecti
1621 1071 1814 1112 sumus
1843 1058 2111 1128 jumentis
2139 1056 2377 1119 similes;
2414 1056 2874 1129 proﬁciamusque
2900 1062 3100 1132 gratia,
3136 1062 3231 1132 qui
3255 1062 3385 1116 olim
3418 1061 3546 1116 Adm
3572 1075 3708 1130 prte—

464 1148 820 1202 varicationis
874 1149 955 1203 rei
1004 1163 1197 1202 sumus
1230 1148 1404 1202 habiti
1442 1148 1590 1202 odio.
1628 1146 1821 1202 Omnia
1848 1148 1996 1201 enim
2027 1155 2216 1201 nostra
2247 1149 2421 1200 nostri
2448 1162 2611 1201 causa
2640 1148 2694 1202 in
2725 1149 2967 1219 seipsum
2999 1153 3242 1222 suscepit
3267 1150 3540 1215 Christus,
3572 1160 3632 1204 ut
3654 1149 3715 1204 in

466 1241 664 1295 melius
694 1250 892 1294 cuncta
918 1248 1241 1306 commutet,
1278 1240 1521 1310 bonique
1546 1240 1728 1294 omnis
1760 1238 2046 1294 hominum
2076 1238 2264 1309 generi
2299 1237 2568 1293 elliciatur
2596 1240 2951 1311 principium.

534 1355 811 1409 Naturalis
858 1354 946 1409 lex
969 1362 1073 1418 est,
1127 1369 1250 1423 quae
1299 1370 1409 1407 non
1456 1353 1600 1407 sinat
1642 1353 1918 1407 hominem
1955 1353 2152 1422 majori
2193 1354 2355 1420 longe
2386 1353 2682 1423 prudentia
2709 1355 3001 1425 praeditum
3025 1371 3168 1422 osse,
3222 1372 3385 1427 quam
3410 1371 3512 1427 pro
3540 1354 3718 1411 artatis

467 1445 631 1500 modo
665 1462 677 1498 :
712 1445 807 1499 sed
841 1455 895 1499 et
928 1444 983 1498 in
1008 1445 1172 1500 nobis
1207 1445 1281 1497 ita
1305 1452 1681 1514 comparatum
1709 1452 1812 1508 est,
1850 1453 1911 1498 ut
1932 1444 2125 1515 judicii
2148 1443 2233 1498 vis
2259 1445 2666 1513 quodammodo
2695 1446 2871 1501 aetatis
2899 1448 3239 1516 profectibus
3262 1464 3446 1503 comes
3466 1450 3707 1504 exsistat.

467 1538 599 1592 Erat
624 1552 754 1607 ergo
788 1536 1029 1590 Verbum
1064 1535 1117 1588 in
1150 1550 1314 1589 carne
1346 1533 1549 1587 factum
1583 1534 1770 1598 homo,
1798 1542 1853 1589 et
1879 1534 2184 1603 perfectum
2215 1543 2369 1600 erat;
2404 1550 2528 1590 cum
2552 1536 2812 1590 nimirum
2842 1537 2939 1592 Dei
2969 1539 3237 1608 sapientia
3265 1556 3328 1594 ac
3351 1541 3527 1595 virtus
3549 1548 3708 1599 esset.

467 1630 566 1699 Cui
597 1638 781 1686 tamen
811 1631 1068 1685 humanae
1097 1629 1269 1684 indoli
1295 1637 1506 1682 natura:
1531 1629 1835 1684 cedendum
1861 1637 2001 1693 erat,
2054 1644 2125 1683 ne
2152 1629 2286 1697 quid
2316 1645 2520 1683 novum
2551 1631 2946 1685 contuentibus
2972 1632 3271 1699 videretur,
3317 1649 3551 1703 corpore
3581 1649 3713 1702 pau-

467 1725 621 1781 latim
646 1733 929 1779 crcscente
966 1733 1025 1777 ut
1053 1725 1218 1778 homo
1245 1740 1365 1778 sese
1395 1724 1660 1792 prodebat
1696 1741 1709 1777 :
1749 1724 1914 1793 inque
1941 1723 2062 1777 dies
2085 1722 2332 1793 singulos
2358 1723 2662 1793 sapientius
2693 1738 2815 1778 cum
2842 1725 3182 1792 videntibus,
3218 1736 3332 1781 tum
3362 1728 3713 1782 audientibus

468 1815 768 1887 apparebat
821 1833 834 1868 :
887 1830 1011 1869 cum
1060 1816 1324 1869 nimirum
1360 1813 1417 1869 in
1443 1815 1721 1879 omnibus,
1751 1823 1814 1869 ut
1843 1815 2053 1869 dictum
2083 1825 2188 1878 est,
2223 1818 2528 1886 perfectum
2555 1825 2735 1883 esset,
2772 1819 2989 1872 tametsi
3022 1835 3367 1874 communem
3395 1831 3602 1874 natura:
3631 1820 3714 1874 in-

468 1909 649 1962 dolem
701 1906 996 1963 retinebat.
1059 1906 1197 1961 Cum
1238 1921 1370 1976 ergo
1419 1906 1599 1970 audis,
1635 1905 1951 1974 Proﬁciebat
1979 1906 2240 1964 sapientia
2270 1916 2319 1960 et
2348 1908 2555 1977 gratia,
2607 1921 2677 1961 ne
2703 1906 2898 1989 factam
2927 1909 3003 1961 illi
3035 1911 3317 1980 sapientiae
3346 1910 3715 1965 accessionem

467 2000 705 2069 aliquam
736 1999 1019 2055 existimes
1049 1998 1173 2068 (Dei
1200 1999 1347 2054 enim
1377 1999 1618 2054 Verbum
1654 1999 1862 2054 nullius
1891 1998 2065 2069 eget),
2116 2000 2213 2054 sed
2243 2001 2370 2069 quia
2393 2000 2713 2054 videntibus
2741 2001 3043 2070 sapientius
3071 2017 3289 2071 semper
3320 2010 3483 2071 atque
3510 2001 3730 2073 gratius.

466 2102 604 2159 erat,
638 2094 767 2149 inde
791 2093 1059 2164 proficere
1088 2095 1299 2149 dictum
1325 2103 1439 2161 est;
1480 2103 1542 2149 ut
1570 2095 1697 2149 inde
1722 2096 1834 2164 jam
1861 2094 2251 2149 admirantium
2279 2095 2522 2160 habitus,
2555 2112 2717 2166 quam
2751 2097 2925 2167 ipsius
2952 2097 3123 2166 magis
3145 2097 3460 2167 proficeret.

534 2211 691 2278 Quod
720 2212 777 2265 in
805 2212 992 2281 aliquo
1020 2210 1259 2281 proficit,
1292 2212 1441 2267 aliud
1466 2220 1551 2266 est
1583 2212 1653 2266 ab
1683 2228 1749 2267 eo
1784 2213 1838 2266 in
1868 2227 1977 2281 quo
2005 2214 2244 2281 prolicit.
2299 2212 2435 2267 Cum
2461 2229 2590 2284 ergo
2628 2214 2789 2269 Jesus
2816 2213 2996 2268 dictus
3024 2216 3095 2266 sit
3123 2214 3392 2282 sapientia
3416 2210 3681 2281 proficere
3700 2248 3716 2272 ,

467 2317 576 2359 non
620 2303 890 2371 sapientia
936 2303 1296 2372 proficiebat,
1351 2303 1448 2358 sed
1483 2303 1537 2355 in
1567 2303 1657 2356 illa
1689 2304 1909 2357 animus
1932 2302 2191 2356 hominis.
2251 2301 2386 2357 Cum
2419 2318 2477 2357 se
2507 2302 2655 2357 enim
2687 2302 2935 2372 quotidie
2959 2302 3138 2355 deitas
3172 2302 3225 2355 in
3254 2317 3322 2355 eo
3344 2302 3629 2372 detegeret
3657 2314 3719 2353 ac

467 2393 875 2458 manifestaret,
930 2394 1124 2463 majori
1147 2409 1367 2462 semper
1391 2392 1710 2446 videntibus
1736 2392 2088 2445 admirationi
2123 2392 2449 2446 habebatur.
2514 2393 2739 2462 llocquc
2767 2392 2872 2446 sibi
2901 2392 3019 2446 vult
3045 2390 3190 2460 quod
3221 2390 3428 2444 dictum
3449 2400 3556 2454 est,
3586 2389 3717 2443 Pro-

466 2483 672 2553 ﬁciebat
700 2485 983 2554 sapientia.
1044 2482 1124 2537 Ad
1156 2484 1303 2538 hunc
1327 2482 1550 2536 modum
1585 2482 1856 2552 sapientia
1886 2481 2208 2551 proficiebat
2235 2481 2547 2535 humanitas
2576 2499 2589 2533 :
2619 2490 2815 2535 natura
2843 2481 3082 2535 humana
3106 2480 3428 2548 sapientiam
3456 2478 3718 2543 induens;

465 2575 572 2632 hoc
592 2584 696 2641 est,
719 2577 813 2631 Dei
839 2575 1076 2632 Verbum
1100 2575 1362 2645 paulatim
1385 2590 1483 2644 per
1507 2588 1673 2642 opera
1700 2589 1763 2627 ac
1790 2572 2071 2652 mirabiles
2096 2570 2326 2627 effectus
2345 2580 2683 2641 assumptum
2712 2571 2973 2641 templum
3003 2571 3146 2640 apud
3171 2571 3420 2643 videntes
3436 2569 3718 2634 deificans,

467 2686 533 2729 ea
580 2673 687 2728 sibi
738 2674 952 2727 ratione
1008 2671 1316 2747 profectum
1374 2670 1698 2724 asciscebat.
1736 2670 1796 2722 In
1826 2670 1977 2722 hunc
2005 2668 2229 2722 modum
2265 2678 2463 2722 natura
2500 2667 2738 2721 humana
2767 2666 3036 2735 sapientia
3062 2664 3402 2735 proficiebat,
3466 2679 3570 2734 per
3603 2677 3721 2718 eam

466 2763 739 2820 deificata.
774 2762 1141 2830 Quamobrem
1172 2776 1276 2816 nos
1305 2776 1523 2831 quoque
1554 2761 1621 2815 ad
1653 2762 1792 2831 ejus,
1811 2759 1955 2830 quod
1988 2775 2090 2830 pro
2116 2759 2278 2814 nobis
2302 2758 2689 2815 homofactum
2714 2767 2818 2825 cst,
2838 2757 3003 2811 Vcrbi
3029 2756 3470 2819 similittzdincm,
3492 2765 3609 2824 tum
3625 2753 3721 2809 filii

466 2860 562 2915 Dei
586 2856 845 2929 appellati
891 2870 1101 2916 sumus,
1130 2864 1242 2907 tum
1266 2853 1361 2908 dii.
1399 2853 1729 2907 Proficiebat
1751 2869 1880 2922 ergo
1906 2853 2144 2907 humana
2164 2859 2359 2904 natura
2382 2849 2670 2919 sapientia,
2701 2865 2734 2904 a
2757 2850 3114 2920 corruptione
3131 2849 3198 2903 ad
3226 2847 3725 2918 incorruptionem,

465 2965 629 3026 atque
656 2954 725 3009 ab
756 2955 1008 3006 humanae
1031 2950 1244 3004 ratione
1276 2957 1483 3005 natura:
1517 2950 1583 3003 ad
1611 2949 1833 3004 deitatis
1859 2947 2184 3019 dignitatem
2210 2936 2488 3017 provecta.

483 3055 489 3061 ’
534 3064 758 3128 Audivi,
793 3062 993 3132 inquit,
1026 3077 1096 3116 ex
1129 3074 1283 3115 sacra
1315 3058 1624 3129 Scriptura,
1661 3060 1755 3113 Dei
1788 3059 2031 3114 Verbum
2060 3058 2266 3111 factum
2292 3056 2574 3110 hominem
2600 3057 2731 3112 Iesu
2760 3057 3016 3119 sortitum
3046 3055 3501 3126 appellationem.
3537 3054 3718 3124 Ipsum

464 3170 595 3226 ergo
632 3162 718 3209 est
762 3151 910 3222 quod
950 3147 1292 3219 proficiebat.
1357 3147 1479 3201 Noli
1506 3148 1656 3201 enim
1687 3147 1961 3210 dividere,
2009 3161 2131 3201 cum
2165 3160 2336 3198 unum
2372 3145 2576 3200 Paulus
2604 3146 2885 3201 Christum
2913 3146 3198 3216 praedicet.
3234 3146 3400 3215 Atqui
3432 3147 3475 3200 si
3503 3146 3720 3200 videtur

465 3249 775 3321 profectum
806 3244 1074 3312 recipere,
1107 3243 1268 3310 plane
1293 3241 1587 3296 conficitur
1615 3242 1793 3310 ipsum
1827 3240 2211 3310 imperfectum
2237 3254 2379 3295 esse.
2416 3239 2521 3306 Qui
2545 3257 2698 3305 vero,
2737 3257 2861 3296 cum
2887 3240 3156 3312 ejusmodi
3182 3239 3274 3303 sit,
3306 3238 3555 3309 perfecte
3577 3237 3721 3293 Patri

463 3337 571 3394 erit
608 3334 854 3406 aequale?
908 3331 1023 3386 Nec
1064 3331 1185 3384 Filii
1231 3330 1492 3387 deitatem
1531 3330 1728 3395 laedes;
1764 3345 1866 3383 nec
1903 3327 2070 3383 Verbi
2097 3328 2445 3399 dignitatem,
2475 3330 2581 3385 etsi
2606 3331 2713 3386 hoc
2736 3340 3159 3401 perseveranter
3193 3330 3369 3394 dicas,
3398 3329 3719 3401 imminues,

467 3428 601 3500 quin
648 3427 717 3481 iis
762 3424 898 3494 ipsis
944 3422 1147 3493 quibus
1176 3422 1452 3476 victurum
1481 3431 1534 3477 te
1564 3438 1774 3491 speras,
1819 3421 2052 3475 victoria
2080 3422 2264 3475 cades.
2320 3421 2376 3475 Si
2399 3422 2547 3475 enim
2573 3423 2800 3475 omnino
2829 3421 3071 3477 Verbum
3093 3422 3235 3476 nosti
3268 3437 3487 3475 carnem
3516 3421 3721 3476 factum

466 3530 634 3591 atque
672 3517 955 3573 hominem
978 3555 992 3579 ,
1031 3515 1109 3569 uti
1142 3513 1330 3569 divina
1359 3514 1644 3584 Scriptura
1670 3514 1947 3583 loquitur,
1985 3514 2178 3584 quidni
2207 3522 2263 3569 et
2289 3514 2470 3583 ipsum
2501 3529 2624 3583 qua:
2646 3514 2861 3568 homini
2889 3530 3129 3585 congrua
3152 3524 3281 3569 sunt
3300 3554 3314 3579 ,
3349 3514 3471 3568 sine
3494 3522 3721 3584 peccato

466 3615 579 3687 pati
623 3611 912 3669 concedis?
947 3610 1082 3665 Nam
1135 3610 1264 3679 quia
1315 3609 1597 3679 profectus
1647 3609 1882 3665 debetur
1924 3609 2116 3674 carni,
2156 3609 2373 3664 dicatur
2401 3607 2672 3678 proﬁcere
2710 3626 2820 3680 qua
2851 3610 3063 3665 ratione
3095 3610 3299 3664 factum
3328 3616 3415 3663 est
3446 3610 3503 3664 in
3530 3623 3718 3675 carne,

467 3708 698 3779 ejusque
726 3705 831 3760 sibi
859 3704 1114 3779 innoxias
1136 3705 1458 3759 affectiones
1479 3704 1718 3760 asciscit.
1750 3705 1869 3759 Non
1895 3705 2041 3763 enim
2068 3704 2299 3759 alterius
2321 3705 2606 3774 cujusdam
2632 3713 2752 3759 erat
2772 3718 2922 3766 caro,
2952 3703 3048 3759 sed
3077 3702 3250 3772 ipsius
3271 3703 3457 3758 Verbi.
3480 3705 3560 3759 Ac
3580 3705 3723 3760 sicut

468 3803 649 3873 ipsum
680 3815 843 3856 carne
873 3815 1096 3870 passum
1122 3815 1244 3856 esse
1273 3800 1532 3867 dicimus,
1587 3801 1693 3858 etsi
1722 3816 1850 3856 caro
1877 3800 1992 3855 sola
2024 3816 2186 3871 passa
2209 3800 2311 3867 sit;
2366 3801 2587 3870 quando
2622 3816 2801 3870 neque
2827 3815 3048 3870 passum
3073 3808 3159 3855 est
3191 3807 3252 3853 ut
3276 3799 3443 3864 Deus,
3480 3799 3581 3853 sed
3605 3800 3723 3869 ejus

467 3896 778 3968 patiebatur
801 3911 1002 3966 corpus
1035 3913 1048 3948 :
1083 3894 1163 3950 sic
1190 3902 1245 3949 et
1270 3895 1539 3964 prolicere
1563 3895 1799 3959 dicatur,
1830 3893 1936 3948 etsi
1965 3894 2178 3947 nullum
2206 3902 2269 3947 ut.
2292 3894 2439 3948 Deus
2468 3894 2650 3948 carnis
2678 3894 2796 3963 ipso
2818 3892 3067 3962 profectu
3096 3892 3403 3963 profectum
3426 3892 3718 3961 reciperet.

467 3991 696 4062 Ipseque
718 3989 931 4052 fateris,
968 3987 1062 4042 Dei
1090 3985 1429 4050 adversarie,
1460 3983 1557 4039 Dei
1586 3984 1827 4039 Verbum
1855 3999 2077 4039 carnem
2108 3983 2316 4038 factum
2339 3999 2499 4040 esse:
2523 3983 2670 4055 quod
2697 3983 2834 4037 nihil
2860 3982 3011 4038 aliud
3034 3984 3261 4050 indicat,
3284 4000 3455 4054 quam,
3473 3983 3720 4040 induisse

468 4097 718 4147 carnem,
770 4089 936 4151 atque
978 4078 1256 4132 hominem
1286 4075 1585 4131 exstitisse.
1624 4074 1779 4138 Sicut
1800 4089 1951 4145 ergo,
1988 4090 2114 4129 cum
2140 4090 2393 4145 magnum
2416 4074 2548 4145 quid
2580 4074 2655 4130 de
2669 4074 2850 4131 Verbo
2879 4075 3146 4141 audieris,
3181 4076 3439 4145 quodque
3461 4076 3543 4129 illi
3572 4073 3721 4129 nudo

468 4182 775 4247 congruat,
837 4187 901 4227 ac
954 4179 1248 4240 antequam
1277 4182 1497 4223 carnem
1530 4165 1819 4230 indueret,
1874 4174 1934 4231 ut
1964 4180 2091 4219 cum
2121 4165 2328 4223 dicitur
2351 4166 2466 4231 lux,
2497 4166 2776 4236 splendor,
2809 4166 2989 4222 Patris
3017 4162 3314 4237 sapientia,
3353 4182 3473 4221 non
3496 4161 3723 4222 carnem

467 4254 748 4337 intelligis,
785 4263 882 4319 sed
922 4261 1069 4333 quod
1130 4261 1185 4314 in
1213 4258 1385 4315 'carne
1432 4256 1673 4313 Verbum
1707 4255 2038 4311 inhabitat-it
2096 4275 2110 4310 :
2174 4257 2248 4312 ita
2281 4273 2407 4312 cum
2438 4257 2646 4328 aliquid
2673 4259 2729 4313 in
2763 4253 3065 4330 Scripturis
3094 4261 3265 4315 sacris
3297 4259 3507 4313 dictum
3532 4257 3719 4321 fuerit,

468 4359 614 4429 quod
652 4359 755 4413 soli
796 4356 946 4412 carni
988 4353 1284 4410 conveniat
1329 4352 1445 4406 sive
1493 4349 1699 4421 speciei
1741 4349 2012 4415 humanae,
2072 4365 2140 4404 ne
2171 4350 2225 4404 in
2257 4350 2498 4407 Verbum
2518 4351 2745 4418 referas,
2782 4351 2879 4408 sed
2911 4361 3123 4407 natura:
3144 4351 3325 4407 carnis
3357 4351 3562 4413 tribue,
3599 4362 3721 4419 quas

467 4452 570 4509 sibi
595 4452 686 4508 illa
703 4451 960 4507 vindicat.
980 4448 1116 4504 Cum
1141 4460 1273 4515 ergo
1301 4442 1446 4514 quod
1474 4441 1769 4513 proficeret
1792 4441 2018 4507 dicitur,
2043 4457 2150 4496 non
2184 4442 2297 4511 ipsa
2319 4458 2417 4512 per
2438 4458 2495 4499 se
2525 4443 2796 4514 sapientia
2821 4442 3284 4514 proﬁciebat,qua
3310 4443 3577 4514 sapientia
3603 4448 3716 4504 est;

467 4546 563 4601 sed
609 4545 873 4615 sapientia
924 4545 1198 4597 humanus
1236 4537 1498 4607 paulatim
1523 4536 1761 4601 animus,
1811 4550 1910 4604 per
1928 4550 2050 4593 eam
2074 4535 2255 4595 clarus
2276 4538 2517 4594 evadens
2539 4554 2604 4594 ac
2624 4539 2987 4610 conspicuus;
3044 4538 3247 4610 quippe
3294 4554 3419 4597 cum
3451 4550 3718 4610 organum

467 4642 613 4693 esset
654 4636 792 4708 ejus,
829 4650 949 4705 quae
982 4634 1039 4687 in
1090 4644 1159 4685 eo
1184 4635 1303 4684 erat
1332 4626 1577 4692 deitatis,
1614 4625 1721 4681 hoc
1750 4636 2020 4697 pra'stans
2050 4634 2213 4697 atque
2237 4628 2581 4696 ministrans,
2610 4639 2672 4685 ut
2700 4629 2792 4685 illa
2820 4632 3087 4703 paulatim
3110 4647 3169 4689 se
3205 4646 3274 4686 ex
3302 4630 3568 4701 operibus
3591 4641 3718 4700 pro-

468 4726 641 4785 deret.

536 4843 777 4901 Obsertta
817 4853 999 4900 autem
1048 4856 1158 4896 non
1206 4838 1430 4907 dixisse,
1467 4837 1695 4894 Verbum
1744 4837 2280 4909 autemproﬁciebat,
2324 4838 2439 4905 sed,
2486 4839 2668 4905 Iesus;
2700 4854 2773 4894 ne
2797 4839 3005 4894 nudum
3024 4837 3267 4894 Verbum
3290 4836 3586 4908 intelligas,
3618 4831 3729 4896 sed

467 4950 823 5013 posteaquam
858 4955 985 4995 caro
1017 4937 1224 4992 factum
1257 4942 1361 4990 est.
1420 4935 1577 5003 Quod
1612 4936 1658 4991 si
1688 4934 1957 5005 proﬁcere
1999 4935 2227 5001 dicitur,
2267 4951 2337 4991 eo
2365 4935 2511 5005 quod
2542 4936 2676 4990 illud
2714 4935 3022 5005 susceperit
3050 4933 3196 5004 quod
3225 4941 3309 4989 est
3328 4942 3517 4988 natum
3544 4928 3710 5003 proﬁ-

466 5050 613 5102 cere,
647 5037 751 5092 hoc
776 5043 861 5090 est
888 5034 1181 5087 humanam
1210 5039 1487 5096 naturam,
1515 5032 1636 5102 ejus
1658 5030 1906 5100 profecto
1938 5029 1991 5084 id
2017 5030 2213 5097 fuerit;
2249 5046 2313 5085 ac
2345 5046 2451 5101 qua
2477 5031 2569 5085 illa
2599 5030 2923 5100 praedictum
2950 5037 3054 5091 est,
3079 5026 3347 5098 proficere
3379 5026 3589 5082 dictum
3619 5023 3709 5081 sit.

469 5124 560 5181 Sic
588 5126 733 5180 enim
765 5122 989 5193 singula.
1011 5136 1133 5189 quze
1162 5120 1445 5185 dicuntur,
1485 5120 1542 5175 in
1567 5137 1668 5176 suo
1697 5136 1929 5190 quasque
1964 5120 2272 5176 consistent
2309 5121 2525 5186 ordine,
2573 5129 2635 5175 ut
2676 5136 2855 5189 neque
2886 5135 2951 5175 ea
2984 5133 3105 5188 quae
3127 5118 3276 5173 nudo
3299 5118 3480 5173 Verbo
3508 5132 3711 5174 conve-

467 5211 648 5273 niunt,
680 5211 748 5265 ad
779 5211 1072 5264 humanam
1098 5207 1462 5265 detrahantur
1491 5210 1785 5276 rationem,
1820 5224 2000 5281 neque
2021 5209 2262 5264 humana
2297 5209 2366 5264 ad
2397 5209 2619 5266 deitatis
2643 5211 2913 5266 rationem
2947 5218 3329 5280 promoveant.
3715 5231 3741 5241 —

540 5373 569 5413 Ρ
602 5361 837 5430 Philipp.
871 5376 929 5424 tt,
960 5361 1011 5414 7.
