3954 6294
225 299 295 360 77
353 351 414 374 ,τ
1347 297 1791 358 AUCTARIUM

1964 299 2061 358 AD
2098 299 2275 360 TOM.
2307 301 2405 361 1v.
3428 295 3499 358 73

301 407 412 462 Καὶ
440 402 650 458 εἶπενυ
673 403 822 475 αὐτῷ
841 408 868 457 ὁ
885 403 1156 468 διάϐολος·
1189 407 1249 457 El
1280 405 1410 469 Υἰὸς
1429 403 1601 458 sitat?
1633 405 1800 469 Θεοῦ,

1973 407 2040 462 Et
2077 409 2215 465 dixit
2247 413 2298 465 ei
2327 409 2583 464 diabolus
2628 426 2639 459 :
2679 405 2734 462 Si
2759 405 2925 460 Filius
2968 405 3067 458 Dei
3097 423 3148 460 rs
3171 446 3184 469 ,
3216 407 3298 458 dic
3331 407 3498 476 lapidi

231 498 358 552 ειπὲ
395 495 473 562 τῷ
504 497 654 559 λίθῳ
701 495 971 562 taurea“,
998 495 1098 548 ἵνα
1129 493 1370 564 γένηται
1404 494 1600 563 ἄρτος.
1641 495 1811 564 ’Υπὲρ

233 593 412 660 πάσης
448 589 548 657 τῆς
583 589 856 659 ἡμετέρας
898 587 1110 656 φύσεως
1142 590 1170 640 ὁ
1220 587 1311 639 τοῦ
1338 587 1471 638 Θεοῦ
1506 588 1678 652 Λόγος
1713 587 1812 656 τὴν

235 679 290 744 ἐξ
321 679 480 749 ἡμῶν
507 676 768 730 ἀνέλαϐεν
799 677 1071 747 ἀπαρχὴν⁹
1094 677 1178 728 ἵνα
1201 675 1286 728 διὰ
1320 675 1499 744 πάσης
1525 674 1694 743 αὐτὴν
1713 677 1810 743 τῆς

235 769 432 839 ἀρετῆς
460 766 685 835 ἀγαγὼν
713 767 991 837 προτρᾷῃ
1023 769 1118 836 μὲν
1145 769 1218 828 είς
1243 768 1417 836 πάλην
1453 767 1543 818 τὸν
1568 767 1811 833 ἀνταγωο

234 861 438 928 νιστὴν,
474 857 622 928 δείξῃ
651 858 706 910 δὲ
740 859 1006 927 ἀήττητον
1036 858 1124 910 τὸν
1159 857 1416 928 ἀθλητὴν,
1472 857 1565 908 καὶ
1623 857 1813 910 τοῦτον

239 950 335 1019 μὲν
361 947 711 1020 στεφανώσῃ,
748 948 960 999 ἐκείνου
1015 947 1069 999 δὲ
1122 946 1220 1017 τὴν
1249 944 1420 1015 ἧτταν
1452 945 1684 1017 κηρύξῃ,
1722 948 1814 999 καὶ

237 1042 605 1110 καταθαρρεῖν
647 1039 810 1091 αὑτοῦ
848 1040 1057 1102 πάντας
1083 1039 1500 1110 παρασκευάσῃ.

318 1132 609 1199 Ἀνάγεται
633 1132 811 1183 τοίνυν
840 1132 918 1193 εἰς
947 1130 1044 1200 τὴν
1078 1131 1308 1200 ἔρημον,
1335 1131 1408 1193 ὡς
1456 1133 1533 1192 είς
1557 1129 1817 1200 ἁρμοδίαν

239 1223 356 1276 τινὰ
397 1222 760 1289 παλαίστραν,
794 1219 900 1272 ὑπ’)
928 1219 1021 1270 τοῦ
1072 1219 1421 1287 Ηνεύματος·
1456 1219 1718 1284 ἀνάγεται
1760 1218 1814 1269 δὲ

173 1297 177 1300 ’
238 1315 333 1382 οὐχ
364 1315 392 1364 ό
423 1313 556 1374 Θεὸς
600 1313 792 1378 Λόγος,
838 1311 952 1363 ἀλλ’
985 1312 1013 1362 ὁ
1051 1313 1113 1364 ἐκ
1152 1311 1464 1382 σπέρματος
1503 1310 1667 1362 Δα6“;δ
1715 1309 1818 1361 ὑπὸ

237 1405 328 1458 τοῦ
359 1404 504 1458 θείου
532 1404 705 1471 Λόγου
732 1401 956 1470 ληφθεὶς
978 1406 1125 1465 ναός.
1156 1403 1229 1455 υὺ
1249 1403 1355 1472 γὰρ
1377 1403 1469 1454 τὸν
1493 1402 1622 1454 Θεὸν
1648 1401 1818 1468 Λόγον

243 1501 319 1560 εἰς
348 1497 446 1568 τὴν
469 1497 604 1564 πρὸς
631 1495 720 1547 τὸν
750 1494 994 1546 διάϐολον
1028 1495 1205 1563 πάλην
1244 1493 1564 1561 ἁπηγάγετο
1597 1491 1818 1561 Πνεῦμα

240 1589 298 1640 τὸ
323 1589 496 1655 ἅγιον,
530 1587 646 1638 ἀλλ’
673 1586 732 1638 δν
769 1588 824 1636 ὲν
850 1588 914 1655 τῇ
949 1586 1212 1655 Παρθένῳ
1251 1585 1507 1638 διέπλασε
1565 1584 1644 1654 τῷ
1699 1582 1818 1652 Θεῷ

240 1687 395 1754 Λόγῳ
419 1684 568 1737 ναόν.

1914 503 2022 564 isti,
2057 511 2113 554 ut
2145 502 2243 570 ﬁat
2276 503 2432 573 panis
2468 511 2518 553 ιι.
2545 499 2784 554 Verbum
2815 498 2911 552 Dei
2954 497 3228 566 primitias
3254 512 3318 550 ex
3342 498 3502 552 nobis

1914 591 2213 660 assumpsit
2242 607 2339 660 pro
2366 600 2477 644 tota
2509 598 2698 643 nostra
2738 595 2953 649 natura,
2977 593 3037 638 ut
3083 586 3229 639 illam
3259 601 3358 655 per
3384 601 3502 640 om-

1914 696 2013 733 nes
2050 680 2274 734 virtutis
2305 681 2508 751 gradus
2558 693 2908 746 promovens,
2954 677 3329 730 adversarium
3379 676 3502 744 qui-

1915 770 2039 824 dem
2084 780 2434 840 promoveret
2469 769 2539 823 ad
2577 771 2801 830 luctam,
2850 769 3113 821 invictum
3146 785 3276 821 vero
3327 768 3503 821 athle-

1918 869 2024 915 tam
2069 863 2400 926 ostenderet,
2453 871 2510 916 et
2564 861 2710 914 hunc
2763 870 3094 924 ceronaret,
3169 859 3316 913 illius
3372 874 3502 914 vero

1917 954 2124 1007 cladem
2166 954 2503 1024 praedicaret,
2529 967 2828 1021 omnesque
2868 950 2932 1004 ad
2966 950 3280 1004 audendum
3306 961 3498 1005 contra

1920 1046 2094 1116 ipsum
2125 1055 2479 1116 praepararet.

1991 1139 2298 1192 Addueitur
2353 1139 2534 1204 itaque
2574 1137 2629 1189 in
2665 1135 2945 1189 desertum
2986 1150 3014 1188 a
3061 1134 3308 1203 Spiritu,
3351 1135 3503 1189 velut

1921 1232 1972 1284 in
2027 1241 2205 1298 aptam
2240 1229 2568 1298 palmstram,
2606 1243 2714 1280 non
2743 1226 2965 1296 quidem
3010 1226 3124 1294 ipse
3158 1225 3303 1279 Deus
3346 1226 3502 1295 123

1918 1319 2194 1382 Verbum,
2233 1319 2328 1371 sed
2367 1319 2626 1387 templum
2668 1333 2733 1370 ex
2761 1318 2972 1370 semine
3016 1316 3238 1369 Davidis
3266 1332 3295 1369 a
3324 1317 3502 1370 Verbo

1919 1411 2107 1463 divino
2156 1419 2492 1477 susceptum.
2557 1409 2745 1476 Neque
2800 1408 2946 1460 enim
2998 1406 3238 1475 Spiritus
3281 1417 3504 1460 sanctus

1919 1501 2091 1554 Deum
2125 1500 2363 1552 Verbum
2390 1499 2455 1552 ad
2479 1500 2681 1552 luctam
2714 1498 2978 1551 adversus
3014 1498 3293 1551 diabolum
3325 1497 3500 1561 duxit,

1919 1592 2015 1646 sed
2069 1592 2355 1660 templum,
2395 1591 2540 1660 quod
2585 1592 2696 1644 Deo
2742 1590 2920 1644 Verbo
2970 1590 3267 1645 fabricatus
3309 1600 3396 1644 est
3448 1591 3501 1646 in

1919 1681 2165 1751 Virgine.

309 1777 417 1828 Καὶ
465 1772 712 1843 νηστεύει
765 1769 862 1840 μὲν
895 1769 954 1821 οὐ
999 1767 1142 1838 πέρα
1194 1766 1406 1833 μέτρων
1451 1762 1550 1832 τῆς
1581 1761 1812 1830 φύσεωςο

1990 1776 2068 1828 Ac
2096 1775 2305 1844 jejuuat
2331 1772 2574 1840 quidem,
2611 1780 2920 1825 nontamen
2963 1769 3102 1824 ultra
3139 1781 3347 1826 natura:
3383 1787 3502 1826 mo-

239 1868 420 1929 ᾶσιτος
490 1865 599 1936 γὰρ
649 1862 912 1915 διετέλεσε
972 1858 1379 1928 τεσσαράκοντα
1437 1853 1667 1924 ἡμέρας,
1724 1851 1820 1904 καὶ

243 1958 563 2028 ἰσαρίθμους
601 1954 822 2014 νύκτας,
871 1953 944 2022 μὴ
977 1951 1206 2018 θελήσας
1237 1947 1542 2018 ὑπερϐῆναι
1566 1946 1674 1999 τῶν
1714 1943 1822 1996 πά⁴

240 2049 323 2100 λαι
353 2044 794 2116 νενηστευκότων
844 2043 902 2094 τὸ
945 2041 1161 2110 μέτρον,
1215 2038 1302 2090 ἵνα
1353 2038 1497 2106 φύγῃ
1544 2035 1643 2104 τὴν
1686 2033 1824 2100 πρὸς

239 2140 399 2194 αὑτὸν
435 2139 462 2188 ὁ
494 2135 781 2196 ἀντίπαλος
816 2133 1013 2200 πάλην,
1042 2131 1125 2182 ἴνα
1161 2129 1256 2198 μὲν
1288 2127 1560 2196 γνωρίσας
1594 2125 1655 2176 τὸ
1685 2141 1822 2194 κρυ-

242 2232 507 2299 πτόμενον
573 2227 718 2296 φύγῃ
784 2225 881 2294 τὴν
938 2224 1071 2292 πρὸς
1140 2222 1200 2272 τδ
1249 2220 1568 2288 φαινόμενον
1619 2217 1821 2284 μάχην.

238 2324 439 2378 Τούτου
488 2321 647 2391 χάριν
698 2318 830 2388 μετὰ
874 2317 963 2368 τὸν
996 2312 1392 2384 προειρημένον
1441 2310 1549 2361 τῶν
1603 2307 1823 2378 ἡμερῶν

241 2415 491 2487 ἀριθμὸν,
527 2413 628 2482 τῆς
668 2409 1008 2479 ἀνθρωπείας
1057 2405 1270 2474 φύσεως
1297 2401 1585 2469 ὑποφαίνει
1631 2399 1692 2450 τὸ
1723 2397 1824 2450 πά-

239 2509 350 2571 θος,
391 2507 488 2559 καὶ
530 2504 803 2572 συγχωρεῖ
845 2503 908 2570 τῇ
959 2500 1117 2569 πείνῃ
1163 2499 1349 2566 χώραν
1393 2487 1601 2557 λαϐεῖν,
1654 2489 1824 2558 λαϐὴν

240 2599 432 2666 ἐκείνῳ
455 2595 544 2648 διὰ
572 2595 668 2664 τῆς
703 2592 890 2661 πείνης
921 2589 1114 2652 διδούς·
1141 2591 1214 2641 Οὐ
1257 2588 1363 2656 γὰρ
1411 2585 1614 2655 ἐτόλμα
1651 2600 1824 2654 πρω-

241 2689 438 2750 ελθεῖν,
459 2684 626 2737 πολλὰ
655 2683 778 2752 περὶ¹
797 2679 956 2734 αὐτὸν
989 2678 1274 2747 θεοπρεπῆ
1301 2676 1559 2744 γινόμενα
1583 2673 1823 2742 θεωρῶν.

246 2780 349 2831 Καὶ
371 2777 482 2845 γὰρ
506 2774 722 2842 ἄγγελοι
761 2771 1041 2842 τεχθέντος
1063 2769 1340 2838 ἐχόρευον,
1375 2767 1470 2820 καὶ
1492 2766 1668 2836 ἀστὴρ
1693 2766 1822 2816 ἁνα-

241 2872 419 2933 τείλας
449 2869 656 2939 μάγους
681 2866 1021 2934 ἐποδήγησεν
1049 2864 1127 2922 είς
1161 2859 1532 2930 προσκύνησιν
1561 2860 1688 2919 τοὺς
1717 2856 1817 2924 τῆς

246 2963 409 3015 αὐτοῦ
435 2961 714 3029 φάλαγγος
756 2955 1105 3027 κορυφαίους,
1148 2954 1238 3006 καὶ
1273 2951 1436 3005 αὑτὸν
1465 2949 1612 3020 ἐώρα
1643 2949 1822 3000 πᾶσαν

248 3059 310 3108 ἐκ
343 3051 535 3122 παιδος
589 3049 841 3120 μετιόντα
869 3045 1237 3115 δικαιοσύνην,
1272 3042 1689 3112 βδελυττόμενον
1722 3055 1822 3091 κα-

245 3147 388 3209 κίαν,
445 3141 850 3214 μυσαττόμενον
892 3137 1175 3208 πονηρίαν,
1225 3134 1365 3187 κατὰ
1410 3133 1506 3202 τὴν
1542 3134 1622 3194 εἰς
1662 3130 1822 3183 αὐτὸν

246 3236 619 3306 γεγενημένην
681 3233 784 3285 ὑπὸ
845 3228 940 3283 τοῦ
1013 3229 1291 3299 προφήτου
1357 3227 1697 3296 πρόρρησιν,
1743 3224 1822 3275 ὅτι

245 3331 395 3396 Πρὶν
429 3328 468 3396 ἣ
493 3325 711 3396 γνῶναι
750 3323 937 3378 αὐτὸν
969 3320 1193 3390 ἀγαθὸν
1222 3319 1318 3371 καί
1346 3318 1554 3377 κακὸν,
1595 3315 1830 3370 ἀπειθεῖ

247 3420 500 3487 πονηρίᾳ
531 3418 635 3471 τοῦ
681 3414 1042 3475 ἐκλέξασθαι
1071 3412 1137 3464 τὸ
1169 3411 1412 3479 ἀγαθόν.
1457 3408 1616 3461 Ἐϐόα
1638 3408 1694 3460 δὲ
1729 3410 1821 3461 καὶ

243 3515 275 3564 ’ό
319 3511 568 3579 Ἰωάννης
589 3522 602 3535 °
641 3506 763 3562 Ἰδε
794 3508 826 3559 ό
878 3503 1092 3570 Ἀμνὸς
1119 3503 1225 3554 τοῦ
1271 3499 1419 3554 Θεοῦ
1448 3502 1480 3554 ό
1507 3501 1690 3568 αἴρων
1711 3499 1825 3567 τὴν

247 3603 546 3673 ἁμαρτίαν
592 3599 697 3652 τοῦ
731 3598 982 3664 κόσμου.
1030 3593 1220 3665 Πατὴρ
1264 3592 1467 3647 ἄνωθεν
1502 3591 1819 3662 ἐμαρτύρη-

247 3711 360 3746 σεν·
399 3687 589 3755 Οὗτός
620 3690 792 3742 ἐστιν
827 3691 858 3741 ὁ
909 3688 1044 3749 Υἱός
1085 3701 1203 3754 μου
1246 3685 1278 3737 ὁ
1325 3683 1651 3752 ἀγαπητὸς,
1682 3683 1752 3736 ἐν
1778 3676 1826 3750 ᾧ

242 3783 582 3851 ηὐδόκησα.
627 3779 734 3833 Τοῦ
767 3776 1082 3847 Πνεύματος
1124 3777 1172 3845 ή-
1192 3775 1350 3846 χάρις
1371 3776 1641 3845 ἐφοίτησε.
1685 3775 1828 3828 Ταῦ-

242 3892 337 3939 τα,
371 3875 467 3928 καὶ
511 3875 612 3926 ὅσα
661 3869 904 3934 τοιαῦτα,
951 3869 1042 3920 τὸν
1085 3867 1328 3920 διάϐολον
1379 3867 1824 3920 καταπλήττοντα

243 3965 567 4034 προσελθεῖν
591 3964 690 4016 οὐκ
714 3962 798 4014 εἴα
824 3961 900 4030 τῷ
928 3959 1025 4028 τῆς
1049 3957 1322 4028 ἡμετέρας
1356 3943 1568 4025 φύσεως
1594 3957 1822 4029 ἀθλητῇ.

333 4057 422 4120 Ὠς
464 4055 521 4108 δὲ
575 4055 674 4124 τῆς
707 4052 894 4122 πείνης
931 4050 1030 4119 τὴν
1061 4048 1362 4118 προσϐολὴν
1383 4048 1692 4114 ὑπεδέξατο,
1734 4049 1826 4101 καὶ

243 4143 386 4200 εἶδεν
435 4145 595 4198 αὐτὸν
632 4143 841 4214 τροφῆς
881 4140 1227 4212 ἀνθρωπίνης
1260 4141 1532 4210 δεόμενον,
1561 4142 1654 4193 καὶ
1688 4159 1824 4210 καρο-

239 4239 429 4307 τερεῖν
464 4233 776 4306 περαιτέρω
821 4232 928 4285 τῶν
967 4231 1216 4285 παλαιῶν
1255 4230 1464 4301 ἀνδρῶν
1497 4230 1556 4282 οὑ
1598 4230 1827 4298 δυνάμε-

243 4347 357 4391 νον,
391 4328 784 4398 προσέρχεται,
816 4323 986 4394 λαϐὴν
1007 4323 1248 4393 οἰόμενος
1274 4321 1509 4392 ἐρημίαν
1543 4321 1822 4390 μεγίστην,

1923 1864 2076 1929 dum,
2122 1866 2236 1919 sine
2280 1864 2404 1918 cibo
2432 1863 2641 1932 peragit
2682 1862 3039 1932 quadraginta
3077 1862 3195 1916 dies
3221 1872 3276 1916 et
3313 1874 3505 1918 noctes

1920 1956 2172 2019 totidem,
2205 1955 2398 2009 nolens
2432 1971 2621 2008 eorum
2646 1954 2739 2022 qui
2765 1953 2893 2006 olim
2919 1953 3251 2022 jejunarant,
3280 1969 3503 2008 mensu-

1923 2063 2039 2101 ram
2089 2047 2376 2109 excedere,
2427 2062 2494 2098 ne
2526 2045 2875 2098 adversarius
2915 2045 3246 2114 singularem
3296 2045 3501 2100 luctam

1925 2140 2219 2209 refugeret,
2251 2154 2426 2207 eoque
2462 2138 2698 2205 cognito,
2725 2137 2869 2206 quod
2894 2137 3116 2201 latebat,
3147 2154 3381 2209 pugnam
3405 2140 3503 2192 ad—

1926 2247 2120 2284 versus
2155 2230 2208 2283 id
2231 2230 2376 2298 quod
2400 2229 2722 2298 apparebat,
2750 2229 3101 2282 detrectaret.
3139 2229 3269 2282 Eam
3295 2229 3365 2282 ob
3387 2245 3504 2284 rem

1924 2333 2048 2393 post
2092 2323 2388 2391 expletum,
2431 2322 2523 2390 qui
2560 2321 2742 2374 dictus
2774 2329 2876 2382 est,
2929 2321 3143 2374 dierum
3190 2337 3502 2385 numerum,

1925 2413 2269 2467 affectionem
2314 2421 2525 2465 naturae
2560 2411 2814 2465 humana:
2843 2411 3106 2474 declarat,
3140 2411 3340 2480 datque
3375 2411 3503 2466 fami

1923 2500 2128 2564 locum,
2189 2501 2349 2554 simul
2400 2517 2499 2570 per
2544 2499 2743 2554 famem
2796 2500 3112 2556 adversario
3158 2503 3504 2557 occasionem

1925 2592 2198 2661 przebens,
2249 2592 2393 2646 unde
2420 2597 2434 2612 ’
2468 2591 2645 2660 ipsum
2676 2593 3135 2662 apprehenderet.
3171 2596 3305 2650 Nam
3345 2612 3504 2652 acce—

1926 2680 2058 2735 dere
2098 2697 2206 2734 non
2253 2681 2508 2745 audebat,
2535 2697 2659 2736 cum
2695 2683 2864 2736 multa
2899 2684 3083 2738 divina
3131 2686 3278 2740 circa
3327 2687 3504 2757 ipsum

1927 2773 2221 2842 contigisse
2248 2782 2534 2827 cerneret:
2562 2773 2834 2843 siquidem
2859 2777 3061 2845 angeli,
3095 2792 3220 2830 cum
3246 2794 3503 2836 nascere-

1927 2871 2036 2926 tur,
2055 2863 2252 2917 choros
2273 2872 2516 2932 egerant,
2549 2873 2737 2918 exorta
2762 2865 2916 2919 stella
2939 2865 3120 2936 Magos
3146 2883 3258 2922 suae
3281 2869 3508 2937 phalan-

1927 2953 2009 3024 gis
2051 2954 2372 3023 coryphazos
2420 2954 2712 3007 adoratum
2763 2955 3014 3019 duxerat,
3064 2957 3244 3025 ipsum
3286 2975 3506 3029 quoque

1927 3054 2174 3108 noverat,
2198 3046 2308 3114 jam
2329 3045 2454 3098 inde
2478 3061 2508 3098 a
2533 3060 2725 3114 puero,
2745 3061 2962 3098 omnem
2989 3047 3256 3116 justitiam
3281 3052 3504 3116 sectari,

1926 3133 2185 3186 detestari
2243 3133 2579 3201 nequitiam,
2628 3134 3034 3203 improbitatem
3077 3139 3378 3203 exsecrari,
3413 3156 3503 3196 sc-

1929 3222 2167 3277 cundum
2227 3222 2605 3291 propheticam
2669 3223 3085 3291 prmdictionem
3139 3245 3150 3280 :
3203 3230 3501 3302 Antequam

1927 3315 2220 3384 cognoverit
2253 3330 2381 3384 pucr
2409 3316 2600 3367 bonum
2630 3313 2713 3368 vel
2743 3314 2966 3378 malum,
3005 3319 3305 3388 reprobabit
3348 3323 3505 3377 mali-

1929 3405 2078 3463 tiam,
2113 3412 2166 3455 ut
2199 3401 2358 3471 eligat
2387 3403 2579 3456 bonum
2601 3413 2643 3456 ν.
2673 3402 2960 3458 Clamabat
3009 3409 3176 3462 etiam
3221 3410 3458 3467 Joannes
3487 3432 3499 3466 :

1930 3493 2062 3546 Ecce
2087 3493 2269 3563 Agnus
2299 3493 2416 3557 Dei,
2438 3495 2525 3564 qui
2553 3493 2691 3548 tollit
2721 3504 2935 3565 peccata
2967 3499 3150 3552 mundi
3170 3507 3214 3553 '.
3252 3500 3506 3558 Testatus

1925 3583 2106 3638 fuerat
2153 3584 2316 3638 etiam
2358 3583 2424 3637 de
2456 3585 2594 3638 caelo
2625 3585 2786 3638 Pater
2825 3604 2836 3637 :
2875 3586 2972 3639 llic
3021 3596 3096 3641 est
3145 3589 3310 3645 Filius
3359 3610 3502 3648 meus

1927 3675 2144 3729 dilectus
2181 3680 2236 3729 in
2267 3693 2367 3745 quo
2408 3677 2532 3730 mihi
2580 3676 2874 3747 complacui
2901 3680 2942 3731 ι.
2973 3679 3112 3746 Quin
3139 3683 3302 3736 etiam
3330 3686 3503 3753 gratia

1928 3769 2166 3840 Spiritus
2185 3771 2481 3826 advenerat
2515 3789 2528 3824 :
2554 3781 2718 3841 atque
2743 3772 2858 3826 haec
2892 3772 3127 3843 aliaque,
3155 3790 3278 3829 cum
3296 3777 3503 3832 .diabo—-

1926 3863 2038 3916 lum
2074 3871 2368 3925 terrerent,
2391 3879 2517 3918 eum
2552 3880 2658 3918 non
2689 3866 2942 3920 sinebant
2978 3867 3046 3920 ad
3077 3876 3286 3924 natura:
3301 3881 3504 3929 nostra:

1927 3956 2185 4010 athletam
2214 3957 2494 4011 accedere.

2004 4049 2161 4118 124.
2185 4046 2290 4102 Sed
2329 4049 2421 4103 ubi
2443 4049 2680 4118 primum
2713 4050 2874 4106 famis
2907 4053 3319 4122 impressionem
3343 4069 3504 4110 exce-

1927 4140 2026 4209 pit,
2044 4155 2280 4208 eumque
2302 4140 2554 4195 diabolus
2575 4142 2815 4197 humano
2831 4144 2956 4198 cibo
2979 4144 3314 4214 indigentem
3340 4147 3497 4212 vidit,

1927 4245 2028 4285 nec
2059 4238 2240 4284 tamen
2276 4247 2438 4301 supra
2472 4235 2708 4301 majores
2742 4234 3040 4304 patientem
3080 4234 3296 4303 inedim,
3339 4253 3497 4293 acce-

1927 4321 2028 4385 dit,
2075 4322 2426 4376 solitudinem
2475 4330 2625 4376 ratus
2659 4337 2780 4378 esse
2805 4327 3270 4393 opportunitatem
3322 4331 3496 4386 maxi-

239 4420 346 4472 καὶ
380 4420 624 4488 νικήσειν
657 4415 853 4488 ῥᾳδίως
892 4413 1180 4468 πιστεύων.
1207 4414 1314 4465 Καὶ
1338 4410 1588 4482 καθάπερ
1621 4413 1676 4464 ἐν
1712 4415 1820 4474 τοῖς

1927 4425 2092 4474 mam,
2131 4425 2297 4480 seque
2321 4410 2479 4465 facile
2502 4411 2765 4468 victorem
2797 4413 2910 4467 fore
2923 4415 3173 4470 credens.
3196 4417 3275 4473 Ac
3305 4435 3500 4489 quem-

243 4507 506 4577 πολέμοις
579 4507 666 4559 τὸν
748 4505 1086 4574 πανταχόθεν
1151 4506 1218 4573 τῇ
1303 4501 1576 4572 πανοπλία
1659 4519 1822 4556 κεκαο

237 4600 524 4670 λυμμένον
592 4597 985 4662 κατατοξεῦσαί
1053 4613 1134 4658 τις
1189 4595 1423 4656 ἐθέλων,
1512 4594 1630 4647 ὅλον
1685 4595 1820 4665 πόρ-

238 4689 426 4761 ρωθεν
478 4692 590 4751 τοῖς
631 4688 930 4756 ὀφθαλμοῖς
971 4686 1318 4754 περισκοπῶν
1377 4685 1604 4755 ἐρευνᾷ,
1652 4700 1816 4751 γεγυ-

237 4779 534 4852 μνωμένον
568 4779 724 4850 μέλος
759 4776 1048 4846 ἐπιζητῶν,
1072 4778 1155 4830 ἵνα
1196 4779 1310 4828 ἐκεῖ
1336 4775 1496 4846 ῥίψας
1542 4775 1601 4827 τό
1645 4775 1814 4843 βέλος,

236 4874 338 4924 τὸν
368 4870 655 4923 ἀντίπαλον
704 4869 902 4942 πληξῃο
952 4868 1124 4931 οὕτως
1178 4871 1205 4920 ό
1245 4867 1508 4931 διάϐολος,
1549 4865 1694 4938 πάσῃ
1726 4867 1816 4919 τὸν

231 4961 482 5033 Χριστὸν
514 4961 827 5032 δικαιοσύνῃ
871 4959 1319 5028 καθωπλισμένον
1340 4959 1502 5029 όρῶν,
1529 4958 1622 5011 καὶ
1656 4958 1819 5010 τόπον

233 5051 504 5124 ἁρμόδιον
533 5051 734 5119 ζητῶν,
773 5051 838 5102 ἵν’
879 5053 995 5104 ἐκεῖ
1032 5051 1090 5104 τὸ
1133 5050 1284 5119 βέλος
1313 5049 1593 5120 ἀκοντίσῃ,
1630 5049 1704 5112 ὡς
1733 5041 1817 5102 εὖ.

232 5161 340 5216 ρεν
375 5146 743 5212 ἀναφανεῖσαν
787 5144 886 5212 τὴν
944 5144 1152 5206 πεῖναν,
1201 5142 1562 5212 προσέρχεται
1613 5144 1817 5210 θαρσα-

236 5240 400 5301 λέως,
439 5238 514 5301 ὡς
555 5238 732 5308 εὑρὼν
757 5237 817 5289 τὸ
856 5235 1208 5307 ζητούμενον,
1235 5237 1309 5298 ὡς
1347 5236 1439 5288 τοῦ
1476 5235 1818 5304 προπάτορος

303 5369 336 5409 ιι
365 5358 496 5413 Luc.
528 5373 602 5418 tv,
633 5357 686 5410 5.
765 5365 787 5392 ι’
823 5354 923 5408 lsa.
957 5371 1050 5417 vn,
1079 5355 1166 5408 l6.

1925 4505 2220 4560 admodum
2272 4506 2328 4559 in
2363 4505 2542 4569 bellis,
2587 4507 2631 4560 si
2658 4507 2781 4577 quis
2816 4508 3094 4564 hominem
3131 4512 3266 4567 velit
3290 4520 3498 4568 tectum

1920 4597 2066 4652 omni
2093 4613 2370 4652 armorum
2395 4613 2592 4669 genere
2636 4599 2802 4655 ferire
2835 4601 3041 4671 jaculo,
3083 4611 3256 4658 totum
3281 4606 3500 4660 eminus

1919 4689 2098 4744 oculis
2135 4684 2587 4757 circumspiciens
2639 4690 2889 4760 vestigat,
2927 4691 3136 4746 nudum
3170 4694 3391 4763 aliquod
3410 4695 3496 4748 in-

1923 4781 2149 4850 quirens
2172 4779 2502 4843 membrum,
2533 4779 2586 4833 in
2606 4780 2752 4849 quod
2788 4781 3033 4836 immisso
3053 4784 3256 4852 jaculo,
3298 4784 3496 4840 adver-

1923 4871 2126 4925 sarium
2151 4879 2302 4940 petat
2331 4887 2344 4924 :
2374 4871 2454 4925 sic
2487 4871 2739 4925 diabolus
2761 4871 3042 4926 Christum
3075 4875 3308 4929 intuitus
3344 4877 3493 4931 omni

1916 4962 2130 5034 justitia
2161 4963 2513 5027 instructum,
2568 4978 2929 5033 quaerensque
2983 4975 3356 5035 opportunum
3410 4967 3494 5019 lo-

1922 5059 2070 5119 cum,
2095 5069 2205 5122 quo
2236 5055 2404 5108 telum
2466 5055 2825 5124 intorqueret,
2862 5057 3046 5111 statim
3091 5065 3254 5126 atque
3285 5055 3494 5110 invenit

1920 5144 2118 5199 famem
2149 5160 2207 5198 se
2234 5145 2580 5214 prodentem,
2619 5146 2882 5201 audacter
2901 5146 3132 5210 accedit,
3172 5148 3399 5216 perinde
3429 5161 3493 5202 ac

1921 5235 1968 5289 si
2003 5236 2296 5306 reperisset
2327 5237 2474 5307 quod
2506 5238 2806 5307 quaerebat,
2841 5247 2896 5292 et
2928 5239 3089 5307 primi
3119 5241 3363 5308 parentis
3404 5239 3487 5294 af-

1245 5365 1266 5393 ι
1301 5354 1456 5410 Joan.
1496 5369 1533 5417 ι,
1563 5352 1653 5408 29.
1717 5354 1736 5390 ί
1773 5353 1963 5410 Matth.
1993 5369 2075 5412 ut.
2109 5353 2194 5406 Π.

1137 5578 1146 5587 _
1523 5511 1757 5567 vsnm
1798 5510 2197 5568 LECTIONES.

302 5631 477 5686 "Kal.
513 5625 690 5690 εἶπεν,
727 5645 778 5680 κ.
806 5644 855 5679 τ.
881 5626 931 5678 λ.
965 5625 1046 5679 Ad
1087 5625 1289 5680 librum
1316 5625 1567 5696 quintum
1600 5625 1702 5680 ista
1746 5627 2042 5695 pertinere,
2075 5625 2289 5680 monuit
2331 5624 2640 5690 Gamerius,
2676 5638 2740 5678 ex
2794 5622 2908 5678 sola
2960 5621 3288 5693 conjectura.
3326 5622 3484 5694 Apud

227 5703 588 5760 “creatorem
623 5699 741 5754 hac
773 5696 1178 5752 desiderantur.

1256 5697 1298 5729 ιδ
1320 5695 1514 5764 τούτῳ.
1563 5696 1760 5750 Aberat
1797 5697 1864 5751 ab
1891 5697 2130 5752 editione
2162 5696 2354 5766 priori.
