3954 6294
453 207 522 269 79
1685 206 2001 267 OPERUM
2040 208 2527 272 TIIEODORETI
3649 224 3716 285 8t)

452 318 745 371 fectionem
790 314 843 368 in
877 315 999 384 ipso
1049 315 1293 368 vidisset.
1331 314 1483 368 llunc
1519 314 1665 368 enim
1709 330 1808 384 per
1855 331 2041 371 come-

2154 318 2207 370 τὸ
2260 320 2429 385 πάθος
2474 323 2532 374 ἐν
2585 322 2733 393 αὐτῷ
2760 322 3063 395 θεωρήσας.
3105 326 3214 380 Καὶ
3255 327 3362 399 γὰρ
3395 327 3596 381 ἐκεῖνον
3626 328 3709 386 διὰ

453 409 689 464 stionem
730 409 890 464 beata
915 409 1026 463 vita
1066 407 1363 477 privatum,
1417 406 1735 471 sudoribus,
1778 406 2035 471 miseriae,

456 503 730 573 mortique
752 502 979 557 addixit.

522 594 804 649 Accedens
854 594 1020 664 igitur
1052 593 1130 646 ait
1160 612 1172 646 :
1204 590 1261 646 Si
1314 590 1479 645 Filius
1514 592 1610 646 Dei
1642 609 1693 645 es
1717 633 1731 657 ,
1761 593 1851 646 die
1875 590 2042 663 lapidi

454 687 562 751 isti,
595 694 653 739 ut
686 686 840 756 panis
864 684 963 752 ﬁat
984 693 1032 737 υ.
1071 683 1130 737 ld
1160 694 1347 738 autem
1380 700 1491 738 non
1516 684 1760 749 fecisset,
1787 685 1895 739 nisi
1925 684 2016 740 Sal

453 788 612 834 vator
637 776 981 832 affectionem
1022 775 1185 831 famis
1207 775 1561 846 suscepisset,
1579 776 1727 846 quod
1753 776 2043 831 manifeste

455 871 580 940 quis
616 884 684 923 ex
711 868 1178 937 consequentibus
1221 868 1417 923 discat.
1453 868 1572 923 Mox
1614 867 1762 922 enim
1792 876 1853 923 ut
1896 870 2043 924 lucta

455 963 634 1016 victus
656 967 761 1024 est,
791 959 1241 1029 cxperientiaque
1272 958 1470 1013 didicit
1502 958 1653 1012 hunc
1677 958 1858 1027 ipsum
1889 958 2042 1012 illum

452 1070 592 1118 esse,
628 1068 792 1124 quem
832 1068 1024 1107 omnes
1053 1051 1333 1121 prophetae
1370 1049 1761 1120 praedixerant,
1787 1064 1858 1104 ne
1888 1064 2047 1118 aspe-

453 1156 600 1201 ctum
631 1144 852 1214 quidem
882 1143 1193 1198 accedcntis
1217 1142 1361 1198 ferre
1385 1156 1553 1196 ausus
1582 1148 1686 1207 est,
1733 1139 1830 1195 sed
1861 1140 2044 1195 statim

453 1239 508 1291 in
565 1237 746 1307 fugam
792 1252 849 1291 se
892 1236 1044 1290 dedit
1079 1250 1268 1289 :nunc
1301 1234 1526 1305 quidem
1574 1235 1820 1289 clamans
1858 1250 1872 1287 :
1904 1233 2046 1299 Quid

455 1329 602 1382 nobis
640 1335 691 1380 et
713 1329 825 1387 tibi,
846 1326 949 1381 Fili
976 1327 1074 1381 Dei
1102 1328 1127 1380 ?
1156 1326 1283 1398 quid
1311 1328 1499 1380 venisti
1543 1335 1666 1381 ante
1696 1335 1899 1398 tempus
1938 1335 2047 1381 tor-

455 1435 615 1489 quere
645 1435 737 1472 nos
761 1418 823 1470 τί
854 1433 1000 1471 nunc
1033 1432 1165 1471 vero
1189 1434 1202 1469 :
1245 1415 1379 1471 Novi
1404 1417 1493 1487 qui
1520 1417 1613 1480 sis,
1640 1433 1670 1470 ο
1704 1425 1887 1471 sancte
1915 1416 2045 1483 Dei;

455 1511 647 1580 ((djuro
679 1519 747 1576 te,
777 1527 840 1563 ne
870 1525 952 1564 me
982 1518 1235 1579 torqueas
1263 1522 1311 1561 ι.
1341 1508 1431 1563 Sic
1464 1519 1612 1563 metu
1638 1516 1866 1579 cogente
1893 1508 2046 1581 judi-

454 1614 575 1654 cem
620 1598 916 1654 fatebatur.
945 1598 1175 1652 Talibus
1215 1613 1349 1653 vero
1374 1600 1389 1617 '
1426 1598 1582 1669 125
1615 1607 1742 1654 ante
1778 1600 2042 1655 tentatio-

454 1705 580 1744 nem
601 1689 788 1745 verbis
815 1704 948 1744 usus
964 1704 1075 1743 non
1096 1696 1234 1754 erat,
1267 1690 1363 1744 sed
1397 1689 1744 1746 conﬁdenter
1774 1692 2044 1749 accedens

456 1782 668 1835 dixerat
704 1799 716 1834 :
752 1779 808 1835 Si
839 1779 1004 1835 Filius
1034 1774 1129 1834 Dei
1173 1796 1248 1846 es,
1294 1781 1376 1834 dic
1409 1780 1604 1852 lapidi,
1636 1789 1693 1835 ut
1722 1785 1876 1854 panis
1919 1782 2039 1853 ﬁat.

456 1872 653 1927 Audivi
680 1872 827 1926 enim
850 1872 1057 1942 lapsam
1095 1871 1163 1926 de
1185 1873 1324 1927 c0310
1346 1888 1557 1937 vocem,
1585 1889 1707 1943 qute
1733 1883 1783 1930 te
1811 1875 1917 1931 hoc
1939 1891 2043 1931 no-

458 1964 603 2019 mine
626 1948 1091 2033 appellaret;ncc
1136 1970 1317 2018 tamen
1346 1964 1515 2018 credo
1556 1981 1675 2019 rem
1720 1965 1798 2020 ita
1850 1981 1909 2021 se
1943 1966 2045 2022 ha-

454 2053 607 2119 bere,
641 2053 817 2108 donec
839 2053 1182 2124 experientia
1212 2055 1471 2127 magistra
1501 2055 1699 2111 doctus
1724 2055 1902 2112 fuero.
1941 2058 2045 2113 Fa-

456 2143 562 2197 ctis
597 2142 866 2213 persuade
896 2156 1022 2196 cum
1053 2150 1106 2197 te
1145 2158 1265 2198 esse
1310 2143 1406 2214 qui
1438 2144 1685 2211 vocaris;
1724 2145 1779 2200 id
1813 2148 1964 2202 enim
1999 2148 2046 2202 si

358 2240 367 2261 κ
456 2234 723 2299 didicero,
752 2233 955 2305 fugiam
973 2234 1244 2305 protinus,
1270 2243 1326 2289 et
1359 2251 1445 2289 me
1475 2238 1798 2307 proripiam,
1818 2238 2050 2294 luctam-

456 2342 565 2396 que
589 2333 771 2379 tecum
802 2326 1121 2380 detrectabo
1155 2343 1166 2378 :
1203 2325 1477 2395 siquidem
1508 2328 1681 2397 probe
1726 2329 1880 2396 novi,
1912 2330 2047 2400 quid

458 2414 795 2469 discriminis
835 2430 923 2468 me
963 2414 1108 2469 inter
1153 2425 1317 2484 atque
1372 2423 1426 2469 te
1480 2415 1790 2472 intercedat
1825 2435 1838 2472 :
1878 2434 2050 2489 quare

458 2505 785 2559 miraculum
831 2513 1006 2576 patra,
1057 2505 1406 2576 mirabilique
1453 2508 1774 2577 operatione
1815 2510 1951 2566 doce
1998 2518 2051 2566 te

457 2585 719 2652 miraculi
751 2605 1031 2652 auctorem
1068 2614 1081 2650 :
1112 2596 1208 2652 Dic
1240 2607 1296 2652 ut
1330 2596 1466 2670 lapis
1496 2599 1597 2654 iste
1629 2603 1784 2673 panis
1811 2603 1930 2673 ﬁat.

534 2777 611 2849 (1)
662 2777 931 2832 Dominus
973 2792 1127 2843 vero,
1150 2777 1354 2833 auditis
1405 2778 1732 2850 nequissimi
1790 2780 2049 2846 vocibus,

458 2867 745 2922 abscondit
809 2868 1031 2937 quidem
1088 2869 1462 2935 divinitatem,
1506 2887 1575 2926 ex
1631 2872 1871 2928 humana
1922 2888 2054 2929 vero

2147 409 2404 481 βρώσεως
2445 414 2543 484 τῆς
2594 415 2799 467 ἀλύπου
2840 414 2983 485 ζωῆς
3029 421 3321 488 στερήσας,
3360 419 3572 489 ἱδρῶτι,
3621 425 3710 477 καὶ

2147 497 2496 571 ταλαιπωρίᾳ
2519 541 2532 565 ,
2569 502 2660 554 καὶ
2709 501 2924 574 θανάτῳ
2954 504 3258 570 συνέζευξε.

2217 590 2589 663 Προσέρχεται
2621 593 2800 648 τοίνυν
2834 595 3029 665 λέγων’
3066 599 3134 650 El
3168 597 3302 664 Υἱὸς
3323 598 3382 652 εἷ
3405 599 3511 654 τοῦ
3542 603 3708 666 Θεοῦ,

2146 683 2279 735 εἰπὲ
2326 683 2408 749 τῷ
2441 685 2587 750 λίθῳ
2612 686 2820 753 τούτῳ,
2864 687 2966 741 ἵνα
3006 687 3183 756 ἄρτος
3212 688 3475 758 γένηται.
3507 693 3618 746 Οὐκ
3650 693 3713 748 ἂν

2144 772 2201 826 δὲ
2241 772 2401 828 τοῦτο
2433 776 2755 846 πεποίηκεν,
2797 780 2846 831 εί
2897 777 2972 849 μὴ
3008 778 3068 831 τὺ
3107 779 3209 850 τῆς
3245 781 3434 853 πείνης
3470 784 3499 837 ὁ
3529 784 3713 858 Σωτὴρ

2146 865 2469 931 κατεδέξατο
2501 867 2691 931 πάθος·
2724 869 2817 922 καὶ
2847 869 3004 923 τοῦτο
3045 870 3205 941 μάθοι
3234 889 3319 936 τις
3356 874 3419 926 ὲκ
3441 872 3549 927 τῶν
3580 878 3712 945 μετὰ

2144 954 2320 1010 ταῦτα
2367 958 2570 1027 σαφῶς.
2633 959 2721 1023 Ὠς
2759 959 2868 1031 γάρ
2916 960 3182 1023 παλαίσας
3218 963 3445 1034 ἡττήθη,
3494 966 3587 1020 καὶ
3631 969 3715 1024 διά

2144 1047 2244 1120 τῆς
2276 1049 2469 1119 πείρας
2499 1049 2722 1118 ἔμαθεν,
2759 1050 2841 1104 ὅτι
2885 1052 3047 1115 αὐτός
3077 1053 3248 1116 ἐστιν,
3273 1053 3332 1107 ὃν
3363 1055 3413 1107 0i
3443 1057 3715 1127 προφῆται

2146 1137 2528 1209 προεκήρυξαν
2553 1139 2806 1207 ἅπαντες,
2834 1140 2955 1194 οὐδὲ
2984 1140 3083 1214 τὴν
3112 1140 3238 1197 θέαν
3264 1142 3431 1197 αὐτοῦ
3466 1148 3715 1216 προσιόν-

2143 1243 2235 1289 τος
2270 1227 2458 1299 φέρειν
2494 1228 2815 1301 ἐτόλμησεν,
2853 1228 2971 1284 ἀλλ’
3010 1231 3172 1295 εὐθὺς
3211 1231 3596 1303 ἐδραπέτευσε·
3629 1234 3715 1288 νῦν

2149 1321 2246 1390 μὲν
2279 1320 2438 1391 βοῶν’
2481 1322 2542 1375 Τί
2571 1321 2716 1392 ἡμῖν
2760 1322 2859 1377 καί
2903 1324 3026 1388 σοὶ,
3073 1322 3168 1378 Υἱὲ
3214 1322 3319 1378 τοῦ
3364 1324 3513 1378 Θεοῦ
3546 1325 3622 1391 ul;
3664 1325 3721 1380 τί

2145 1408 2330 1484 ἦλθες
2373 1413 2417 1445 ’⁸
2464 1413 2576 1482 πρὸ
2619 1414 2828 1483 καιροῦ
2870 1415 3210 1480 ,βασανίσαι
3259 1413 3453 1485 mide;
3494 1414 3588 1469 νῦν
3633 1415 3717 1469 δέ’

2150 1500 2295 1559 Οἷδά
2328 1520 2401 1558 σε
2431 1504 2522 1571 τίς
2551 1501 2624 1567 εἷ.
2674 1508 2708 1559 ό
2757 1504 2924 1574 ἅγιος
2962 1504 3068 1559 τοῦ
3099 1505 3247 1560 Θεοῦ
3270 1523 3284 1537 ⁸
3317 1504 3522 1574 ὁρκίζω
3551 1505 3593 1537 ιτ
3626 1523 3715 1569 σε,

2144 1596 2228 1667 μή
2262 1614 2339 1666 με
2381 1597 2759 1664 βασανίσῃς.
2810 1596 2997 1661 Οὕτως
3049 1597 3338 1661 ἐδεδοίκει,
3390 1597 3487 1650 καὶ
3532 1597 3720 1667 κριτὴν

2144 1686 2438 1758 ὡμολόγειο
2473 1685 2596 1740 τότε
2625 1687 2683 1740 δὲ
2722 1686 2827 1758 πρὸ
2848 1687 2946 1759 τῆς
2984 1686 3180 1759 πείρας
3199 1689 3256 1740 οὐ
3287 1684 3553 1750 τοιούτοις
3597 1686 3718 1739 ἐκέο

2144 1796 2316 1851 χρητο
2363 1780 2636 1851 ῥήμασιν,
2700 1778 2837 1832 ἀλλὰ
2881 1778 3095 1850 θαρρῶν
3134 1778 3360 1851 προσῄει
3405 1778 3616 1846 λέγων·
3656 1779 3725 1832 Et

2153 1870 2286 1936 Υἱὸς
2316 1867 2374 1925 εἷ
2416 1870 2524 1925 τοῦ
2574 1870 2745 1934 Θεοῦ,
2793 1868 2925 1924 eius
2960 1867 3040 1935 τῷ
3077 1869 3245 1937 λίθῳ,
3277 1870 3379 1924 ἵνα
3419 1868 3599 1938 ἄρτος
3636 1868 3726 1937 τέ-

2144 1980 2339 2032 meat.
2369 1963 2480 2034 Τῆς
2511 1962 2607 2033 μὲν
2637 1962 2746 2032 γὰρ
2765 1961 2969 2015 ἄνωθεν
2998 1961 3258 2033 ἐλθούσης
3289 1960 3476 2031 φωνῆς
3504 1960 3721 2030 ἥκουσα,

2149 2054 2306 2126 φησὶ,
2335 2052 2492 2107 τοῦτό
2533 2070 2594 2106 σε
2639 2051 2969 2121 καλεσάσης,
3021 2050 3238 2105 ἀπιστῶ
3267 2050 3324 2104 δὲ
3355 2049 3464 2112 ἓως
3493 2050 3558 2103 ἂν
3583 2048 3726 2102 λάϐω

2146 2148 2246 2218 τὴν
2277 2149 2474 2218 πεῖραν
2514 2144 2852 2198 διδάσκαλον.
2877 2143 3070 2197 Πεῖσὸν
3101 2160 3169 2214 με
3205 2141 3294 2196 διὰ
3326 2141 3437 2195 τῶν
3471 2141 3723 2213 πραγμάυ

2151 2257 2281 2305 των,
2315 2239 2390 2302 ὡς
2420 2236 2638 2307 ἀληθῶς
2676 2236 2942 2307 ὑπάρχεις
2971 2234 3000 2288 ὃ
3030 2233 3313 2304 κέκλησαι·
3343 2232 3412 2287 ἂν
3436 2232 3543 2302 γάρ
3575 2232 3724 2285 τοῦτο

2154 2324 2333 2402 μάθω,
2366 2328 2642 2400 φεύξομαι
2683 2326 2778 2380 καὶ
2806 2325 3180 2398 δραπετεύσω,
3218 2324 3314 2378 καὶ
3347 2324 3449 2396 τὴν
3493 2321 3629 2394 πρὸς
3669 2322 3725 2374 σὲ

2153 2422 2569 2493 παραιτήσομαι
2609 2418 2821 2489 πάλην
2857 2413 2974 2469 οἶδα
3003 2416 3111 2486 γὰρ
3156 2416 3279 2469 ὅσον
3318 2413 3458 2485 ἐμοῦ
3505 2413 3599 2467 καὶ
3636 2411 3727 2465 σοῦ

2150 2515 2211 2568 τὸ
2240 2514 2517 2582 διάφορον·
2550 2509 2722 2573 δεῖξον
2746 2506 2923 2562 τοίνυν
2957 2506 3016 2560 τὸ
3051 2505 3258 2578 θαῦμα,
3291 2507 3386 2560 καὶ
3419 2504 3629 2570 δίδαξον
3662 2506 3726 2574 τῇ

2155 2603 2572 2676 θαυματουργία
2611 2602 2704 2657 τὸν
2741 2601 2837 2656 τοῦ
2870 2601 3148 2672 θαύματος
3173 2599 3428 2672 ποιητήν·
3452 2597 3600 2654 Εἰπὲ
3633 2597 3730 2651 ἵνα

2156 2701 2188 2753 ό
2219 2699 2391 2763 λίθος
2427 2692 2607 2762 οὗτος
2638 2693 2817 2763 ἄρτος
2845 2693 3106 2764 γένηται.

2204 2796 2275 2846 α’.
2292 2788 2556 2851 Ἀκούσας
2568 2786 2698 2854 γοῦν
2716 2786 2822 2840 τῶν
2833 2785 2925 2839 τοῦ
2941 2782 3184 2855 Πονηροῦ
3198 2783 3460 2855 ῥημάτων
3475 2783 3502 2834 ὁ
3513 2782 3729 2852 Κύριος,

2157 2883 2391 2954 κρύπτει
2443 2879 2542 2950 μὲν
2584 2879 2682 2947 τὴν
2724 2875 2977 2946 θεότητα,
3030 2874 3094 2927 ὲκ
3143 2872 3200 2926 δὲ
3238 2872 3341 2943 τῆς
3398 2869 3733 2943 ἀνθρωπείας

458 2966 654 3014 natura
705 2959 842 3014 dicit
894 2977 909 3015 :
958 2960 1073 3015 Non
1124 2978 1263 3032 pane
1319 2961 1496 3017 solum
1554 2965 1678 3018 vivit
1709 2966 1903 3031 homo,
1956 2966 2047 3020 sed

2154 2975 2459 3043 διαλέγεται
2512 2968 2726 3041 φύσεως
2751 2982 2765 2997 ⁶
2816 2968 2939 3020 Οὐκ
2983 2965 3077 3019 ἐπ’
3113 2963 3271 3033 ἄρτῳ
3313 2967 3515 3050 μόνον,
3547 2962 3610 3027 ιε,
3645 2960 3731 3012 λέ-

456 3053 513 3105 in
548 3053 692 3106 omni
714 3051 868 3106 verbo
896 3050 992 3106 Dei
1011 3062 1068 3118 ²;
1098 3054 1255 3123 quasi
1298 3054 1511 3110 diceret
1548 3073 1560 3109 :
1588 3056 1815 3111 Possum
1846 3057 2047 3129 absque

2161 3087 2298 3143 γων,
2332 3061 2938 3136 ζήσεταιχᾶνθρωπος,
2975 3059 3113 3113 ἀλλ’
3141 3058 3211 3112 ἐν
3243 3058 3286 3089 ¹⁹
3318 3049 3734 3143 παντὶξρήματᾼι

459 3143 694 3211 panibus
711 3142 804 3208 ali,
832 3158 959 3197 cum
976 3143 1071 3199 his
1094 3145 1226 3199 solis
1250 3145 1361 3200 vita
1391 3146 1679 3201 hominum
1700 3163 1811 3203 non
1832 3159 2055 3207 susten-

462 3242 627 3297 tetur,
667 3234 762 3289 sed
799 3234 899 3288 toti
930 3245 1140 3290 natura:
1176 3236 1461 3291 hominum
1496 3239 1805 3294 nutriendae
1846 3256 1947 3311 par
1985 3244 2058 3299 sit

458 3327 691 3381 verbum
716 3325 833 3380 Dei.
860 3326 951 3381 Sic
975 3327 1213 3396 populus
1242 3329 1578 3384 Isracliticus
1609 3346 1783 3386 annos
1814 3334 2056 3403 quadra-

461 3419 611 3489 ginta
668 3419 918 3473 nutritus
966 3428 1052 3475 est
1122 3436 1320 3476 manna
1354 3423 1622 3494 colligens
1649 3436 1671 3465 ιι
1700 3463 1714 3486 ,
1755 3426 2056 3498 aviumque

463 3513 561 3567 Dei
595 3513 881 3569 voluntate
919 3521 1202 3583 captarum
1242 3515 1535 3570 venatione
1591 3516 1900 3586 perfruens.
1965 3518 2058 3578 Sic

460 3604 611 3659 Elias
635 3605 661 3644 ι)
698 3619 894 3660 corvos
917 3604 1114 3660 habuit
1144 3606 1525 3663 obsonatores.
1552 3609 1643 3665 Sic
1658 3611 1889 3669 Elisaeus
1922 3615 2052 3671 ber-

460 3696 547 3750 bis
575 3695 886 3766 agrestibus
917 3696 1217 3767 discipulos
1258 3700 1473 3768 pavitc.
1513 3699 1620 3755 Sed
1649 3703 1780 3773 quid
1835 3716 2056 3776 Oportet

462 3786 759 3840 memorari
784 3787 1010 3840 vetera?
1059 3786 1297 3842 Joannes
1345 3788 1459 3853 ille,
1502 3790 1595 3861 qui
1625 3794 1788 3861 paulo
1839 3803 1966 3851 ante
1997 3796 2053 3850 in

462 3875 700 3931 Iordane
740 3875 1084 3946 baptizabat,
1127 3876 1295 3932 vitam
1326 3886 1495 3933 totam
1529 3881 1587 3935 in
1635 3882 1857 3939 deserto
1886 3900 2054 3956 agens

463 3967 693 4022 locustis
715 3967 1072 4034 vescebatur,
1102 3977 1158 4022 et
1196 3984 1359 4039 apum
1393 3972 1690 4041 agrestium
1725 3975 1922 4030 favis“.
1953 3977 2050 4031 Ni—

467 4059 544 4111 hil
593 4059 763 4130 igitur
806 4059 1109 4114 absurdum
1154 4068 1257 4126 est,
1297 4061 1341 4114 si
1385 4071 1442 4116 et
1469 4079 1569 4119 nos
1604 4081 1824 4135 quoque
1870 4081 1900 4119 a
1938 4067 2051 4121 Deo

466 4151 614 4205 victu
647 4165 790 4206 novo
812 4152 885 4206 ita
911 4152 1240 4220 nutriamur,
1285 4161 1343 4208 ut
1370 4155 1602 4225 panibus
1631 4172 1739 4209 non
1768 4171 2046 4227 egeamus.

538 4506 564 4533 ιι
597 4497 730 4553 Luc.
762 4515 833 4559 tv,
867 4499 920 4553 5.
991 4509 1017 4537 ν
1045 4501 1236 4557 Matth.
1271 4517 1385 4565 vni,
1424 4502 1515 4555 29.

2161 3139 2329 3217 ὸεοῦ.
2370 3153 2651 3223 Δύναμαι.
2701 3147 2897 3219 φησιν,
2947 3145 3073 3200 ἄνευ
3117 3145 3286 3216 ἄρτου
3343 3141 3641 3214 τραφῆναι·
3670 3139 3729 3191 οὐ

2157 3251 2269 3323 γὰρ
2315 3248 2381 3310 ἂν
2419 3248 2532 3308 τοῖς
2580 3242 2762 3314 μόνοις
2795 3240 2830 3311 ἠ
2872 3238 2981 3294 τῶν
3018 3235 3323 3308 ἀνθρώπων
3351 3233 3734 3306 συγκρατεῖται

2159 3342 2294 3412 ζωή·
2331 3337 2447 3392 ἀλλ’
2490 3336 2651 3406 ἀρκεῖ
2697 3334 2849 3403 ῥῆμα
2889 3329 3028 3383 Θεοῦ
3067 3332 3251 3383 πᾶσαν
3289 3327 3401 3383 τῶν
3437 3325 3734 3399 ἀνθρώπων

2157 3432 2445 3505 διαθρέψαι
2475 3430 2576 3501 τὴν
2600 3426 2783 3497 φύσιν.
2816 3424 3004 3487 Οὕτως
3032 3426 3059 3477 ὁ
3094 3422 3488 3494 Ἰσραηλιτικδς
3525 3415 3733 3487 διετρά-

2159 3543 2236 3597 φη
2278 3524 2407 3587 λαὸς
2438 3519 2848 3591 τεσσαράκοντα
2886 3514 2980 3585 ἔτη
3017 3514 3076 3567 τὸ
3105 3513 3278 3584 μάννα
3316 3512 3617 3578 συλλέγων,
3646 3507 3733 3562 καὶ

2158 3617 2331 3689 θήρας
2359 3612 2587 3686 ὀρνίθων
2618 3608 2907 3665 ἀπολαύων
2950 3605 3337 3678 πεπεδημένης
3368 3604 3533 3675 βουλῇ
3579 3601 3729 3655 Θεοῦ·

2157 3708 2252 3762 καὶ
2307 3706 2496 3768 Ἠλίας
2553 3702 2798 3773 κόρακας
2853 3699 3173 3771 ἑστιάτορας
3219 3698 3375 3769 ἔσχε·
3426 3699 3524 3753 καὶ
3567 3696 3735 3750 Ἐλισ-

2158 3801 2306 3862 σαῖος
2346 3795 2559 3868 ἀγρίοις
2599 3793 2853 3864 λαχάνοις
2896 3793 3024 3855 τοὺς
3060 3791 3331 3856 διασώσας
3379 3793 3426 3824 ²⁰
3460 3788 3729 3861 διέθρεψε.

2155 3890 2266 3944 Καὶ
2301 3889 2358 3941 τί
2401 3904 2467 3958 με
2515 3886 2595 3939 δεῖ
2642 3885 2824 3954 λέγειν
2855 3885 2923 3939 τὰ
2963 3883 3204 3950 παλαιά;
3255 3884 3509 3955 Ἰωάννης
3537 3877 3733 3943 οὗτοςὸ
3791 3911 3795 3915 -

2156 3980 2434 4053 βαπτίζων
2477 3979 2705 4049 ἔναγχος
2746 3980 2803 4031 ὲν
2836 3977 2914 4049 τῷ
2962 3976 3226 4049 Ἰορδάνῃ,
3260 3978 3444 4029 πᾶσαν
3481 3976 3583 4046 τὴν
3622 3973 3734 4044 ήλι-

2154 4074 2281 4128 κίαν
2325 4075 2384 4127 ὲν
2414 4075 2479 4143 τῇ
2515 4073 2710 4142 ἐρήμῳ
2748 4069 3278 4140 διατελέσας,ἀκρίσι
3316 4069 3609 4141 τρέφεται,
3644 4063 3732 4119 καὶ

2157 4167 2419 4239 μελιττῶν
2459 4164 2669 4235 ἀγρίων
2700 4163 2921 4235 καρπῷ.
2953 4163 3117 4216 Οὐδὲν
3148 4162 3327 4216 τοίνυν
3361 4160 3594 4222 ἀπεικὸς
3637 4156 3730 4211 καὶ

2154 4260 2301 4329 ἡμᾶς
2348 4258 2454 4312 ὑπὸ
2500 4257 2635 4310 Θεοῦ
2686 4255 2814 4328 ξένῃ
2844 4253 3160 4325 ἐστιαθῆναι
3190 4256 3389 4325 τροφῇ,
3427 4253 3524 4307 καὶ
3554 4253 3732 4323 ἄρτων

2085 4337 2132 4393 D
2160 4343 2236 4416 μὴ
2259 4343 2541 4417 δεηθῆναι.

1594 4516 1619 4541 ι
1652 4500 1896 4571 Marc._t.
1917 4499 2008 4554 24.

2154 4499 2281 4556 Luc.
2314 4516 2389 4566 tv,
2414 4501 2467 4555 4.
2546 4513 2572 4541 ι
2593 4499 2739 4556 Psal.
2768 4515 2963 4565 Lxxvu,
2990 4499 3059 4554 23
3085 4514 3200 4570 seq.
3279 4499 3307 4537 ι)
3342 4499 3407 4554 ill
3440 4500 3571 4571 Reg.
3601 4512 3729 4561 xvn,

466 4564 585 4621 4-6
615 4584 725 4623 sec.
764 4567 929 4623 LXX.
1011 4582 1032 4610 ε
1075 4572 1140 4627 ιν
1185 4573 1320 4640 Reg.
1367 4587 1439 4635 IV,
1468 4571 1537 4624 58
1565 4585 1683 4638 seq.
1761 4569 1787 4609 ἀ
1824 4567 1991 4624 Marc.
2042 4587 2081 4635 ι,
2118 4571 2170 4626 6.

1798 4684 2030 4741 VARUE
2066 4686 2468 4745 LECTlONES.

538 4823 582 4857 ¹⁵
607 4824 703 4878 Υἱὲ
731 4843 779 4880 τ.
811 4826 874 4880 Θ.
904 4828 1028 4903 D_es.
1048 4825 1239 4903 Ἰησοῦ,
1266 4824 1412 4894 quod
1437 4826 1558 4903 l._c.
1587 4826 1867 4903 praéeetlit.
1946 4829 1989 4862 ¹⁶
2008 4828 2060 4882 τί
2087 4825 2213 4903 ἧλθ.
2237 4830 2376 4886 ibid.
2401 4826 2565 4903 ἦλθες
2596 4825 2722 4884 ὧδε.
2763 4829 2844 4903 _”
2868 4826 3462 4903 ὁρκίζω-βασανίσῃς.
3495 4827 3622 4883 Haec
3646 4827 3727 4880 vi-

468 4893 668 4984 dentur
696 4911 763 4984 es
783 4899 997 4984 εμπ-7,
1017 4896 1201 4984 addita
1227 4893 1348 4984 esse
1390 4893 1730 4984 o'inisso'FpV‘
1750 4897 1884 4982 Θεὸν
1908 4893 2275 4984 ροειξρςιίζω
2310 4919 2388 4984 σε.
2425 4893 2436 4903 ’
2468 4901 2528 4984 ³⁸.
2548 4893 2730 4970 μόνον.
2763 4893 3108 4984 Postpauca
3144 4893 3356 4984 legitur
3382 4893 3570 4970 ⁷μόνῳ,
3613 4911 3730 4968 qua:

465 4972 546 5020 est
580 4977 798 5037 recepta
835 4967 998 5022 lectio
1036 4967 1074 5020 l.
1103 4981 1151 5021 c.
1230 4965 1276 4996 ¹⁹
1307 4967 1386 5018 ὲν.
1408 4965 1557 5019 Loco
1589 4966 1681 5021 cit.
1717 4967 1822 5038 leg.
1849 4965 1962 5023 ἐτξί.
2039 4971 2085 5001 ὀ
2108 4965 2262 5026 διασ.
2312 4965 2630 5042 Legendum
2665 4985 2787 5026 esse
2820 4965 3040 5024 videtur
3074 4965 3362 5033 θιασώτας.

1993 5100 2226 5160 NOTAE.

538 5212 616 5283 (ι)
645 5211 814 5283 Addit
842 5209 1316 5283 Gombetisnusap.
1336 5209 1590 5283 _Galland.
1617 5212 1711 5278 Ix,
1733 5214 1839 5269 ιιε
1868 5233 1880 5268 ε
1904 5213 2047 5281 Quid

464 5279 606 5338 vero
630 5279 929 5335 Dominus?
955 5279 1177 5349 Appetit
1218 5280 1442 5349 quidem
1469 5283 1675 5347 cibum,
1721 5293 1776 5339 at
1800 5279 2052 5341 domina-

465 5365 556 5407 tur
582 5349 870 5421 appetitui,
894 5364 1003 5421 non
1035 5349 1205 5421 servit
1228 5351 1624 5421 voluptatibus.
1673 5354 1873 5410 invitat
1918 5371 2050 5411 esu-

465 5418 665 5475 riendo
687 5418 1061 5489 adversarium
1085 5419 1151 5474 ad
1177 5420 1337 5475 lucta:
1361 5418 1672 5489 certamen;
1698 5426 1846 5482 illius
1864 5434 2050 5481 autem

468 5488 923 5560 victorgellicitur
973 5489 1319 5560 philosophia
1374 5488 1801 5557 humana,rnon
1861 5496 2049 5551 divina

465 5558 725 5636 potentia.
761 5558 1528 5636 Pugnat,_expugnat,vineit,
1576 5563 1746 5635 fugat,
1798 5568 2047 5636 tyranni-

467 5626 589 5684 dem
612 5626 882 5697 dissolvit,
924 5626 1358 5687 imbecillitatem
1387 5636 1586 5701 arguit,
1623 5626 1849 5690 remain
1874 5635 2046 5690 victo-

2155 5217 2293 5272 riam
2328 5217 2614 5286 hostisque
2666 5218 2876 5274 cladem
2919 5220 3179 5277 traducit.
3219 5242 3237 5274 ι
3260 5217 3531 5279 Conﬁdite
3559 5219 3718 5276 enim.

2151 5288 2349 5363 inquit,
2381 5303 2484 5357 ego
2511 5288 2617 5343 vici
2648 5290 2919 5363 mundum
2948 5309 2967 5342 ι
2993 5290 3177 5363 (Joan.
3207 5310 3314 5358 xw,
3348 5293 3462 5363 52).
3489 5290 3729 5363 ,ϐοιιοιιιο

2148 5359 2384 5412 cundum
2417 5368 2708 5428 tyrannum
2740 5360 2808 5414 iis
2829 5363 2923 5429 qui
2953 5359 3099 5417 servi
3130 5364 3262 5418 olim
3289 5359 3723 5429 illi-a'ddicebani-r-

2150 5436 2240 5481 tur
2277 5429 2521 5498 exponit.
2572 5448 2588 5479 ι
2614 5429 2755 5483 Ecce
2780 5428 3091 5503 dedivobis
3119 5440 3447 5503 potestatem
3482 5428 3722 5503 calcandi

2148 5513 2317 5567 super
2353 5508 2641 5574 serpentes
2665 5508 2720 5574 e_t
2744 5501 3067 5574 scorpiones
3094 5498 3149 5561 e't
3174 5519 3339 5574 super
3362 5517 3582 5558 omnem
3614 5498 3723 5555 vir-

2150 5576 2324 5623 tutem
2363 5568 2572 5623 inimici
2604 5590 2622 5621 ›
2657 5569 2807 5640 (Luc.
2834 5568 2890 5636 κζ
2920 5572 3027 5645 l9).
