3954 6294
259 354 319 422 81
1413 367 1825 428 ΑΠΟΤΑΒΙΙΠ

1932 337 1992 404 ἒ-
2029 372 2126 430 AD
2163 372 2338 430 TONI.
2379 373 2476 431 IV.
2503 397 2522 404 ς
3453 381 3521 444 82

331 469 574 540 ’Πλγησε
632 469 730 541 μὲν
771 471 846 537 ὠς
893 471 1145 546 ἡττηθεὶς
1175 474 1322 542 άπαξ
1355 477 1382 528 6
1439 477 1700 547 Πονηρὸς,
1737 477 1825 529 οῦκ

2014 477 2173 547 126
2205 479 2387 532 Doluit
2433 479 2652 547 quidem
2700 497 2935 550 nequam
2980 480 3067 536 ille
3113 481 3281 537 semel
3322 483 3519 545 victus.

260 560 606 630 ἀπηγόρευσε
659 562 714 614 δέ
760 564 856 635 τὴν
895 565 1084 638 νίκην,
1138 565 1380 630 ἀκούσας
1430 567 1504 630 ὠς
1551 566 1836 638 ἄνθρωπος

260 651 359 720 εἴη·
396 653 518 704 Οὐκ
559 651 655 705 ἐπ’
696 652 850 722 ἄρτῳ
881 657 1019 727 γάρ,
1056 658 1210 728 φησὶ,
1239 657 1404 727 μόνῳ
1450 655 1688 724 ζήσεται
1729 659 1835 711 ἆν-

260 741 506 806 θρωπος,
552 742 646 794 Διὸ
695 743 954 815 δευτέραν
988 746 1137 817 αύτῷ
1171 748 1260 800 καὶ
1299 748 1490 818 τρίτην
1529 743 1685 811 αὖθις
1716 750 1835 800 πεῖ-

259 847 353 898 ραν
389 833 636 902 προᾲδει,
683 833 757 904 πὴ
793 836 890 906 μὲν
935 835 1128 904 λέγων·
1159 839 1228 891 El
1273 837 1404 904 Υἱὸς
1440 834 1498 892 εἴ
1528 839 1632 893 τοῦ
1664 839 1834 903 Θεοῦ,

253 919 407 984 ,ϐάλε
457 924 722 978 σεαυτὸν
749 927 979 981 ἀνωθεν
1018 928 1066 959 ⁸⁸
1098 937 1113 951 ⁸
1137 928 1313 994 κάτω,
1355 931 1448 982 καὶ
1488 929 1573 983 διὰ
1625 931 1835 984 κενοδο-

259 1013 372 1076 ξίας
396 1014 782 1070 ἐπιϐουλεύων·
823 1018 900 1088 πὴ
947 1019 1003 1072 δέ
1042 1018 1140 1084 τὰς
1183 1021 1280 1091 τῆς
1316 1022 1646 1092 οἰκουμένης
1675 1022 1832 1092 βασι-

257 1103 402 1166 λείας
447 1106 776 1174 ἐπιδεικνὺς,
811 1110 904 1161 καὶ
940 1110 1142 1174 ταύτας
1173 1112 1495 1165 ἀντιδώσειν
1541 1113 1834 1184 ὑπισχνού-

259 1210 439 1261 μενος,
495 1198 543 1248 εί
598 1199 862 1268 πρότερον
914 1201 1044 1272 παρ’
1083 1201 1248 1256 αὐτοῦ
1299 1203 1398 1271 τὴν
1460 1203 1835 1274 προσκύνησιν

255 1284 427 1339 λάϐοι.
469 1285 560 1351 Ὠς
606 1288 662 1341 δὲ
710 1290 870 1343 πάλιν
919 1291 1081 1346 αὑτὸν
1126 1293 1234 1345 τῶν
1267 1293 1514 1347 παλαιῶν
1563 1293 1832 1365 ἀνέμνησε

256 1376 521 1448 νομίμων,
564 1381 658 1434 καὶ
701 1381 936 1446 ἐδίδαξεν
976 1383 1058 1436 ὅτι
1105 1385 1204 1436 οὐκ
1248 1383 1498 1448 ἀνέξεται
1529 1385 1700 1454 ἑτέρῳ
1722 1383 1832 1436 τινὶ

253 1469 312 1520 τὸ
343 1468 485 1521 οεῖον
507 1470 676 1540 γέρας
715 1475 1122 1542 προσενεγκεῖν,
1163 1475 1446 1545 ὑπέμνησε
1477 1475 1535 1527 δέ
1576 1475 1670 1528 καὶ
1713 1474 1832 1527 ἐτέ-

258 1575 368 1628 ρων
394 1559 490 1613 τοῦ
518 1562 652 1614 Θεοῦ
693 1563 1034 1634 διδαγμάτων
1066 1565 1494 1637 διαγορευόντων
1537 1567 1612 1638 μὴ
1637 1567 1831 1638 πειρά-

257 1647 369 1713 ζειν
420 1650 513 1704 τὸν
568 1651 675 1706 τῶν
725 1655 861 1707 ὅλων
896 1655 1049 1722 Θεὸν,
1082 1658 1110 1709 6
1141 1657 1240 1728 μὲν
1289 1658 1497 1728 ἀπέδρα
1539 1658 1637 1727 τῆς
1665 1658 1832 1728 ἥττης

256 1741 351 1812 τὴν
383 1743 648 1814 αἰσχύνην
695 1747 756 1798 ού
801 1747 1002 1818 φέρων,
1058 1749 1149 1802 καὶ
1197 1749 1406 1802 δειλιῶν
1447 1753 1539 1804 καὶ
1589 1750 1828 1822 τρέμων,

255 1832 348 1885 καὶ
372 1833 472 1903 τῆς
495 1837 808 1905 τυραννίδος
834 1839 1267 1910 ἐκδληθήσεσθαι
1289 1841 1622 1912 προσδοκῶν.
1648 1842 1832 1896 Πάντα
1866 1828 1903 1881 n

253 1922 360 1994 γὰρ
408 1925 574 1978 αὑτοῦ
615 1930 860 1992 κενώσας
908 1931 974 1983 τὰ
1016 1930 1166 2002 βέλη,
1208 1931 1303 1986 καὶ
1328 1933 1507 1994 πάσας
1536 1931 1701 1985 αὐτοῦ
1731 1932 1832 2002 τῆς

251 2014 466 2086 ἀπάτης
512 2018 610 2081 τὰς
649 2019 824 2082 πάλας
873 2020 1288 2090 προσενεγκὼν,
1326 2021 1567 2091 ἄτρωτον
1590 2016 1711 2092 εὗρε
1739 2022 1832 2074 καὶ

252 2106 520 2177 ἀήττητον
570 2109 660 2161 τὸν
696 2109 953 2182 ἀθλητὴν,
979 2111 1073 2164 καὶ¹
1114 2111 1188 2176 ὼς
1215 2111 1289 2183 τῷ
1325 2112 1496 2184 ’Λδάμ
1524 2114 1832 2182 προσελθὼν

248 2197 344 2268 οὐχ
380 2190 564 2269 εὗρεν,
607 2199 666 2252 ὃν
701 2201 1090 2273 προσεδόκησε.

320 2396 410 2468 Τῷ
447 2396 504 2450 δέ
533 2399 727 2468 νικητῇ
762 2398 1154 2473 προσελθόντες
1197 2399 1440 2468 ἄγγελοι,
1469 2401 1518 2454 οἳ
1549 2399 1830 2472 πόρρωθεν

249 2488 520 2562 ἐθεώρουν
558 2488 657 2560 τὴν
693 2490 892 2558 πάλην,
917 2490 1168 2562 καθάπερ
1200 2491 1340 2554 τινές
1375 2493 1600 2562 ἐρασταὶ
1646 2491 1830 2560 διηκό-

247 2596 391 2642 νουν,
424 2579 700 2648 ἐχόρευον,
745 2579 1032 2649 εὐφήμουν
1066 2580 1158 2633 τὸν
1189 2580 1447 2651 ἀθλητὴν,
1477 2581 1826 2650 ἐστεφάνουν,

248 2672 636 2740 ἀνεκήρυττον,
667 2670 883 2741 ἔχαιρον
921 2672 1014 2724 ἐπὶ
1057 2674 1123 2742 τῇ
1150 2672 1256 2725 τῶν
1289 2673 1594 2743 ὁμοδούλων
1621 2674 1829 2744 ἀνθρώ-

249 2779 362 2815 πων
398 2761 708 2833 ἐλευθερίᾳ,
741 2764 1034 2831 ἐγάννυντο
1072 2762 1168 2817 τοῦ
1193 2763 1488 2818 ἀντιπάλου
1527 2764 1626 2836 τὴν
1658 2759 1827 2835 ἧτταν

246 2853 499 2924 δρῶντες.

311 2967 502 3020 Ταῦτα
525 2968 625 3038 τὴν
665 2969 1042 3042 Ἀπολιναρίου
1082 2969 1466 3041 ματαιολογίαν
1499 2971 1730 3041 ἐλέγχει,
1767 2971 1826 3033 ὃς

244 3058 361 3112 ἀντὶ
391 3057 485 3112 νοῦ
521 3060 610 3113 τὸν
647 3060 778 3114 Θεὸν
823 3061 996 3129 Λόγον
1035 3063 1316 3132 ἐνοικῆσαι
1364 3063 1514 3132 λέγει
1542 3066 1607 3134 τῇ
1649 3079 1817 3127 προσ-

1941 583 2043 622 nec
2074 577 2253 622 tamen
2283 570 2349 624 de
2375 571 2602 624 victoria
2640 587 2790 641 spem
2825 574 3044 644 abjeeit,
3078 591 3201 629 cum
3230 576 3376 630 hunc
3401 593 3523 632 esse

1940 659 2218 713 hominem
2243 661 2478 724 audiret,
2499 662 2592 732 qui
2624 662 2840 718 dicebat
2870 683 2880 716 :
2906 663 3020 718 Non
3050 683 3187 736 pane
3211 667 3380 721 solum
3399 670 3523 722 vivit

1937 753 2110 805 homo.
2142 752 2268 806 ldeo
2301 753 2530 808 alteram
2574 753 2697 823 ipsi,
2742 755 3068 824 tertiamque
3105 758 3367 811 continuo
3399 767 3522 813 ten-

1939 843 2206 897 tationem
2235 844 2384 897 velut
2433 845 2703 914 praecinit,
2745 846 2909 899 modo
2956 846 3177 916 quidem
3203 847 3391 902 dicens
3428 845 3522 901 :Si

1938 932 2102 986 Filius
2117 934 2223 987 Dei
2251 951 2324 998 es,
2361 937 2506 988 mitte
2538 944 2582 988 te
2610 937 2872 1001 deorsum,
2892 938 3108 992 inanem
3136 939 3359 1010 gloriam
3385 939 3520 992 insi-

1936 1021 2089 1078 diose
2143 1025 2436 1079 consulens
2487 1043 2496 1076 :
2540 1027 2700 1080 modo
2750 1043 2914 1096 regna
2963 1029 3203 1082 universi
3248 1039 3516 1083 terrarum

1936 1113 2086 1169 orbis
2124 1124 2426 1181 ostentans,
2473 1133 2646 1186 eaque
2686 1134 2743 1172 se
2783 1119 3180 1175 retributurum
3218 1120 3516 1190 spondens,

1935 1205 1979 1261 si
2007 1207 2161 1276 prius
2187 1207 2254 1260 ab
2283 1223 2350 1262 eo
2399 1207 2736 1262 adoratiouis
2777 1211 2984 1265 cultum
3033 1211 3356 1280 accepisset.
3405 1212 3508 1265 Seu

1935 1307 2225 1369 postquam
2254 1300 2431 1370 ipsum
2457 1300 2709 1356 Christus
2740 1301 2807 1355 ad
2850 1311 3097 1357 veterum
3138 1302 3512 1356 institutorum

1936 1393 2257 1447 memoriam
2307 1393 2604 1456 revocavit,
2641 1394 2936 1462 docuitque
2980 1409 3038 1447 se
3063 1409 3172 1447 non
3196 1393 3519 1447 commissu-

1936 1500 2077 1549 rum,
2107 1493 2167 1538 ut
2192 1485 2459 1538 honorem
2489 1485 2599 1538 Deo
2626 1484 2872 1538 debitum
2903 1484 3058 1538 alteri
3076 1483 3330 1553 cuiquam
3363 1484 3516 1537 exhi-

1935 1575 2111 1637 beret,
2144 1591 2245 1629 nec
2268 1591 2376 1628 non
2411 1575 2698 1629 admonuit
2725 1575 2957 1630 aliorum
2985 1574 3083 1629 Dei
3110 1573 3514 1628 mandatorum.

1933 1683 2056 1736 quae
2092 1668 2339 1732 edicunt,
2388 1684 2495 1721 non
2529 1671 2543 1686 °
2588 1667 2907 1721 tentandum
2955 1681 3075 1721 esse
3131 1667 3514 1721 universorum

1934 1759 2106 1813 Deum
2135 1776 2148 1812 :
2183 1758 2394 1830 aufugit
2419 1760 2507 1813 ille
2530 1759 2775 1829 quidem,
2803 1775 2913 1812 non
2939 1757 3122 1812 ferens
3159 1757 3513 1828 ignominiam

1934 1849 2106 1904 cladis
2139 1865 2272 1914 sure,
2310 1865 2624 1919 pavensque
2671 1864 2733 1903 ac
2767 1849 3216 1912 contremiscens,
3256 1863 3420 1916 seque
3448 1863 3511 1902 ex

1933 1943 2221 2014 tyrannide
2283 1943 2652 2013 dejiciendum
2703 1950 3062 2012 exspectans,
3129 1941 3328 2010 quippe
3390 1956 3514 1993 cum

1932 2035 2216 2089 exhaustis
2245 2033 2502 2088 omnibus
2549 2033 2695 2097 telis,
2738 2033 3105 2101 omnibusque
3141 2029 3400 2084 adhibitis
3432 2031 3515 2083 lu—

1933 2126 2117 2180 ctandi
2162 2125 2304 2179 dolis
2351 2125 2756 2179 invulneratum
2798 2122 3109 2193 repet-isset,
3142 2121 3513 2189 invictumque

1933 2217 2195 2287 pugilem,
2240 2231 2342 2271 nec
2389 2217 2606 2286 qualem
2638 2215 3010 2284 exspectabat,
3048 2229 3171 2268 cum
3215 2211 3282 2266 ad
3336 2213 3511 2280 ipsum

1934 2306 2165 2374 perinde
2197 2313 2362 2374 atque
2391 2305 2458 2358 ad
2489 2304 2757 2358 Adamum
2795 2302 3099 2357 accederet.

1997 2397 2189 2465 Augeli
2215 2397 2308 2466 qui
2352 2411 2589 2465 pugnam
2633 2394 2850 2448 eminus
2872 2391 3215 2462 spectabant,
3249 2391 3515 2444 acceden-

1931 2496 2014 2539 tes
2051 2484 2270 2548 victori,
2307 2485 2457 2538 velut
2493 2483 2652 2538 amici
2691 2483 2913 2565 quidam
2961 2481 3367 2540 ministrabant,
3392 2497 3513 2551 age-

1929 2577 2170 2646 bantque
2195 2577 2445 2637 choreas,
2478 2583 2532 2630 et
2560 2575 2894 2646 gratulantes
2914 2573 3221 2638 victoriam,
3253 2572 3510 2626 athletam

1930 2666 2288 2744 coronabant,
2313 2666 2570 2720 laudibus
2591 2665 2919 2729 alliciebant,
2954 2673 3009 2718 et
3039 2663 3362 2718 laetabantur
3397 2672 3511 2717 tum

1929 2759 1997 2813 de
2023 2776 2416 2814 conservorum
2461 2760 2746 2814 hominum
2774 2761 3049 2826 libertate,
3081 2769 3193 2816 tum
3219 2758 3286 2814 de
3321 2757 3512 2816 adver-

1928 2852 2058 2906 sarii
2090 2851 2268 2916 clade,
2303 2868 2467 2922 quam
2494 2853 2869 2908 intuebantur.

2000 2963 2127 3018 Haec
2171 2964 2558 3034 Apollinaris“
2607 2975 2847 3035 arguunt
2883 2967 3211 3029 vanitatem,
3266 2966 3359 3034 qui
3409 2982 3508 3034 pro

1929 3056 2144 3110 ratione
2203 3057 2308 3126 (vel
2361 3057 2565 3128 mente)
2621 3059 2795 3112 Deum
2843 3059 3082 3113 Verbum
3129 3059 3183 3111 in
3233 3068 3509 3128 assumpta

243 3149 506 3221 ληφθείσῃ
539 3152 723 3222 σαρκί.
759 3153 821 3205 Ei
865 3153 974 3222 γάρ
1003 3154 1104 3206 οὐκ
1140 3149 1284 3224 εἶχεν
1321 3155 1662 3224 ἀνθρώπινον
1696 3155 1822 3208 νοῦν

1932 3163 2092 3204 carne
2119 3148 2318 3202 asserit
2347 3149 2641 3204 habitasse.
2667 3149 2802 3204 Nam
2848 3150 2893 3203 si
2925 3165 3035 3203 non
3075 3150 3267 3204 habuit
3313 3151 3508 3204 huma-

244 3241 673 3310 ήάναληφθεῖσα
703 3243 883 3311 φύσις,
933 3245 1064 3308 Θεὸς
1095 3245 1196 3314 μὲν
1244 3241 1312 3317 ἦν
1343 3248 1372 3299 6
1415 3248 1549 3318 πρὸς
1587 3248 1679 3301 τὸν
1705 3247 1821 3302 διά-

241 3331 394 3384 ϐολον
423 3333 856 3404 ἀγωνισάμενος,
883 3335 1016 3398 Θεὸς
1045 3335 1101 3388 δὲ
1132 3337 1160 3388 6
1194 3335 1292 3407 τὴν
1342 3336 1507 3407 νίκην
1545 3338 1820 3407 ἀναδησά-

247 3440 430 3494 μενος,
460 3423 596 3476 Θεοῦ
627 3423 685 3477 δὲ
718 3425 1086 3496 νενικηκότος,
1119 3425 1230 3495 ἐγὼ
1261 3427 1358 3497 μὲν
1383 3428 1575 3481 οὐδένα
1609 3429 1822 3483 ἀπωνά-

245 3531 354 3584 μην
393 3515 497 3584 τῆς
526 3517 681 3586 νίκης
707 3560 720 3580 ,
769 3517 846 3581 ώς
892 3517 1042 3571 οὐδὲν
1094 3521 1172 3582 είς
1223 3519 1427 3588 ταύτην
1471 3520 1816 3589 είσενεγκών.

254 3607 418 3661 Ἀλλά
477 3608 572 3662 καὶ
614 3608 711 3679 τῆς
763 3608 1014 3662 ἐντεῦθεν
1065 3610 1408 3682 εὐφροσύνης
1457 3610 1819 3682 γεγύμνωμαι

239 3698 335 3750 ἐπὶ
376 3699 660 3770 τροπαίοις
687 3699 931 3770 γαυριῶν
965 3700 1285 3772 ἀλλοτρίοις·
1333 3703 1492 3772 αὐχεί
1539 3703 1596 3756 δέ
1630 3705 1658 3756 6
1705 3703 1821 3757 διά-

238 3787 394 3852 δολος
422 3789 519 3842 καὶ
564 3789 836 3859 κομπάζει
882 3789 979 3842 καὶ
1015 3791 1158 3860 μέγα
1191 3794 1380 3862 φρονεῖ
1426 3793 1523 3844 καὶ
1557 3791 1821 3863 σεμνύνε-

237 3896 350 3943 ται,
375 3879 452 3943 ώς
475 3879 594 3950 Θεῷ
632 3880 902 3944 παλαίσας
935 3881 1030 3935 καὶ
1064 3881 1170 3935 ὑπὸ
1197 3882 1331 3936 Θεοῦ
1359 3882 1642 3955 ἡττηθείς·
1673 3883 1820 3957 μέγα

238 3976 350 4042 γὰρ
371 3970 523 4024 αὐτῶ
548 3971 643 4025 καὶ
665 3972 725 4026 τὸ
743 3972 1043 4046 ἡττηθῆναι
1075 3974 1182 4030 ὑπὸ
1203 3974 1358 4030 Θεοῦ.

313 4148 595 4219 Χρήσαιτο
638 4147 684 4201 δ’
713 4148 780 4203 ἂν
820 4150 917 4204 καὶ
954 4150 1340 4220 δικαιολογίαις
1393 4153 1673 4222 εὐλόγοις,
1726 4156 1820 4208 καὶ

237 4239 406 4293 εἴποι·
457 4239 621 4307 Ἐγὼ,
663 4241 910 4295 Δέσποτα
945 4243 1036 4295 καὶ
1069 4243 1270 4312 ποιητά
1289 4243 1396 4298 τῶν
1419 4244 1576 4308 ὅλων,
1599 4246 1658 4298 οὐ
1683 4245 1820 4313 πρὸς

237 4328 304 4382 σὲ
333 4329 435 4401 τὴν
469 4330 653 4401 μάχην
687 4331 1042 4405 ἀνεδεξάμην·
1082 4330 1198 4388 οἴδα
1230 4335 1338 4406 γάρ
1384 4352 1477 4388 σου
1512 4337 1611 4408 τὴν
1640 4335 1817 4401 ἀξίαν,

235 4417 542 4489 ἐπίσταμαι
582 4420 682 4491 τὴν
710 4421 978 4487 ἐξουσίαν,
1031 4423 1284 4491 γινώσκω
1325 4424 1423 4497 τὴν
1463 4426 1816 4491 δεσποτείαν,

1920 3255 2048 3293 nam
2069 3248 2308 3294 mentem
2347 3241 2502 3309 127
2539 3250 2814 3310 assumpta
2843 3251 3038 3294 natura
3063 3280 3076 3304 ,
3113 3242 3256 3296 Deus
3287 3241 3506 3310 quidem

1919 3329 2111 3395 erit",
2160 3330 2256 3399 qui
2301 3339 2493 3384 contra
2523 3330 2800 3384 diabolum
2831 3332 3062 3386 certavit
3092 3349 3104 3384 :
3138 3333 3280 3386 Deus
3319 3332 3504 3392 etiam,

1920 3423 2015 3494 qui
2059 3423 2349 3479 victoriam
2401 3433 2661 3494 operatus
2727 3425 2971 3490 est,Deo
3017 3433 3200 3479 autem
3247 3435 3506 3493 operante

1918 3517 2224 3580 victoriam,
2243 3532 2345 3586 ego
2375 3515 2597 3586 quidem
2619 3516 2686 3572 de
2718 3516 2820 3571 hac
2843 3516 3070 3571 victoria
3099 3516 3235 3571 nihil
3257 3516 3507 3570 utilitatis

1921 3607 2128 3677 accepi,
2158 3608 2310 3662 velut
2350 3608 2444 3677 qui
2485 3608 2624 3661 nihil
2669 3608 2798 3662 huic
2835 3607 3037 3662 inferre
3064 3607 3360 3676 potuerim.
3399 3606 3506 3660 Sed

1920 3709 1976 3753 et
2017 3699 2226 3763 laetitia,
2273 3715 2395 3768 qua:
2435 3714 2503 3754 ex
2529 3699 2632 3755 hac
2677 3715 2736 3754 re
2763 3700 3012 3769 contigit,
3061 3700 3284 3769 privor,
3332 3714 3500 3768 super

1922 3790 2212 3859 triumphis
2241 3789 2437 3844 alienis
2461 3790 2773 3855 exsultans;
2811 3788 3072 3858 tripudiat
3105 3796 3288 3842 autem
3315 3787 3508 3843 diabo-

1919 3880 2028 3943 lus,
2058 3887 2116 3934 et
2145 3880 2448 3945 extollitur,
2473 3888 2529 3936 et
2558 3881 2828 3951 superbit,
2854 3891 3018 3949 atque
3034 3879 3321 3950 gloriatur,
3348 3882 3505 3948 quasi

1921 3985 2047 4025 cum
2101 3971 2214 4025 Deo
2268 3971 2507 4026 luctatus
2539 3971 2611 4025 sit
2628 3971 2674 4003 "
2709 3988 2723 4024 :
2758 3985 3014 4040 magnum
3069 3975 3155 4024 est
3195 3967 3342 4021 enim
3390 3969 3502 4031 illi,

1920 4063 2083 4116 etiam
2107 4077 2136 4115 a
2154 4062 2266 4116 Deo
2300 4063 2570 4131 superari.

1992 4151 2106 4206 Hac
2143 4151 2310 4206 etiam
2333 4168 2466 4207 usus
2484 4151 2805 4208 defensione
2836 4153 3232 4207 convenienter
3253 4151 3505 4206 diabolus

1922 4242 2036 4296 Deo
2065 4241 2250 4296 dicere
2289 4249 2507 4310 poterat
2541 4259 2553 4294 :
2585 4242 2719 4311 Ego,
2766 4241 2995 4294 Domine
3038 4250 3096 4296 et
3132 4249 3352 4295 creator
3380 4242 3503 4294 uni-

1920 4346 2232 4396 versorum,
2273 4346 2384 4385 non
2413 4340 2602 4385 contra
2638 4339 2689 4386 te
2733 4339 3008 4385 certamen
3053 4333 3353 4401 assumpsi;
3391 4333 3505 4386 scio

1922 4435 2159 4490 namque
2181 4420 2500 4491 dignitatem
2529 4429 2696 4486 tuam,
2741 4422 2984 4492 intelligo
3027 4429 3372 4492 potestatem,
3410 4438 3503 4475 co-

234 4509 491 4580 ὁμολογῶ
531 4512 629 4584 τὴν
665 4512 931 4580 δουλείαν,
978 4515 1074 4568 καὶ
1119 4515 1216 4586 τὴν
1260 4516 1598 4571 ἀποστασίαν
1638 4518 1813 4572 νοσῶ·

1932 4526 2120 4582 1,rnosco
2143 4511 2596 4577 dominationem,
2647 4513 2821 4568 fateor
2865 4513 3211 4576 servitutem,
3254 4513 3504 4582 quamvis

237 4603 562 4674 παραχωρῶ
590 4603 646 4657 δέ
683 4605 777 4659 καὶ
817 4607 1072 4674 ἀγγέλοις
1111 4608 1213 4677 τῆς
1239 4608 1394 4679 νίκης
1427 4609 1522 4662 καὶ
1547 4611 1681 4664 πᾶσι
1710 4613 1822 4674 τοῖς

235 4692 422 4758 ἁγίοις
477 4693 699 4764 δήμοις,
731 4686 806 4748 ὧν
834 4712 962 4748 ποτε
1012 4697 1106 4750 καὶ
1144 4698 1172 4749 6
1217 4698 1560 4771 ταλαίπωρος
1598 4695 1677 4763 εἷς
1720 4701 1822 4753 ύπ-

231 4785 411 4855 ἦρχον
443 4785 692 4857 ἐγώ.Τὴν
712 4787 769 4840 δέ
798 4788 978 4858 μάχην
1005 4789 1142 4858 πρὸς
1168 4789 1354 4844 τοῦτον
1375 4792 1731 4863 ἀνεδεξάμην,
1753 4793 1821 4863 ἢν

230 4873 351 4926 ἀπὸ
380 4873 553 4944 πηλοῦ
586 4875 684 4944 μὲν
725 4875 1041 4941 διέπλασας,
1070 4879 1389 4932 κατέἱκόνα
1405 4880 1461 4933 δὲ
1496 4880 1596 4951 σὴν
1619 4881 1809 4951 ἐποίη-

231 4979 344 5026 σας
403 4964 500 5018 καὶ
562 4967 830 5038 ἐτίμησας
858 4967 934 5038 τῷ
965 4968 1127 5036 λόγῳ,
1171 4970 1264 5022 καὶ
1300 4971 1630 5042 παραδείσου
1671 4973 1819 5026 πολί-

229 5071 343 5124 την
386 5054 750 5126 κατέστησας,
809 5057 904 5111 καὶ
943 5057 1048 5128 γῆς
1093 5061 1189 5112 καὶ
1237 5060 1506 5132 θαλάττης
1550 5061 1817 5134 δεσπότην

229 5146 787 5217 ἁπέφηνας.Τοῦτον,
830 5149 1014 5222 ἀπάτῃ
1048 5153 1413 5222 χρησάμενος,
1435 5155 1524 5207 οὖν
1564 5155 1805 5226 ἀνάγκῃ,

229 5238 527 5309 νενίκηκα·
579 5239 768 5294 τοῦτον
821 5241 982 5312 μέχρι
1012 5243 1110 5312 τῆς
1142 5244 1380 5315 σήμερον
1409 5246 1618 5317 ἡμέρας
1650 5246 1814 5298 νικῶν

1921 4603 2105 4674 refuga
2125 4619 2246 4658 esse
2281 4618 2576 4672 cognoscar
2612 4622 2624 4657 :
2661 4604 2949 4660 victoriam
2983 4621 3114 4660 vero
3147 4605 3308 4671 cedo,
3331 4613 3386 4658 et
3409 4622 3504 4658 an-

1918 4697 2078 4766 gelis,
2119 4704 2177 4750 et
2214 4695 2363 4749 omni
2395 4695 2608 4750 cmlesti
2658 4695 3024 4760 multitudini,
3073 4712 3136 4750 ex
3171 4697 3372 4766 quibus
3400 4698 3501 4750 ali-

1918 4787 2137 4857 quando
2156 4794 2213 4842 et
2235 4801 2336 4855 ego
2356 4785 2542 4840 infelix
2556 4787 2896 4842 exstiteram.
2915 4787 3118 4842 Contra
3150 4788 3296 4841 hunc
3318 4795 3500 4842 autem

1918 4880 2134 4949 suscepi
2163 4886 2462 4942 certamen,
2516 4896 2682 4950 quem
2727 4881 2796 4936 de
2848 4882 2980 4934 limo
3027 4881 3292 4943 formasti,
3342 4889 3397 4934 et
3435 4881 3502 4933 ad

1927 4971 2217 5041 imaginem
2244 4980 2390 5026 tuam
2428 4971 2630 5035 fecisti,
2658 4981 2714 5026 et
2748 4973 2955 5026 ratione
2985 4971 3262 5025 houorasti
3285 5011 3298 5034 ,
3325 4978 3380 5022 et
3409 4986 3502 5037 pa-
3522 4989 3536 5002 ·

1927 5063 2094 5117 radisi
2132 5064 2308 5119 civem
2343 5063 2694 5128 constituisti,
2734 5071 2790 5118 et
2821 5071 2982 5117 terra-3
3022 5062 3299 5130 marisque
3329 5061 3509 5114 domi-

1927 5170 2057 5208 num
2083 5153 2492 5210 demonstrasti.
2516 5155 2674 5210 Hunc
2693 5155 3035 5217 seductione,
3055 5168 3162 5206 non
3181 5151 3501 5206 necessitate

1926 5245 2116 5315 decepi
2137 5248 2210 5310 ²δ;
2246 5245 2394 5301 hunc
2411 5261 2582 5317 usque
2610 5247 2664 5300 in
2685 5245 3014 5300 hodiernum
3050 5243 3195 5297 diem
3217 5259 3498 5312 superare,

1535 5420 1770 5477 VARUE
1810 5421 2211 5480 LECTIONES.

302 5561 375 5632 Ψ
399 5560 484 5614 ἀν.
511 5559 818 5632 Luc.}v,9,
842 5562 946 5632 leg.
964 5561 1226 5614 ἐντεῦθεν.
1304 5562 1345 5592 ¹¹
1376 5563 1494 5615 "(re
1517 5561 1983 5632 Apollinaris,ctc.
2012 5565 2088 5619 Ex
2115 5564 2281 5618 Mario
2311 5564 2609 5619 Mercatore
2644 5560 2863 5631 quidem
2889 5560 3005 5632 hzec
3035 5559 3316 5632 desumpta
3350 5569 3496 5632 sunt,

224 5631 331 5684 sml
355 5645 464 5684 non
485 5645 626 5699 opus
650 5603 754 5682 fuit
785 5603 1030 5686 h’octloco
1059 5648 1194 5685 nova
1221 5633 1362 5687 inter
1408 5603 2038 5700 relati'one,quia'textus
2068 5635 2285 5688 Grmcus
2308 5634 2538 5687 maxima
2560 5649 2624 5684 ex
2661 5603 2816 5700 parte
2839 5647 2962 5684 cum
2989 5631 3180 5682 Latino
3203 5603 3496 5683 C'UltSt‘ltlil:

224 5704 271 5734 ”
305 5699 447 5754 Erit.
487 5699 854 5754 Scribcndum
881 5709 1022 5755 esset
1058 5712 1190 5755 erat.
1269 5703 1312 5734 ’³
1355 5650 1500 5755 ἵησι.
1537 5703 1620 5755 sit.
1667 5704 1814 5755 Adde
1865 5705 2008 5755 iuxta
2043 5713 2246 5755 textum
2286 5704 2553 5755 Grtecum.
2592 5710 2637 5754 ct
2679 5701 2897 5755 inferior
2933 5700 3239 5754 discesserit.
3316 5698 3357 5729 ¹¹⁶
3390 5699 3494 5755 Dt-

224 5704 271 5734 ”
305 5699 447 5754 Erit.
487 5699 854 5754 Scribcndum
881 5709 1022 5756 esset
1058 5712 1190 5755 erat.
1269 5703 1312 5734 ’³

221 5772 366 5841 (qni.
394 5771 485 5826 Vcl
521 5770 707 5842 potius
737 5772 849 5823 vici.

1381 5713 1500 5755 .m'l.
1537 5703 1620 5755 sit.
1667 5698 1814 5756 Aside
1859 5705 2008 5772 juxta
2043 5713 2246 5757 textum
2286 5704 2553 5766 Graecum,
2592 5710 2637 5754 ct
2664 5698 2897 5770 inferior
2933 5700 3239 5754 (ίὶδιξσεδιννὶί.
3316 5698 3357 5729 ¹¹⁶
3390 5699 3494 5759 Dt-
