3954 6294
392 306 466 377 83
1618 311 1941 374 OPERUM
1973 311 2468 374 THEODORETI
3578 306 3644 373 86

394 415 656 489 dejicere,
701 429 767 470 ac
805 417 968 470 morti
1017 415 1234 470 tradere
1283 430 1394 469 non
1442 429 1626 481 cesso;
1683 431 1977 486 persevera

2099 420 2175 472 ιαὶ
2212 417 2442 487 βάλλων,
2474 416 2569 469 καὶ
2610 414 2687 485 τῷ
2728 413 2942 485 θανάτῳ
2986 412 3370 484 παραπέμπων
3401 412 3641 469 διατελιῖν

391 509 542 564 hunc
573 506 642 561 ad
676 505 914 563 stadium
937 505 1264 576 perducens,
1298 511 1357 559 et
1376 519 1590 559 mecum
1618 505 1811 560 luctari
1830 522 1971 575 pra:-

2099 510 2264 563 εοῦτον
2298 511 2377 574 εἰς
2399 510 2457 562 τὺ
2490 507 2702 561 στάδιον
2731 504 2978 575 ἀγαγὼν,
3011 506 3104 558 καὶ
3135 504 3384 558 παλαίειν
3418 505 3540 575 ἐμοὶ
3564 524 3644 561 κε-

392 598 629 668 cipiens.
677 598 823 667 Ipse,
860 605 1137 667 spectator
1184 595 1410 662 assiste;
1460 596 1623 650 etiam
1665 605 1781 659 arte
1810 613 1972 666 quam

2099 599 2292 661 .εῦσας.
2341 599 2512 657 Αὐτὸς
2549 596 2709 666 γενοῦ
2746 594 2945 665 θεατὴς
2976 595 3071 648 καὶ
3116 594 3224 646 τῶν
3259 594 3647 666 παλαισμάτων

392 687 612 741 athletae
659 686 959 748 insumunt,
1012 683 1242 739 ostende
1284 684 1444 754 128
1474 684 1670 740 luctari
1710 686 1975 740 :demon-

2099 689 2434 759 ιγωνοθέτης.
2469 690 2532 742 EE
2560 689 2615 741 δὲ
2651 686 2830 758 βούλει
2853 686 2952 739 καὶ
2991 685 3058 738 τὰ
3082 684 3428 755 παιδοτρίϐου
3460 690 3646 750 ποιεῖν,

394 790 506 841 διεδ
538 785 596 833 et
625 777 874 831 instituta
904 776 1219 830 certaminis
1237 775 1281 807 ⁸⁸
1309 794 1321 827 :
1360 792 1521 846 unge,
1555 784 1609 830 ut
1644 777 1829 844 voles;
1860 785 1975 831 tan-

2099 779 2281 846 ἰίδαξον
2323 780 2607 844 παλαίειν,
2672 777 2951 842 ὑπόδειξον
2977 776 3126 847 αὐτῷ
3180 776 3279 839 τὰς
3338 777 3435 848 τῆς
3478 777 3632 847 νίκης

395 877 514 924 tum
567 885 637 924 ne
689 867 858 922 huic‘
894 868 1156 921 auxilium
1202 866 1449 939 praebeas
1490 883 1644 921 :non
1696 867 1843 922 enim
1894 868 1978 923 sic

2099 872 2274 935 ια6ἀς,
2307 871 2544 940 ἄλειψον,
2582 870 2658 933 ὡς
2703 868 2926 932 ἐθέλεις,
2966 868 3125 937 μόνον
3175 867 3251 938 μὴ
3291 870 3648 939 συμμαχήσῃς

394 961 573 1016 audax
605 976 705 1031 ego
728 969 785 1014 ct
818 969 1001 1014 mente
1025 959 1289 1030 privatus,
1320 966 1383 1013 ut
1400 957 1692 1013 adversum
1723 966 1777 1014 te
1801 958 1975 1014 facto-

2099 967 2382 1020 ταλαίοντι·
2433 965 2493 1018 οὐ
2528 964 2637 1035 γὰρ
2670 962 2812 1016 οὕτω
2866 962 3071 1033 θρασὺς
3103 960 3234 1029 ἐγὼ,
3265 962 3361 1013 καὶ
3392 960 3485 1013 τοῦ
3523 979 3648 1031 φρο-

395 1065 512 1105 l‘em
547 1060 760 1105 certare
782 1057 1114 1119 Ρθῐιεηιεω-
2077 1060 2187 1111 νεῖν
2243 1054 2574 1128 ἐξεστηκὼς,
2613 1055 2689 1119 ὥς
2748 1072 2829 1108 σοι
2868 1054 2946 1125 τῷ
2986 1054 3184 1124 ποιητῇ
3239 1051 3487 1106 παλαίειν
3539 1054 3654 1105 ἐπι-ι

2078 1147 2354 1221 χειρῆσαι.

2149 1236 2313 1290 Ταῦτ’
2361 1235 2427 1289 ἂν
2470 1232 2623 1289 εἶπεν
2650 1234 2679 1287 ό
2736 1233 2981 1297 διάϐολος
3029 1232 3216 1287 δίκαια
3246 1231 3385 1303 πρὸς
3418 1229 3509 1283 τὸν
3540 1231 3653 1282 Σω-

2077 1329 2218 1398 τῆρα
2270 1327 2525 1398 Χριστὸν,
2561 1326 2719 1397 εἴπερ
2758 1327 2861 1378 οὐκ
2893 1325 3179 1397 ἄνθρωπος
3226 1320 3319 1396 ἦν,
3353 1321 3491 1377 ἀλλά
3525 1321 3656 1385 Θεὸς

2079 1423 2108 1474 6
2135 1420 2254 1473 ἀντὶ
2282 1417 2573 1490 ἀνθρώπου
2618 1417 2885 1473 παλαίων.

2149 1511 2214 1565 Εἰ
2242 1512 2353 1582 γὰρ
2377 1511 2477 1563 οὐκ
2508 1506 2575 1580 ἦν
2618 1512 2677 1563 ἐν
2738 1507 2883 1579 αὑτῷ
2936 1505 3062 1571 νοῦς
3100 1503 3477 1576 ἀνθρώπινος,
3526 1503 3658 1568 Θεδς

467 1233 596 1289 Hzec
615 1231 684 1287 ad
716 1232 1054 1287 Salvatorem
1076 1232 1356 1288 Christum
1383 1232 1531 1303 juste
1551 1229 1803 1286 diabolus
1830 1230 1979 1286 dice-

396 1332 504 1389 ret,
547 1324 593 1378 si
624 1339 734 1378 non
772 1331 919 1378 esset
946 1324 1133 1390 homo,
1165 1324 1262 1380 sed
1304 1324 1469 1391 Deus,
1492 1323 1589 1395 qui
1627 1337 1728 1392 pro
1754 1321 1977 1376 homine

397 1414 706 1475 decertaret
719 1415 785 1468 ".

471 1506 528 1561 Si
559 1506 708 1562 enim
741 1507 797 1561 in
824 1506 1047 1562 Christo
1070 1521 1225 1562 mens
1254 1505 1494 1561 humana
1524 1519 1636 1559 non
1664 1511 1805 1569 erat,
1829 1504 1979 1559 Deus

400 1604 583 1651 autem
615 1613 716 1667 pro
747 1607 932 1653 mente
958 1598 1229 1653 exsistens
1271 1597 1605 1668 operabatur
1645 1596 1829 1650 omnia
1858 1611 1981 1666 quae

2099 1599 2135 1652 Ξὲ
2168 1601 2289 1655 ἀντὶ
2327 1597 2420 1654 νοῦ
2455 1598 2714 1670 ὑπάρχων
2739 1598 2805 1650 τά
2834 1595 2909 1666 τῷ
2940 1595 3016 1667 νῷ
3042 1596 3262 1666 ἐνήργει
3290 1594 3655 1665 προσήκοντα·

400 1687 605 1743 mentis
627 1695 758 1744 sunt
785 1706 797 1740 :
826 1689 969 1743 Deus
996 1696 1132 1752 erat,
1163 1688 1258 1759 qui
1289 1687 1701 1744 laboravitcum
1727 1702 1978 1757 corpore;

2099 1690 2215 1754 θεὸς
2249 1691 2347 1762 μὲν
2375 1687 2442 1762 ἦν
2468 1694 2495 1746 6
2516 1690 2595 1761 τῷ
2626 1690 2838 1760 σώματι
2869 1687 3245 1758 συμπονήσας,
3270 1684 3401 1747 Θεὸς
3429 1684 3487 1737 δὲ
3531 1685 3558 1737 6
3592 1683 3663 1737 τὰ

398 1774 550 1832 Deus
602 1787 744 1843 erat,
776 1778 871 1846 qui
920 1778 1054 1832 alias
1097 1777 1340 1833 hominis
1379 1778 1661 1848 passiones
1703 1776 1983 1831 sustinuit.

2099 1782 2225 1836 Ξλλα
2266 1783 2333 1837 τὰ
2376 1781 2697 1854 ἀνθρώπινα
2729 1780 3033 1851 ὑπομείνας
3082 1776 3403 1849 παθήματα.
3443 1775 3662 1837 Εἰθεὸς

400 1866 557 1934 Quod
580 1867 631 1922 si
668 1877 851 1923 autem
891 1869 1002 1932 ille,
1029 1873 1124 1937 qui
1160 1869 1398 1924 luctatus
1426 1876 1513 1924 est
1539 1868 1802 1938 vicitque,
1829 1868 1979 1922 Deus

400 1965 540 2022 erat,
589 1957 657 2011 ad
692 1973 779 2013 me
831 1967 981 2013 certe
1032 1959 1261 2014 victoria
1304 1974 1417 2013 non
1470 1958 1733 2030 pertinet,
1763 1958 1863 2013 sed
1916 1957 1986 2013 ad

400 2047 595 2113 Deum,
618 2050 712 2119 qui
735 2049 1005 2118 justitiam
1030 2064 1251 2105 omnem
1278 2051 1508 2121 peregit.
1541 2051 1648 2105 Sed
1680 2051 1873 2120 procul
1910 2050 1988 2104 fa-

401 2147 583 2194 cessat
610 2140 934 2210 Apollinarii
966 2142 1289 2211 nugacitas:
1314 2156 1416 2195 nos
1446 2150 1652 2206 autem,
1677 2156 1839 2211 quam
1872 2141 1988 2195 Sal-

398 2237 559 2284 vator
611 2231 822 2301 peregit
873 2231 1364 2301 dispensationem,
1403 2232 1572 2299 fuisse
1622 2231 1987 2287 necessariam

400 2320 867 2377 demonstremus.

469 2414 743 2481 Quoniam
780 2422 930 2470 totus
945 2415 1111 2469 homo
1140 2414 1405 2485 deceptus
1432 2422 1537 2479 est,
1563 2423 1821 2484 totusque
1855 2429 1988 2484 pec-

400 2512 525 2559 cato
559 2504 874 2568 succubuit,
897 2520 1133 2575 cumque
1159 2518 1315 2558 mens
1338 2511 1464 2559 ante
1482 2520 1684 2574 corpus
1716 2503 1991 2573 deceptio-

399 2609 529 2649 nem
560 2595 841 2650 admiserit
870 2594 1047 2665 (prius
1072 2595 1221 2649 enim
1258 2595 1460 2650 mentis
1477 2610 1778 2650 consensus
1796 2609 1990 2664 pecca-

401 2693 518 2738 tum
553 2686 707 2739 velut
729 2684 1042 2748 adumbrat,
1070 2699 1273 2753 corpus
1302 2683 1500 2738 deinde
1518 2685 1833 2753 operatione
1855 2683 1987 2738 illud

403 2775 622 2847 format)
654 2777 817 2832 :ideo
839 2776 1097 2832 Christus
1128 2776 1414 2840 Dominus,
1455 2791 1580 2829 cum
1619 2783 1870 2829 naturam
1906 2774 1987 2829 la-

400 2881 556 2937 psam
586 2868 800 2937 erigere
821 2867 1005 2930 vellet,
1040 2865 1139 2920 toti
1164 2881 1387 2920 manum
1413 2865 1662 2935 porrigit,
1687 2873 1984 2933 totamque,

402 2971 624 3011 carnem
657 2957 793 3012 dico-
810 2965 869 3012 et
900 2963 1162 3019 mentem,
1199 2971 1321 3024 quae
1351 2955 1419 3009 ad
1454 2954 1743 3025 imaginem
1765 2953 1989 3009 Creato-

402 3044 481 3099 ris
507 3042 649 3099 facta
680 3045 1079 3114 est,jacentem
1104 3042 1325 3096 attollit.
1359 3042 1480 3097 Non
1515 3043 1701 3113 itaque
1735 3043 2009 3112 despexit.

404 3143 642 3191 mentem
665 3145 816 3192 tanto
838 3137 1049 3191 honore
1075 3135 1349 3199 aﬂ‘ectam,
1377 3144 1597 3204 tamque
1632 3134 1868 3205 indigam
1895 3151 1988 3189 cu-

405 3228 636 3284 rationis
669 3246 683 3280 :
712 3244 894 3297 neque
937 3243 1063 3282 cum
1091 3234 1400 3280 assumeret
1439 3225 1495 3281 id
1533 3225 1807 3290 hominis,
1841 3224 1988 3294 quod

400 3319 601 3375 morbo
624 3326 682 3373 et
726 3325 1013 3373 senectute
1063 3317 1473 3386 corrumpitur,
1529 3316 1789 3387 quodque
1825 3316 1989 3371 morti

406 3407 702 3465 obnoxium
739 3416 843 3472 est,
877 3408 1085 3477 sprevit
1111 3407 1247 3461 illud
1273 3407 1419 3477 quod
1450 3407 1778 3469 immortale,
1811 3406 1988 3476 quod-

408 3514 515 3569 que
545 3496 809 3552 orationis
824 3497 1121 3567 particeps,
1151 3504 1210 3551 et
1228 3495 1296 3550 ad
1329 3496 1624 3566 imaginem
1653 3493 1796 3566 (Dei)
1832 3494 1992 3564 129

407 3587 634 3652 factum,
673 3595 837 3656 atque
867 3586 1112 3655 insuper,
1147 3593 1208 3641 ut
1236 3585 1458 3655 ipsimet
1479 3586 1693 3649 dicunt,
1744 3586 1887 3639 male
1913 3584 1992 3638 af-

409 3678 647 3746 fectum;
679 3679 775 3735 sed
814 3678 1179 3733 inveteratam
1208 3687 1462 3733 naturam
1495 3676 1988 3741 renovavittotam,

409 3789 515 3828 nec
538 3773 711 3844 ipsius
730 3780 941 3843 partem
962 3786 1125 3831 unam
1159 3786 1357 3825 novam
1385 3769 1597 3832 refecit,
1639 3769 1866 3823 alteram
1891 3783 1991 3821 an-

417 3865 684 3934 tiquatam
710 3864 840 3918 licet
864 3873 1028 3934 atque
1055 3870 1392 3931 corruptam,
1416 3860 1718 3914 insanatam
1745 3857 1989 3926 reliquit,

413 3956 716 4025 praesertim
743 3971 868 4010 cum
901 3956 971 4009 sit
992 3954 1340 4026 praestantior
1366 3951 1657 4023 potiorque
1687 3950 1992 4021 intelligen-

416 4045 553 4101 tium
575 4056 922 4102 naturarum.

481 4137 801 4193 Absurdum
838 4153 1113 4208 namque,
1174 4150 1376 4206 corpus
1401 4133 1623 4204 quidem
1664 4133 1872 4187 luteum
1928 4147 1992 4188 ac

413 4237 712 4294 terrenum,
758 4230 1221 4300 passionibusque
1262 4225 1587 4297 implicitum
1630 4223 1854 4287 assumi,
1902 4238 1992 4277 as-

413 4329 802 4391 sumptumque
817 4320 884 4375 ad
901 4320 1182 4376 dexteram
1204 4317 1505 4388 majestatis
1520 4315 1775 4371 collocari
1794 4331 1809 4379 ;
1838 4328 1993 4367 men-

2083 1874 2138 1928 δὲ
2161 1878 2190 1929 ό
2221 1875 2491 1939 παλαίσας
2519 1875 2612 1927 καί⁵
2642 1874 2894 1944 νικήσας,
2937 1869 3091 1939 κάγὼ
3128 1870 3226 1941 τῆς
3251 1870 3407 1937 νίκης
3437 1870 3663 1937 ἐστέρη-

2088 1982 2208 2035 μαι,
2236 1965 2367 2027 Θεὸς
2395 1964 2452 2018 δὲ
2486 1966 2514 2018 ὁ
2560 1963 2659 2033 τὴν
2718 1961 3064 2031 δικαιοσύνην
3113 1959 3331 2013 ἃπασαν
3382 1954 3662 2028 κατορθώ-

2085 2073 2204 2118 σας.
2248 2057 2385 2110 Ἀλλ’
2428 2055 2651 2109 ἀπέστω
2698 2056 2743 2087 ’⁷
2780 2056 2812 2126 ἡ
2869 2053 2964 2109 τοῦ
3035 2049 3421 2122 Ἀπολιναρίου
3474 2048 3664 2102 ἀδολε-

2086 2151 2230 2220 σχία’
2262 2152 2422 2219 ἡμεῖς
2451 2149 2508 2202 δὲ
2531 2148 2794 2219 δείξωμεν
2823 2149 2922 2217 τὴν
2950 2146 3043 2201 τοῦ
3070 2145 3323 2216 Σωτῆρος
3348 2140 3666 2213 οἰκονομίαν

2084 2240 2399 2311 ἀναγκαίως
2426 2241 2819 2312 γεγενημένην.

2169 2415 2389 2487 Ἐπειδὴ
2416 2415 2525 2486 γὰρ
2553 2416 2698 2478 ἄπας
2724 2415 2751 2466 ὁ
2773 2412 3055 2484 ἄνθρωπος
3082 2408 3362 2480 ἠπατήθη,
3394 2406 3494 2460 καὶ
3522 2406 3668 2468 ἄπας

2087 2506 2191 2559 ὑπὸ
2214 2507 2312 2576 τὴν
2348 2505 2627 2577 ἁμαρτίαν
2673 2505 2908 2573 ἐγένετο,
2939 2501 3033 2556 καὶ
3067 2500 3173 2573 πρὸ
3209 2501 3302 2554 τοῦ
3336 2498 3593 2568 σώματος
3643 2497 3672 2548 ό

2088 2597 2211 2660 νοῦς
2239 2596 2338 2667 τὴν
2368 2597 2587 2666 ἀπάτην
2613 2596 2930 2661 ὑπεδέξατο·
2961 2596 3223 2665 πρότερον
3253 2591 3360 2664 γὰρ
3397 2592 3432 2661 ή
3455 2589 3549 2642 τοῦ
3578 2586 3671 2640 νοῦ

2092 2686 2486 2755 συγκατάθεσις
2543 2688 2877 2757 σκιαγραφεῖ
2916 2685 3014 2755 τὴν
3050 2684 3348 2755 ἁμαρτίαν,
3382 2677 3487 2735 εἷθ’
3523 2679 3671 2734 οὕτω

2089 2778 2179 2832 διὰ
2215 2779 2314 2849 τῆς
2349 2777 2631 2849 ἐνεργείας
2662 2778 2722 2830 τὸ
2764 2777 2922 2848 σῶμα
2948 2777 3151 2847 ταύτην
3191 2775 3407 2846 μορφοῖο
3442 2773 3673 2834 εἰκότως

2090 2872 2117 2924 ὁ
2158 2870 2433 2939 Δεσπότης
2481 2869 2715 2939 Χριστὸς
2766 2872 3126 2922 πεπτωκυῖαν
3164 2867 3326 2937 φύσιν
3361 2866 3677 2935 ἀναστῆσαι

2093 2961 2434 3032 βουλόμενος,
2481 2960 2630 3030 πάσῃ
2665 2963 2824 3032 χεῖρα
2854 2960 3061 3031 ὀρέγει,
3103 2959 3197 3013 καὶ
3231 2957 3500 3029 κειμένην
3533 2955 3680 3024 ἐγεί-

2095 3069 2197 3124 ρει·
2232 3053 2332 3122 τὴν
2366 3052 2547 3123 σάρκα
2588 3053 2732 3123 φημὶ
2781 3052 2886 3126 καὶ,
2908 3052 2999 3105 τὸν
3046 3050 3191 3113 νοῦν,
3222 3050 3296 3114 ὡς
3329 3051 3455 3103 κατ’
3487 3048 3682 3101 εἰκόνα

2090 3144 2333 3213 ἐγεγόνει
2364 3144 2463 3199 τοῦ
2517 3145 2822 3209 κτίσαντος.
2862 3138 2977 3198 Οὐκ
3008 3138 3100 3197 οὖν
3133 3142 3366 3213 ¹ἡτίμασε
3398 3141 3497 3195 τὸν
3535 3139 3682 3193 οὕτω

2089 3238 2268 3307 τίμιον
2287 3236 2581 3306 θεραπείας
2613 3237 2884 3308 δεόμενον·
2913 3236 3031 3289 οὐδὲ
3058 3235 3117 3289 τὸ
3145 3236 3240 3306 μὲν
3276 3233 3670 3303 φθειρόμενον,

2091 3325 2186 3378 καὶ
2225 3325 2365 3396 νόσῳ
2389 3328 2483 3379 καὶ
2514 3327 2662 3397 γήρᾳ
2711 3326 2805 3379 καὶ
2843 3324 3057 3396 θανάτῳ
3098 3323 3377 3387 δουλεῦον,
3411 3320 3683 3399 ἀνέλαϐε·

2090 3416 2151 3468 τὸ
2184 3416 2242 3468 δὲ
2274 3417 2539 3470 ἀθάνατον
2571 3416 2664 3469 καὶ
2693 3416 2910 3484 λογικὸν
2931 3417 3025 3469 καὶ
3063 3417 3183 3468 κατ’
3214 3414 3397 3467 εἰκόνα
3442 3398 3687 3481 γεγενη-

2095 3507 2253 3577 μένον
2289 3508 2531 3577 παρεῖδε,
2574 3508 2668 3561 καὶ
2709 3507 2882 3560 ταῦτα
2925 3506 3129 3570 κακῶς,
3164 3506 3241 3569 ὥς
3276 3521 3433 3573 φασι,
3465 3500 3677 3557 διακείο

2099 3614 2278 3668 μενον,
2323 3597 2459 3652 ἀλλὰ
2491 3599 2671 3651 πᾶσαν
2717 3597 3121 3650 παλαιωθεῖσαν
3169 3597 3267 3665 τὴν
3314 3594 3483 3662 φύσιν
3529 3598 3687 3647 ὲνεο-

2095 3689 2310 3756 ποίησε,
2348 3690 2440 3741 καὶ
2473 3690 2534 3741 οὐ
2570 3689 2629 3741 τὸ
2664 3689 2761 3757 μὲν
2804 3688 2974 3755 αὐτῆς
3017 3686 3201 3739 καινὸν
3251 3686 3647 3757 ἀπειργάσατο
3670 3726 3685 3748 ,

2092 3777 2154 3830 τδ
2216 3778 2273 3830 δὲ
2329 3764 2781 3849 πεπαλαιωμένον
2840 3778 2934 3831 καὶ
2981 3776 3373 3848 διεφθαρμένον
3453 3779 3690 3832 ἀνίατον

2093 3868 2263 3932 εἴασε,
2298 3869 2394 3922 καὶ
2422 3869 2596 3923 ταῦτα
2640 3869 2967 3939 τιμιώτατον
3003 3869 3269 3940 ὑπάρχον,
3303 3867 3399 3921 καὶ
3434 3869 3542 3939 τῆς
3573 3868 3690 3922 τῶν

2094 3960 2300 4030 νοητῶν
2334 3961 2550 4031 μοίρας.

2170 4134 2407 4186 ’Δτοπον
2438 4132 2568 4203 γὰρ,
2588 4133 2649 4186 τὸ
2675 4134 2774 4204 μὲν
2803 4134 2961 4203 σῶμα
2995 4134 3055 4187 τὸ
3087 4134 3309 4204 πήλινον
3346 4133 3444 4186 καὶ
3471 4135 3692 4205 χοῖκδν,

2096 4224 2191 4279 καὶ
2227 4224 2425 4278 πάθεσι
2477 4224 2926 4295 συνεζευγμένον,
2973 4226 3067 4278 καὶ
3104 4225 3564 4297 προσληφθῆναι,
3596 4230 3696 4281 καὶ

2095 4317 2501 4386 ἀναληφθῆναι,
2551 4317 2646 4370 καὶ⁸
2679 4317 2741 4369 ὲκ
2776 4316 2967 4380 δεξιῶν
2996 4317 3096 4385 τῆς
3133 4316 3521 4387 μεγαλοσύνης
3550 4319 3695 4372 καθ-

415 4419 525 4465 tem
546 4426 678 4465 vero
699 4410 1050 4476 invisibilem,
1086 4410 1473 4474 immortalem,
1494 4407 1747 4462 animalis
1771 4407 1987 4470 ducem,

2099 4408 2430 4477 ιδρυνθῆναιο
2463 4408 2555 4461 τὸν
2592 4406 2649 4461 δὲ
2681 4408 2805 4462 νοῦν
2838 4408 2929 4461 τὸν
2965 4408 3218 4479 ἀόρατον,
3258 4408 3350 4460 τὸν
3380 4408 3694 4475 ἀθάνατον,

414 4503 484 4559 ad
508 4504 800 4575 imaginem
825 4508 925 4562 Dei
960 4507 1182 4569 factam.
1210 4506 1459 4576 corporis
1484 4507 1634 4560 velut
1661 4506 1904 4576 aurigam
1929 4520 1993 4559 ac

415 4596 880 4667 gubernatricem,
903 4608 961 4656 et
999 4598 1299 4654 harmoniae
1322 4598 1577 4668 perilam,
1611 4599 1769 4669 cujus
1788 4597 1995 4653 beneﬁ-

416 4686 504 4742 cio
532 4687 622 4754 ﬁt,
649 4698 712 4743 ut
734 4690 900 4745 homo
930 4706 1041 4745 non
1065 4690 1136 4744 sit
1159 4704 1357 4759 expers
1381 4687 1631 4753 rationis,
1661 4688 1757 4743 sed
1779 4688 1996 4758 sapien-

419 4779 531 4845 tiae,
572 4783 706 4837 artis
733 4792 791 4838 et
824 4781 1067 4838 scientia:
1108 4781 1327 4836 abunde
1376 4781 1674 4850 particeps,
1726 4781 1993 4850 abjectam

417 4870 572 4927 humi
604 4873 797 4941 fuisse,
819 4890 922 4930 nec
949 4888 1293 4929 communem
1313 4886 1438 4927 eum
1469 4886 1699 4941 corpore
1725 4872 1992 4926 honorem

418 4964 726 5034 accepisse:
753 4973 1014 5029 mentem,
1040 4964 1287 5033 inquam,
1306 4966 1325 4985 ‘
1353 4962 1511 5031 cujus
1531 4977 1690 5017 causa
1717 4968 1773 5017 et
1793 4977 1994 5032 corpus

419 5055 753 5114 conditionis
779 5064 864 5112 est
885 5056 1165 5110 rationalis
1182 5062 1240 5109 et
1266 5054 1416 5123 leges
1434 5054 1556 5109 latae
1579 5061 1728 5119 sunt,
1757 5060 1814 5107 et
1838 5052 1993 5107 facta:

418 5147 725 5217 prophetia:
751 5164 770 5203 ι
800 5153 1025 5216 propter
1057 5158 1225 5214 quam
1261 5142 1585 5209 certamina,
1614 5142 1795 5209 luctas,
1824 5140 1994 5196 victo-

2089 4500 2182 4553 τὸν
2211 4501 2452 4571 ἡγεμόνα
2483 4499 2575 4554 τοῦ
2629 4501 2790 4566 ζὼου,
2827 4501 2917 4555 τὸν
2946 4503 3065 4555 κατ’
3093 4502 3275 4555 εἰκόνα
3319 4501 3482 4556 θείαν
3519 4520 3702 4572 γεγε-

2090 4592 2342 4662 νημένον,
2370 4592 2458 4645 τὸν
2504 4590 2599 4645 τοῦ
2632 4591 2884 4662 σώματος
2932 4593 3144 4662 ἡνίοχον
3181 4593 3275 4645 καὶ
3301 4592 3696 4665 κυϐερνήτην,

2093 4684 2187 4737 καὶ
2221 4683 2499 4752 μουσικὸν,
2528 4683 2594 4736 δι’
2622 4683 2682 4736 ὃν
2718 4684 2816 4736 οὐκ
2849 4685 3040 4751 ἄλογος
3074 4685 3106 4755 ἡ
3140 4682 3465 4752 ἀνθρωπεία
3499 4686 3697 4754 φύσις,

2092 4776 2228 4830 ἀλλά
2271 4776 2462 4844 σοφίας
2506 4776 2600 4830 καὶ
2650 4777 2845 4847 τέχνης
2870 4778 2966 4831 καὶ
3005 4778 3316 4848 ἐπιστήμης
3356 4776 3698 4849 ἀνάπλεως,

2095 4868 2283 4922 τοῦτον
2315 4867 2652 4940 ἀπερῤίφθαι
2697 4869 2867 4932 κάτω,
2917 4867 3011 4923 καὶ
3042 4870 3140 4937 τῆς
3171 4865 3265 4951 τοῦ
3310 4865 3584 4938 σώματος
3620 4872 3701 4942 μὴ

2101 4961 2528 5033 μεταλαγχάνειν
2568 4961 2754 5031 τιμῆς,
2792 4960 2860 5012 δι’
2891 4959 2952 5011 εν
2998 4959 3059 5012 τὸ
3112 4958 3270 5028 σῶμα
3315 4957 3422 5025 τῆς
3451 4961 3701 5030 λογικῆς

2096 5054 2313 5123 ἐγένετο
2357 5054 2607 5116 κτίσεως,
2639 5053 2707 5105 δι’
2739 5051 2798 5105 δν
2837 5050 3148 5122 νομοθεσίαι
3185 5052 3278 5104 καὶ⁹
3308 5058 3696 5124 προφητεῖαι,

2097 5143 2163 5196 δι’
2198 5142 2259 5198 ὃν
2303 5143 2516 5212 ἀγῶνες
2552 5142 2644 5196 καὶ
2678 5141 2843 5196 πάλαι
2883 5141 2976 5195 καὶ
3002 5140 3151 5195 νίκαι
3176 5141 3271 5195 καὶ
3310 5143 3701 5215 ἀναρρήσεις,

1726 5300 1962 5356 VARIIE
2000 5299 2404 5356 LECTIUNES.

496 5435 543 5468 "
565 5434 685 5501 Ipse
707 5460 764 5470 —
792 5432 1037 5503 instituta
1072 5434 1396 5488 certaminis.
1436 5433 1516 5487 Ex
1544 5432 1733 5489 Graeco
1764 5433 1837 5486 ita
1870 5432 2242 5488 restituendus
2264 5441 2349 5487 est
2388 5442 2567 5487 textus
2588 5433 2741 5487 Marii
2767 5433 3084 5489 Mercatoris
3112 5452 3124 5489 :
3155 5435 3273 5503 Ipse
3305 5444 3704 5502 spectatorem

426 5516 483 5561 et
505 5503 821 5579 certaminis
845 5502 1242 5579 moderatorem
1271 5519 1417 5572 agas.
1459 5503 1913 5579 Siqueuvolueris
1953 5503 2093 5579 artis
2117 5503 2489 5579 gymnasticze
2507 5511 2896 5579 praeceptorem
2929 5519 3108 5574 agere,
3134 5502 3330 5579 doceas
3357 5504 3530 5579 illum
3554 5526 3707 5579 quo-

427 5575 591 5630 modo
648 5573 718 5627 sit
764 5571 1105 5635 certandum,
1153 5571 1554 5642 commonstres
1590 5573 1666 5627 illi
1711 5588 1819 5642 qua
1865 5573 2075 5626 ratione
2105 5571 2419 5627 obtineatur
2439 5571 2701 5627 victoria;
2763 5573 2809 5605 ¹⁶
2835 5571 3162 5629 Βεεεῖεανει.
3203 5575 3440 5641 Reliqua
3484 5571 3709 5634 desunt

429 5644 572 5715 apud
611 5643 839 5715 Marium
879 5642 1271 5715 Mercatorem.
1330 5641 1511 5715 "axx
1540 5641 1778 5715 ἀπέστω,
1812 5658 1864 5694 κ.
1896 5659 1944 5715 τ’.
1975 5643 2024 5694 λ.
2056 5642 2339 5715 Notandus
2388 5643 2491 5698 iste
2520 5642 2675 5715 locus
2703 5650 2893 5715 contra
2917 5642 3264 5715 Garnerium,
3297 5642 3395 5712 qui
3426 5644 3714 5706 Theodo-

432 5711 605 5769 retum
640 5714 692 5769 in
727 5711 1076 5769 recensendis
1099 5712 1417 5783 Apollinarii
1445 5712 1727 5767 erroribus
1748 5711 1895 5781 justo
1924 5711 2229 5765 breviorem
2260 5712 2429 5768 fuisse
2463 5713 2714 5781 perhibet
2750 5714 2805 5768 in
2838 5713 2970 5768 diss.
3001 5713 3054 5780 2,
3081 5729 3205 5783 cap.
3229 5714 3278 5769 4.
