3954 6294
413 269 482 334 31
765 244 807 317 ὸ

1530 266 1907 328 GARNERII
1941 264 2456 325 DISSERTATIO'
2480 265 2528 323 ῐν
3605 260 3672 324 88

413 387 824 439 destruct‘urum
850 422 865 448 ,
903 381 1192 437 hominum
1219 395 1358 436 vero
1392 386 1605 435 naturae
1639 393 1878 450 praesens
1906 393 1980 432 re-

2099 378 2270 450 αὑτὴν
2308 377 2764 449 διαφθείρουσαν,
2815 380 2879 450 τῇ
2925 380 2982 433 δὲ
3027 378 3187 450 φύσει
3225 376 3335 431 τῶν
3373 373 3674 446 ἀνθρώπων

411 474 657 530 medium
710 473 776 528 ad
835 473 1266 543 recuperandam
1317 470 1606 542 pristinam
1659 469 1891 542 gratiam
1937 475 1992 523 et

412 565 880 620 immortalitatem
917 563 1199 619 amissam.

481 655 551 710 Ut
573 654 721 709 enim
757 653 894 723 ipse,
921 668 1046 707 cum
1099 668 1272 707 suum.
1312 647 1682 723 improbitatis
1714 665 1990 706 venenum

411 749 558 818 ligno
623 745 868 801 scientiae
919 744 1246 811 infudisset,
1299 755 1553 800 naturam
1606 745 1992 815 degustantem

411 839 660 907 corrupit
682 855 710 904 ;.
733 837 810 892 ita
837 838 1256 893 cumvoluisset
1277 852 1499 892 carnem
1518 835 1858 892 Dominieam
1889 832 1989 888 de-

409 931 632 1000 glutire,
667 937 963 1001 corruptus
997 939 1084 986 est
1113 929 1169 984 vi
1204 927 1506 984 divinitatis
1544 928 1601 983 in
1638 941 1806 982 carne
1839 926 1988 982 exsi-

409 1021 625 1076 stentis.

474 1111 652 1178 Quare
687 1127 946 1183 magnum
981 1111 1183 1166 divinae
1215 1110 1611 1166 incarnationis
1663 1111 1987 1183 mysterium

408 1217 540 1258 vere
575 1217 794 1273 semper
822 1203 1146 1275 mysterium
1169 1214 1275 1258 est.
1311 1203 1460 1257 Deus
1490 1202 1638 1258 enim
1666 1218 1834 1272 super
1867 1217 1988 1256 om-

405 1310 533 1349 nem
597 1295 962 1350 substantiam
1027 1295 1320 1360 exsistens,
1377 1294 1488 1349 imo
1551 1293 1766 1348 inﬁnite
1821 1307 1990 1362 super

403 1398 623 1438 omnem
659 1383 1348 1454 supersubstantialitatem
1401 1382 1656 1454 positus,
1708 1397 1835 1437 eum
1889 1397 1987 1437 vo-

403 1475 599 1530 luisset
631 1474 700 1529 ad
734 1475 1100 1530 substantiam
1131 1476 1345 1541 venire,
1382 1472 1987 1544 supersubstantialiter

402 1567 910 1623 substantialisatus
961 1575 1067 1624 est.
1103 1566 1284 1634 Quare
1336 1575 1564 1638 propter
1601 1566 1875 1630 homines,
1924 1575 1986 1620 ut

401 1667 522 1713 erat
545 1659 832 1714 hominum
858 1658 1292 1723 amantisSimus,
1327 1664 1545 1726 sumpta
1565 1672 1633 1711 ex
1670 1655 1986 1711 hominibus

403 1751 712 1806 substantia
753 1767 885 1806 vere
930 1751 1098 1805 homo
1154 1749 1354 1816 factus,
1394 1749 1618 1804 modum
1655 1763 1766 1818 quo
1809 1747 1987 1802 factus

404 1841 570 1896 homo
586 1849 692 1908 est,
728 1841 952 1898 omnino
988 1840 1323 1897 inetl‘ahilem
1353 1855 1572 1911 semper
1611 1839 1778 1894 habet
1809 1857 1822 1892 :
1858 1852 1986 1908 pro-

407 1943 530 2003 pter
563 1934 816 1989 homines
839 1934 990 1996 enim
1015 1933 1182 1989 homo
1209 1932 1390 1988 factus
1418 1939 1526 1988 est.

471 2023 651 2090 Quare
683 2025 904 2080 divinus
927 2025 1043 2095 ipse
1077 2024 1373 2095 Apostolus
1400 2022 1549 2078 clare
1583 2019 1986 2091 contemplatus

402 2115 645 2186 mysterii
678 2116 961 2182 virtutem,
993 2116 1070 2172 ait
1102 2133 1114 2170 :
1142 2114 1297 2170 Iesus
1318 2114 1557 2170 Christus
1581 2114 1695 2168 heri
1726 2120 1775 2166 et
1806 2113 1980 2178 hodie,

399 2205 538 2258 idem
558 2215 608 2260 et
626 2208 738 2278 ipse
757 2208 815 2262 in
834 2206 1032 2263 alecula
1050 2209 1108 2274 ες
1133 2206 1433 2262 ostendens
1449 2203 1726 2276 quomodo
1752 2218 1974 2274 semper

400 2313 606 2352 novum
641 2298 714 2353 sit
761 2298 1106 2370 mysterium,
1139 2307 1197 2355 et
1232 2299 1548 2354 nullatenus
1600 2297 1803 2353 mentis
1831 2311 1981 2353 com-

399 2389 768 2460 prehensione
793 2396 1128 2447 veterascat.

861 2636 1032 2710 132'
1065 2653 1215 2695 sora-1
1250 2653 1518 2695 cannea".

465 2751 531 2805 In
559 2767 818 2806 sermone.
840 2752 1230 2808 Fragmentum
1265 2753 1375 2808 hoc
1405 2749 1656 2806 exhibuit
1685 2749 1981 2806 Vaticanus

395 2821 571 2893 codeig
596 2823 721 2893 469,
758 2838 879 2893 pag.
916 2821 1002 2878 85.
1036 2823 1214 2878 Locus
1245 2839 1379 2878 vero
1405 2821 1653 2892 Gregorii
1686 2821 1976 2892 Theologi,

396 2907 508 2962 quo
531 2891 918 2948 Theodoretus
945 2893 1140 2957 utitur,
1175 2896 1502 2961 desumptus
1527 2891 1616 2947 est
1639 2891 1980 2962 exsermone

395 2960 755 3032 apologetico,
797 2979 908 3032 quo
944 2962 1244 3032 Gregorius
1271 2960 1544 3017 rationem
1570 2960 1978 3032 reddiditfugae

397 3036 511 3086 sua!
548 3031 604 3086 in
629 3031 884 3097 Pontum,
923 3031 1088 3101 quem
1123 3033 1180 3087 in
1215 3033 1398 3087 locum
1434 3034 1575 3087 clam
1601 3047 1660 3086 se
1692 3031 1974 3085 subduxe-

394 3110 502 3224 Irat,
530 3118 654 3227 eam
682 3103 971 3175 presbyter
1001 3101 1181 3158 factus
1204 3112 1373 3168 esset,
1397 3111 1455 3158 ct
1478 3101 1857 3172 episcopatum
1883 3117 1973 3156 re-

419 3186 558 3226 ormi
601 3182 741 3227 aret.

419 3182 741 3227 ormidaret.

464 3243 549 3296 Ea:
578 3245 738 3296 tertio
762 3243 804 3276 ³¹
842 3243 994 3296 libro.
1028 3242 1172 3308 Quin
1218 3242 1352 3298 illud
1394 3242 1970 3313 fragmentumperti-

394 3321 522 3383 neat
555 3313 623 3367 ad
660 3313 897 3368 tertium!
920 3313 1122 3366 librum
1159 3311 1502 3383 Pentalogii,‘
1532 3312 1723 3383 nullus
1752 3311 1965 3366 dubito.

395 3381 512 3438 Hoc
533 3383 694 3438 enim:
723 3385 780 3437 in
810 3385 951 3439 libro
985 3391 1300 3438 sanctorum
1351 3381 1577 3438 Patrum
1609 3381 1678 3437 de
1711 3381 1966 3437 incarna-

397 3453 544 3508 tione
567 3454 876 3508 doctrinam
911 3453 1294 3509 Theodoretus
1319 3453 1488 3508 refert
1513 3454 1578 3506 ³².

463 3524 658 3594 Nullus
683 3524 888 3592 pariter
922 3523 1116 3594 dubito
1147 3525 1282 3594 quin
1307 3524 1472 3594 etiam
1522 3530 1699 3594 totum
1727 3522 1780 3594 id
1815 3528 1966 3577 attu-

393 3592 714 3675 lprit_,_.quo_d
733 3604 818 3650 est
840 3593 991 3675 apud
1005 3592 1429 3675 Naziaiizenum,
1446 3593 1685 3675 facitque
1705 3593 1971 3675 adversus

391 3662 810 3734 Apollinarium,
859 3662 926 3720 ad
960 3663 1451 3721 demonstrandum
1511 3662 1610 3718 toti
1669 3662 1880 3719 homini
1939 3679 1971 3718 a

467 3823 493 3863 ⁸
532 3783 718 3878 Hebr...
751 3840 866 3891 xm,
901 3824 968 3880 8.

2000 2530 2067 2545 —

2094 469 2433 541 ἀλεξιτήριον
2463 469 2599 540 πρὸς
2621 467 2718 540 τὴν
2747 467 2808 533 ἐξ
2847 470 3019 541 ἀρχῆς
3055 469 3217 541 χάριν
3259 467 3350 526 καὶ
3375 465 3672 521 ἀθανασίαν

2093 561 2290 614 ἀναλου
2299 562 2488 632 μένην.

2177 654 2265 717 Ὠς
2313 652 2418 722 γὰρ
2475 652 2637 715 αὐτὸς
2678 652 2767 705 τὸν
2815 651 2890 706 ἰὸν
2945 650 3143 706 ἑαυτοῦ
3202 649 3304 722 τῆς
3356 650 3555 712 κακίας
3598 649 3672 720 τῷ

2094 741 2234 814 ξύλῳ
2259 743 2359 814 τῆς
2375 742 2632 814 γνώσεως
2665 742 2882 813 ἐγχέας,
2911 741 3008 813 τὴν
3036 739 3381 811 γευσαμένην
3401 739 3670 810 διέφθειρε

2091 834 2272 903 φύσιν*
2305 833 2448 889 οὕτω
2483 835 2578 888 καὶ
2614 834 2780 897 αὐτὸς
2807 836 3074 905 ἐμφαγεῖν
3099 834 3198 902 τῆς
3232 833 3435 904 σαρκὸς
3474 831 3670 900 βουλη-

2090 926 2201 991 θεὶς
2230 925 2325 981 τοῦ
2350 925 2644 990 Δεσπότου,
2669 929 2734 998 τῇ
2757 927 2984 997 δυνάμει
3009 925 3106 996 τῆς
3143 925 3200 976 ὲν
3230 924 3366 995 αὐτῇ
3402 920 3669 993 διεφθάρη

2090 1018 2360 1090 θεότητος.

2163 1108 2324 1164 Ὅθεν
2359 1109 2452 1165 καὶ
2477 1109 2540 1164 τὸ
2580 1109 2724 1180 μέγα
2756 1109 2858 1179 τῆς
2889 1107 3040 1172 θείας
3077 1105 3545 1175 ὲνανθρωπήσεως
3575 1120 3672 1173 μυ-

2090 1203 2312 1274 στήριον
2363 1201 2450 1255 ἀεὶ
2504 1199 2674 1264 ὅντως
2708 1200 3010 1272 μυστήριόν
3057 1199 3224 1254 ἐστιν.
3278 1197 3336 1249 Ὀ
3385 1195 3495 1265 γὰρ
3539 1192 3671 1255 Θεὸς

2089 1291 2418 1363 ὑπερούσιος
2439 1290 2537 1358 ὢν,
2579 1291 2674 1345 καὶ
2704 1290 2788 1344 ἔτι
2815 1291 3270 1363 ὑπερουσιότητος
3304 1287 3486 1356 πάσης
3515 1283 3672 1338 ἀπεί-

2098 1402 2208 1456 ρως
2242 1383 2727 1456 ὑπερανεστηκὼς,
2772 1384 2854 1448 είς
2907 1383 3097 1438 οὐσίαν
3141 1381 3317 1435 ἐλθεῖν
3351 1377 3668 1450 βουληθεὶς,

2086 1475 2425 1546 ὑπερουσίως
2445 1474 2700 1548 οὐσιώθη.
2719 1474 2809 1528 Διὸ
2827 1476 2931 1531 καὶ·
2963 1473 3108 1545 ὑπὲρ
3129 1471 3430 1544 ἀνθρώπων
3445 1469 3520 1531 ὡς
3546 1467 3669 1535 φιλρ

2085 1566 2368 1639 ἅνθρωπος
2413 1568 2478 1620 ὲκ
2551 1567 2650 1637 τῆς
2714 1565 2822 1619 τῶν
2862 1563 3165 1637 ἀνθρώπιον
3214 1563 3403 1626 οὐσίας
3452 1559 3670 1630 ἀληθῶς

2015 1687 2057 1742 Β
2086 1659 2370 1728 ἄνθρωπος
2407 1656 2668 1726 γεγονὼς,
2713 1656 2804 1710 τὸν
2841 1655 2936 1710 τοῦ
2981 1657 3099 1720 πῶς
3145 1655 3435 1728 ἄνθρωπος
3472 1653 3668 1720 γέγονε

2082 1749 2284 1820 τρόπον
2325 1749 2478 1820 μένει
2509 1748 2802 1812 διαπαντὸς
2835 1748 2975 1818 ἔχων
3010 1747 3368 1818 ἀνέκφαντον·
3404 1743 3544 1814 ὑπὲρ
3579 1743 3671 1796 ἀν-

2083 1838 2320 1910 θρώπων
2357 1839 2467 1911 γὰρ
2496 1840 2724 1910 γέγονεν
2747 1838 3056 1911 ἄνθρωπος.

2161 2017 2322 2072 Ὅθεν
2378 2017 2474 2072 καὶ
2526 2016 2690 2082 αὐτὸς
2736 2020 2764 2072 ὁ
2797 2017 2939 2083 θεῖος
2979 2019 3300 2085 Ἀπόστολος
3351 2022 3537 2092 σαφῶς
3567 2021 3664 2076 τοῦ

2087 2110 2386 2183 μυστηρίου
2418 2109 2789 2180 διασκοπήσας
2811 2111 2912 2181 τὴν
2940 2111 3192 2184 δύναμιν,
3229 2114 3412 2184 φησί-ν
3431 2116 3666 2184 Ἰησοῦς

2081 2203 2339 2273 Χριστὸς
2374 2201 2519 2272 χθὲς
2552 2202 2652 2256 καὶ
2673 2202 2962 2272 σήμερον,
2991 2207 3025 2259 ὁ
3059 2206 3242 2272 αὐτὸς
3275 2205 3374 2260 καὶ
3401 2209 3488 2274 είς
3521 2207 3667 2273 τοὺς

2083 2293 2304 2360 αἰῶνας
2328 2333 2345 2360 ,
2385 2293 2563 2364 δηλῶν
2602 2293 2676 2358 ὡς
2722 2295 2811 2348 ἀεὶ
2865 2296 3050 2350 καινὸν
3091 2296 3153 2350 τὸ
3216 2299 3536 2371 μυστήριον,
3569 2300 3666 2355 καὶ

2084 2385 2344 2441 οὐδέποτε
2369 2384 2663 2457 περιλήψει
2693 2385 2810 2450 νοὸς
2841 2386 3264 2458 παλαιούμενον.

2085 2611 2306 2670 Christo
2351 2612 2582 2668 salutem
2616 2626 2737 2667 esse
2780 2612 3102 2682 impensam,
3129 2611 3254 2681 quia
3305 2617 3454 2682 totus
3498 2609 3665 2664 homo

2085 2691 2404 2752 assumptus
2423 2691 2527 2736 est.
2563 2682 2824 2752 Idemque
2853 2680 2949 2736 aut
2976 2680 3162 2737 simile
3191 2680 3495 2737 secundum
3527 2696 3664 2752 prof

2085 2751 2399 2835 portionem
2432 2751 2928 2835 praestitunﬁdum
2959 2752 3106 2807 salus
3153 2759 3476 2835 curaretur”
3514 2751 3665 2835 quod

2088 2821 2143 2877 in
2169 2824 2326 2893 lapsu
2359 2831 2566 2877 naturae
2611 2822 3030 2893 perditioneque
3057 2822 3386 2893 contigerat.._
3416 2821 3575 2893 Nam,
3608 2829 3668 2874 ut

2088 2840 2143 2877 in
2169 2839 2218 2877 ia
2261 2839 2326 2876 su
2359 2839 2566 2877 natura:
2611 2839 3030 2893 perditioneque
3057 2839 3380 2892 contigerat.
3416 2839 3574 2883 nam,
3608 2839 3665 2874 ui

2086 2894 2164 2964 ait
2199 2839 2594 2964 byagianzenus,
2639 2893 2994 2964 Ἀντεισήχθη
3032 2892 3128 2964 λεῷ
3175 2891 3398 2964 παλαιῷ
3422 2891 3490 2964 Eb
3520 2891 3665 2964 νέονἷ

2085 2963 2232 3017 Elias
2256 2962 2538 3017 Cretensis
2583 2963 2640 3016 in
2673 2959 3109 3018 Commentariis
3125 2962 3191 3016 ad
3231 2959 3381 3016 hunc
3411 2959 3666 3030 Gregorii

2082 3032 2266 3104 locum
2291 3031 2535 3104 videtur,
2557 3031 2615 3086 in
2647 3033 3057 3088 Theodoretum
3105 3033 3413 3104 intendisse
3447 3031 3666 3104 oculos,

2083 3102 2216 3156 dum
2282 3101 2468 3173 ipsius
2523 3101 3039 3173 interpretationem
3097 3103 3297 3173 arguit.
3359 3101 3660 3173 Postquam

2085 3173 2235 3244 enim
2258 3171 2479 3244 duobus
2511 3173 2599 3244 his
2630 3171 2938 3244 adjectivis,
2963 3171 3216 3244 παλαιὸν,
3244 3173 3390 3244 νέον,
3418 3171 3670 3244 nomini-

2080 3242 2186 3297 bus
2217 3241 2636 3313 substaredixit
2669 3240 2868 3298 nomen
2893 3243 3037 3313 quod
3075 3242 3424 3297 affectionem
3452 3240 3671 3311 signiti-

2077 3321 2186 3384 ca't,
2218 3313 2396 3382 pergit
2428 3331 2441 3364 :
2470 3312 2731 3368 Nonnulli
2759 3331 2851 3384 per
2880 3312 3025 3367 vetus
3059 3322 3108 3367 et
3135 3329 3326 3368 novum
3347 3350 3362 3377 ,
3394 3313 3671 3384 nonum:-

2077 3380 2308 3436 ctioném
2326 3380 2382 3454 in
2411 3399 2527 3454 nos,
2550 3392 2602 3436 et
2628 3380 2897 3454 disparem
2947 3385 3355 3454 vitwrationem
3385 3380 3671 3434 intellexe-

2075 3459 2199 3505 runt
2231 3491 2247 3514 ,
2281 3452 2370 3506 sed
2401 3453 2495 3506 hoc
2522 3454 2695 3506 virum
2712 3452 2968 3507 sanctum
3009 3453 3141 3506 velle
3184 3459 3498 3507 censuerunt
3527 3465 3544 3504 .'
3571 3467 3672 3521 pro

2074 3524 2236 3576 veteri
2262 3523 2418 3593 primi
2465 3523 2700 3593 parentis
2731 3525 2974 3593 passione
3006 3539 3195 3576 novam
3223 3522 3418 3578 Christi
3457 3523 3669 3593 passio-

2077 3609 2196 3646 nem
2234 3590 2594 3646 introductam
2619 3590 2748 3646 esse'.
2781 3592 3006 3646 Rectene
3046 3601 3249 3660 autem,
3283 3609 3353 3647 an
3381 3590 3552 3657 secus,
3590 3590 3664 3645 le-

2079 3663 2737 3750 ctoribusOexpendendum
2779 3661 3040 3733 relinquo.

1689 3935 1926 3992 VABUE
1967 3935 2372 3994 LECTIONES.

465 4050 867 4124 "_T_enio.7$ed'
888 4054 954 4108 ad
985 4054 1288 4110 secundum
1327 4053 1531 4109 librum
1565 4053 1669 4109 ista
1705 4053 1985 4124 pertinere
2011 4051 2390 4124 declaraverat
2427 4050 2750 4124 Garnerius.
2829 4053 2872 4084 ³²
2903 4051 3295 4124 Ηοοτ-νεῖενε.
3325 4049 3547 4105 Scilicet
3597 4067 3668 4105 ex

392 4121 678 4196 hypothesi
717 4123 997 4196 Garnerii,
1025 4125 1348 4196 qui—librum
1371 4124 1676 4183 secundum
1705 4121 1768 4179 et
1792 4123 2018 4178 tertium
2070 4123 2280 4179 codicis
2319 4138 2488 4193 supra
2519 4123 2655 4178 dicti
2681 4137 2786 4194 pro
2813 4138 2953 4188 uno,
2985 4121 3234 4192 adeoque
3270 4130 3528 4192 quartum
3563 4137 3668 4190 pro

395 4193 561 4248 tertio
587 4193 800 4249 habuit.

420 4393 496 4404 -ο

512 4392 786 4407 ἢ

1075 4528 1232 4605 133
1300 4550 2003 4644 ADMONITIO
2076 4551 2227 4640 AD
2303 4552 3023 4647 LECTOREM-

455 4859 1227 4931 Proximum'quid‘em’locum
1265 4873 1319 4929 p.
1353 4857 1611 4912 5f—l'0’1
1664 4860 1909 4916 Auctarii
1951 4870 2139 4918 tenent
2166 4861 2413 4933 epistola:
2459 4860 2795 4918 Theodoreti
2838 4876 2867 4915 a
2903 4860 3199 4917 Sirmondo
3231 4861 3471 4926 omissae,
3517 4875 3662 4931 quas

389 4951 772 5022 eum-prolixis
794 4948 1283 5005 observationibus
1319 4947 1436 5002 suis
1468 4946 1646 5003 edidit
1677 4949 1997 5008 Garnerius.
2031 4952 2126 5008 Hae
2159 4961 2344 5008 autem
2381 4951 2649 5022 epistolae,
2681 4969 2786 5007 una
2839 4967 2966 5008 cum
3020 4951 3127 5007 illis
3159 4967 3296 5022 quas
3327 4951 3663 5008 Sirmondus

385 5042 659 5110 ediderat,
679 5043 864 5110 locum
878 5049 1055 5096 nactae
1084 5050 1215 5095 sunt
1238 5041 1295 5095 in
1325 5039 1432 5094 ﬁne
1458 5042 1590 5096 tomi
1613 5045 1919 5112 superioris
1946 5044 2209 5100 editionis
2229 5051 2450 5100 nostrae.
2487 5045 2652 5116 Typis
2672 5045 2858 5115 itaque
2883 5060 3034 5101 nunc
3065 5043 3442 5101 exscribendm
3470 5057 3665 5103 essent

387 5135 516 5192 solae
544 5134 796 5191 Garnerii
840 5133 896 5188 in
920 5133 1183 5203 epistolas
1224 5149 1421 5189 recens
1453 5134 1634 5189 editas
1663 5144 1828 5203 notae,
1867 5137 1966 5192 sed
1992 5146 2366 5207 opportunum
2395 5136 2505 5191 illis
2541 5136 2797 5192 dabimus
2831 5138 3014 5192 locum
3053 5138 3110 5192 in
3145 5137 3535 5194 dissertatione
3565 5157 3662 5196 se-

385 5227 565 5283 cunda
605 5225 876 5291 Garnerii,
904 5225 1134 5295 ejusque
1165 5226 1341 5296 capite
1373 5226 1588 5297 quinto.
1632 5227 1764 5294 Quae
1796 5229 1973 5299 prima
2004 5237 2089 5284 est
2117 5229 2262 5284 inter
2292 5229 2536 5299 quinque
2580 5229 2998 5286 dissertationes
3029 5230 3281 5288 Garnerii
3315 5232 3469 5303 prelo
3508 5249 3663 5289 nunc

387 5325 588 5379 iterum
621 5319 1015 5391 subjiciendas,
1054 5322 1441 5392 complectitur.
1469 5321 1765 5378 Historiam
1798 5325 2154 5391 Theodoreti,
2187 5324 2361 5380 multo
2393 5323 2617 5394 quidem
2671 5339 2796 5380 cum
2844 5324 3050 5390 studio,
3085 5324 3182 5381 sed
3215 5334 3327 5380 tam
3369 5325 3558 5396 iniquo
3601 5327 3663 5381 in

383 5419 565 5474 virum
596 5417 802 5474 bonum
821 5416 1004 5471 animo
1026 5419 1408 5489 compositam,
1444 5427 1505 5474 ut
1534 5421 1654 5490 ejus
1683 5420 1980 5476 Historiam
2015 5436 2124 5475 non
2145 5435 2404 5475 enarrare
2434 5427 2490 5474 et
2517 5435 2617 5489 pro
2653 5418 2730 5474 rei
2766 5419 3034 5491 dignitate
3061 5435 3355 5486 exornare,
3397 5421 3494 5475 sed
3510 5420 3675 5476 male

384 5513 452 5567 ad
473 5517 724 5583 posteros
744 5511 1150 5578 commndare,
1190 5513 1436 5583 atrisque
1460 5514 1739 5568 coloribus
1763 5515 1988 5585 pingere
2021 5514 2264 5568 voluisse
2289 5512 2564 5568 videatur.
2601 5510 2734 5579 Quae
2767 5513 2992 5584 quidem
3014 5512 3268 5569 Garnerii
3303 5512 3662 5569 immodestia

384 5619 494 5659 non
516 5603 695 5674 potuit
722 5603 916 5674 peritis
937 5613 994 5660 et
1022 5607 1195 5676 aequis
1213 5607 1410 5662 harum
1441 5623 1624 5661 rerum
1654 5608 1876 5663 arbitris
1899 5607 2141 5677 placere.
2161 5606 2461 5663 Multorum
2489 5607 2674 5678 itaque
2694 5609 2871 5680 justas
2896 5607 3132 5665 incurrit
3157 5606 3670 5678 reprehensiones,-

385 5697 458 5752 de
481 5696 685 5768 quibus
707 5697 818 5770 jam
847 5697 1094 5756 alio-loco
1125 5715 1211 5753 me
1252 5700 1433 5756 dicere
1485 5703 1724 5758 memini.
