3954 6294
201 322 267 385 83
1381 331 1749 393 HISTORIA
1788 330 2308 391 THEODORETI.
3386 333 3451 394 90

975 684 1657 800 HISTORIA
1758 685 2683 802 THEODORETI

1443 913 1581 974 CYB
1594 912 1808 973 ENSIS
1846 914 2208 974 EPISCOPI.

799 1192 1181 1250 PREFATIO.

263 1283 304 1339 l.
326 1282 567 1338 Historia
591 1283 920 1340 Theodoreti
957 1287 1088 1340 mihi
1103 1285 1318 1341 videtur
1340 1302 1448 1342 non
1479 1287 1770 1344 admodum

195 1375 474 1430 dissimilis
497 1375 909 1430 narrationibus
944 1376 1052 1431 illis
1087 1377 1451 1445 theatrorum,
1487 1394 1608 1449 quae
1637 1395 1766 1448 per-

193 1464 369 1535 plexis
431 1481 663 1520 casuum
731 1466 1298 1534 commutationibus,
1365 1469 1768 1539 insperatisque

191 1556 502 1622 eventibus,
559 1571 669 1611 non
713 1565 924 1611 tantum
964 1556 1391 1613 admirabundos
1440 1561 1768 1630 populorum

2813 997 2829 1005 ί
2905 1007 2941 1030 σν

1807 1071 1875 1084 —

1801 1195 1847 1251 Α
1875 1192 2206 1264 impotenter
2254 1192 2614 1264 impugnavit,
2663 1192 2929 1262 synodum
2983 1192 3151 1248 totius
3194 1192 3452 1249 Ecclesia:

1875 1285 2134 1350 traduxit,
2154 1284 2304 1339 velut
2335 1285 2588 1340 factionis
2614 1285 2898 1355 cujusdam
2931 1289 3168 1350 potentis
3207 1288 3449 1356 tyranni-

1874 1371 2018 1436 dem,
2042 1389 2231 1442 pacem
2254 1373 2532 1438 Ecclesiae,
2561 1389 2725 1442 quam
2752 1373 3016 1427 voluisset
3040 1374 3157 1427 suis
3179 1375 3448 1428 conditio-

1873 1463 2036 1518 nibus
2059 1464 2197 1528 ﬂeri,
2228 1463 2296 1518 ab
2325 1463 2450 1518 aliis
2477 1463 2672 1518 factam
2701 1463 3068 1519 calumniatus
3101 1473 3204 1529 est,
3240 1473 3292 1519 et
3327 1476 3452 1535 post

1871 1554 2108 1608 alternas
2151 1553 2508 1623 depositionis
2536 1554 3012 1623 restitutionisque
3057 1555 3227 1619 vices,
3266 1553 3320 1608 in
3359 1572 3449 1609 re-

191 1644 406 1700 animos
455 1645 821 1715 suspendunt,
855 1645 951 1700 sed
998 1646 1164 1700 etiam
1199 1646 1532 1716 prudentum
1577 1664 1771 1720 exspe-
1868 1655 2017 1701 moto
2041 1647 2108 1701 ab
2129 1647 2446 1701 hominibus
2487 1662 2706 1702 secessu
2733 1648 2905 1701 latere
2933 1656 3156 1703 coactus
3193 1659 3309 1703 est:
3344 1649 3448 1702 du-

189 1737 488 1791 ctationem
530 1753 672 1807 szepe
719 1737 935 1802 fallunt,
968 1737 1176 1809 judicia
1213 1747 1359 1794 certe
1386 1755 1602 1809 semper
1637 1757 1766 1796 con-

187 1829 388 1883 trarias
420 1829 477 1884 in
506 1837 690 1899 partes
710 1829 1044 1884 distrahunt.

257 1919 326 1972 ll.
367 1919 491 1974 Vita
538 1920 686 1974 enim
727 1921 963 1976 celebris
1007 1923 1172 1993 hujus
1215 1923 1471 1997 Cyrensis
1517 1928 1759 1998 episcopi

183 2008 323 2063 lastis
366 2008 538 2063 initiis
573 2024 794 2075 exorsa,
840 2026 940 2080 per
972 2012 1154 2066 varios
1197 2013 1327 2068 licet
1367 2030 1530 2070 casus
1568 2017 1760 2071 multi-

184 2098 468 2168 plicesque
505 2113 687 2153 rerum
715 2101 1102 2155 conversiones
1134 2111 1254 2157 acta
1288 2103 1378 2166 sit,
1424 2113 1637 2173 poterat
1679 2114 1762 2160 ta-

183 2205 308 2245 men
349 2190 504 2244 credi
557 2191 849 2262 aliquando
901 2191 1137 2249 finienda
1183 2195 1336 2250 exitu
1378 2195 1552 2250 initiis
1601 2196 1758 2266 pari;

179 2281 288 2337 nisi
328 2297 500 2347 mors,
535 2297 658 2352 qua:
707 2283 844 2338 solet
880 2284 1003 2338 aliis
1036 2299 1156 2339 esse
1193 2287 1372 2355 quies,
1415 2284 1762 2342 Theodoreto

180 2381 435 2429 motuum
475 2388 640 2429 causa
686 2375 1008 2430 exstitisset.
1043 2376 1178 2430 Nam
1211 2393 1336 2432 cum
1371 2377 1668 2432 Ecclesiam
1705 2377 1759 2432 in

178 2465 409 2519 Oriente
443 2465 658 2529 vivens,
705 2472 800 2519 aut
843 2465 1072 2521 consilio
1123 2475 1217 2521 aut
1255 2466 1599 2538 imprudens,
1639 2477 1758 2522 tur-

179 2557 401 2611 basset:
451 2557 701 2611 eamdem
752 2557 956 2627 ubique
1013 2567 1304 2623 terrarum,
1356 2575 1457 2614 suo
1509 2560 1749 2626 nomine,

177 2656 474 2718 postquam
521 2647 817 2703 defunctus
849 2656 952 2713 est,
982 2647 1038 2702 in
1075 2656 1261 2718 partes
1308 2648 1530 2716 divisit;
1580 2666 1752 2720 eaque

176 2737 411 2802 exstitit,
444 2736 607 2792 unius
631 2736 745 2793 fere
766 2737 1008 2792 hominis
1036 2737 1106 2793 ob
1137 2754 1376 2804 causam,
1415 2740 1583 2796 totius
1605 2742 1756 2797 orbis

175 2827 481 2884 Christiani
539 2829 758 2895 divisio,
802 2839 866 2885 ut
913 2829 1149 2884 necdum
1185 2840 1310 2900 post
1359 2839 1439 2886 tot
1486 2847 1756 2888 annorum

177 2921 456 2975 curricula
499 2921 618 2975 tolli
657 2921 920 2991 potuerit.
969 2919 1251 2991 Siquidem
1291 2921 1414 2976 aliis
1455 2923 1756 2979 etiamnum

177 3013 232 3067 in
257 3011 486 3066 Oriente
502 3011 757 3082 gentibus
779 3011 1186 3067 Theodoretum
1202 3012 1350 3068 velut
1366 3013 1591 3083 impium
1604 3031 1759 3071 exse:

177 3101 674 3173 crantihus,134
700 3084 1006 3157 aliis‘velut
1041 3101 1302 3158 eximium
1346 3103 1475 3157 fidei
1520 3112 1756 3160 tutorem

178 3193 516 3258 colentibus,
582 3208 765 3264 pugna
815 3191 1063 3249 nondum
1133 3186 1514 3266 dissensioque
1569 3195 1758 3252 sedata

177 3293 284 3340 est.

267 3377 358 3431 III.
402 3377 554 3432 Hanc
591 3391 723 3449 ergo
769 3393 955 3432 rerum
993 3377 1191 3433 faciem
1236 3379 1553 3451 variamque
1602 3383 1758 3452 quasi

177 3467 455 3523 fortunam
483 3468 614 3524 dum
643 3471 906 3525 attentius
949 3471 1260 3539 considero,
1309 3473 1555 3529 adducor
1597 3474 1758 3530 facile

179 3566 240 3611 ut
287 3557 530 3624 credam,
561 3558 767 3613 factum
820 3574 940 3614 esse
984 3559 1236 3615 Numinis
1289 3563 1634 3632 providentia
1700 3564 1755 3618 in

177 3648 533 3704 Theodoreto
554 3650 886 3720 exemplum,
910 3649 1056 3704 unde
1079 3651 1286 3705 scirent
1315 3653 1588 3719 homines,
1621 3653 1756 3723 quid

177 3739 447 3794 malorum
500 3739 703 3805 facere,
733 3739 936 3810 quidve
991 3741 1105 3810 pati
1155 3743 1329 3811 possit
1378 3744 1554 3800 virtus
1615 3745 1752 3816 ipsa,

175 3847 323 3896 cum,
355 3832 536 3902 specie
559 3831 1083 3902 pietatisilludente,
1110 3832 1491 3904 imprudenter
1511 3837 1754 3892 adhaeret
1781 3872 1824 3930 C

175 3923 429 3992 partibus
460 3923 517 3976 in
544 3922 842 3977 Ecclesiam
868 3938 1112 3993 pugnare
1139 3924 1306 3980 ausis.

244 4014 333 4068 IV.
366 4013 436 4067 Et
471 4020 620 4069 certe
644 4012 734 4066 vix
769 4012 1068 4084 quidquam
1121 4015 1366 4070 sanctius
1404 4015 1754 4074 Theodoreto

175 4105 420 4175 reperire
468 4113 573 4170 est,
611 4105 728 4159 sive
759 4112 915 4159 ortus
947 4112 1248 4174 spectetur,
1281 4105 1375 4176 qui
1407 4108 1755 4180 prodigiosus

175 4191 484 4258 miraculis;
519 4193 634 4248 sive
655 4192 931 4248 institutio
963 4193 1106 4259 vitae,
1130 4194 1182 4248 in
1199 4196 1323 4250 sinu
1345 4196 1756 4271 thaumaturgo—

175 4299 331 4350 rum;
354 4284 470 4339 sive
501 4283 789 4352 professio,
818 4301 926 4356 qua
955 4285 1144 4341 elfusis
1169 4286 1222 4341 in
1251 4303 1518 4359 pauperes
1537 4291 1752 4360 opibus,

173 4385 333 4442 egere
370 4373 581 4439 voluit;
645 4375 761 4435 sive
793 4374 1039 4428 studium
1068 4375 1397 4444 litterarum,
1428 4395 1536 4448 quo
1567 4396 1756 4436 omnes

173 4464 612 4533 comprehendit,
661 4480 846 4520 sacras
897 4466 1610 4538 admirabiliterintellexit;
1640 4475 1756 4531 sive

173 4552 301 4607 tidei
341 4554 513 4619 zelus,
565 4555 732 4610 etiam
767 4557 1047 4624 sanguinis
1073 4557 1367 4629 prodigus;
1391 4562 1506 4617 sive
1534 4565 1753 4620 tandem

173 4643 483 4700 innocentia
498 4662 732 4714 morum,
746 4663 853 4718 qua
869 4647 1069 4703 factum
1086 4659 1191 4714 est,
1209 4659 1315 4704 uta
1332 4651 1447 4707 suis
1459 4653 1753 4710 incredibi-

173 4736 300 4790 liter
321 4745 619 4804 amaretur,
651 4739 720 4793 ab
756 4740 1105 4805 adversariis,
1142 4750 1630 4816 quantumcunque
1666 4747 1753 4801 in-

181 4827 353 4884 fensis
381 4837 440 4884 et
469 4830 722 4895 curiosis,
777 4831 914 4886 nihil
966 4833 1369 4891 criminationis
1418 4836 1490 4892 sit
1537 4853 1750 4907 passus,

170 4919 320 4988 quod
350 4920 717 4990 integritatem
738 4923 864 4977 vita:
891 4923 1169 4979 attineret.

188 5007 198 5016 ’
243 5009 306 5064 ν.
332 5009 428 5064 Vir
463 5020 642 5066 tamen
669 5020 853 5067 tantus
884 5013 1011 5069 inde
1050 5014 1245 5072 illusus
1273 5025 1378 5082 est,
1401 5017 1545 5073 unde
1571 5022 1752 5092 magni

169 5101 370 5166 solent,
400 5102 485 5155 sui
539 5118 654 5172 pra
696 5103 821 5157 aliis
848 5104 1229 5172 aestimatione,
1269 5108 1508 5178 partium
1546 5111 1750 5177 studio,

1869 1738 2018 1793 bium
2043 1755 2110 1792 an
2142 1740 2498 1809 ptenitentize,
2528 1755 2596 1792 an
2622 1739 2843 1793 ruboris
2871 1755 3054 1793 causa.

1940 1829 2028 1884 Vl.
2054 1830 2186 1884 Tam
2230 1831 2434 1884 variam
2478 1839 2696 1899 tamque
2738 1831 3094 1899 multiplicem
3149 1832 3313 1884 vitam
3355 1831 3450 1884 de-

1865 1921 2191 1992 pingendam
2229 1922 2489 1992 suscipio,
2520 1937 2622 1976 nec
2656 1931 2840 1976 tamen
2867 1922 3053 1991 petitis
3090 1923 3308 1975 aliunde
3337 1922 3449 1976 fere

1865 2013 2164 2077 coloribus,
2191 2027 2354 2082 quam
2380 2013 2522 2067 unde
2551 2012 2748 2067 leviter
2772 2013 3070 2068 delineavit
3101 2012 3445 2076 Sirmondus,

1863 2119 1931 2157 ex
1959 2103 2293 2158 Theodoreti
2329 2103 2507 2158 libris.
2541 2104 2675 2158 Nam
2718 2120 2829 2173 quo
2876 2112 3126 2173 tempore
3169 2112 3328 2157 natus
3353 2104 3444 2168 sit,

1863 2211 1969 2266 qua
1996 2196 2052 2249 in
2075 2194 2316 2250 Orientis
2347 2205 2525 2265 parte,
2552 2196 2756 2264 quibus
2803 2211 2870 2250 ex
2920 2195 3242 2264 parentibus
3281 2210 3444 2264 quam

1862 2287 2028 2340 vitam
2057 2301 2167 2341 non
2185 2286 2360 2341 solum
2387 2297 2512 2341 ante
2537 2286 2912 2355 episcopatum
2941 2285 3133 2354 egerit,
3164 2284 3259 2338 sed
3281 2285 3445 2337 etiam.

1861 2387 1985 2432 ante
2043 2378 2313 2449 synodum
2364 2378 2716 2446 Ephesinam,
2773 2385 2972 2446 printer
3042 2376 3218 2444 ipsum
3282 2392 3447 2430 nemo

1858 2467 1999 2521 alius
2024 2465 2310 2520 meminit:
2341 2481 2443 2520 nec
2463 2465 2578 2536 ipse
2607 2473 2788 2519 tamen
2813 2465 3026 2534 uspiam
3055 2465 3121 2518 de
3150 2465 3442 2530 industria,

1860 2555 1955 2610 sed
1992 2557 2280 2611 occasione
2320 2557 2604 2621 duntaxat,
2653 2573 2777 2611 cum
2822 2557 3038 2612 duobus
3069 2557 3124 2610 in
3161 2559 3442 2626 Operibus,

1858 2645 2127 2700 Philotheo
2165 2655 2220 2703 et
2249 2646 2520 2718 Epistolis,
2549 2648 2697 2702 aliud
2729 2656 2936 2717 ageret.

1925 2737 2038 2791 VII.
2064 2739 2333 2804 Quoniam
2358 2755 2489 2794 vero
2527 2755 2638 2794 non
2668 2739 3071 2793 exactissimam
3106 2738 3171 2793 ad
3199 2740 3441 2794 severio-

1860 2844 1949 2883 res
1973 2830 2121 2901 legcs
2158 2831 2444 2887 historiam
2493 2833 2737 2886 scribere
2764 2833 2778 2850 ⁶
2813 2831 3124 2901 aggredior,
3151 2839 3442 2884 auctorum

1857 2917 2041 2970 verbis
2069 2919 2285 2987 quoties
2307 2919 2592 2973 commode
2636 2920 2691 2972 in
2723 2920 2990 2974 Orationis
3028 2920 3226 2973 seriem
3259 2921 3442 2974 induci

1857 3014 2136 3077 poterunt,
2161 3010 2426 3064 utendum
2451 3011 2653 3079 potius,
2693 3026 2858 3079 quam
2893 3012 3030 3063 meis
3067 3011 3275 3079 putavi.
3302 3011 3440 3064 Cum

1855 3098 2002 3152 enim
2035 3099 2150 3153 suis
2182 3100 2414 3170 quisque
2441 3101 2626 3154 verbis
2654 3103 3028 3155 testimonium
3052 3102 3214 3165 dicet,
3247 3111 3302 3156 et
3331 3121 3444 3157 ma-

1850 3189 1938 3260 jor
1962 3189 2055 3244 fiet
2085 3192 2376 3245 assertioni
2402 3191 2559 3258 fides,
2599 3200 2656 3247 et
2689 3209 2847 3248 suum
2870 3195 3044 3249 lector
3083 3195 3312 3252 faciliori
3343 3215 3441 3253 uc-

1855 3281 2000 3350 gotio
2021 3282 2287 3353 judicium
2319 3281 2477 3338 feret.

2253 3389 2410 3460 135
2456 3389 2682 3448 CAPUT
2735 3393 3023 3452 PRIMUM.

1854 3479 1895 3535 I.
1932 3479 2045 3544 Quo
2075 3489 2304 3550 tempore
2347 3491 2502 3535 natus
2545 3483 2911 3540 Theodoretus.
2939 3486 3002 3540 II.
3041 3485 3154 3550 Quo
3191 3486 3439 3542 Ecclesia:

1923 3549 2196 3621 orientalis
2230 3558 2398 3621 statu.
2440 3553 2530 3606 lll.
2567 3551 2686 3616 Qua
2734 3555 2790 3608 in
2836 3555 2980 3608 urbe.
3031 3549 3117 3610 IV.
3155 3555 3347 3621 Quibus
3378 3573 3442 3612 ea:

1925 3620 2252 3695 parentibus.
2366 3619 2602 3695 Quorum
2617 3632 2921 3695 sanctorum
2946 3619 3200 3695 precibus.
3224 3627 3311 3680 VI.
3339 3626 3441 3680 Per

1925 3706 2042 3759 qua:
2058 3689 2340 3766 miracula:
2369 3692 2479 3746 Vll.
2511 3691 2654 3766 Unde
2677 3710 2865 3747 nomen
2888 3689 3106 3766 accepit.
3134 3696 3266 3751 V'lll.
3293 3695 3436 3761 Quo-

1929 3776 2046 3814 rum
2077 3761 2132 3814 in
2157 3759 2433 3830 complexu
2463 3765 2644 3816 crevit.

2256 3852 2332 3903 Ab
2357 3866 2485 3902 anno
2511 3852 2691 3904 Christi
2715 3852 2808 3902 386
2830 3855 2888 3903 ad
2916 3854 3024 3904 595.

1928 3956 1969 4009 Ι.
2002 3955 2120 4022 Quo
2160 3966 2409 4027 tempore
2447 3967 2610 4014 natus
2639 3958 3130 4024 sitTheodoretus,
3172 3976 3278 4016 nec
3322 3961 3437 4032 ipse

1859 4046 2026 4102 tradit
2051 4049 2264 4118 uspiam
2287 4066 2568 4120 expresse,
2601 4066 2705 4105 nec
2724 4051 2870 4104 ullus
2894 4051 3036 4104 alius
3059 4052 3388 4119 scriptorum
3418 4071 3432 4106 :

1857 4137 2028 4194 series
2061 4149 2246 4195 tamen
2265 4141 2412 4207 vitae,
2449 4156 2558 4195 non
2585 4157 2694 4196 una
2715 4141 2801 4195 sui
2826 4151 3000 4211 parte,
3038 4143 3302 4210 temporis
3332 4159 3433 4198 no-

1856 4235 1940 4283 tas
1959 4229 2124 4283 habet
2155 4231 2194 4284 '.
2237 4230 2391 4285 Unde
2422 4231 2467 4285 si
2491 4231 2616 4300 quis
2641 4231 2824 4284 animo
2857 4231 3102 4284 remetiri
3136 4233 3268 4286 velit
3295 4249 3434 4302 prae-

1856 4315 2073 4370 teritam
2113 4326 2350 4382 aetatem,
2388 4318 2548 4373 facile
2582 4319 2827 4374 inveniet
2891 4320 3223 4377 Theodoreti
3250 4333 3432 4379 ortum

1857 4407 2114 4463 incidisse
2148 4409 2203 4463 in
2231 4411 2577 4465 consulatum
2601 4409 2831 4465 Honorii
2865 4411 3098 4469 Cazsaris
3127 4425 3184 4469 et
3215 4416 3428 4483 Evodii,

1855 4501 1949 4571 qui
1987 4516 2165 4556 annus
2209 4501 2315 4555 fuit
2346 4500 2553 4556 Christi
2603 4502 3027 4558 trecentesimus
3063 4506 3432 4576 octogesimus

1855 4598 2063 4654 sextus,
2090 4589 2270 4645 Siricii
2294 4591 2490 4646 summi
2519 4591 2797 4662 pontificis
2821 4594 3117 4662 secundus,
3138 4596 3431 4654 Theodosii

1855 4678 2033 4749 Magni
2063 4679 2412 4750 imperatoris
2442 4689 2689 4737 octavus.

1925 4769 1990 4823 ll.
2032 4769 2108 4823 Ea
2149 4769 2267 4824 fere
2317 4777 2660 4839 tempestate,
2705 4788 2827 4842 quae
2876 4785 3134 4844 quartum
3171 4775 3433 4831 saeculum

1855 4877 1979 4916 cum
1998 4861 2192 4932 quinto
2215 4864 2491 4929 nectebat,
2509 4863 2754 4920 Orientis
2776 4867 3020 4923 Ecclesia
3049 4884 3114 4924 eo
3135 4878 3280 4924 statu
3306 4870 3430 4936 fuit,

1855 4969 1967 5024 quo
1997 4969 2191 5025 magna
2232 4962 2446 5024 poterat
2473 4963 2530 5009 et
2556 4955 2749 5013 timere
2782 4966 2839 5012 et
2869 4975 3090 5029 sperare
3118 4979 3131 5015 :
3163 4977 3284 5016 nam
3309 4977 3434 5030 par-

1857 5045 2207 5100 turiebantur
2233 5046 2471 5102 haareses
2494 5047 2600 5102 illae
2629 5056 2744 5104 tres
2770 5049 3012 5116 famosas,
3033 5068 3154 5121 quae
3177 5069 3207 5106 a
3233 5052 3432 5107 Nesto-

1855 5135 1940 5191 rio
1966 5135 2296 5207 Pelagioque
2325 5152 2389 5192 ac
2418 5137 2666 5208 Eutyche
2696 5154 2899 5194 nomen
2920 5149 3254 5210 acceperunt
3286 5157 3302 5195 :
3333 5143 3429 5197 sed

169 5194 581 5301 amore-gloriae.
619 5193 710 5301 liis
730 5196 910 5301 causis
941 5195 1218 5301 abductus
1241 5213 1288 5301 an
1302 5209 1472 5301 re-cto,
1505 5202 1751 5301 Pertina'
1784 5205 1828 5261 D
1853 5228 2018 5284 simul
2069 5193 2352 5299 fulgebant
2391 5193 2650 5286 Ecclesiae
2712 5239 2793 5285 tot
2849 5193 3155 5287 clarissima
3200 5233 3428 5301 lumina,

171 5291 308 5342 c'tter
352 5287 612 5344 haeretica
641 5287 798 5356 favit,
839 5290 1216 5348 sanctissimos
1257 5291 1383 5348 fidei
1431 5293 1749 5354 defensores

1850 5325 1987 5388 quot
2012 5317 2177 5373 simul
2199 5317 2476 5374 exstitisse
2502 5318 2752 5388 prodigio
2780 5318 2958 5374 simile
2991 5325 3094 5374 est.

1507 5466 1819 5526 SCHULZII
1848 5469 2076 5527 ΝΟΤᾸΞ.

172 5551 754 5638 ..Δίριιθῃαῌηοηάιςηη
789 5565 915 5612 eaet.
945 5557 1288 5638 Compositas
1326 5561 1760 5638 nuiicndixerim
1820 5564 2064 5622 funestas
2095 5566 2218 5623 illas
2245 5567 2389 5623 lites.
2422 5565 2897 5638 IpseiGarncrius,
2926 5569 3018 5638 qui
3057 5569 3196 5624 hanc
3233 5569 3433 5624 tibiam

172 5626 363 5709 iterum
397 5626 592 5708 inﬂare
625 5627 776 5709 visus
802 5638 906 5709 est.
947 5629 1054 5684 fine
1081 5626 1192 5684 suo
1219 5631 1444 5709 excidit.
1479 5630 1802 5702 Suspiciunt
1848 5652 1995 5709 nunc
2039 5626 2482 5709 veneranturque
2513 5636 2846 5709 Theodoreti
2885 5626 3150 5709 inicgram
3185 5649 3434 5695 mentem?

167 5700 226 5775 et
265 5697 453 5775 eximia
480 5697 724 5775 _merita,
761 5701 1372 5775 quotquotnsunt“digni
1404 5697 1603 5775 baruni
1629 5719 1810 5762 rerum
1859 5707 2234 5775 aestimatores,
2275 5697 2472 5764 sivc'in
2502 5706 2726 5762 Oriente
2769 5707 2974 5774 vivant,
3164 5710 3218 5765 in
3257 5709 3436 5766 Orci»-

174 5761 346 5820 ὔδωρ.
424 5768 442 5798 ²
480 5768 664 5838 Temp.
702 5761 806 5822 not.
848 5761 965 5822 Imb.
1008 5769 1126 5823 Vid.
1165 5761 1311 5825 diss:
1342 5771 1394 5837 Si,
1432 5787 1547 5840 cap.
1591 5773 1636 5826 Ι.
