3954 6294
528 318 593 386 91
1644 321 2029 383 GABN-ERII
2070 320 2573 382 DISSEBTATIO
2615 322 2664 381 Ι.
2794 310 2813 321 “
3704 307 3767 370 99

597 434 791 489 Tantis
831 435 954 490 ﬁdei
1008 410 1293 505 magistris
1331 436 1677 505 providentia
1718 436 1971 491 Numinis
2010 433 2112 487 ad-
2143 434 2185 489 A
2212 433 2538 503 alloquens:
2570 432 2665 486 Dic
2707 433 2854 496 mihi,
2899 427 3099 498 inquit,
3131 425 3249 509 ﬁlia
3286 424 3427 495 (ipsa
3462 418 3610 475 enim
3659 418 3767 487 ejus

524 526 708 597 junxit
757 527 906 580 velut
955 528 1253 581 auxiliares
1292 527 1614 584 innumeros
1655 529 1954 584 monachos
1989 529 2103 584 vita

526 617 920 678 sanctissimos,
959 617 1049 686 qui
1074 616 1395 674 doctoribus
1410 620 1777 675 conciliabant
1801 621 1983 685 ﬁdem,
2022 628 2102 675 tot

526 706 805 772 tantisque
851 703 1080 772 patratis
1121 705 1418 767 miraculis,
1461 715 1523 760 ut
1562 706 1778 776 impleri
1818 707 2102 761 videretur

526 800 659 847 tunc
692 793 926 845 maxime
966 791 1289 847 vaticinium
1317 794 1521 848 Christi
1559 795 1627 849 de
1665 796 1929 864 operibus
1962 794 2092 852 ﬁde-

522 881 658 935 lium
687 897 786 934 sua
817 884 1181 950 superaturis.

591 972 971 1026 Constitutum
1008 973 1187 1028 fuerat
1220 975 1441 1042 quidem
1468 977 1809 1032 inconcussa:
1834 976 1958 1032 ﬁdei
1994 992 2095 1032 no-

522 1070 646 1115 stra!
666 1061 1102 1126 fundamentum,
1128 1064 1367 1119 Trinitas
1390 1066 1700 1120 divinarum
1718 1082 2093 1135 personarum.

518 1151 653 1205 Nam
685 1152 918 1206 concilia
943 1153 1053 1206 duo
1079 1156 1437 1219 (ecumcnica,
1458 1156 1736 1211 Nicaenum
1754 1170 1810 1212 et
1831 1158 2098 1213 Constan-

520 1241 965 1310 tinopolitanum,
999 1245 1348 1299 sauciverant
1386 1246 1728 1302 divinitatem
1764 1249 1925 1303 Verbi
1967 1265 2094 1303 san-

519 1334 704 1402 ctique
754 1333 1037 1403 Spiritus:
1074 1335 1171 1390 sed
1225 1337 1413 1406 plures
1467 1347 1647 1392 tamen
1688 1339 1933 1393 nondum
1976 1340 2092 1394 Arii

517 1422 930 1493 Macedoniique
970 1425 1204 1480 haeresin
1231 1427 1642 1497 deposuerant;
1674 1431 1789 1484 imo
1837 1446 1965 1485 suas
1989 1430 2091 1484 ad—

516 1513 628 1569 huc
654 1515 895 1571 haeretici
922 1517 978 1570 in
1010 1518 1312 1589 majoribus
1340 1520 1678 1587 civitatibus,
1709 1521 1934 1591 ipsaque
1957 1520 2091 1576 urbe

514 1605 664 1675 regia
694 1605 1187 1678 Constantinopoli,
1220 1626 1450 1680 synaxes
1472 1612 1729 1682 agebant.

583 1697 725 1764 Quin
759 1701 926 1755 etiam
969 1703 1237 1758 catholica
1266 1705 1511 1760 Ecclesia
1543 1707 1822 1762 intestinis
1844 1707 2089 1763 dissidiis

2202 524 2369 579 verba
2411 523 2711 594 proferam,
2746 530 2803 577 et
2835 527 3035 576 sanctae
3078 508 3224 571 illius
3263 514 3466 583 linguae
3494 508 3765 565 aiiocutio—

2201 631 2327 670 nem
2348 631 2459 669 non
2483 611 2836 681 immutabo),
2865 612 2910 665 si
2936 609 3049 681 quis
3083 609 3249 679 pictor
3279 605 3410 659 artis
3433 617 3542 656 sua:
3573 601 3765 668 peritis-

2199 709 2361 761 simus
2407 707 2691 776 imaginem
2729 703 2965 775 aliquam
3010 717 3073 754 ea:
3116 699 3246 752 artis
3291 695 3485 765 legibus
3531 697 3765 745 accurate

2200 797 2469 868 deptngat,
2503 805 2550 848 et
2580 795 2717 848 hanc
2746 794 2918 846 videre
2950 789 3241 843 volentibus
3274 783 3618 856 spectandam
3647 795 3761 850 pro-

2197 898 2381 960 ponat,
2400 888 2681 956 teniatque
2714 883 2855 939 alius
2885 882 3148 954 quispiam
3174 881 3228 932 in
3259 884 3375 931 arte
3411 876 3577 935 rudis,
3610 872 3676 925 ad
3705 871 3764 924 li-

2199 978 2424 1031 bidinem
2453 993 2513 1029 ea
2542 974 2766 1045 ﬁngens,
2792 988 2909 1043 qua:
2939 973 3153 1042 pingere
3182 966 3402 1022 voluerit
3424 982 3443 1031 ;
3464 962 3646 1017 deinde
3679 977 3762 1014 ar-

2199 1063 2476 1132 tiﬁciosam
2500 1062 2651 1117 illam
2676 1063 2939 1132 picturam
2969 1056 3371 1127 reprehendens,
3398 1048 3688 1122 superciliis
3715 1055 3761 1100 et

2197 1156 2330 1210 ciliis
2363 1155 2529 1208 lineas
2558 1152 2720 1207 addat
2756 1150 3015 1220 longiores
3043 1190 3057 1211 ,
3092 1155 3141 1200 et
3177 1145 3536 1200 candidiorem
3564 1139 3760 1193 vultum

2197 1245 2402 1309 reddat,
2425 1253 2472 1297 et
2507 1243 2722 1297 rubrum
2739 1242 2882 1313 genis
2913 1237 3138 1292 colorem
3163 1235 3377 1288 inducat
3402 1249 3418 1287 :
3440 1249 3508 1285 an
3542 1231 3760 1301 priorem

2194 1338 2443 1408 pictorem
2475 1343 2626 1405 putas
2656 1349 2760 1387 non
2783 1344 3172 1390 succensurum,
3200 1337 3455 1396 tanquam
3479 1322 3584 1375 arti
3612 1324 3631 1341 '
3655 1335 3761 1374 sua

2189 1427 2342 1497 gravi
2370 1426 2513 1497 facta
2542 1424 2765 1495 injuria,
2795 1430 2844 1476 et
2872 1418 3263 1481 additamentis,
3294 1414 3476 1487 quibus
3507 1429 3633 1482 opus
3660 1428 3759 1465 non

2192 1524 2328 1582 erat,
2361 1517 2423 1571 ab
2452 1515 2660 1570 indocta
2693 1530 2854 1568 manu
2883 1508 3183 1582 impositis?
3212 1508 3377 1578 Ergo,
3410 1505 3609 1574 inquit,
3638 1520 3758 1557 con-

2191 1609 2411 1662 ditorem
2445 1622 2648 1678 quoque
2676 1604 2938 1668 omnium,
2985 1609 3293 1670 naturceque
3322 1608 3513 1651 nostra:
3541 1596 3758 1668 ﬁgulum

2191 1706 2240 1750 et
2268 1698 2537 1768 pictorem,
2568 1695 2752 1748 merito
2772 1691 3040 1761 indignari
3063 1688 3273 1753 credite,
3296 1687 3433 1758 quod
3452 1687 3757 1740 immensam

512 1790 819 1849 laborabat.
849 1796 983 1850 Nam
1021 1804 1081 1850 ut
1112 1798 1179 1853 de
1203 1799 1327 1854 aliis
1353 1799 1488 1854 locis
1518 1810 1755 1865 taceant,
1790 1804 2074 1858 tumultua-

2191 1766 2342 1844 illam
2372 1787 2689 1858 sapientiam
2717 1784 2993 1854 imperitia:
3020 1782 3262 1851 arguitis.
3294 1778 3471 1850 Neque
3499 1779 3636 1832 enim
3667 1794 3758 1829 ru—

510 1881 718 1936 bantur
751 1885 856 1938 viri
887 1902 1109 1956 quoque
1151 1889 1486 1943 sanctissimi
1527 1889 1919 1963 Hierosolymis
1957 1909 2087 1963 pro-

509 1978 634 2039 pter
681 1971 995 2043 Origenem,
1044 1992 1207 2046 quem
1265 1977 1356 2031 alii
1404 1979 1781 2049 suspiciebant
1831 1990 2088 2052 tanquam

507 2057 767 2114 Ecclesia:
794 2063 1135 2133 magistrum,
1157 2066 1247 2120 alii
1272 2068 1704 2123 exsecrabantur
1736 2070 1888 2125 velut
1911 2072 2086 2126 haere—

507 2162 629 2201 sum
661 2150 887 2222 hydram
918 2161 974 2207 et
1006 2155 1158 2210 orbis
1182 2165 1414 2224 pestem.

576 2236 811 2305 lpsamet
832 2240 1122 2296 Antiochia
1154 2242 1394 2298 Orientis
1412 2255 1578 2315 caput
1612 2246 1752 2302 duos
1783 2247 1840 2302 in
1867 2249 2085 2318 episco-

506 2338 606 2392 pos
629 2327 988 2391 orthodoxos,
1017 2330 1295 2385 Meletium
1324 2340 1380 2385 et
1402 2334 1711 2399 Paulinum,
1736 2336 2081 2393 distraheba-

506 2422 619 2479 tur,
660 2426 717 2470 ct
748 2426 899 2472 tanto
927 2420 1149 2488 quidem
1174 2422 1254 2475 rei
1277 2422 1605 2479 Christiana:
1634 2425 1989 2491 detrimento,
2021 2436 2083 2484 ut

502 2506 927 2577 Chrysostomus
954 2510 1311 2567 Antiochense
1331 2514 1588 2570 Ecclesia:
1608 2517 1764 2572 sidus
1793 2519 2077 2586 eximium,

503 2612 630 2651 cum
675 2599 967 2670 utriusque
1007 2601 1170 2657 ﬁdem
1218 2606 1500 2674 probaret,
1555 2608 1854 2664 triennium
1898 2611 1951 2664 in
1989 2627 2077 2667 se-

502 2706 661 2745 cessu
696 2691 865 2746 latere
894 2694 1151 2759 voluerit,
1184 2708 1366 2754 certus
1402 2709 1660 2755 neutrum
1696 2705 1874 2773 sequi,
1902 2721 2078 2774 quan-

501 2782 599 2836 diu
625 2784 838 2838 socium
880 2785 1131 2843 haberet.
1173 2791 1359 2845 Videri
1406 2795 1587 2862 potuit
1629 2797 1810 2850 saeculi
1848 2797 2079 2868 hujusce

499 2875 693 2945 genius
717 2875 941 2931 licentia
976 2879 1314 2949 dogmatum,
1341 2894 1397 2938 et
1428 2885 1725 2940 factionum
1761 2903 1932 2942 amor.

573 2962 661 3017 ill.
688 2964 827 3019 Dum
849 2965 922 3019 ita
940 2968 1290 3025 scinderetur
1315 2971 1369 3026 in
1394 2980 1578 3042 partes
1594 2974 1908 3044 Antiochia,
1925 2981 2078 3034 venit

2190 1884 2340 1937 beum
2366 1890 2457 1934 aut
2484 1878 2663 1933 album
2691 1884 2739 1931 et
2770 1877 2979 1946 nigrum
3007 1873 3233 1927 colorem
3262 1871 3625 1943 infunderetis,
3659 1871 3758 1924 nisi

2191 1977 2285 2029 hoc
2325 1973 2688 2028 additamenta
2717 1984 2866 2039 egere
2893 1983 2982 2021 vos
3013 1966 3292 2037 putaretis.
3324 1962 3621 2033 Imaginem
3663 1960 3758 2016 Dei

2188 2082 2251 2120 ne
2280 2064 2653 2134 corrumpatis,
2677 2077 2840 2131 neque
2862 2060 3089 2129 adjicere
3119 2057 3375 2112 conemini
3406 2069 3522 2125 quia
3550 2054 3756 2123 sapien-

2187 2166 2264 2211 ter
2294 2172 2398 2210 non
2427 2153 2606 2220 dedit;
2629 2168 2795 2224 neque
2820 2148 3177 2205 adulterinam
3207 2147 3502 2216 excogitetis
3528 2142 3756 2214 pulchri-

2187 2249 2441 2313 tudinem,
2473 2261 2589 2317 que:
2617 2251 2666 2297 et
2696 2243 2911 2315 pudicas
2938 2239 3202 2311 labefecit,
3223 2237 3511 2292 uidentibus
3543 2235 3755 2289 tendens

2183 2340 2424 2394 insidias.
2456 2335 2646 2391 Audiit
2673 2335 2791 2388 haec
2819 2332 3021 2385 femina
3049 2331 3210 2399 longe
3236 2327 3463 2396 optima,
3493 2326 3753 2395 Petrique

2182 2432 2285 2488 reti
2306 2446 2432 2485 mox
2457 2436 2613 2499 capta
2640 2432 2744 2489 est,
2770 2422 3113 2494 pedibusque
3136 2419 3253 2488 ejus
3272 2415 3549 2479 advoluta,
3575 2424 3630 2469 et
3653 2415 3751 2468 oh-

2182 2532 2392 2579 testans
2416 2519 2705 2576 sanitatem
2737 2514 2898 2570 oculo
2924 2509 3143 2566 restitui
3169 2508 3413 2578 rogabat.
3448 2505 3520 2561 At
3543 2506 3633 2561 ille.
3657 2506 3755 2561 ho-

2180 2615 2385 2669 minem
2412 2628 2470 2667 se
2498 2624 2619 2665 esse
2644 2607 2882 2670 dicebat,
2921 2612 3084 2672 atque
3113 2601 3302 2657 eadem
3324 2615 3448 2654 cum
3474 2599 3589 2669 ipsa
3614 2613 3754 2668 prte-

2180 2703 2354 2759 ditum
2395 2710 2592 2755 natura
2631 2715 2644 2750 :
2685 2711 2848 2766 grave
2889 2701 3154 2763 praeterea
3219 2698 3569 2761 peccatorum
3610 2703 3753 2743 onus

2180 2797 2474 2859 sustinere,
2516 2803 2745 2858 eamque
2799 2787 2868 2841 ob
2924 2798 3143 2838 causam
3195 2781 3313 2836 sine
3363 2779 3560 2834 ﬁducia
3605 2773 3749 2849 apud

2178 2889 2350 2943 Deum
2382 2899 2522 2939 esse.
2559 2881 2808 2949 Cumque
2846 2878 3063 2947 lugeret
3101 2883 3274 2928 mater
3313 2872 3468 2943 137
3506 2880 3561 2927 et
3592 2871 3754 2927 obse-

2179 2986 2379 3043 craret,
2417 2991 2520 3030 nec
2544 2973 2860 3027 relicturam
2886 2985 2943 3024 se
2978 2967 3296 3029 allirmarct,
3328 2965 3431 3019 nisi
3457 2963 3750 3017 sanitatem

499 3052 556 3106 in
583 3053 760 3108 lucem
795 3056 987 3111 eadem
1028 3059 1085 3113 in
1130 3061 1268 3116 urbe
1313 3062 1717 3129 Thcodoretus,
1777 3082 1888 3137 quo
1932 3084 2076 3124 anno
2108 3097 2148 3152 ο
2181 3071 2480 3132 obtineret,
2517 3066 2691 3120 Deum
2714 3063 2913 3116 horum
2939 3069 3247 3114 curatorem
3273 3072 3393 3111 esse
3420 3055 3578 3121 dixit,
3602 3070 3749 3109 scm-

497 3145 735 3202 celebris
775 3149 863 3203 ille
899 3150 1157 3217 Joannes,
1183 3153 1295 3222 jam
1324 3168 1433 3208 non
1478 3154 1636 3226 136
1660 3156 1929 3213 insolente
1957 3160 2073 3230 pri-

496 3239 720 3309 vilegio,
748 3249 809 3295 ut
854 3252 1036 3310 antea,
1078 3245 1346 3302 diaconus
1388 3249 1457 3302 ad
1499 3250 1767 3319 populum
1812 3252 2070 3322 dicebat,

497 3329 591 3382 sed
616 3345 715 3384 suo
747 3333 903 3400 quasi
932 3334 1057 3402 jure
1090 3344 1307 3403 poterat
1338 3340 1631 3410 presbyter
1653 3341 1830 3398 factus
1855 3347 2074 3401 concio-

497 3418 661 3474 nibus
682 3421 979 3477 Ecclesium
1006 3424 1223 3480 docere.
1253 3427 1425 3484 Tanta
1448 3446 1579 3485 vero
1600 3434 1682 3487 sui
1709 3435 2072 3495 admiratione

496 3512 806 3580 complebat
833 3516 1162 3583 populorum
1195 3519 1407 3575 animos
1430 3529 1491 3575 ut
1529 3523 1657 3580 inde
1689 3527 2069 3598 Chrysostomi

494 3615 696 3656 nomen
744 3604 995 3673 adeptus,
1048 3616 1172 3676 post
1212 3612 1530 3668 octennium
1565 3615 2067 3692 Constantinopoli-

494 3699 636 3747 tanae
654 3693 912 3751 Ecclesiae
933 3698 1324 3766 przeﬁceretur.

560 3784 647 3838 IV.
675 3785 953 3856 Originem
1006 3790 1160 3844 duxit
1203 3807 1269 3847 cx
1311 3796 1633 3863 parentibus
1676 3802 1957 3859 nobilibus
2003 3821 2069 3862 ac

490 3874 784 3943 opulentis,
818 3877 914 3931 sed
944 3878 1147 3948 pietate
1177 3882 1338 3954 longe
1367 3890 1872 3959 preestantioribus;
1910 3904 1967 3950 et
1998 3896 2066 3952 de

489 3976 661 4022 matre
693 3970 914 4038 quidem
936 3981 1122 4027 narrat
1152 3974 1285 4044 ipse,
1319 3992 1425 4046 qua
1460 3980 1670 4036 ratione
1707 4000 1817 4039 uno
1838 3985 2064 4057 eodem-

487 4073 596 4127 que
616 4060 757 4114 Petri
787 4072 981 4119 aseetae
1005 4065 1270 4121 miraculo
1291 4109 1304 4132 ,
1332 4083 1455 4123 cum
1482 4072 1803 4130 vicesimum
1840 4077 2062 4135 tertium

485 4164 691 4206 annum
715 4162 919 4223 ageret,
948 4163 1003 4209 et
1027 4171 1056 4210 a
1084 4157 1273 4211 mundi
1300 4173 1508 4225 amore,
1536 4178 1646 4231 quo
1676 4167 1984 4236 tenebatur,
2008 4179 2064 4226 et

483 4241 553 4297 ab
582 4245 929 4315 mgritudine,
949 4263 1055 4317 qua
1088 4250 1472 4319 torquebatur,
1500 4262 1688 4310 sanata
1721 4265 1826 4313 est.

565 4349 583 4383 ι
605 4332 913 4391 Laborabat
954 4337 992 4402 ³,
1024 4339 1216 4409 inquit,
1260 4340 1339 4394 illi
1365 4342 1504 4397 alter
1541 4346 1828 4402 oculorum
1864 4349 2060 4405 morbo

2176 3178 2383 3239 perque
2436 3157 2824 3218 credentibus,
2875 3169 2995 3224 quas
3048 3152 3358 3223 postulant,
3411 3148 3746 3239 concedere;

2175 3236 2428 3324 proinde,
2458 3247 2612 3302 Dabit
2644 3262 2782 3299 nunc
2822 3244 3002 3305 etiam,
3027 3240 3224 3310 inquit,
3250 3255 3350 3292 non
3374 3236 3751 3308 miltigratiam

2175 3324 2441 3406 tribuens,
2473 3337 2563 3392 sed
2591 3335 2749 3405 ﬁdem
2771 3342 2916 3386 tuam
2950 3331 3285 3385 considerans
3308 3345 3325 3382 :
3346 3343 3513 3399 quare
3539 3328 3584 3380 si
3613 3328 3752 3381 hanc

2172 3434 2439 3503 integram
2465 3427 2622 3483 habes
2653 3434 2701 3479 et
2729 3426 3019 3487 sinceram,
3067 3430 3114 3475 et
3146 3420 3209 3474 ab
3254 3419 3395 3472 omni
3424 3416 3753 3471 dubitatione

2174 3522 2417 3588 liberam,
2448 3517 2742 3575 valedicens
2766 3523 2815 3569 et
2846 3514 3054 3569 medicis
3083 3522 3131 3566 et
3150 3513 3468 3582 pltarmacis,
3500 3510 3750 3563 divinitus.

2170 3615 2354 3668 datam
2387 3613 2561 3683 accipe
2605 3612 2700 3663 hoc
2729 3606 3036 3661 remedium.
3084 3603 3180 3659 llis
3210 3602 3393 3667 dictis,
3436 3601 3597 3656 oculo
3625 3616 3750 3654 ma—

2170 3721 2302 3759 num
2344 3702 2627 3773 imposuit,
2665 3708 2722 3754 ct
2760 3697 3014 3752 salutaris
3053 3694 3207 3766 signo
3236 3693 3419 3748 crucis
3458 3708 3749 3763 expresso,

2168 3796 2421 3851 morbum
2444 3792 2678 3862 depulit.
2706 3788 2843 3844 lnde
2875 3786 3098 3841 domum
3131 3801 3373 3847 reversa,
3401 3783 3551 3838 eluto
3572 3783 3748 3853 phar-

2167 3902 2345 3951 maco,
2392 3882 2743 3952 aseititioque
2779 3879 2929 3935 omni
2969 3886 3163 3932 ornatu
3199 3868 3433 3946 abject'o,
3471 3876 3637 3930 vitam
3674 3890 3746 3930 ex

2165 3977 2500 4048 praescriptis
2523 3992 2554 4029 a
2588 3973 2805 4028 medico
2837 3969 3053 4041 legibus
3095 3966 3355 4032 instituit,
3392 3982 3495 4021 nec
3532 3966 3745 4021 variam

2165 4068 2404 4123 induens
2437 4074 2666 4131 vestem,
2705 4079 2810 4118 nec
2837 4077 2971 4116 auro
3001 4076 3058 4115 se
3086 4066 3492 4115 convenustans
3525 4076 3537 4111 :
3574 4070 3743 4129 atque

2165 4161 2283 4216 haec
2327 4175 2453 4216 cum
2487 4157 2708 4230 juvenis
2736 4156 3032 4210 admodum
3075 4155 3244 4217 esset,
3275 4168 3480 4207 annum
3527 4152 3745 4208 scilicet

2163 4251 2339 4307 artatis
2383 4265 2549 4321 agens
2595 4248 2920 4305 vicesimum
2973 4247 3199 4308 tertium
3240 4261 3254 4298 :
3294 4243 3530 4299 necdum
3568 4244 3740 4299 etiam

2165 4351 2340 4398 mater
2364 4342 2524 4396 facta.
2550 4358 2568 4392 ι

481 4421 770 4490 ejusmodi.
819 4425 908 4481 cui
944 4428 1139 4483 cedere
1177 4445 1265 4484 ars
1308 4434 1522 4489 medica
1558 4436 1869 4494 videbatur.
1917 4440 2055 4496 Cum
2090 4433 2134 4487 D
2232 4435 2294 4489 V.
2335 4434 2496 4488 Facta
2525 4438 2611 4487 est
2631 4444 2764 4485 vero
2799 4436 2974 4484 mater
3002 4427 3189 4482 divina
3211 4427 3438 4492 virtute,
3471 4435 3526 4481 et
3554 4425 3741 4481 Mace—

480 4512 616 4566 nihil
654 4514 782 4569 huic
807 4517 1053 4572 curando
1080 4519 1358 4576 admotum
1383 4539 1493 4579 non
1517 4525 1747 4596 fuisset,
1788 4532 2056 4589 accedens

480 4600 680 4655 mulier
717 4605 964 4671 quaedam
993 4621 1061 4660 ex
1092 4606 1429 4675 domesticis,
1473 4611 1601 4668 facti
1631 4628 1661 4668 a
1690 4615 1852 4671 Petro
1884 4619 2052 4673 mira-

479 4692 590 4747 culi
626 4695 960 4750 mentionem
1001 4697 1173 4753 fecit:
1210 4700 1423 4755 audivit
1450 4703 1581 4758 hera
1605 4745 1618 4769 ,
1649 4705 2052 4779 confestimque

476 4780 545 4835 ad
578 4782 825 4838 divinum
869 4785 1148 4843 hominem
1193 4805 1252 4844 se
1293 4793 1547 4848 contulit.
1579 4792 1829 4853 Habebat
1863 4809 2048 4857 autem

477 4869 569 4925 illa
600 4872 746 4927 circa
786 4889 844 4928 se
868 4884 922 4928 et
942 4876 1184 4944 inaures,
1207 4887 1263 4933 et
1289 4881 1534 4947 monilia,
1574 4891 1630 4937 et
1656 4885 1761 4940 alia
1791 4902 1860 4941 ex
1885 4904 2042 4957 auro,

475 4965 533 5012 et
573 4967 780 5015 vestem
823 4963 1030 5017 variam
1062 4981 1129 5019 ex
1159 4967 1352 5023 sericis
1384 4968 1493 5024 ﬁlis
1525 4980 1834 5029 contextam
1865 4994 1878 5030 :
1911 4993 2049 5034 non-

474 5048 606 5104 dum
627 5052 777 5106 enim
805 5054 1193 5124 perfectiorem
1214 5059 1477 5115 virtutem
1501 5061 1836 5135 degustarat,
1865 5075 1921 5122 et
1946 5070 2045 5126 flos

472 5149 595 5194 erat
618 5145 816 5211 aetatis,
849 5146 1263 5218 juventutisque
1292 5161 1491 5208 ornatu
1514 5153 1916 5214 delectabatur.
1952 5160 2046 5216 Di-

470 5227 660 5284 vinum
701 5247 834 5303 ergo
880 5244 1044 5305 caput
1086 5238 1203 5294 haec
1248 5241 1490 5306 intuens,
1533 5242 1719 5300 nimia:
1765 5246 2048 5318 elegantia;

472 5321 708 5389 primum
730 5326 1108 5396 aegritudinem
1133 5331 1363 5399 sanavit,
1388 5333 1443 5388 in
1467 5334 1616 5389 hunc
1641 5335 1787 5391 illam
1818 5339 2041 5396 modum

2160 4526 2309 4581 donii
2350 4532 2547 4580 ascetae
2582 4521 2908 4578 sanctissimi
2948 4520 3231 4591 precibus,
3263 4519 3410 4589 quod
3442 4519 3518 4573 ita
3551 4518 3741 4574 Theo-

2159 4620 2388 4675 doretus
2409 4617 2598 4681 refert,
2631 4624 2756 4686 post
2776 4629 2950 4670 annos
2971 4612 3236 4668 tredecim
3257 4609 3513 4681 conjugii.
3549 4629 3568 4659 ι
3598 4609 3742 4664 Nec—

2158 4711 2290 4766 dum
2315 4710 2518 4764 liberos
2544 4705 2917 4778 susceperat‘,
2953 4713 3146 4758 natura
3160 4700 3738 4772 scilicetprohibente,

2158 4818 2228 4857 ne
2250 4802 2491 4856 fructum
2516 4800 2716 4866 ferret;
2745 4814 2866 4869 quae
2889 4812 2980 4851 res
3009 4796 3182 4865 ipsam
3210 4793 3432 4862 quidem
3461 4792 3603 4847 male
3637 4791 3739 4846 ad-

2155 4893 2380 4948 modum
2416 4907 2527 4946 non
2555 4890 2817 4957 habebat,
2838 4888 2894 4942 in
2921 4885 3126 4941 divinis
3142 4884 3289 4938 enim
3312 4884 3530 4939 erudita
3554 4884 3609 4939 id
3631 4898 3733 4937 ex-

2154 4984 2342 5055 pedire
2369 4982 2628 5038 credebat
2659 4999 2670 5034 :
2702 4989 2915 5051 patrem
2949 4994 3081 5033 vero
3105 4992 3288 5032 meum
3318 4978 3530 5033 orbitas
3556 4978 3732 5033 vehe-

2152 5086 2369 5133 menter
2412 5074 2680 5144 angebat,
2728 5079 2786 5126 et
2829 5084 3279 5140 quoquoversum
3322 5069 3587 5125 oberrans
3628 5068 3734 5125 Dei

2150 5182 2342 5222 servos
2364 5164 2577 5227 orabat,
2600 5171 2661 5217 ut
2683 5161 2789 5217 sibi
2809 5161 3013 5215 liberos
3033 5176 3062 5215 a
3088 5160 3201 5216 Deo
3219 5158 3585 5231 postularent.
3616 5158 3729 5214 Alii

2149 5267 2280 5323 ergo
2310 5259 2366 5304 et
2398 5257 2652 5303 oraturos
2677 5263 2737 5302 se
2771 5246 3190 5318 promittebant,
3212 5256 3269 5304 et
3298 5257 3358 5304 ut
3382 5248 3437 5302 in
3461 5247 3558 5302 Dei
3582 5257 3728 5302 nutu

2147 5341 2541 5412 acquiesceret,
2584 5340 2968 5394 hortabantur.
3015 5339 3085 5395 At
3122 5340 3210 5394 vir
3238 5339 3459 5394 divinus
3494 5345 3551 5392 et
3582 5339 3730 5408 peti-

1788 5497 2099 5558 SCllULle
2138 5496 2365 5559 ΝΟΤᾸΞ.

469 5696 505 5754 p
541 5609 904 5752 ιιιέιῖιῗξνὲἑέι,
942 5626 1061 5674 eaet.
1102 5622 1410 5681 Pleniorem
1461 5632 1829 5689 narrationem

942 5884 971 5895 Ι

1880 5635 2004 5694 vide
2056 5656 2240 5715 supra,
2279 5650 2318 5696 t.
2351 5641 2441 5713 lli,
2475 5658 2527 5712 p.
2568 5640 2698 5697 1188
2733 5658 2847 5713 seq.
2924 5642 2942 5672 ³
2973 5640 3368 5703 Necdum,c:et.
3398 5637 3535 5693 Vide
3566 5637 3602 5691 ι.
3644 5650 3675 5689 c
3708 5679 3720 5701 ,
