3954 6294
219 301 286 365 93
1392 315 1760 375 HISTORIA
1798 315 2306 379 THEODOBETI.
3397 316 3465 378 94

215 414 350 469 tioni
376 414 580 484 liquido
605 417 819 483 annuit,
850 427 903 471 et
930 417 1096 472 tilium
1122 435 1287 474 unum
1314 422 1381 476 ab
1408 425 1788 480 universorum
1825 431 1861 483 A
1965 425 2151 495 Neque
2171 427 2436 481 hactenus
2455 426 2700 480 constitit
2721 426 2988 496 singulare
3008 425 3101 478 Dei
3119 425 3463 480 beneﬁcium.

215 516 437 562 auctore
467 517 823 577 accepturum
853 510 1133 578 pollicitus
1163 523 1265 568 est.
1292 515 1417 569 Post
1454 524 1562 570 tres
1592 532 1785 582 annos,

215 613 338 656 cum
373 599 578 653 exitum
619 601 911 668 promissio
941 605 1132 658 sortita
1165 622 1273 659 non
1305 616 1468 674 esset,
1503 608 1664 662 rediit
1694 609 1791 662 ite-

216 703 334 742 rum
369 699 523 757 pater
558 691 822 757 promissa
861 708 1173 761 reposcens.
1203 695 1296 749 llic
1318 713 1446 750 vero
1472 699 1612 752 mitti
1640 700 1706 752 ad
1731 716 1788 753 se

213 781 499 850 conjugem
519 783 701 850 jussit.
736 783 801 836 Et
825 799 947 836 cum
983 785 1197 840 adesset
1222 797 1414 851 mater,
1452 789 1589 843 dixit
1615 791 1663 843 ei
1705 791 1788 844 vir

211 870 455 935 divinus,
494 881 549 925 et
592 873 891 941 petiturum
934 891 1013 940 se,
1043 885 1096 930 et
1131 877 1279 930 illam
1329 879 1501 934 lilium
1533 891 1790 950 acceptu-

210 978 325 1014 ram
364 980 378 1014 :
416 963 510 1016 sed
549 964 697 1017 hunc
729 965 982 1019 donatori
1027 967 1182 1021 reddi
1231 978 1506 1038 oportere.
1537 971 1785 1041 Cumque

209 1067 375 1105 unam
425 1053 530 1108 sibi
573 1055 766 1109 anima:
826 1056 1056 1110 salutem
1097 1059 1468 1130 gehennaeque
1508 1062 1788 1117 ltberatio-

207 1159 330 1197 nem
368 1144 425 1197 in
470 1146 613 1198 votis
643 1161 762 1199 esse
792 1159 967 1199 mater
998 1149 1354 1217 responderet
1383 1171 1394 1204 :
1421 1151 1664 1222 Insuper,
1697 1156 1784 1207 in-

206 1235 346 1304 quit,
389 1245 436 1288 et
476 1236 651 1304 ﬁlium
695 1237 839 1290 dabit
879 1240 1155 1308 munificus
1205 1240 1426 1312 largitor
1463 1261 1479 1297 :
1518 1246 1581 1297 iis
1623 1248 1782 1310 enim,

205 1327 292 1396 qui
325 1329 528 1381 sincere
556 1337 759 1398 petunt,
806 1332 860 1383 in
895 1332 1115 1400 duplum
1148 1342 1332 1404 erogat
1367 1335 1633 1402 beneﬁcia.
1673 1339 1782 1391 Re-

205 1432 364 1472 versa
404 1420 534 1474 hinc
561 1428 735 1474 mater
763 1424 1146 1492 promissionis
1176 1424 1617 1482 benedictionem
1644 1429 1786 1484 refe-

205 1524 354 1574 rens,
383 1521 583 1579 quarto
607 1522 731 1582 post
759 1529 946 1569 mense
977 1532 1137 1584 quam
1166 1517 1514 1585 promiserat,
1544 1519 1783 1588 concipit
1827 1550 1830 1554 -

202 1612 257 1657 et
282 1612 506 1658 uterum
535 1606 694 1676 gerit,
725 1607 975 1677 reditque
1004 1609 1072 1663 ad
1099 1611 1274 1664 virum
1303 1611 1421 1676 Dei,
1445 1611 1780 1668 benedictio—

201 1693 286 1748 nis
307 1695 583 1750 seminum
613 1699 923 1768 manipulos
957 1701 1276 1756 ostendens.
1311 1721 1330 1753 ι

266 1784 356 1838 Vl.
401 1786 741 1856 Conceptum
783 1791 1048 1846 miraculo
1094 1793 1295 1858 fetum,
1340 1811 1408 1850 ne
1452 1796 1780 1854 immaturus

199 1875 605 1942 eli'underetur,
641 1881 992 1935 retinuerunt
1033 1884 1137 1937 viri
1180 1886 1352 1940 sancti
1394 1903 1604 1956 preces.
1645 1890 1779 1944 Nam

207 1990 223 2020 ι
259 1971 460 2040 quinto
485 1987 609 2040 post
637 1975 1055 2042 conceptionem
1085 1992 1295 2041 mense,
1322 1978 1499 2047 inquit
1527 1979 1782 2034 Theodo-

199 2070 351 2116 retus
385 2064 428 2127 ⁸,
463 2072 638 2118 mater
669 2064 724 2118 in
745 2064 1040 2119 discrimen
1064 2066 1370 2122 abortionis
1395 2070 1562 2132 venit,
1598 2080 1653 2125 et
1681 2072 1781 2125 ite-

199 2170 316 2207 rum
351 2155 525 2220 misit,
564 2155 691 2224 quia
726 2156 804 2210 ire
836 2157 1006 2226 ipsam
1042 2159 1269 2212 morbus
1293 2161 1532 2223 vetabat,
1575 2162 1640 2215 ad
1675 2178 1777 2216 no-

197 2261 321 2300 vum
348 2263 513 2300 suum
535 2248 810 2310 Eliszeum,
825 2249 1172 2318 suggeritque
1193 2267 1250 2304 se
1269 2259 1496 2305 matrem
1524 2251 1642 2307 ﬁeri
1668 2270 1777 2309 non

197 2347 436 2408 optasse,
471 2341 743 2408 simulque
767 2339 835 2394 ab
856 2355 922 2393 eo
948 2341 1213 2408 promissa
1240 2351 1458 2396 revocat
1491 2345 1542 2397 in
1565 2359 1776 2399 memo-

197 2431 353 2484 riam.
400 2431 496 2485 Ille
526 2447 658 2485 vero
691 2431 999 2485 venientem
1026 2434 1214 2500 procul
1259 2435 1508 2498 intuitus,
1544 2445 1599 2489 et
1630 2437 1775 2490 illam

197 2523 440 2590 agnovit,
480 2531 534 2576 et
579 2523 738 2591 138
773 2537 994 2576 causam
1032 2523 1377 2592 signiﬁcavit.
1410 2526 1583 2581 Noctu
1628 2529 1775 2582 enim

195 2614 464 2666 Dominus
510 2612 588 2664 illi
629 2621 685 2666 et
719 2613 974 2666 morbum
1001 2621 1056 2666 et
1089 2615 1318 2667 salutem
1353 2615 1637 2670 indicarat.
1672 2617 1776 2672 As-

195 2715 418 2774 sumpto
448 2705 616 2773 igitur
655 2706 852 2759 baculo
882 2705 1101 2759 innixus
1131 2705 1285 2765 abiit,
1319 2707 1653 2777 domumque
1691 2708 1776 2762 in-

180 2810 441 2869 gressus,
476 2806 531 2848 et
554 2795 719 2864 pacis,
747 2796 1052 2860 utsolebat,
1074 2797 1402 2852 salutatione
1423 2798 1549 2852 data
1576 2799 1774 2865 :Bono,

195 2883 402 2952 inquit,
429 2885 502 2937 sis
531 2886 730 2950 animo,
756 2901 847 2938 nec
871 2886 1091 2940 timeas:
1118 2888 1432 2956 nequeenim
1453 2888 1651 2940 donum.
1675 2905 1774 2941 au-

194 2973 342 3043 feret,
388 2977 479 3043 qui
516 2975 675 3039 dedit,
716 2976 816 3029 nisi
851 2984 905 3028 tu
938 2977 1071 3030 inita
1103 2985 1259 3047 pacta
1297 2976 1532 3030 violaria.
1572 2978 1778 3032 Promi-

1809 1760 1856 1818 Β

1893 516 2025 571 Nam
2053 528 2226 572 mater
2263 534 2456 572 recens
2488 535 2517 571 a
2552 525 2712 586 partu
2747 520 2761 537 ‘
2795 517 2943 571 letali
2972 516 3166 571 morbo
3200 517 3467 571 exstincta

1890 619 2055 671 esset,
2081 609 2440 676 periissetquc
2465 607 2811 661 Theodorcto
2836 623 3088 673 magnum
3115 606 3182 660 ad
3209 606 3467 660 virtutem

1891 699 2302 753 incitamentum
2352 715 2415 753 ac
2474 700 2825 768 exemplum,
2880 698 2985 752 nisi
3041 697 3187 752 Petri
3251 697 3464 759 iisdetn,

1889 792 2088 860 quibus
2125 793 2191 845 ad
2225 793 2394 845 Deum
2436 807 2701 845 conversa
2725 799 2863 854 erat,
2887 790 3144 859 precibus
3173 789 3464 842 sanitatem

1890 895 2285 951 recuperasset.
2319 883 2639 936 Miraculum
2662 883 3041 936 Theodoretus
3066 881 3137 933 ita
3161 879 3460 933 describit:

1896 993 1912 1023 ι
1949 975 2320 1028 Decumbebat
2349 976 2367 1004 ⁷
2398 984 2572 1028 mater
2604 989 2722 1027 mea
2759 981 2881 1042 post
2915 979 3170 1041 partum,
3215 971 3461 1032 medicis,

1887 1071 1947 1115 ut
1977 1063 2180 1124 lerunt,
2210 1063 2650 1132 desperantibus,
2695 1062 3008 1131 lugentibus
3039 1061 3374 1121 domesticis,
3410 1067 3465 1112 et

1887 1155 2094 1209 obitum
2137 1156 2598 1224 praestolantibus,
2642 1154 2842 1207 clausis
2885 1152 3060 1206 oculis
3102 1166 3293 1220 magna
3336 1166 3462 1205 cum

1884 1243 2038 1300 febre
2066 1245 2404 1308 conﬂictans,
2446 1245 2794 1299 familiarium
2829 1245 3103 1298 neminem
3137 1257 3458 1311 agnoscens.

1885 1338 1954 1392 Ut
1975 1349 2156 1390 autem
2193 1338 2413 1391 advenit
2439 1337 2548 1399 ille,
2573 1336 2663 1405 qui
2693 1335 3052 1404 apostolicum
3074 1348 3273 1386 nomen
3304 1347 3461 1400 gere-

1883 1427 1978 1482 bat
2007 1437 2061 1482 et
2087 1427 2312 1498 gratiam
2335 1469 2347 1491 ,
2376 1435 2450 1490 et,
2483 1426 2597 1480 Pax
2629 1427 2736 1488 tibi,
2778 1425 2918 1493 ﬁlia,
2960 1424 3096 1478 dixit
3131 1424 3270 1493 (haec
3310 1424 3460 1475 enim

1884 1521 2002 1588 ejus
2035 1527 2152 1573 erat
2180 1517 2485 1586 salutatio),
2530 1517 2819 1571 confestim
2867 1515 3155 1585 palpebras
3184 1529 3460 1568 reserasse

1883 1609 2105 1673 dicitur,
2133 1619 2188 1663 et
2213 1610 2264 1662 in
2288 1609 2580 1663 illum'lixis
2600 1609 2774 1663 oculis
2799 1607 3096 1677 aspexisse,
3122 1605 3462 1661 benedictio-

1884 1699 2078 1769 nisque
2099 1701 2334 1753 fructum
2366 1701 2690 1770 postulasse.
2721 1699 3013 1768 Postquam
3043 1697 3276 1752 ululavit
3305 1695 3461 1749 femi-

1886 1808 2080 1845 narum
2114 1792 2316 1846 chorus
2348 1792 2525 1862 (mista
2557 1792 2704 1846 enim
2735 1807 2858 1845 cum
2894 1790 3082 1844 dolore
3117 1789 3284 1842 animi
3318 1788 3456 1842 lacti-

1890 1883 1961 1938 tia
2016 1884 2309 1938 clamorem
2373 1885 2527 1937 illum
2591 1885 2993 1953 expresserat),
3058 1881 3320 1951 prtecepit
3374 1881 3458 1934 vir

1886 1975 2125 2037 divinus,
2161 1983 2220 2029 ut
2263 1985 2484 2029 orarent
2527 1991 2649 2029 cum
2698 1976 2815 2044 ipso
2860 1975 3147 2028 universa}.
3180 1972 3272 2026 Sic
3308 1971 3456 2025 enim

1880 2069 2114 2122 salutem
2153 2067 2426 2135 recepisse
2465 2067 2683 2120 dicebat
2720 2065 3031 2126 Tabitham,
3062 2062 3243 2116 viduis
3277 2063 3455 2132 lacry-

1883 2159 2182 2222 mantibus,
2227 2166 2283 2212 et
2324 2174 2521 2227 magno
2555 2158 2717 2212 Petro
2761 2158 2975 2211 illarum
3027 2157 3138 2209 Deo
3188 2155 3456 2224 lacrymas

1887 2251 2046 2320 139
2068 2250 2355 2304 offerente.
2382 2249 2625 2304 Orarunt
2650 2257 2710 2302 ut
2729 2240 2988 2319 jusserat,
3012 2255 3066 2301 et
3089 2245 3298 2315 adepta:
3329 2253 3454 2298 sunt

1883 2351 1943 2396 ut
1988 2342 2253 2411 praedixit.
2299 2342 2477 2395 Finita
2521 2343 2666 2396 enim
2717 2343 2984 2404 oratione,
3028 2341 3190 2393 linem
3235 2354 3456 2408 quoque

1880 2433 2105 2486 morbus
2143 2433 2386 2501 accepit,
2423 2434 2701 2502 sudorque
2739 2449 2866 2488 mox
2899 2432 3139 2500 undique
3177 2429 3455 2500 proﬂuens

1880 2524 2133 2581 ardorem
2163 2525 2313 2578 illum
2341 2525 2619 2578 exstinxit.
2653 2543 2671 2574 ›

1950 2617 2208 2685 Ejusdem
2232 2617 2374 2670 Petri
2404 2632 2537 2669 zona
2564 2632 2673 2669 non
2700 2616 2866 2670 semel
2891 2631 2920 2668 a
2944 2615 3136 2669 morbo
3164 2632 3263 2685 per
3287 2615 3452 2668 mira-

1880 2707 2062 2762 culum
2095 2707 2472 2761 Theodoretus
2513 2707 2628 2776 ipse
2668 2707 2881 2761 solutus
2909 2714 3011 2760 est.
3054 2726 3072 2756 ι
3107 2707 3278 2775 llujus
3313 2721 3454 2774 quo--

1881 2813 1986 2866 quc
2012 2796 2055 2861 ⁸,
2079 2798 2273 2865 inquit,
2299 2799 2439 2851 sicut
2458 2798 2761 2851 beatissimi
2789 2798 2941 2850 Pauli
2969 2798 3292 2851 vestimenta
3322 2811 3451 2864 ope-

1883 2888 2162 2941 rabantur.
2190 2889 2322 2941 Nam
2347 2904 2484 2942 zona
2510 2905 2604 2942 sua
2630 2887 2880 2941 bifariam
2905 2888 3100 2950 divisa,
3120 2887 3225 2941 lata
3252 2888 3455 2955 quippe

1881 2988 1935 3033 et
1965 2979 2125 3048 longa
2156 2987 2296 3042 erat,
2343 2995 2531 3032 crasso
2575 2995 2640 3030 ex
2693 2979 2804 3031 lino
2845 2986 3118 3036 contexta,
3159 2987 3313 3045 parte
3345 2992 3455 3030 una

194 3068 307 3121 sisti
361 3083 550 3136 nempe
596 3067 924 3120 reddituram
959 3076 1008 3121 te
1059 3067 1198 3137 quod
1235 3067 1464 3132 dabitur,
1503 3069 1776 3138 divinaque
1807 3093 1848 3150 ο
1882 3086 2040 3125 renes
2079 3085 2208 3123 suos
2239 3069 2438 3132 cinxit,
2472 3069 2642 3122 altera
2677 3084 2847 3121 meos.
2885 3066 3038 3120 Hanc
3066 3076 3241 3120 mater
3279 3083 3453 3136 aegro-

196 3158 441 3226 obscquio
497 3166 947 3212 consecraturam.
1001 3157 1091 3212 Sic
1143 3166 1199 3212 et
1252 3173 1389 3226 ego,
1453 3158 1530 3211 ait
1583 3167 1776 3224 mater,

193 3262 393 3314 parere
421 3247 545 3300 volo
567 3256 623 3301 et
651 3254 802 3316 opto.
841 3246 1113 3300 Potiorem
1147 3247 1290 3300 enim
1322 3247 1629 3300 abortivum
1656 3264 1780 3316 par-

197 3349 308 3393 tum
345 3339 620 3403 duxerim,
658 3354 820 3408 quam
856 3338 1086 3394 alienam
1116 3337 1207 3390 lilii
1234 3338 1631 3392 educationem.
1655 3340 1779 3394 Bibe

195 3431 382 3499 igitur,
411 3431 590 3500 inquit
621 3430 709 3484 vir
745 3431 983 3492 divinus,
1012 3432 1146 3483 hanc
1169 3446 1384 3500 aquam,
1414 3437 1460 3482 et
1483 3432 1672 3484 senties
1698 3432 1776 3484 di-

197 3523 376 3575 uinum
416 3521 698 3574 auxilium.
743 3520 885 3574 Bibit
924 3519 1016 3573 illa
1061 3528 1121 3573 ut
1157 3520 1418 3590 jusscrat,
1459 3527 1513 3573 et
1551 3520 1776 3576 abortus

195 3611 505 3681 periculum
541 3609 825 3665 abscessit.
867 3627 886 3660 ι
945 3611 949 3615 ’

263 3704 383 3758 VII.
411 3702 590 3772 Atque
614 3703 727 3756 haec
753 3716 917 3756 causa
943 3699 1066 3764 fuit,
1097 3714 1195 3752 cur
1219 3699 1549 3753 Theodoreti
1575 3715 1776 3755 nomen

196 3810 318 3850 cum
369 3801 716 3857 nasceretur,
758 3791 1070 3862 acceperit,
1120 3792 1274 3861 quasi
1309 3790 1544 3845 donatus
1593 3808 1624 3846 a
1664 3793 1776 3847 Deo

196 3886 546 3957 parentibus,
582 3893 638 3939 et
675 3900 704 3939 a
740 3884 1062 3953 parentibus
1091 3883 1330 3936 vicissim
1369 3883 1588 3938 oblatus
1639 3884 1772 3948 Deo,

197 3979 284 4032 cui
307 3977 548 4032 serviret
579 3977 636 4030 in
667 3975 1020 4034 monasterio.
1054 3974 1147 4028 ubi
1173 3975 1406 4044 primum
1435 3991 1533 4043 per
1559 3984 1775 4030 aetatem

195 4069 392 4124 liceret
424 4086 437 4121 :
476 4069 582 4123 hoc
619 4068 766 4123 enim
810 4067 993 4121 fuerat
1029 4074 1315 4135 parentum
1352 4067 1776 4135 supplicantium

195 4168 410 4221 votum,
447 4157 563 4211 haec
587 4165 896 4211 sanctorum
922 4155 1329 4225 deprecantium
1349 4155 1456 4208 lex.

263 4247 406 4304 V'lll.
462 4249 614 4302 Hanc
663 4246 925 4302 nascendi
983 4247 1353 4301 conditionem
1400 4246 1771 4313 Theodoreto,

196 4349 490 4410 postquam
529 4339 812 4401 crevisset,
853 4338 1145 4392 revocabat
1183 4339 1236 4391 in
1268 4346 1506 4393 mentem
1529 4338 1778 4394 Macedo-

1884 3159 2018 3213 tanti
2044 3159 2178 3211 mihi
2212 3173 2353 3226 saepe
2387 3158 2695 3227 imponens,
2727 3173 2866 3227 saepe
2895 3157 3059 3211 etiam
3096 3156 3260 3226 patri,
3303 3174 3454 3210 mor-

1881 3249 2012 3304 bum
2028 3249 2258 3318 depulit,
2283 3249 2587 3316 eodemque
2612 3249 2680 3302 ad
2701 3250 2990 3303 sanitatem
3011 3249 3128 3317 ipsa
3149 3247 3311 3302 etiam
3334 3265 3458 3318 per-

1881 3356 2023 3410 sa‘pe
2054 3356 2150 3393 usa
2178 3347 2263 3393 est
2297 3339 2563 3393 remedio.
2601 3357 2620 3389 ι

1952 3432 2126 3502 Atque
2156 3432 2271 3486 htec
2297 3446 2458 3486 causa
2487 3431 2714 3494 exstitit,
2749 3447 2848 3486 cur
2875 3432 2964 3501 pia
2992 3442 3170 3488 mater
3193 3432 3455 3486 infantem

1879 3521 2094 3576 deferre
2117 3521 2278 3575 solita
2304 3530 2450 3575 esset
2479 3520 2544 3574 ad
2569 3519 2909 3589 spiritualem
2934 3522 3170 3586 Patrem,
3204 3531 3264 3575 ut
3293 3538 3320 3574 a
3347 3535 3457 3589 quo

1877 3614 2046 3669 vitam
2078 3613 2194 3682 ipsa
2227 3611 2392 3665 animi
2421 3611 2779 3680 corporisque
2818 3621 3126 3681 acceperat,
3159 3613 3227 3666 ab
3256 3628 3322 3665 eo
3364 3611 3457 3663 he-

1879 3704 2121 3758 nedictio
2150 3703 2289 3773 proli
2328 3704 2382 3756 in
2411 3703 2532 3757 dies
2559 3704 2829 3759 crescenti
2859 3704 3252 3772 impertirctur.
3286 3702 3454 3756 llabi-

1879 3795 2032 3850 tabat
2069 3795 2154 3848 vir
2191 3795 2281 3848 ille
2316 3793 2660 3848 admirabilis
2690 3809 2803 3848 non
2840 3795 3032 3863 procul
3068 3794 3360 3849 Antiochia
3399 3793 3455 3847 in

1878 3887 2152 3956 sepulcro,
2177 3885 2497 3954 solebatque
2514 3900 2681 3939 senex
2701 3886 2940 3954 Optimus
2961 3885 3287 3940 infantulum
3310 3900 3457 3938 com-

1876 3977 2038 4047 plecti
2066 3977 2209 4040 sinu,
2237 3977 2506 4044 donisque
2535 3976 2749 4031 allicere
2768 3977 2915 4030 :etati
2943 3977 3221 4046 congruis,
3255 3975 3455 4042 quibus

1879 4069 2056 4140 ipsum
2093 4069 2195 4123 sibi
2221 4079 2382 4138 atque
2418 4069 2607 4138 pietati
2634 4068 2973 4123 conciliaret.

1948 4161 2095 4215 Idem
2125 4160 2415 4229 praestabat
2459 4159 2745 4228 stupenda:
2772 4159 2910 4211 alter
2935 4155 3237 4209 sanctitatis
3262 4169 3451 4208 mona-

1878 4253 2015 4306 chus
2039 4251 2346 4320 Aphraates
2383 4250 2494 4313 ille,
2548 4249 2643 4318 qui
2683 4249 2817 4301 cella
2855 4245 3131 4314 quondam
3177 4259 3450 4314 egressus,

1878 4340 2092 4396 Valenti
2131 4339 2507 4407 “imperatori
2567 4338 2746 4407 palam
2795 4336 3032 4390 hIEI‘CSill
3081 4343 3138 4388 et
3192 4335 3455 4389 Ecclesia:

197 4433 344 4495 nius,
377 4432 651 4500 simulque
679 4434 805 4485 vita:
830 4430 1071 4485 sanctius
1102 4429 1448 4484 instituenda:
1475 4429 1775 4485 necessita-
1807 4420 1851 4474 Ῑ)
1881 4429 2086 4487 Christi
2113 4428 2549 4499 persecutionem
2578 4427 2801 4497 objecit.
2832 4426 2968 4480 Nam
2997 4425 3288 4496 parvulum
3321 4427 3363 4458 ¹⁰
3386 4426 3453 4480 ad

197 4533 326 4578 tem.
375 4543 394 4574 ‹
426 4523 612 4577 Multis
639 4523 682 4586 ⁸,
717 4523 1018 4592 inquiebat,
1045 4537 1170 4576 cum
1205 4521 1506 4585 laboribus,
1545 4521 1640 4588 lili,
1675 4537 1775 4577 na-

198 4626 286 4671 tus
309 4631 394 4676 es,
414 4616 616 4669 multas
635 4623 691 4670 et
712 4615 828 4684 ipse
846 4623 1037 4668 noctes
1057 4613 1207 4677 duxi,
1232 4613 1336 4668 hoc
1356 4629 1525 4668 unum
1546 4628 1776 4683 poscens

197 4724 226 4762 a
254 4709 394 4771 Deo,
427 4717 490 4761 ut
510 4715 768 4777 parentes
797 4706 874 4760 tui
911 4707 1017 4760 hoc
1042 4704 1256 4770 fierent,
1282 4705 1429 4774 quod
1456 4715 1506 4761 te
1526 4714 1656 4761 nato
1674 4721 1776 4776 ap-

197 4800 386 4870 pellati
433 4807 582 4853 sunt.
629 4799 855 4868 Dignam
903 4798 1070 4868 igitur
1111 4797 1395 4854 laboribus
1441 4797 1606 4851 vitam
1651 4813 1772 4868 age.

198 4895 341 4946 Ante
383 4899 602 4961 partum
644 4891 1107 4960 promissionibus
1152 4900 1501 4946 consecratus
1530 4906 1608 4945 es.
1661 4890 1778 4945 Deo

197 4995 385 5038 autem
415 4999 538 5052 quae
578 4983 760 5038 oblata
791 4993 941 5047 sunt,
976 4981 1288 5038 veneranda
1325 4992 1454 5037 sunt
1499 4982 1773 5047 omnibus,

199 5090 302 5136 nec
323 5090 354 5130 a
379 5075 544 5144 vulgo
573 5073 966 5128 contrectanda
1002 5090 1015 5127 :
1047 5088 1215 5142 quare
1247 5081 1464 5142 oportet
1495 5082 1548 5127 te
1579 5088 1776 5142 pravos

199 5166 366 5220 animi
383 5174 569 5221 motus
586 5181 696 5219 non
712 5165 1027 5230 admittere;
1046 5163 1140 5219 sed
1163 5165 1254 5218 illa
1276 5173 1484 5219 tantum
1503 5173 1559 5219 et
1574 5163 1770 5231 facere,

199 5265 256 5310 et
283 5257 458 5326 loqui,
512 5264 569 5311 et
616 5256 879 5326 cogitare,
914 5270 1037 5324 quae
1069 5255 1289 5310 virtutis
1333 5255 1629 5326 lcgislatori
1662 5257 1775 5311 Deo

200 5346 432 5413 placent.
458 5366 474 5394 ι

1881 4540 1940 4580 se
1968 4523 2280 4578 venientem
2309 4520 2634 4576 admittebat
2663 4520 2719 4574 in
2753 4520 2968 4584 cellam,
2995 4533 3200 4588 suaque
3228 4517 3456 4571 benedi-

1881 4616 2062 4671 ctione
2087 4614 2350 4668 donatum
2393 4610 2625 4664 docebat
2659 4609 2934 4678 exemplo,
2971 4615 3028 4662 et
3068 4622 3157 4662 res
3189 4607 3455 4660 humanas

1881 4708 2187 4778 despicere,
2217 4713 2273 4760 et
2310 4704 2446 4758 nihil
2485 4710 2753 4766 metuere,
2787 4717 2859 4755 ne
2892 4715 3202 4770 supremam
3231 4699 3453 4768 quidem

1880 4805 2227 4870 potestatem,
2255 4810 2380 4851 cum
2413 4809 2501 4848 res
2524 4792 2727 4848 Christi
2753 4791 2836 4860 agi
2868 4790 3190 4854 videretur;
3220 4787 3452 4842 aliorum

1881 4892 2091 4962 pariter
2136 4894 2448 4941 sanctorum
2503 4882 2887 4944 admiratione,
2929 4889 2991 4933 ut
3031 4889 3164 4934 tetas
3214 4879 3450 4943 ferebat,

1881 4981 2177 5049 verbisque
2200 4975 2595 5032 incendebatur
2619 4972 2686 5027 ad
2709 4972 2876 5027 vitam
2909 4987 2940 5023 a
2965 4969 3244 5024 communi
3273 4970 3456 5024 diver-

1884 5088 2020 5137 sam,
2057 5070 2254 5140 spiritu
2280 5082 2390 5122 non
2411 5067 2572 5121 solito
2603 5064 2890 5136 agendam.

1957 5161 2062 5215 Tot
2089 5158 2372 5229 prodigiis,
2400 5165 2590 5226 totque
2622 5167 2935 5210 sanctorum
2966 5153 3232 5212 exemplis
3254 5153 3452 5222 praelu-

1883 5255 2014 5310 dere
2040 5251 2326 5306 videbatur
2343 5247 2682 5319 providentia
2713 5245 2895 5302 divina
2911 5243 3232 5298 adnurabile
3245 5241 3452 5310 aliquid

1883 5347 1941 5402 in
1962 5343 2310 5400 Theodoreto
2345 5339 2768 5401 ostendendum,
2813 5337 3037 5406 ipsaque
3066 5335 3243 5405 prima
3276 5334 3454 5388 Theo-

1505 5524 1812 5582 SCHULZII
1841 5524 2070 5582 NOTAE.

273 5665 291 5696 ⁸
323 5665 520 5736 lnquit.
560 5664 720 5738 Ibid,
755 5681 809 5734 p.
845 5665 999 5738 ﬁli.
1078 5666 1098 5738 ἦ
1127 5664 1474 5738 Μιιιιίδλςεξι.
1501 5667 1620 5738 Viti.
1642 5676 1680 5720 t.
1711 5667 1801 5729 lli,
1822 5683 1878 5738 ρ.
1911 5666 2065 5721 1215.
2139 5657 2701 5738 ’,Βεεαηιρεὸαᾳιθ-οωι.
2915 5673 2967 5726 p.
2997 5656 3150 5713 H94.
3225 5653 3248 5687 ⁸
3273 5652 3458 5727 Hujus:

200 5725 415 5806 quoque,
459 5746 585 5791 emt.
626 5725 770 5789 Ibid:
841 5737 859 5766 θ
893 5734 1118 5799 Valenti,
1157 5745 1273 5789 ﬂet.
1305 5735 1467 5800 lbid.,
1509 5737 1672 5790 H81.
1741 5725 1943 5791 “Nam
1979 5732 2280 5806 parvulum,
2318 5737 2434 5786 etet.
2463 5726 2624 5792 Ibid.,
2659 5742 2712 5796 p.
2760 5725 2911 5781 H85.
