3954 6294
435 306 509 370 95
1553 288 1935 353 GARNERII
1976 281 2476 347 DISSERTATIO
2513 281 2561 342 Ι·
3620 267 3693 331 96

434 413 613 470 doreti
633 413 805 469 Deum
833 406 1118 480 sequentis
1141 403 1451 460 rudimenta
1479 415 1736 472 magnum
1760 397 2021 455 sanctita-
2052 401 2096 457 Λ
2124 393 2335 448 animos
2372 390 2627 453 faciebat,
2660 403 2725 444 ac
2762 387 3003 444 vicissim
3029 389 3098 444 ab
3126 403 3189 443 ea
3214 383 3575 449 aninabatur,
3617 382 3689 437 ad

402 510 411 515 ’
438 507 510 561 tis
535 506 801 561 absolutae
818 498 1126 569 exemplum
1151 494 1575 566 promittebant;
1598 507 1702 547 nec
1725 491 1874 544 illam
1905 489 2016 557 for-

439 606 582 652 tasse
603 595 832 651 effectus
861 590 1162 645 frustratus
1187 593 1292 650 est,
1317 600 1496 655 neque
1522 581 1695 638 initiis
1727 596 1849 651 qua
1874 579 2011 644 dixi,

440 685 581 741 male
605 680 888 753 respondit
912 678 1057 733 finis.
1088 677 1195 732 Sed
1219 675 1365 746 quod
1393 672 1725 744 stupendum
1754 679 1858 736 est,
1884 685 2016 740 per-

437 771 611 841 plexis
642 767 982 837 occultisque
1009 765 1186 820 modis
1213 763 1573 834 providentia
1597 763 1683 817 vis
1709 775 1828 816 sese
1855 774 2014 814 exse-

440 862 572 925 ruit,
594 869 649 913 et
671 856 1055 913 Theodoretus
1086 872 1152 911 eo
1177 854 1354 943 deviis
1380 853 1717 909 anfractibus
1738 851 2012 922 pervenit,

440 964 550 1019 quo
575 947 999 1019 pradestinante
1022 947 1134 1002 Deo
1158 945 1444 1016 agebatur.

992 1080 1152 1152 140
1195 1078 1344 1135 CAP.
1386 1077 1451 1161 ιι.

440 1213 481 1267 1.
513 1212 859 1267 Theodoretus
888 1214 1209 1266 monasterio
1252 1212 1488 1264 traditur
1528 1212 1722 1282 pietate
1752 1220 1817 1282 et,
1830 1210 2015 1282 litteris

509 1283 898 1352 informandus.
946 1282 1024 1335 II.
1054 1282 1276 1352 Animus
1306 1290 1355 1334 et
1398 1279 1691 1351 ingenium.
1751 1281 1840 1334 III.
1874 1279 2015 1344 Quos

508 1349 716 1422 secutus
753 1353 1054 1422 magistros.
1118 1350 1207 1406 IV.
1241 1349 1470 1422 Societas
1505 1359 1553 1403 et
1596 1352 1873 1422 necessitas
1898 1366 2016 1422 cum

512 1420 753 1489 Nestorio
803 1418 861 1475 εί
886 1420 1113 1474 Joanne.
1188 1422 1251 1476 ν.
1299 1419 1380 1472 Fit
1430 1418 1596 1489 lector
1632 1438 1663 1473 a
1696 1418 2013 1489 Porphyrio.

510 1490 599 1544 Vl.
632 1488 899 1544 Diaconus
927 1490 990 1543 ab
1019 1489 1346 1544 Alexandro.
1381 1488 1493 1543 VII.
1519 1487 1706 1544 Odium
1728 1489 1783 1541 in
1800 1487 2015 1542 luenti-

511 1577 596 1615 cos
616 1562 701 1614 sui
718 1561 985 1630 temporis.
1010 1560 1148 1615 VIII.
1177 1559 1254 1612 Fit
1279 1560 1547 1630 episcOpus
1565 1557 2014 1630 CyrensisEccte-

511 1577 596 1615 cos
616 1577 700 1614 sui
718 1577 985 1683 renisam.
1020 1577 1148 1615 vul.
1177 1577 1254 1612 ru
1279 1577 1547 1630 episcopus
1565 1577 1806 1629 uyrensis
1831 1577 2014 1611 Locre-

510 1631 623 1685 siaz.
675 1629 766 1683 IX.
858 1628 1154 1700 eploranda
1195 1629 1425 1700 regionis,
1463 1629 1641 1698 facies.
1808 1627 2014 1700 Nobiles

510 1709 687 1753 tamen
724 1700 780 1752 in
810 1696 1165 1753 ea'monaclii.
1198 1696 1292 1753 XI.
1324 1696 1428 1763 Qui
1454 1696 1578 1751 tunc
1612 1697 1900 1768 majoribus
1932 1715 2015 1751 se-

514 1770 663 1823 dibus
691 1768 1000 1823 insiderent.

850 1903 924 1954 Ab
948 1917 1078 1954 anno
1099 1902 1280 1954 Christi
1301 1903 1392 1952 395
1416 1903 1474 1953 ad
1500 1902 1606 1951 410.

507 2032 546 2086 I.
585 2030 965 2086 Theodoretus
1001 2029 1227 2084 vixdum
1274 2027 1558 2098 septennis
1590 2027 1629 2057 “
1682 2023 2014 2079 monasterio

440 2116 675 2171 traditus
705 2125 810 2181 est,
845 2131 957 2171 non
995 2116 1121 2171 vita
1163 2122 1375 2169 tantum
1417 2114 1685 2185 religiosa
1722 2112 2012 2176 institutis,

439 2206 537 2260 sed
570 2206 769 2261 litteris
790 2221 1010 2276 quoque
1044 2203 1440 2259 informandus.
1474 2204 1534 2258 In
1560 2212 1791 2272 utroque
1816 2215 2014 2271 genere

442 2297 516 2350 ita
545 2296 798 2366 profecit,
829 2307 891 2352 ut
916 2305 974 2351 et
1003 2292 1259 2366 paternas
1281 2311 1414 2364 opes
1434 2294 1769 2364 pauperibus
1789 2292 2015 2363 largitus

441 2390 536 2451 sit,
573 2402 696 2442 cum
731 2387 1007 2442 defunctis
1028 2386 1350 2457 parentibus
1379 2385 1746 2454 amplissimas
1769 2383 2013 2452 accepis—

443 2488 548 2544 set,
589 2489 646 2533 et
679 2481 852 2534 sacris
888 2477 1553 2549 profanisque‘doctrinis
1587 2492 1727 2547 pene
1759 2476 2016 2530 omnibus

445 2576 684 2622 mentem
720 2567 1115 2622 admirabiliter
1138 2567 1466 2622 excoluerit.
1511 2566 1643 2620 Inde
1680 2564 1878 2619 famam
1906 2579 2017 2619 non

444 2659 778 2715 mediocrem
824 2659 940 2714 sive
985 2657 1327 2723 sanctitatis,
1374 2657 1489 2712 sive
1536 2656 1864 2712 eruditionis
1903 2663 2016 2711 toto

442 2748 666 2804 Oriente
695 2748 935 2818 collegit,
962 2756 1020 2802 et
1054 2748 1160 2803 hoc
1199 2748 1355 2818 quasi
1393 2746 1645 2802 tirocinio
1670 2745 1913 2800 animum
1945 2745 2016 2800 ad

444 2841 679 2895 maxima
704 2854 956 2910 quaque,
989 2840 1354 2911 ingenitaque
1377 2853 1489 2895 sua
1512 2836 1815 2895 excelsitati
1843 2837 2014 2907 paria,

443 2931 754 2988 erudiebat.

516 3025 581 3081 II.
618 3025 745 3080 Fuit
790 3025 941 3081 enim
985 3025 1067 3081 illi
1107 3025 1326 3081 animus
1371 3041 1401 3080 a
1450 3030 1643 3079 natura
1685 3035 1913 3093 magnus
1961 3027 2017 3074 et

442 3117 640 3182 elatus,
680 3117 890 3172 idcirco
921 3116 1231 3187 despiciens
1279 3131 1368 3172 res
1409 3114 1685 3185 quaslibet
1725 3113 2014 3176 humanas,

441 3217 640 3280 prater
668 3209 904 3274 famam;
928 3208 1105 3262 audax
1129 3208 1313 3262 omnia
1343 3206 1524 3260 moliri
1557 3203 1864 3274 etperpeti,
1891 3219 2017 3258 cum

443 3297 665 3368 pietatis
697 3297 912 3366 species
941 3295 1277 3367 objiceretur
1299 3312 1314 3360 ;
1340 3294 1605 3364 prodigus
1636 3293 2014 3362 pecuniarum,

445 3388 543 3444 sed
568 3388 622 3441 in
647 3401 938 3457 pauperes,
965 3394 1022 3441 et
1049 3385 1300 3456 publicos
1321 3392 1607 3454 sumptus;
1634 3383 2020 3438 tenacissimus

444 3479 733 3550 propositi,
769 3488 826 3535 et
853 3494 1024 3549 prope
1053 3478 1342 3549 pertinax;
1382 3476 1748 3532 amicitiarum
1784 3475 2021 3530 incredi-

444 3569 634 3624 biliter
658 3577 944 3639 appetens,
972 3575 1030 3623 et
1060 3582 1186 3624 cum
1207 3567 1499 3640 iunxisset,
1536 3570 1853 3621 constanter
1882 3565 2018 3620 reti-

446 3672 607 3718 nens.

517 3746 604 3800 Ill.
638 3745 836 3801 Animo
864 3761 964 3816 par
993 3746 1294 3818 ingenium,
1323 3761 1494 3817 capax
1518 3760 1717 3816 nempe
1742 3758 1809 3801 ac
1835 3744 2018 3800 omni-

449 3835 555 3890 bus
612 3834 881 3890 doctrinis
936 3842 1147 3905 aptum,
1197 3833 1421 3889 avidum
1466 3832 1705 3896 sciendi,
1762 3840 1819 3887 et
1869 3830 2019 3886 felici

448 3926 728 3981 memoria
753 3924 1082 3996 dicendique
1113 3923 1361 3979 facultati
1381 3938 1522 3995 pene
1546 3921 1873 3994 prodigiosa
1890 3936 2020 3976 con-

445 4016 718 4086 iunctum.
1925 4024 1929 4028 ’

519 4105 602 4160 Ad
632 4105 750 4161 hac
780 4103 1070 4176 magistros
1086 4104 1271 4177 elegit,
1299 4118 1441 4176 quos
1474 4111 1821 4176 sequeretur,
1850 4103 2021 4159 totius

449 4196 601 4253 orbis
620 4211 686 4252 ea
712 4203 1034 4267 tempestate
1055 4196 1466 4262 celeberrimos,
1494 4196 1740 4252 scientia
1764 4194 2019 4250 Theodo-

450 4301 595 4352 rum,
633 4285 960 4356 eloquentia
1005 4285 1477 4357 Chrysostomum,
1510 4293 1802 4354 utrumque
1833 4283 2022 4339 Antio-

2117 481 2507 552 capesscndam
2530 479 2752 549 pietatis
2778 479 3196 549 perfectionem.

2185 572 2247 625 V.
2285 570 2391 627 Sed
2421 571 2619 625 accidit
2651 569 2791 625 forte
2828 579 2889 625 ut
2943 585 3007 624 ea
3043 574 3367 638 tempestate
3399 565 3455 619 in
3494 579 3691 618 mona-

2116 662 2283 718 sterio
2314 661 2579 731 degerent
2604 660 2891 716 Nestorius
2917 667 2972 713 et
2995 659 3260 723 Joannes,
3290 669 3524 725 quorum
3549 654 3692 706 alter

2113 751 2731 821 Constantinopolitana
2762 759 2973 820 postea,
3029 749 3167 804 alter
3195 746 3551 802 Antiochena
3590 744 3693 798 Ec-

2116 842 2296 896 clesia
2321 841 2557 911 prafuit.
2610 840 2762 912 141
2788 839 3029 910 Uterque
3062 838 3286 894 studere
3310 836 3499 907 pietati
3530 833 3691 889 vide-

2116 933 2299 1000 batur,
2345 941 2401 989 et
2444 933 2625 1003 reipsa
2649 933 2834 987 forsan
2877 931 3135 987 studebat
3177 948 3189 984 :
3223 930 3319 984 sed
3359 941 3692 999 magnopere

2117 1031 2251 1078 tunc
2279 1023 2542 1093 temporis
2573 1022 2849 1077 referebat
2886 1021 3063 1077 videri
3100 1020 3250 1091 pium
3273 1061 3287 1086 ,
3318 1034 3443 1076 cum
3472 1017 3690 1089 opinio-

2116 1115 2204 1168 nis
2229 1127 2440 1168 merces
2464 1113 2624 1178 foret,
2647 1112 2747 1166 toti
2769 1112 2975 1183 ingenti
3001 1110 3235 1166 dioecesi
3251 1124 3484 1180 praesse
3503 1149 3517 1174 ,
3544 1116 3601 1162 et
3621 1121 3693 1161 ex

2117 1206 2400 1260 monachis
2439 1206 2777 1276 patriarchas
2813 1204 2953 1259 fieri.
2990 1203 3126 1260 Cum
3154 1202 3243 1258 his
3282 1201 3500 1257 duobus
3537 1207 3693 1254 arcta

2115 1295 2220 1352 fuit
2249 1296 2595 1351 Theodoreto
2614 1296 2931 1360 necessitas,
2958 1310 3079 1365 qua
3100 1311 3129 1349 a
3152 1293 3414 1349 societate
3445 1292 3569 1346 vita
3598 1306 3692 1345 re-

2116 1388 2320 1458 ligiosa
2351 1397 2553 1452 ortum,
2581 1387 2979 1443 incrementum
3004 1402 3034 1439 a
3062 1385 3256 1441 studiis
3280 1381 3690 1446 communibus,

2117 1478 2170 1533 id
2196 1488 2303 1542 est,
2323 1480 2391 1535 ab
2417 1479 2741 1535 arctissimis
2775 1494 3094 1549 magnarum
3126 1477 3431 1532 animarum
3455 1474 3695 1529 vinculis

2116 1573 2329 1642 accepit
2362 1590 2374 1625 :
2411 1587 2535 1627 cum
2562 1586 2696 1626 vero
2724 1570 3074 1640 postmodum
3108 1570 3177 1623 ab
3208 1568 3329 1623 aliis
3350 1566 3532 1621 causis
3553 1580 3691 1619 con-

2117 1662 2328 1718 firmata
2370 1671 2536 1727 esset,
2571 1677 2830 1732 magnum
2865 1661 3078 1717 Orienti
3123 1661 3333 1729 totique
3363 1656 3481 1712 orbi
3525 1656 3693 1712 Chri—

2044 1749 2086 1802 Β
2115 1756 2293 1812 stiano
2334 1756 2536 1809 malum
2586 1753 2792 1821 intulit,
2840 1753 3005 1808 unius
3048 1751 3421 1822 improbitate,
3462 1748 3696 1803 alterius

2113 1846 2375 1902 cacitate.

2182 1937 2273 1991 Vl.
2299 1937 2404 1991 Per
2439 1935 2491 1989 id
2524 1942 2740 2005 tempus
2772 1934 3172 1989 Antiochenam
3200 1934 3502 1989 Ecclesiam
3538 1950 3697 2006 rege-

2115 2027 2208 2081 bat
2231 2026 2592 2097 Porphyrius,
2624 2025 2718 2096 qui
2754 2031 2878 2094 post
2907 2023 3150 2078 Flaviani
3185 2030 3414 2078 mortem
3451 2023 3696 2078 intruse-

2115 2125 2200 2173 rat
2222 2133 2343 2173 sese
2371 2117 2532 2171 malis
2563 2115 2778 2171 artibus
2807 2114 2862 2168 in
2892 2115 3066 2170 sancti
3099 2115 3304 2169 locum.
3335 2113 3616 2168 Laudatur
3648 2113 3697 2144 ¹³

2115 2217 2295 2265 tamen
2323 2225 2353 2264 a
2394 2207 2741 2263 Theodoreto
2769 2214 2996 2277 propter
3032 2206 3430 2275 benignitatem
3465 2215 3520 2261 et
3548 2221 3695 2275 pru-

2115 2299 2377 2364 dentiam,
2416 2297 2627 2368 fuitque
2664 2314 2728 2352 ea
2757 2298 2876 2350 laus
2917 2298 3055 2366 grati
3099 2295 3268 2349 animi
3307 2295 3694 2350 testimonium

2114 2390 2387 2462 quoddam
2417 2409 2429 2443 :
2471 2406 2594 2444 nam
2626 2389 2695 2442 ab
2727 2388 2844 2458 ipso
2874 2394 3092 2442 creatus
3113 2395 3191 2442 est
3221 2388 3415 2452 lector,
3441 2402 3565 2442 cum
3594 2405 3697 2442 an-

2115 2497 2310 2536 norum
2343 2489 2490 2536 esset
2515 2481 2736 2536 circiter
2768 2478 2986 2549 viginti.

2185 2573 2299 2628 VII.
2322 2570 2600 2627 Successit
2622 2570 2927 2641 Porphyrio
2946 2568 3032 2622 vir
3055 2568 3214 2639 longe
3236 2568 3432 2623 melior
3448 2564 3699 2622 Alexan-

2116 2664 2234 2728 der,
2271 2670 2331 2716 ut
2361 2662 2455 2733 qui
2496 2679 2515 2712 σ
2552 2675 2756 2716 severa
2791 2660 2835 2691 “
2868 2659 2992 2715 vita
3025 2658 3338 2729 disciplina,
3383 2658 3572 2713 studio
3603 2674 3701 2712 sa-

2115 2755 2362 2825 pientia,
2416 2760 2657 2824 egestate
2702 2751 3032 2817 voluntaria,
3078 2751 3414 2820 eloquentia,
3464 2751 3705 2820 aliisque

2115 2844 2368 2916 pluribus
2385 2843 2624 2914 Spiritus
2639 2841 2813 2898 sancti
2830 2841 2991 2897 donis
3013 2830 3309 2897 admodum
3327 2842 3642 2898 excelleret.
3673 2861 3696 2892 ι

2117 2936 2214 2991 Hic
2233 2935 2638 2990 Theodoretum
2665 2943 2891 3005 propter
2910 2934 3129 2989 virtutis
3160 2935 3323 2989 simul
3353 2942 3407 2989 et
3430 2934 3706 2989 doctrinae

2116 3024 2432 3096 Opinionem
2480 3025 2773 3080 diaconum
2821 3023 3045 3079 videtur
3085 3023 3391 3090 ordinasse,
3421 3039 3546 3079 cum
3582 3025 3705 3095 jam

2117 3118 2412 3189 legitimam
2444 3126 2660 3173 atatem
2685 3115 2918 3186 adeptus
2943 3123 3109 3172 esset.

2188 3209 2326 3266 γιιι.
2354 3208 2467 3263 Hac
2496 3207 2764 3279 dignitate
2799 3207 3064 3277 praditus
3098 3205 3265 3277 coepit
3298 3221 3386 3261 res
3424 3205 3548 3261 fidei
3583 3214 3702 3260 tra—

2118 3308 2269 3355 ctare
2300 3300 2358 3354 in
2389 3298 2779 3370 congressibus
2812 3314 3009 3369 magna
3038 3298 3398 3368 eloquentia,
3430 3297 3705 3353 eruditio-

2116 3391 2205 3446 nis
2240 3398 2297 3444 et
2334 3389 2644 3444 sanctitatis
2695 3389 2858 3452 fama,
2902 3405 3026 3457 qua
3073 3388 3203 3444 inde
3264 3389 3568 3459 augebatur
3614 3390 3705 3444 vel

2117 3474 2375 3539 maxime,
2399 3474 2545 3544 quod
2569 3489 2695 3528 cum
2720 3475 2992 3544 ascriptus
3012 3484 3160 3531 esset
3180 3475 3237 3529 in
3259 3475 3490 3542 clerum,
3518 3476 3587 3531 de
3620 3477 3703 3530 ri-

2117 3579 2249 3635 gore
2273 3571 2455 3618 tamen
2486 3563 2734 3618 ascetica
2754 3563 3060 3634 disciplina
3090 3564 3227 3619 nihil
3261 3567 3492 3633 remisit,
3518 3582 3707 3636 neque

2118 3655 2452 3710 monasterio
2498 3655 2653 3725 prius
2688 3656 2971 3720 discessit,
3002 3672 3165 3728 quam
3209 3657 3504 3728 cpiscopus
3547 3674 3711 3713 crea-

2118 3754 2274 3801 retur
2297 3745 2374 3811 ¹⁸;
2406 3760 2716 3816 quanquam
2741 3761 2844 3802 nec
2864 3754 2978 3801 tum
3007 3747 3299 3803 asceticam
3324 3749 3493 3803 vitam
3514 3749 3708 3805 vivere

2119 3834 2305 3889 desiit.

2188 3925 2280 3980 IX.
2303 3925 2682 3997 Disputantcm
2715 3926 3082 3982 formidabant
3106 3927 3368 3992 har‘etici,
3391 3928 3484 3998 qui
3507 3927 3706 3983 Antio-

2120 4013 2258 4069 Chia
2305 4021 2439 4070 tunc
2486 4016 2752 4085 temporis
2779 4016 3144 4070 versabantur
3187 4015 3397 4081 Ariani,
3451 4017 3708 4073 Macedo-

2116 4106 2291 4172 niani,
2322 4106 2852 4178 sedApollinarista
2904 4124 3018 4179 pra
3062 4108 3204 4172 aliis,
3237 4118 3527 4178 propterea
3554 4111 3705 4180 quod

2119 4213 2217 4254 eos
2246 4207 2399 4254 tanto
2412 4198 2794 4255 vehementius
2811 4199 3202 4271 expugnandos
3216 4200 3465 4269 putabat,
3490 4207 3702 4270 quanto

2119 4289 2190 4345 ab
2226 4289 2359 4360 ipsis
2386 4290 2566 4360 majus
2615 4288 2742 4343 ﬁdei
2776 4289 3085 4359 periculum
3132 4289 3380 4342 timebat.
3416 4288 3538 4343 Non
3581 4296 3705 4342 erat

450 4376 708 4441 ebenum.
731 4381 751 4399 ⁹
769 4384 825 4430 el
843 4391 956 4431 sua?
979 4376 1178 4440 allatis.
1224 4382 1288 4431 ιιι
1314 4386 1444 4431 ιιιηο
1461 4383 1581 4431 erat
1601 4375 1807 4445 Opinio,
1833 4375 2020 4429 lumen
2052 4398 2096 4454 ι)
2123 4380 2447 4451 imprudens
2468 4381 2631 4435 timor
2665 4399 2678 4433 :
2707 4380 2979 4449 siquidem
3003 4395 3107 4435 nec
3136 4379 3294 4449 pauci
3334 4379 3705 4434 numeraban-

449 4466 732 4524 eximium.
759 4466 964 4521 Ambos
987 4480 1122 4519 vero
1144 4465 1227 4520 sic
1259 4465 1316 4518 in
1345 4480 1404 4520 se
1428 4465 1722 4532 expressit,
1752 4472 1815 4518 ut
1834 4464 2018 4518 Theo-

450 4556 573 4611 dori
593 4570 809 4610 errores
832 4555 1125 4611 infeliciter
1143 4554 1490 4624 postmodum
1511 4554 1885 4625 Chrysostomi
1907 4554 2023 4610 elo-

450 4646 676 4718 quentia
696 4653 846 4702 tanto
871 4645 1254 4717 perniciosius,
1275 4653 1482 4716 quanto
1501 4644 1881 4700 admirabilius
1900 4652 2022 4700 tue—

452 4746 607 4795 retur
638 4740 704 4794 “.
1204 4796 1205 4799 η

521 4832 611 4886 IV.
633 4830 753 4886 Non
780 4831 929 4886 aliud
955 4830 1146 4887 saltem
1170 4828 1329 4883 initio
1353 4826 2018 4896 monasteriumincoluit,

452 4937 617 4991 quam
640 4923 787 4992 quod
820 4921 995 4977 sancti
1018 4918 1280 4989 Euprepii
1307 4918 1612 4985 dicebatur,
1637 4933 1811 4990 prope
1831 4919 2023 4975 Antio-

453 5011 635 5067 chiam
670 5013 932 5082 positum.
978 5012 1093 5067 Nec
1123 5010 1271 5066 enim
1311 5010 1560 5065 exercuit
1602 5024 1725 5066 sese
1762 5011 1954 5081 procul
1990 5027 2021 5066 a

455 5109 650 5168 matre,
675 5118 799 5172 qua
828 5113 885 5158 et
921 5102 1037 5172 ipsa
1058 5101 1415 5157 monasticam
1442 5100 1611 5155 vitam
1642 5101 1883 5172 professa
1912 5112 2018 5169 est,

454 5189 727 5262 siquidem
752 5202 872 5249 erat
909 5193 1132 5249 unicum
1163 5193 1408 5263 parentis
1438 5191 1714 5258 solatium,
1756 5200 1814 5249 et
1859 5194 2021 5249 matri

2123 4479 2235 4537 tur,
2262 4486 2366 4525 nec
2385 4470 2593 4541 eplebe
2623 4469 2760 4534 sola,
2786 4470 2878 4526 sed
2913 4471 3098 4539 plures
3122 4486 3189 4525 ex
3214 4470 3575 4540 primoribus,
3605 4470 3700 4539 qui

2125 4574 2251 4615 cum
2289 4558 2487 4629 opibus
2524 4558 2828 4628 pollerent,
2865 4565 2922 4612 ct
2953 4559 3099 4630 vulgi
3137 4559 3328 4613 oculos
3364 4559 3548 4628 specie
3580 4559 3700 4627 pie-

2125 4650 2255 4707 tatis
2293 4665 2359 4705 ac
2398 4649 2664 4705 doctrina
2687 4649 3142 4721 perstringerent,
3181 4649 3417 4703 occultis
3452 4648 3700 4718 quidem,

2126 4740 2226 4795 sed
2265 4740 2577 4796 numerosis
2620 4739 2957 4795 coitionibus
3012 4737 3300 4792 tradebant
3345 4737 3581 4792 haresin
3635 4737 3713 4791 de

2125 4833 2309 4888 Verbo
2367 4832 2584 4897 divino,
2625 4831 2773 4902 quod
2825 4830 3025 4885 mentis
3075 4829 3329 4884 humana
3373 4829 3591 4882 vicibus
3645 4828 3703 4882 in

2126 4923 2352 4980 Christo
2390 4924 2727 4995 fungeretur.
2758 4922 2874 4987 Illa,
2897 4929 2959 4975 ut
2987 4920 3065 4986 ﬁt,
3090 4919 3308 4975 novitas
3330 4919 3705 4988 accipiebatur

2126 5014 2346 5071 facilius
2398 5016 2468 5070 ab
2518 5013 2870 5078 hominibus,
2912 5027 3052 5083 quos
3092 5020 3148 5067 et
3197 5011 3517 5082 potentibus
3552 5025 3700 5081 spes,

2127 5115 2184 5161 et
2210 5107 2316 5177 piis
2337 5107 2550 5178 religio,
2578 5114 2635 5162 et
2658 5105 2832 5161 doctis
2867 5104 3159 5159 admiratio
3181 5102 3530 5159 conciliabat.
3564 5101 3702 5155 Alli-

2129 5195 2313 5249 ciebat
2337 5210 2554 5265 quoque
2594 5194 2836 5250 suaviter
2877 5194 3089 5251 animos
3113 5194 3272 5265 plena
3300 5191 3588 5246 luminosa
3608 5205 3705 5245 cu-

1805 5372 2117 5431 SCHULZII
2151 5371 2380 5429 NOTAE.

533 5532 575 5609 '_‘
604 5531 1125 5609 Vixdumgeptenuis,
1151 5545 1251 5591 cat
1299 5537 1418 5609 Vid.
1451 5538 1616 5609 epist.
1648 5538 1735 5609 8].
1813 5538 1857 5568 ¹²
1886 5537 2176 5609 Tueretur._
2205 5535 2317 5590 Vid.
2358 5535 2584 5609 Niceph.
2620 5534 2822 5609 lib._iv,
2861 5551 2991 5609 cap:
3015 5537 3101 5591 5-1.
3181 5533 3222 5564 ⁸³
3243 5531 3542 5596 Laudatur,
3578 5541 3703 5609 eaet.

367 5603 372 5607 '
463 5602 773 5676 ῒνξὰηΕξςει,
820 5604 954 5676 Hist.
995 5605 1092 5659 lib.
1132 5623 1186 5666 v.
1224 5623 1346 5676 cap.
1391 5607 1480 5663 35.

1585 5607 1626 5639 "’
1657 5606 1882 5669 Severa’,
1907 5616 2027 5661 cat.
2064 5605 2288 5661 Ibidem.
2368 5606 2410 5636 ¹⁸
2439 5604 2608 5670 Quam
2655 5607 2812 5675 epist.
2846 5604 3076 5672 crIQuo
3121 5615 3365 5672 tempore
3423 5611 3476 5655 ct
3538 5605 3704 5674 cujus

459 5673 726 5743 auspiciis
754 5674 857 5730 hoc
892 5675 1092 5732 factum
1130 5676 1222 5742 sit,
1267 5673 1563 5750 exponitur
1594 5677 1734 5732 intra
1776 5678 1831 5732 in
1877 5675 2007 5731 diss.
2030 5676 2084 5744 Et,
2116 5691 2233 5747 cap.
2273 5677 2320 5729 l.
