3954 6294
205 281 264 342 9'1
1367 279 1729 339 HISTORIA
1770 277 2278 338 THEODORETI.
3373 283 3448 345 9.8

205 388 412 459 jusdam
441 388 726 442 charitatis
747 387 901 458 142
916 388 1087 442 forma
1112 389 1454 457 loquendidc
1469 389 1778 451 Christo,ct
1813 394 1849 447 Α
1944 388 2057 442 ΧΙΙ.
2108 391 2285 458 Atque
2315 388 2430 442 inec
2470 389 2573 443 fuit
2612 390 2776 445 facies
2805 391 3095 462 Cyresti‘cae
3131 393 3442 461 provinciae,

210 477 400 531 divina:
432 477 830 530 incarnationis
854 477 1097 547 mysterii
1135 477 1448 546 explanatio
1480 492 1616 545 pene
1642 475 1775 529 sub-

205 572 338 638 jecta
376 569 652 623 sensibus.
693 569 1080 623 Adliibebatur
1113 569 1260 621 enim
1307 567 1546 622 hominis
1593 583 1777 620 exem-

211 659 372 726 plum,
421 659 566 726 quod
621 658 724 712 sibi
773 659 1003 727 quisque
1034 657 1211 721 daret,
1245 658 1400 726 quasi
1433 658 1670 712 Verbum
1723 657 1777 709 id

209 760 347 803 esset
379 750 434 802 in
464 749 704 812 Christo,
742 749 887 818 quod
938 749 989 802 in
1026 749 1186 803 nobis
1225 750 1470 802 animus:
1501 765 1566 803 ex
1589 765 1698 817 quo
1723 757 1778 802 et

212 841 317 908 ipsa
373 840 540 893 etiam
596 840 753 909 plebs
798 839 1088 894 videbatur
1133 840 1238 894 sibi
1300 840 1603 909 intelligere
1659 846 1776 892 stu-

208 930 440 999 pendunt
470 931 811 1001 mysterium,
842 947 951 999 quo
985 931 1203 984 Verbum
1241 948 1364 984 caro
1398 931 1594 998 factum
1630 938 1773 982 est".

270 1021 400 1074 Erat
458 1038 620 1090 porro
660 1023 1070 1091 Apollinariana
1119 1022 1340 1075 haeresis
1377 1021 1594 1076 Ariante
1645 1035 1776 1089 pro-

207 1127 359 1182 pago,
388 1129 498 1165 non
545 1116 688 1181 quod
723 1113 962 1167 Verbum
1008 1114 1154 1167 Patri
1208 1122 1427 1182 negaret
1475 1113 1774 1182 ὁμοούσιον,

206 1203 294 1255 sed
318 1203 467 1271 quod
501 1204 679 1271 ipsum
713 1213 986 1258 assereret
1017 1203 1069 1256 in
1092 1203 1312 1258 Christo
1340 1203 1508 1257 fuisse
1539 1219 1637 1271 pro
1661 1202 1779 1255 ani-

207 1310 307 1354 ma,
345 1309 455 1346 non
490 1309 554 1347 ea
588 1293 807 1362 quidem
839 1309 960 1361 quae
991 1293 1177 1356 sentit,
1217 1301 1277 1345 ut
1309 1291 1526 1345 Arianis
1553 1291 1778 1344 videba-

206 1393 311 1446 tur,
345 1384 442 1437 sed
489 1400 610 1452 quze
647 1384 918 1452 intelligit,
956 1391 1011 1435 et
1046 1398 1201 1436 mens
1235 1383 1454 1436 dicitur.
1492 1381 1638 1435 Nihil
1677 1381 1779 1434 hac

204 1475 459 1544 opinione
503 1475 556 1527 in
603 1474 842 1543 speciem
883 1473 1224 1543 probabilius
1275 1472 1543 1543 imperitae
1595 1472 1776 1541 plebi,

204 1565 338 1617 nihii
360 1566 726 1634 opportunius
755 1564 819 1617 ad
850 1563 1254 1632 exponendum,
1297 1563 1442 1632 quod
1474 1562 1649 1615 credit
1673 1562 1773 1615 Ec-

202 1656 366 1710 clesia
412 1655 481 1708 de
521 1670 629 1708 una
681 1654 915 1708 duarum
973 1663 1296 1707 naturarum
1354 1652 1664 1723 hypostasi,
1710 1651 1778 1706 de

201 1749 365 1803 Maria
402 1748 655 1820 Deipara,
687 1747 830 1801 etde
864 1748 976 1800 Deo
1008 1748 1062 1800 in
1084 1762 1245 1799 carne
1286 1757 1464 1815 passo.
1509 1737 1518 1742 ’

266 1838 515 1892 Pervidit
564 1837 938 1906 intelligentia:
974 1835 1026 1889 vi
1062 1835 1442 1890 Theodoretus
1487 1833 1779 1888 imminens

200 1928 324 1983 inde
356 1927 484 1983 fidei
509 1927 838 1998 periculum,
873 1927 1019 1995 quod
1055 1934 1116 1979 ut
1151 1926 1477 1980 amoliretur
1529 1937 1778 1994 magnam

198 2028 441 2074 mentem
478 2017 677 2072 acriter
705 2017 779 2071 ita
816 2016 1103 2070 contendit
1134 2016 1238 2069 hoc
1271 2015 1327 2068 in
1364 2015 1662 2084 obiectum,
1704 2014 1779 2068 ita

198 2110 438 2164 versavit
472 2109 656 2163 animo
697 2117 881 2178 partes
912 2123 1104 2162 omnes
1150 2108 1501 2178 argutiasque
1534 2105 1778 2170 hmrcsis,

199 2217 361 2271 quam
397 2201 632 2270 pessime
659 2200 872 2273 oderat,
908 2208 967 2252 ut
998 2199 1051 2252 id
1079 2213 1274 2267 passus
1296 2199 1387 2260 sit,
1421 2197 1567 2266 quod
1603 2197 1782 2251 solent

198 2292 342 2345 oculi
375 2291 737 2345 vehementer
767 2289 948 2344 affecti
979 2306 992 2343 :
1033 2289 1185 2342 visus
1211 2297 1294 2342 est
1332 2303 1530 2357 nempe
1565 2287 1669 2341 sibi
1700 2285 1780 2340 vi-

199 2383 324 2438 dere
361 2390 530 2436 totam
567 2380 745 2450 reipsa
769 2381 1042 2445 lizercsim,
1077 2381 1393 2449 ubicunque
1433 2379 1518 2433 vel
1553 2377 1780 2432 minima

198 2475 414 2544 species
435 2473 742 2542 umbraque
777 2480 1112 2527 occurreret.

267 2567 334 2619 Χ.
378 2565 596 2619 Interea
645 2563 876 2634 contigit
915 2563 1211 2634 Cyrensem
1255 2563 1556 2617 Ecclesiam
1595 2562 1780 2618 orbari

199 2666 447 2726 pastore.
498 2655 816 2710 Theodotus
850 2654 1092 2710 Orientis
1129 2656 1359 2711 antistes
1404 2656 1782 2727 (successerat

201 2749 288 2802 ille
337 2733 683 2819 Alexandro)
725 2756 784 2802 ut
821 2747 1000 2801 viduae
1058 2747 1412 2816 provideret,
1453 2763 1562 2802 non
1609 2747 1779 2801 alium

199 2839 610 2912 praeficiendum
647 2838 859 2908 putavit
889 2853 1052 2907 quam
1087 2837 1531 2901 Theodoretum,
1577 2837 1780 2908 quippe

202 2943 370 2982 unum
416 2928 528 2981 fere
573 2943 758 2996 parem
806 2925 1158 2996 profligandis
1187 2927 1481 2992 ha‘reticis,
1517 2927 1610 2996 qui
1651 2943 1780 2997 pro-

202 3027 319 3086 pter
360 3019 558 3073 Isidori
601 3018 852 3087 praesulis
877 3025 1036 3071 relate
1078 3017 1262 3087 gravis
1293 3017 1585 3080 incuriam,
1617 3016 1779 3070 multi

201 3110 451 3178 variique
496 3109 796 3163 Ecclesiam
845 3109 988 3162 hanc
1040 3109 1240 3162 misere
1286 3108 1576 3162 vexabant.
1617 3109 1782 3163 Belu-

204 3209 441 3254 ctantem
479 3199 665 3270 igitur,
704 3209 758 3254 et
793 3199 903 3268 apti
930 3198 998 3252 ad
1032 3198 1212 3253 studia
1248 3199 1344 3252 otii
1380 3210 1654 3254 amantem
1685 3215 1782 3254 or-

202 3288 376 3350 diuat,
412 3289 692 3358 mittitque
735 3287 959 3359 Cyrum,
998 3297 1059 3342 ut
1095 3303 1284 3357 agrum
1317 3289 1625 3350 excoleret,
1660 3304 1784 3344 sen-

204 3381 373 3444 tibus,
401 3383 418 3399 °
445 3380 595 3450 quod
635 3381 751 3450 ipse
775 3381 872 3444 ait,
905 3381 1145 3450 lolioque
1174 3378 1561 3434 foedissimum.

269 3469 362 3524 XI.
414 3469 597 3524 Posita
645 3477 732 3524 est
781 3469 954 3540 Cyrus
1003 3470 1059 3523 in
1090 3485 1153 3523 ea
1193 3466 1348 3538 parte
1384 3469 1641 3539 Augustae
1672 3467 1785 3523 Eu-

206 3559 520 3630 phratesize,
560 3576 684 3630 quae
726 3561 905 3631 vergit
950 3560 1018 3615 ad
1064 3561 1430 3624 occidentem,
1469 3569 1526 3614 et
1554 3560 1782 3630 pr0pius

204 3649 417 3704 accedit
466 3648 536 3702 ad
572 3664 744 3703 mare.
786 3648 1008 3702 Nomini
1045 3647 1192 3717 quod
1239 3663 1268 3700 a
1309 3646 1450 3717 Cyro
1493 3644 1782 3701 fundatore

205 3742 484 3812 accepisse
519 3739 715 3804 fertur,
753 3754 856 3794 nec
899 3738 1194 3793 celebritas
1239 3736 1423 3800 urbis,
1451 3750 1553 3789 nec
1591 3733 1786 3803 ampli-

203 3833 336 3888 tudo
362 3831 677 3901 respondet.
704 3829 808 3896 Qui
846 3830 995 3884 enim
1034 3837 1243 3898 posset,
1275 3828 1614 3897 importuosa
1652 3839 1782 3880 cum

202 3924 275 3979 sit
321 3931 599 3991 caputque
636 3921 878 3990 regionis
910 3935 1052 3991 qua),
1095 3929 1460 3990 praeterquam
1503 3917 1648 3988 quod
1692 3917 1784 3971 vix

203 4013 550 4083 longitudine
595 4013 914 4067 milliarium
959 4011 1351 4082 quadraginta,
1393 4025 1496 4065 nec
1543 4009 1782 4080 plurium

202 4104 494 4159 latitudine
511 4111 678 4173 patet,
702 4103 867 4156 habet
891 4122 908 4154 ι
931 4111 1144 4156 montes
1169 4102 1371 4156 multos
1389 4109 1444 4154 et
1471 4115 1696 4170 magnos
1718 4101 1781 4164 ¹⁶,

203 4197 404 4265 partim
424 4195 604 4249 nudos
621 4195 864 4259 omnino,
884 4194 1084 4264 partim
1110 4193 1403 4248 arboribus
1430 4190 1784 4245 infructuosis

202 4287 484 4341 consitos?
502 4305 520 4337 ι
551 4285 1032 4354 Complectebatur
1054 4293 1232 4339 tamen
1259 4283 1559 4353 Cyrestica,
1580 4281 1785 4334 mirum

1879 496 2003 534 cum
2049 480 2430 535 Theodoretus
2472 482 2692 537 advenit
2729 501 2740 535 :
2780 498 3092 552 quanquam
3131 485 3444 539 venientem

1878 571 2178 635 solabatur,
2205 571 2350 640 quod
2381 588 2444 625 ea
2481 581 2805 642 tempestate
2845 575 2897 627 in
2929 574 3163 628 desertis
3201 573 3446 630 Orientis

1877 661 2014 714 locis
2051 660 2310 729 frequens
2333 671 2480 716 esset
2519 663 2974 717 anachoretarum
3020 665 3180 732 plane
3209 665 3448 719 admira-

1878 751 2070 805 bilium
2097 767 2207 806 non
2253 753 2546 807 mediocris
2584 754 2899 807 multitudo.
2929 754 3224 825 Cyrensem
3272 757 3448 826 regio-

1877 860 2003 898 nem
2037 845 2423 910 nobilitabant,
2463 854 2522 899 ut
2571 858 2758 900 narrat
2790 847 2906 915 ipse
2944 845 3007 911 ιδ,
3057 847 3239 908 Maris,
3290 849 3449 903 Jaco-

1876 939 2013 1000 bus,
2088 938 2410 1007 Lymna'us,
2485 938 2752 1001 Joannes,
2809 939 3050 1008 Moyses,
3104 940 3445 1003 Antiochus,

1875 1030 2186 1092 Antonius,
2266 1029 2698 1100 Polychronius,
2752 1031 3075 1094 Damianus,
3127 1031 3445 1100 Asclepius,

1875 1129 1932 1174 et
1995 1119 2085 1173 alii
2137 1120 2322 1188 plures
2371 1120 2781 1174 exercitationis
2845 1119 3112 1189 religiosae
3172 1135 3279 1172 non
3336 1126 3445 1172 tam

1877 1213 2146 1281 exempla,
2179 1228 2340 1281 quam
2374 1221 2646 1281 portenta.

1947 1303 2057 1358 Hos
2091 1305 2352 1357 mortales
2381 1305 2602 1373 angelos
2631 1302 2902 1357 invisebat
2941 1317 3105 1370 srepe,
3151 1309 3206 1354 et
3239 1301 3314 1354 illi
3357 1315 3448 1354 ve-

1877 1395 2118 1448 nientem
2144 1394 2493 1464 excipiebant
2521 1395 2808 1463 praesulem
2851 1393 3160 1447 incredibili
3195 1407 3449 1447 reveren-

1877 1485 1951 1539 tia
1977 1493 2031 1538 et
2055 1500 2260 1538 amore.
2299 1483 2382 1538 Ab
2424 1500 2490 1538 eo
2533 1499 2724 1554 magna
2753 1499 2876 1537 cum
2912 1483 3108 1537 fiducia
3153 1482 3445 1552 petebant,

1879 1591 1999 1644 quae
2046 1575 2159 1628 suis
2193 1574 2454 1644 precibus
2497 1574 2582 1627 vel
2635 1582 2905 1635 emerent,
2940 1573 3023 1626 vel
3064 1571 3446 1640 rependerent,

1881 1667 2187 1736 spiritualia
2228 1667 2380 1735 plura
2408 1664 2693 1719 beneficia.
2724 1664 2845 1718 Hme
2881 1665 3021 1717 inter
3045 1663 3252 1716 eminet
3288 1661 3450 1715 Maris

1809 1738 1850 1792 Β
1880 1757 2205 1828 postulatio,
2251 1772 2413 1826 quam
2445 1764 2669 1826 pr0pter
2698 1755 2825 1810 facti
2861 1754 3206 1809 insolentiam
3245 1751 3451 1806 referre

1873 1850 2062 1919 juvat,
2105 1855 2159 1901 et
2193 1848 2414 1917 quidem
2453 1848 2587 1917 ipsis
2635 1846 2966 1901 Theodoreti
3003 1844 3187 1899 verbis
3221 1861 3234 1896 :
3286 1862 3304 1894 ι
3337 1842 3449 1895 Νο-

1878 1946 2098 2012 naginta
2144 1950 2305 1995 natus
2358 1956 2530 1994 annos
2577 1939 2814 1993 cilicinis
2864 1937 3114 1992 vestibus
3155 1935 3446 1995 utebatur,

1879 2047 2017 2100 pane
2049 2046 2111 2084 ac
2145 2031 2256 2084 sale
2306 2029 2522 2084 modico
2550 2029 2714 2083 vitam
2741 2034 3074 2082 sustentans.
3103 2024 3239 2079 Cum
3267 2030 3448 2077 autem

1879 2120 2186 2190 spiritualis
2225 2118 2550 2190 mysticique
2595 2116 2850 2172 sacrificii
2902 2113 3127 2168 videndi
3173 2110 3450 2166 desiderio

1879 2212 2141 2266 diuturno
2184 2219 2487 2276 teneretur,
2539 2215 2824 2280 rogaverat
2857 2217 2917 2262 ut
2958 2205 3071 2259 illic
3116 2203 3288 2258 divini
3320 2200 3449 2255 doni

1881 2302 2036 2357 ﬁeret
2081 2302 2307 2356 oblatio.
2358 2302 2471 2371 Ego
2516 2317 2648 2354 vero
2680 2300 2914 2353 libenter
2963 2293 3362 2364 obtemperavi,
3395 2299 3452 2345 et

1879 2409 2035 2449 sacra
2074 2410 2204 2448 vasa
2241 2392 2429 2447 aﬂerri
2473 2393 2655 2462 jussi:
2699 2404 2804 2444 nec
2846 2387 2993 2442 enim
3041 2384 3233 2456 procul
3261 2383 3453 2437 aberat

1878 2485 2067 2552 locus;
2121 2485 2589 2554 diaconorumque
2628 2481 2884 2536 manibus
2928 2488 3091 2532 utens
3129 2490 3230 2545 pro
3269 2472 3448 2535 altari,

1879 2578 2169 2647 mysticum
2209 2586 2266 2631 et
2307 2576 2555 2630 divinum
2609 2589 2672 2628 ac
2710 2572 2948 2627 salutare
2984 2566 3316 2622 sacrificium
3349 2564 3448 2619 ob-

1881 2669 2002 2723 tuli.
2059 2669 2155 2724 llle
2190 2677 2372 2723 autem
2413 2665 2688 2736 spirituali
2736 2663 2974 2718 refectus
3012 2661 3316 2731 voluptate,
3341 2670 3450 2712 cce-

1879 2761 1994 2816 lum
2028 2762 2206 2831 ipsum
2227 2761 2417 2814 videre
2443 2775 2501 2814 se
2524 2755 2893 2813 existimabat.
2933 2774 2950 2805 ι

1953 2852 2090 2908 Xlll.
2125 2851 2207 2907 Ad
2235 2852 2536 2906 Ecclesiam
2556 2865 2623 2903 eo
2659 2849 2713 2902 in
2752 2855 2896 2902 statu
2936 2844 3170 2915 positam
3197 2840 3451 2895 Theodo-

1881 2952 2034 2998 retus
2067 2944 2300 2997 accessit
2330 2957 2475 2996 anno
2515 2939 2717 2994 Christi
2745 2933 3283 3007 quadringentesimo
3307 2932 3454 2984 vice-

1809 3060 1848 3116 ο
1882 3035 2052 3099 simo;
2099 3049 2210 3101 quo
2253 3039 2501 3102 tempore
2541 3031 2843 3084 Romanam
2899 3025 3202 3080 Ecclesiam
3235 3019 3452 3074 Bonifa-

1881 3122 2001 3176 cius
2048 3120 2303 3190 regebat;
2352 3117 2777 3173 Alexandrinam
2836 3112 3102 3184 Cyrillus;
3154 3108 3451 3164 Antioche-

1880 3226 2006 3265 nam
2049 3208 2388 3274 Theodotus,
2425 3204 2754 3260 Theodoreti
2785 3203 3100 3266 ordinator;
3136 3198 3450 3254 Constanti-

1880 3303 2251 3372 nopolitanam
2282 3299 2518 3362 Atticus,
2544 3298 2633 3352 cui
2657 3295 2932 3352 Sisinnius
2955 3293 3237 3357 successit,
3258 3291 3451 3345 Nesto-

1881 3395 1948 3450 rii
1987 3408 2317 3464 princessor;
2373 3390 2924 3461 Hierosolymitanam
2977 3385 3248 3455 Praylius,
3287 3383 3452 3438 Joan-

1880 3487 1970 3541 nis
2010 3499 2316 3540 successor.
2367 3482 2660 3551 Nunquam
2703 3479 2819 3534 fere
2862 3485 2944 3532 tot
2989 3475 3154 3531 simul
3205 3474 3449 3528 illustres

1881 3576 2154 3632 antistites
2215 3574 2466 3629 maximis
2512 3573 2736 3628 sedibus
2794 3569 3149 3641 praefuerunt.
3212 3564 3448 3635 Cyrillus

1882 3679 2052 3732 certe,
2083 3677 2146 3720 ut
2185 3666 2253 3720 de
2285 3666 2464 3720 tribus
2487 3664 2610 3718 aliis
2636 3663 2826 3718 sileam
2862 3660 2916 3713 in
2941 3657 3184 3713 Ecclesia
3207 3654 3450 3710 celeber-

1883 3759 2056 3822 rimis,
2092 3757 2260 3812 totius
2279 3756 2562 3811 orientalis
2593 3753 2809 3825 imperii
2835 3751 3187 3807 doctissimus
3220 3763 3282 3803 ea
3308 3756 3445 3801 tem-

1883 3859 2094 3921 pestate
2147 3848 2424 3912 audiebat,
2477 3862 2697 3916 suaeque
2741 3844 2886 3900 sedis
2914 3883 2928 3908 ,
2983 3857 3149 3912 quam
3195 3846 3447 3895 octavum

1878 3944 1990 4014 jam
2016 3957 2221 3996 annum
2252 3940 2492 4004 tenebat,
2531 3937 2854 4008 dignitatem
2882 3950 2946 3989 ac
2975 3935 3277 4005 primatum
3311 3929 3452 3984 fama

1884 4033 2110 4104 propria
2135 4039 2192 4086 et
2219 4030 2432 4086 meritis
2456 4027 2820 4084 sustentabat.

2430 4159 2589 4231 ιω,
2619 4158 2769 4213 CAP.
2815 4156 2907 4210 Ill.

1885 4272 1926 4326 1.
1965 4271 2094 4326 Viue
2149 4269 2804 4339 formaﬂin‘episcopqtu.
2856 4261 2921 4339 ll:
2964 4261 3046 4339 An
3076 4259 3455 4339 inoitusoorfii-

1958 4329 2160 4394 natus:
2195 4339 2284 4392 111.
2327 4329 2525 4406 Implet
2580 4329 3011 4406 ofﬁciaﬁperfecti
3069 4329 3450 4406 epis_copi._lV.

202 4377 379 4476 dictu,
608 4375 951 4476 octingentos
981 4393 994 4428 :
1024 4374 1407 4476 adeamilseris
1432 4387 1536 4476 sui
1568 4386 1785 4476 quoque
1821 4399 1860 4452 υ
1958 4374 2172 4463 η
2327 4374 3450 4476 ιὲἔῶἷέναᾌίὲἆίκγῗνὸὲῥιὲι.9ηὶΐϊᾘῶ;ὲὶίε-οὲ;

203 4469 385 4537 patria
415 4467 681 4538 diligitur.
721 4467 826 4522 Tot
875 4476 1024 4522 certe
1055 4467 1428 4522 Ecclesiarum
1475 4463 1786 4518 Theodore-

204 4568 294 4612 tus
349 4559 681 4628 pastoralem
727 4572 914 4612 curam
969 4557 1076 4610 sibi
1112 4557 1405 4611 obvenisse
1446 4554 1616 4609 Leoni
1673 4552 1784 4607 Ma-

201 4666 312 4721 gno
337 4649 532 4704 scribit
563 4651 627 4704 ¹τ.
667 4649 800 4720 Syra
843 4650 958 4704 fere
997 4649 1183 4719 lingua
1221 4648 1518 4704 utebantur
1557 4662 1783 4711 omnes;

200 4741 368 4809 pauci
404 4741 490 4794 vel
529 4741 584 4794 in
613 4741 749 4795 urbe
780 4739 995 4794 Graecas
1047 4739 1273 4794 delicias
1311 4745 1597 4793 noverant.
1626 4736 1787 4790 Vicos

202 4832 398 4899 plures
432 4832 771 4900 occupabant
816 4830 970 4902 143
1002 4829 1246 4884 haeretici
1279 4828 1598 4898 multiplicis
1626 4841 1790 4896 gene-

201 4921 318 4985 ris,
367 4921 465 4975 sed
505 4921 842 4976 Marcionita:
887 4921 1180 4974 maximam
1226 4929 1458 4989 partem.
1518 4917 1583 4970 Hi
1634 4931 1787 4970 suam

204 5010 570 5079 impietatem,
606 5027 715 5080 qua
737 5019 1045 5080 serpentem
1074 5025 1285 5065 aeneum
1320 5009 1593 5071 colebant,
1616 5005 1790 5059 deviis

205 5101 481 5154 montium
502 5100 727 5154 latebris
759 5100 1038 5170 tegebant,
1061 5100 1178 5153 solo
1205 5098 1502 5153 Christiani
1535 5097 1779 5158 nomine,

202 5200 412 5247 extera
449 5193 663 5248 similes
698 5193 1008 5264 gentilibus.
1053 5193 1164 5246 Hos
1213 5191 1456 5262 regionis
1499 5188 1783 5258 asperitas,

205 5292 494 5352 pastorum
513 5285 865 5355 negligentia,
893 5292 1173 5354 etegestas
1199 5297 1293 5337 sua
1321 5282 1628 5336 inaccessos
1650 5278 1783 5331 hac-

205 5383 375 5431 tenus
400 5378 624 5430 fecerat.

281 5481 309 5509 ·
339 5468 495 5523 Joan.
528 5483 568 5533 ι,
614 5467 678 5520 14

2001 4469 2254 4534 rwsertirn
2285 4469 2646 4537 Marcionitas,
2665 4474 2866 4543 ingenti
2900 4469 3077 4543 labore
3107 4476 3161 4543 et
3179 4477 3449 4543 proventu.

2011 4549 2051 4603 l.
2101 4548 2397 4617 Adjuvatur
2435 4537 2754 4617 sanctor-nni
2781 4558 2877 4617 ope
2922 4539 3062 4610 apud
3339 4538 3450 4591 Vll.

1961 4606 2237 4672 Residcn'di
2261 4616 2508 4670 studium.
2547 4614 2682 4667 Vlll.
2710 4606 2886 4666 Etidm
2913 4606 3224 4680 temperatio
3253 4606 3452 4677 Cyren-

1955 4690 2096 4743 sibus
2127 4687 2380 4756 providet.
2425 4684 2513 4737 IX.
2549 4683 2661 4736 Imo
2706 4691 2753 4734 ct
2789 4677 3035 4756 cateruis.
3069 4678 3138 4731 Χ.
3159 4677 3312 4756 _Viros
3346 4693 3462 4728 cati-

1965 4760 2094 4812 mios
2125 4749 2267 4809 cultu
2294 4763 2594 4824 prosecutus
2645 4760 2742 4824 est,
2791 4750 2880 4803 sed
2932 4749 3224 4824 prgzseitim
3273 4761 3456 4824 mono-

1963 4831 2100 4881 chos.
2153 4826 2244 4879 XI.
2294 4815 2503 4878 'Amicos
2559 4821 2882 4875 consolatur.
2932 4815 3046 4871 XII.
3093 4815 3224 4870 Cum
3274 4815 3456 4867 vicinis

1957 4897 2205 4967 episcopis
2231 4909 2410 4967 pacem
2429 4900 2622 4967 servat.
2652 4886 3140 4945 Xlll.Concionibus
3168 4891 3217 4937 et
3247 4885 3456 4954 scriptis

1960 4964 2227 5022 haereticos
2265 4964 2574 5032 insequitur.

2284 5070 2360 5121 Ab
2383 5082 2508 5119 anno
2528 5066 2703 5120 Christi
2728 5065 2811 5114 lll
2873 5063 2931 5112 ad
2951 5061 3059 5110 427.

1959 5180 2000 5233 1.
2027 5177 2202 5243 Quam
2233 5175 2355 5229 vitae
2393 5172 2626 5228 formam
2664 5168 2865 5240 praesul
2896 5165 3156 5228 tenuerit,
3182 5174 3456 5232 quamque

1891 5272 2006 5325 suis
2049 5268 2264 5323 clericis
2294 5265 2617 5322 servandam
2652 5262 2958 5318 tradiderit.
3006 5266 3192 5312 narrat
3227 5256 3280 5309 in
3310 5255 3456 5308 litte-

1893 5364 1970 5416 ris
2001 5361 2068 5416 ad
2102 5361 2358 5414 Nor-ium.
2403 5376 2420 5409 ι
2462 5355 2597 5411 Cum
2622 5353 2845 5416 invitus,
2878 5351 3056 5420 inquit
3083 5350 3148 5414 ",
3173 5346 3457 5402 ordinatus

1567 5525 1876 5584 SCllULle
1913 5521 2138 5579 ΝΟΤᾸΕ.

281 5655 331 5684 ⁸⁸
357 5653 580 5715 Montes,
623 5659 741 5704 eaet.
795 5650 919 5705 Vid.
953 5650 1115 5719 epist.
1149 5649 1234 5705 42.
1316 5649 1356 5680 ¹⁷
1388 5645 1501 5702 Scr.
1535 5645 1651 5700 Vid.
1679 5642 1837 5714 epist.
1866 5640 1986 5694 115.
2078 5639 2120 5670 ¹⁸
2147 5636 2286 5708 Ipse.
2324 5633 2444 5690 Vid.
2481 5627 2730 5695 Philam,
2760 5640 2878 5694 cap.
2912 5623 2981 5679 20
3004 5633 3060 5680 ct
3101 5637 3213 5692 seq.
3294 5619 3334 5649 "
3365 5616 3479 5685 In:

201 5725 348 5796 quit.
379 5724 500 5780 Vid.
549 5721 714 5794 epist.
769 5719 854 5775 81.
