3954 6294
532 265 598 327 90
1644 274 2023 335 GARNERII
2061 274 2560 342 DISSERTATIO
2597 283 2646 343 Ι.

3678 288 3779 355 100

531 388 730 439 essem,
761 390 935 431 annos
962 377 1154 447 viginti
1179 379 1420 447 quinque
1460 379 1534 433 ita
1575 381 1707 446 vixi,
1734 391 1796 436 ut
1844 399 2023 454 neque
2053 383 2108 438 in
2141 395 2180 446 Α
2211 388 2478 459 episcopi,
2533 404 2698 460 quam
2757 392 3051 459 Apostolus
3110 388 3399 448 Timotheo
3441 394 3469 435 δ
3515 404 3573 451 et
3600 396 3724 454 '[ito
3752 410 3773 439 ε

531 464 619 534 ius
648 474 876 520 vocatus
901 465 1004 521 sim
1030 482 1065 530 a
1085 481 1384 535 quoquam,
1413 483 1592 538 neque
1627 470 1743 541 ipse
1775 489 2113 545 quemquam
2207 482 2535 548 przescribit,
2575 482 2724 536 omni
2757 483 2981 552 quidem
3005 499 3071 538 ex
3104 494 3260 554 parte
3293 488 3650 556 expressisse,
3683 492 3774 546 sed

531 554 857 609 accusarim.
918 556 1114 609 Nullus
1168 555 1703 625 religiosissimorum
1755 564 2104 630 clericorum,

531 644 627 713 qui
661 644 763 698 sub
792 660 880 699 me
910 644 1151 710 fuerunt,
1198 647 1497 703 tribunalia
1538 658 1619 705 tot
1659 654 1817 708 annis
1850 655 2109 725 frequen-

532 734 686 789 tavit.
719 735 842 789 Non
872 734 1117 800 obolum,
1147 752 1258 791 non
1281 749 1491 795 vestem
1522 757 1552 795 a
1580 758 1855 813 quoquam
1881 748 2102 817 accepi;

529 840 726 895 panem
765 841 936 879 unum
971 828 1058 880 vel
1082 843 1246 884 ovum
1284 832 1470 887 nullus
1498 833 1926 891 domesticorum
1951 854 2105 893 meo—

532 933 652 971 rum
683 919 898 987 accepit
953 936 1194 989 unquam
1228 940 1241 975 :
1274 932 1474 993 praeter
1523 928 1866 995 panniculos,
1903 931 2107 1001 quibus

528 1010 765 1064 amictus
790 1026 934 1077 sum,
960 1014 1099 1068 nihil
1131 1015 1279 1069 volui
1314 1018 1619 1086 possidere.
1659 1039 1678 1071 ι

596 1100 663 1155 ll.
688 1100 845 1167 Quod
880 1118 937 1158 se
969 1104 1204 1159 invitum
1241 1107 1558 1162 ordinatum
1594 1125 1714 1164 esse
1741 1112 1952 1179 scribit,
1986 1129 2106 1169 cre-

527 1191 764 1247 diderim
790 1209 892 1264 ego
919 1196 1143 1265 quidem
1159 1197 1338 1261 facile,
1371 1209 1597 1270 propter
1617 1202 1717 1256 viri
1741 1204 2061 1259 modestiam
2086 1224 2099 1259 :

533 1283 630 1339 sed
662 1287 998 1355 suspicacior
1022 1288 1160 1342 alter
1190 1288 1375 1343 forsan
1409 1290 1538 1345 inde
1572 1293 1919 1348 occasionem
1959 1297 2102 1349 arri-

532 1375 714 1443 puerit
762 1378 1044 1446 quaerendi
1098 1380 1230 1447 quid
1277 1381 1349 1435 sit
1398 1381 1533 1436 illud
1586 1383 1806 1437 tandem
1850 1385 1996 1454 quod
2045 1388 2101 1442 in

530 1465 848 1545 episcopatu
873 1466 1101 1539 Cyrensi
1121 1470 1502 1526 'l‘heodoretus
1519 1472 1820 1543 refugerit?
1846 1475 1930 1529 An
1955 1477 2101 1545 quod

524 1544 821 1626 episcopus
864 1558 1044 1614 foret?
1097 1561 1178 1615 An
1226 1562 1372 1631 quod
1423 1562 1716 1633 Cyrensis?
1761 1544 2099 1621 Dubitationi

524 1647 712 1711 favet,
761 1651 909 1719 quod
941 1651 1241 1707 identidem
1283 1654 1550 1724 glorietur
1586 1672 1645 1711 se
1684 1659 1908 1728 majoris
1952 1661 2100 1715 sedis

2205 584 2270 624 ea
2289 586 2403 639 pra:
2423 571 2658 637 caeteris,
2681 586 2788 642 qua
2814 573 3074 628 Ecclesiae
3091 575 3377 644 praesulem
3405 584 3552 631 vetat
3577 579 3776 635 Paulus

2204 675 2326 715 esse
2352 662 2675 732 litigiosum,
2711 664 2998 734 turpisque
3023 666 3162 720 lucri
3196 667 3478 735 cupidum,
3510 677 3566 723 et
3593 686 3776 725 aman-

2207 759 2314 806 tem
2337 755 2606 822 pecuniaa,
2655 755 2753 810 sed
2785 756 3056 821 sobrium,
3091 757 3351 826 pudicum
3385 766 3441 813 et
3469 759 3773 826 doctorem,

2203 843 2492 897 veritatem
2551 844 2752 900 docere
2796 847 3032 918 populos
3077 846 3183 901 sibi
3229 848 3490 915 creditos,
3541 851 3777 921 benigne

2203 936 2506 991 errantium
2554 938 2844 1005 misereri,
2892 953 3017 993 cum
3080 939 3340 995 omnibus
3395 956 3585 1011 pacem
3656 957 3776 997 ser-

2203 1042 2353 1080 vare.

2272 1117 2360 1171 IV.
2401 1117 2676 1184 Quantum
2724 1120 3082 1176 abhorruerit
3112 1121 3383 1187 alitibus,
3436 1122 3689 1194 lucrique
3718 1135 3779 1180 et

2202 1224 2370 1279 Opum
2400 1212 2724 1282 cupiditate,
2773 1214 2887 1284 jam
2922 1224 3203 1269 ostensum
3245 1223 3360 1282 est;
3412 1230 3518 1285 qua
3566 1216 3780 1271 sobrie-

2205 1308 2313 1356 tate
2341 1303 2560 1369 vixerit,
2612 1320 2830 1374 quaque
2869 1306 3142 1372 castitate,
3172 1322 3293 1377 quae
3325 1307 3643 1362 sobrietatis
3679 1323 3777 1363 co-

2203 1408 2339 1459 mes,
2372 1395 2476 1450 etsi
2500 1405 2688 1464 aperle
2718 1396 2903 1452 dicere
2931 1397 3155 1469 fugerit,
3201 1413 3268 1453 eo
3303 1406 3486 1454 tamen
3515 1400 3649 1455 satis
3687 1401 3779 1454 i11~

2201 1487 2325 1542 nuit
2382 1488 2551 1558 quod,
2584 1506 2710 1544 eum
2754 1490 3081 1545 Abraamem
3112 1490 3441 1561 scripsisset,
3485 1498 3777 1562 postquam

2201 1595 2269 1635 ex
2293 1580 2625 1636 anachoreta
2644 1582 2825 1637 factus
2847 1589 2933 1636 est
2951 1581 3238 1637 Carrensis
3267 1583 3526 1637 Ecclesia:
3550 1584 3775 1652 pra-sul,

2201 1670 2338 1724 nihil
2397 1671 2466 1726 de
2524 1672 2706 1743 rigore
2771 1672 3023 1728 ascetieae
3077 1673 3384 1743 disciplina:
3444 1674 3725 1729 remisisse
3758 1693 3775 1728 :

523 1740 828 1809 cupiditate
859 1759 969 1797 non
1006 1745 1201 1800 ardere
1239 1762 1252 1798 :
1287 1745 1339 1799 id
1370 1747 1517 1800 enim
1558 1748 1899 1816 gloriationis
1927 1766 2099 1820 genus
2133 1730 2171 1782 Β
2208 1780 2226 1811 ‹
2262 1760 2395 1833 Ego,
2447 1730 2627 1831 inquit
2670 1764 2737 1828 ²¹,
2773 1763 2828 1817 id
2861 1764 3188 1830 admiratus,
3219 1730 3385 1835 lquod
3414 1774 3623 1821 mutato
3650 1767 3780 1822 vita;

524 1835 675 1888 credi
716 1837 853 1890 solet
884 1838 1106 1893 latentis
1147 1840 1265 1893 viti1
1298 1849 1395 1894 aut
1434 1841 1678 1896 studiosa
1708 1843 2094 1911 dissimulatio,

523 1934 620 1979 aut
668 1937 860 1996 aperta
892 1928 1059 1983 etiam
1112 1931 1387 1985 confessio
1422 1948 1436 1984 :
1482 1948 1608 1985 nam
1644 1941 1706 1986 ut
1739 1949 1922 1988 mores
1970 1944 2098 1990 sunt

520 2015 834 2083 hominum,
871 2023 887 2039 ‘
924 2030 1088 2089 prout
1119 2021 1353 2092 quisque
1395 2025 1603 2093 majore
1641 2026 2011 2081 mendacitatc
2041 2036 2097 2083 et

518 2106 822 2162 ambitione
865 2109 1101 2175 laborat,
1147 2128 1270 2166 cum
1305 2113 1530 2168 minime
1575 2117 1820 2169 omnium
1874 2116 2091 2184 debeat,

519 2197 594 2252 ita
643 2214 700 2253 se
750 2201 929 2270 jactat
980 2202 1352 2271 importunius
1404 2206 1654 2260 veritatis
1709 2217 1984 2263 amantem
2038 2216 2095 2265 et

517 2298 951 2358 contemptorem
974 2292 1179 2361 gloriae.
1213 2293 1356 2358 Quin
1378 2295 1544 2348 etiam
1579 2295 1933 2365 interpretari
1962 2315 2092 2367 pos-

518 2386 604 2432 set
638 2380 840 2449 aliquis
876 2383 1188 2450 sequiorem
1220 2385 1274 2438 in
1326 2394 1571 2454 partem,
1633 2388 1781 2456 quod
1836 2390 2091 2447 docuisse

517 2483 577 2522 se
604 2478 791 2523 narrat
832 2470 1139 2526 Antiochia:
1175 2488 1270 2527 sex
1303 2489 1478 2529 annos
1507 2476 1611 2529 sub
1646 2476 1950 2545 Theodoto,
1987 2480 2091 2535 sub

515 2555 729 2613 Joanne
764 2559 1053 2624 tredecim,
1084 2570 1294 2630 septem
1317 2563 1421 2618 sub
1444 2565 1674 2619 Domno.
1719 2566 1916 2623 Annon
1940 2570 2088 2624 enim

514 2646 642 2702 inde
673 2656 859 2718 posset
880 2665 980 2705 sua
1005 2651 1350 2708 confessione
1393 2655 1572 2709 teneri
1617 2671 1766 2721 reus,
1800 2668 1895 2712 aut
1932 2675 2087 2715 men-

514 2736 853 2803 daciunculi,
902 2740 1048 2808 quod
1076 2740 1163 2794 vix
1194 2742 1530 2809 putandum;
1579 2753 1676 2799 aut
1719 2746 2083 2815 ambitiosius,

511 2842 677 2897 quam
717 2829 1037 2900 episcopum
1071 2847 1184 2887 sua:
1227 2834 1375 2888 sedis
1416 2836 1722 2891 studiosum
1751 2839 1963 2904 deceat,
1995 2858 2089 2897 ex-

510 2918 695 2987 petita:
731 2918 1205 2977 Antiochenorum
1238 2924 1571 2981 audientiae?
1596 2928 1656 2982 ld
1701 2945 1834 2985 vero
1866 2941 2083 3001 postre-

510 3021 661 3060 mum
706 3009 1064 3075 credibilius,
1109 3011 1227 3066 sive
1276 3013 1331 3067 id
1376 3014 1572 3071 fecerit
1625 3020 1818 3088 patria:
1876 3023 2058 3079 studio

508 3113 674 3166 quam
717 3098 1038 3169 frequenter
1078 3102 1342 3158 inviseret
1372 3106 1609 3163 duorum
1646 3110 1913 3167 duntaxat
1958 3114 2079 3170 die-

506 3203 632 3243 rum
663 3188 862 3245 itinere
892 3190 1188 3247 distantem
1228 3193 1371 3264 Cyro
1398 3214 1412 3250 :
1443 3198 1556 3252 sive
1589 3200 1886 3255 Ecelesiam
1925 3219 2080 3261 suam

506 3293 618 3332 non
666 3278 1065 3334 nobilissimam
1102 3281 1394 3348 fastidiret,
1429 3285 1483 3339 in
1523 3304 1629 3356 qua
1658 3292 1847 3358 paucis
1876 3293 2080 3352 Graeca:

506 3369 719 3425 deliciae
759 3379 1048 3440 saperent;
1100 3372 1218 3426 sive
1265 3376 1483 3430 tandem
1521 3380 1746 3448 plausus
1774 3383 2077 3442 alienarum

506 3460 728 3513 urbium
754 3470 989 3530 optaret.
1011 3462 1146 3516 Nam
1168 3463 1291 3530 quis
1313 3476 1578 3533 praestans
1597 3478 1783 3525 orator
1802 3489 1911 3527 non
1932 3485 2078 3532 amet

505 3551 737 3605 famam?
787 3561 882 3606 aut
926 3568 1047 3621 qua:
1090 3554 1444 3618 existimatio,
1478 3557 1524 3611 si
1561 3560 1878 3616 continetur
1918 3565 2073 3637 145

504 3641 673 3706 domi,
705 3651 981 3697 mereatur
996 3644 1162 3699 fama;
1184 3647 1425 3701 nomen?
1447 3647 1607 3704 Certe
1638 3666 1747 3705 non
1773 3653 2073 3714 Antiochia:

506 3741 739 3798 tantum,
778 3735 882 3790 sed
920 3736 1085 3790 etiam
1131 3737 1337 3792 Beroea:
1386 3738 1645 3810 frequens
1691 3742 1815 3809 fuit,
1860 3760 2071 3802 sermo-

502 3840 710 3894 uesque
735 3826 948 3892 habuit,
974 3842 1113 3897 quos
1145 3837 1201 3883 et
1231 3845 1427 3901 magna
1456 3833 1738 3902 voluptate
1763 3837 1949 3893 clerici
1975 3856 2070 3895 au—

502 3916 708 3982 dirent,
735 3926 791 3974 et
816 3920 932 3989 ipse
955 3921 1292 3991 perlibenter
1322 3923 1632 3981 effunderet
1660 3945 1673 3981 :
1707 3928 1783 3993 id,
1814 3945 1937 3999 quae
1967 3932 2070 3987 hu-

500 4023 674 4063 manae
695 4010 893 4065 mentis
916 4013 1160 4078 vanitas,
1191 4013 1260 4068 de
1288 4014 1675 4073 Beraaensibus
1697 4026 1952 4076 testatum
1978 4040 2066 4078 re-

497 4100 678 4169 liquit.
734 4100 870 4156 Cum
916 4103 1062 4157 enim
1108 4115 1349 4175 quatuor
1394 4123 1587 4164 causas
1637 4111 1932 4179 attulisset,
1964 4130 2064 4170 cur

497 4200 723 4247 mutuus
773 4193 918 4248 inter
947 4210 1005 4250 se
1047 4204 1103 4250 et
1149 4197 1470 4253 Beroeenses
1527 4216 1681 4255 amor
1731 4203 2066 4260 exsisteret?

502 4302 523 4335 ι
553 4282 610 4339 Si
638 4285 824 4351 vultis,
869 4287 1049 4357 inquit
1095 4288 1161 4354 ’°,
1193 4290 1447 4358 quintum
1479 4290 1679 4356 dicam,
1719 4308 1840 4362 qua:
1867 4294 2064 4365 lingua:

2199 1852 2452 1908 instituto
2480 1855 2651 1908 vitam
2673 1871 2783 1909 una
2813 1870 2924 1910 non
2966 1857 3214 1921 mutarit,
3243 1873 3424 1927 neque
3465 1858 3777 1913 molliorem

2196 1946 2375 2001 victus
2396 1947 2665 2002 rationem
2695 1947 2751 2001 in
2774 1948 3095 2019 episcopatu
3120 1957 3345 2004 secutus
3369 1950 3461 2015 sit,
3489 1950 3586 2005 sed
3611 1966 3776 2006 asce-

2198 2041 2337 2096 ticos
2390 2041 2607 2096 labores
2664 2041 3000 2113 adiunxerit,
3054 2041 3111 2095 in
3164 2043 3559 2097 monachorum
3614 2044 3775 2099 illum

2195 2131 2425 2186 historia
2459 2134 2734 2197 recensui,
2779 2141 2836 2188 et
2867 2132 2938 2187 ab
2977 2133 3195 2199 ordine,
3249 2149 3413 2204 quem
3463 2134 3771 2201 adamarat,

2194 2238 2305 2277 non
2339 2225 2587 2295 scjunxi,
2628 2232 2687 2278 ut
2732 2224 2827 2295 qui
2867 2225 3009 2280 hanc
3057 2241 3278 2295 quoque
3325 2225 3770 2281 benedictionem

2193 2322 2467 2383 expetam.
2502 2333 2519 2366 ι
2553 2313 2766 2380 Quibus
2797 2315 2978 2371 verbis
3012 2315 3343 2371 imitatorem
3380 2332 3438 2371 se
3477 2316 3772 2372 Abraamis

2191 2406 2455 2476 prodidit.

2260 2499 2331 2554 Et
2374 2515 2507 2555 vero
2547 2515 2672 2555 cum
2716 2500 3013 2571 aliquando
3042 2503 3283 2559 venisset
3329 2503 3397 2558 ad
3443 2513 3769 2561 sanctorum

2190 2598 2496 2646 aseetarum
2534 2602 2757 2659 coetum,
2793 2594 2932 2649 nihil
2964 2595 3066 2666 ipsi
3092 2596 3402 2666 appositum
3442 2604 3546 2662 est,
3573 2613 3765 2667 quam,

2188 2698 2298 2753 quo
2323 2684 2402 2738 uti
2455 2686 2680 2741 solitum
2707 2688 2931 2753 scirent,
2956 2690 3077 2743 lens
3116 2705 3319 2759 nempe
3349 2688 3656 2745 madefacta
3695 2689 3767 2744 ad

2186 2778 2455 2843 edulium,
2503 2785 2559 2833 et
2606 2794 2747 2848 aqua
2779 2779 2846 2834 ad
2884 2789 3098 2851 potum.
3136 2780 3290 2835 Adde
3328 2780 3473 2851 quod
3501 2788 3768 2850 paternas

2188 2887 2321 2942 opes
2343 2887 2473 2926 sane
2495 2872 2860 2941 amplissimas
2884 2872 3223 2943 pauperibus
3244 2873 3471 2943 largitus
3499 2873 3590 2937 sit,
3610 2873 3767 2942 quod

2186 2964 2493 3034 panniculis
2523 2964 2695 3035 magis
2720 2980 2884 3034 quam
2915 2964 3166 3020 vestibus
3210 2964 3561 3029 amiciretur,
3610 2964 3766 3035 quod

2065 3066 2079 3090 ν
2109 3065 2152 3124 c
2188 3054 2244 3108 in
2274 3056 2477 3110 sanctis
2502 3055 2918 3124 despicientiam
2952 3071 3137 3115 rerum
3168 3055 3235 3110 ad
3267 3071 3466 3126 corpus
3507 3066 3768 3126 spectan—

2188 3144 2325 3199 tium
2356 3144 2708 3199 continenter
2737 3154 2793 3199 et
2823 3159 2964 3214 pene
2995 3143 3307 3214 importune
3341 3144 3612 3209 laudaret,
3647 3161 3766 3216 quo

2187 3236 2328 3292 facto
2364 3237 2535 3293 videri
2580 3244 2785 3308 potest,
2828 3252 2896 3291 ex
2937 3237 3130 3303 animi,
3162 3246 3223 3292 ut
3252 3237 3331 3303 fit,
3362 3237 3653 3293 affectione
3682 3238 3766 3293 lo-

2184 3338 2366 3393 cutus,
2397 3339 2453 3384 et
2476 3346 2534 3385 se
2568 3330 2804 3384 aliorum
2829 3329 2986 3399 quasi
3015 3328 3292 3384 coloribus
3313 3327 3646 3398 depinxisse.

2252 3421 2315 3476 ν.
2347 3420 2450 3476 Ubi
2478 3420 2717 3489 primum
2749 3419 2980 3473 accessit
3003 3419 3071 3473 ad
3104 3418 3310 3483 sedem,
3338 3418 3613 3474 indefesso
3640 3427 3765 3475 stu-

2182 3509 2274 3564 dio
2305 3510 2556 3565 incubuit
2598 3510 2652 3564 in
2689 3509 2846 3580 146
2876 3510 3193 3578 parochiam
3217 3509 3286 3563 ab
3320 3509 3597 3565 haereticis
3625 3526 3759 3580 pur-

2179 3601 2447 3672 gandam;
2479 3601 2680 3670 quibus
2711 3616 2839 3654 vero
2867 3600 3153 3654 laboribus
3184 3608 3240 3654 et
3264 3614 3374 3669 quo
3404 3600 3759 3665 fructu,l\’o-

2179 3706 2268 3744 mo
2289 3692 2333 3722 ”
2364 3690 2632 3760 exponit.
2670 3709 2688 3742 ι
2726 3690 2909 3753 Vicos,
2945 3689 3127 3758 inquit
3171 3691 3239 3753 ",
3283 3697 3408 3744 octo
3455 3691 3761 3746 Marcionis

2177 3779 2371 3834 haeresi
2403 3786 2711 3848 corruptos,
2745 3794 2852 3833 una
2891 3793 3015 3832 cum
3064 3777 3263 3832 vicinis
3308 3778 3463 3843 locis,
3497 3779 3563 3833 ad
3594 3780 3756 3834 veri-

2176 3878 2342 3925 tatem
2387 3870 2640 3923 nolentes
2667 3868 2896 3940 perduxi
2922 3886 2935 3922 :
2961 3869 3145 3924 vicum
3179 3870 3347 3924 alium
3384 3872 3758 3928 Eunomianis

2174 3959 2460 4023 refertum,
2487 3967 2542 4013 et
2570 3958 2734 4013 alium
2757 3958 2995 4025 Arianis,
3023 3959 3222 4015 divina:
3254 3962 3584 4031 cognitionis
3621 3963 3756 4019 luce

2174 4050 2477 4116 illustravi;
2506 4049 2829 4120 nullumque
2855 4050 2999 4120 apud
3023 4066 3146 4115 nos,
3177 4051 3275 4106 Dei
3300 4051 3592 4118 beneficio,
3624 4053 3752 4109 hee-

2174 4138 2313 4193 resis
2340 4137 2529 4193 lolium
2563 4139 2816 4195 relictum
2855 4149 2959 4195 est.
3001 4142 3191 4212 Neque
3219 4158 3350 4198 vero
3374 4142 3477 4197 ista
3499 4142 3618 4199 sine
3649 4159 3757 4215 pe-

2172 4230 2362 4285 riculis
2385 4231 2645 4300 praestiti;
2688 4232 2787 4287 sed
2824 4232 2948 4288 fuso
2976 4233 3302 4303 plerumque
3340 4233 3625 4304 sanguine,
3659 4236 3752 4290 la-

2171 4319 2392 4391 pidatus
2425 4319 2494 4375 ab
2533 4321 2614 4375 eis
2650 4337 2915 4392 persarpe,
2963 4332 3020 4377 et
3061 4322 3129 4377 ad
3182 4322 3329 4391 ipsas
3379 4322 3495 4377 orci
3549 4333 3750 4393 portas

496 4374 564 4429 ad
593 4390 760 4432 aures
788 4385 874 4431 est
899 4378 1215 4449 conjunctio
1243 4396 1256 4432 :
1287 4379 1379 4434 illa
1407 4381 1609 4451 quippe
1639 4382 1805 4437 verba
1830 4386 2060 4454 profert,

2190 4374 2195 4375 γ
2378 4374 2481 4375 ην
2544 4374 2607 4375 η
2650 4374 2914 4392 πψτη
2972 4374 3016 4377 _-
3064 4374 3128 4377 π
3551 4374 3748 4393 τμη-

2193 4409 2457 4479 mpulsus.
2511 4430 2528 4462 ι
2585 4406 2782 4466 Decem
2811 4412 3257 4467 Mareionitarum
3287 4412 3456 4467 millia
3493 4429 3523 4467 a
3556 4429 3615 4469 se
3636 4413 3748 4469 ba—

493 4465 580 4520 hte
608 4482 741 4521 vero
784 4467 1107 4536 excipiunt:
1135 4469 1382 4523 eamdem
1417 4479 1474 4523 et
1514 4486 1618 4527 nos
1659 4472 1930 4528 habemus
1961 4492 2060 4530 vo-

493 4558 735 4624 hiscum;
760 4574 859 4612 vos
874 4558 1077 4613 etenim
1101 4574 1227 4613 cum
1246 4561 1525 4631 voluptate
1544 4578 1825 4618 sermones
1841 4578 2062 4625 nostros

489 4648 714 4710 auditis,
766 4654 822 4702 et
871 4664 973 4719 ego
1015 4649 1266 4719 exiguam
1304 4649 1448 4704 hanc
1479 4651 1677 4706 stillam
1723 4656 2060 4723 perlibenter

489 4741 547 4796 in
570 4755 668 4795 vos
699 4739 949 4796 ellundo.
981 4761 1000 4794 ι

558 4830 645 4885 Ill.
674 4831 875 4885 Verum
917 4832 1035 4886 haec.
1062 4831 1419 4888 humanitatis
1455 4837 1641 4905 potius
1667 4853 1828 4908 quam
1857 4843 2054 4899 volun-

488 4921 615 4975 tatis
644 4932 886 4991 peccata,
918 4931 978 4976 ut
1004 4922 1162 4976 facile
1188 4924 1323 4979 viris
1348 4926 1566 4983 eximiis
1594 4930 1891 4988 condonari
1923 4952 2053 5006 pos-

483 5013 615 5074 sint,
655 5014 782 5083 quia
814 5014 971 5068 facile
1012 5013 1156 5069 inter
1185 5016 1409 5085 plausus
1452 5020 1789 5092 subrepunt;
1833 5027 1909 5083 ita
1941 5046 2052 5086 non

489 5104 879 5168 obstiterunt,
926 5106 1221 5173 quominus
1298 5123 1397 5177 pro
1453 5111 1714 5181 dignitate
1762 5133 2048 5187 personam

489 5195 740 5265 praesulis
769 5195 1113 5251 sustinuerit.
1148 5198 1379 5254 Videtur
1421 5204 1568 5258 enim
1618 5207 1672 5261 in
1722 5224 1780 5264 se
1817 5211 2046 5271 formam

548 5369 575 5410 ιι
608 5366 623 5420 Ι
667 5371 805 5424 Tim.
847 5388 925 5436 111,
946 5372 999 5426 δι
1077 5383 1099 5411 ο
1135 5373 1243 5429 Tit.
1271 5391 1306 5438 1,
1342 5375 1453 5430 7-9.

2169 4499 2372 4568 ptismo
2398 4499 2567 4555 tincta
2598 4499 2707 4555 alio
2744 4501 2799 4555 in
2820 4502 2942 4557 loco
2969 4496 3136 4557 refert
3160 4503 3206 4534 “
3237 4520 3249 4555 :
3282 4510 3429 4557 tanta
3461 4503 3564 4558 fuit
3584 4504 3750 4560 labo-

2169 4592 2247 4647 ris
2278 4608 2490 4648 merces
2511 4633 2525 4659 ,
2577 4601 2726 4648 tanta
2761 4595 3055 4665 pugnantis
3098 4609 3268 4663 usque
3306 4593 3375 4648 ad
3409 4595 3744 4665 sanguinem

2164 4701 2197 4815 1c
2199 4700 2562 4826 amilalﬁeque
2596 4755 2796 4810 mirum
2838 4769 2904 4810 eo
2939 4758 3209 4825 proventu
3255 4754 3435 4824 colligi
3488 4754 3741 4813 fructum

2162 4845 2454 4914 potuissea
2491 4852 2719 4899 strenuo
2741 4844 2970 4908 cultore,
3000 4843 3088 4897 cui
3135 4843 3305 4897 sancti
3346 4843 3739 4914 prodigiorum

2155 4935 2464 5001 effectores,
2515 4935 2732 5005 ipsique
2770 4934 3000 4997 caelites,
3037 4943 3093 4988 et
3134 4934 3441 5004 praesertim
3478 4935 3738 5005 Baptista

2152 5029 2391 5084 Joannes
2441 5027 2862 5083 collaborarent.
2919 5025 3054 5079 Rem
3099 5026 3215 5095 ipse
3264 5033 3472 5091 narrat,
3524 5026 3620 5080 ubi
3659 5027 3737 5083 de

2149 5120 2356 5174 Jacobo
2390 5119 2797 5185 Thaumaturgo
2820 5116 3029 5169 scribit.
3062 5135 3080 5166 ε
3106 5116 3382 5186 Rog‘abam
3411 5117 3610 5187 ipsum,
3636 5118 3736 5172 in-

2152 5213 2273 5282 quit
2297 5212 2364 5276 ”,
2389 5211 2625 5273 enixius,
2649 5216 2709 5262 ut
2738 5210 2908 5263 Deum
2937 5208 3321 5263 universorum
3341 5212 3551 5273 oraret;
3582 5209 3735 5265 mihi

1801 5480 2110 5538 SUHULZII
2146 5482 2376 5539 ΝΟΤΑΣ.

543 5583 815 5678 ξζξξίιξιῖιέ
852 5586 1976 5678 v'ingpiff-LY5-l.:“Ph§{ot£.,cap.nf7.
2053 5600 2302 5678 “ng10.
2345 5599 2445 5657 Ed.
2489 5601 2641 5671 prior
2670 5599 3258 5660 habebat‘Eutreohio.
3337 5606 3382 5638 κ
3410 5605 3588 5678 Epist.
3617 5609 3726 5669 ει.

474 5653 835 5726 ιιΕρῑειηες.
887 5653 1066 5728 (Ασάξ
1100 5657 1261 5728 epist.
1313 5660 1459 5735 ηδ.)
1535 5653 1744 5721 "11m.
1785 5653 1957 5739 ἐειίρζ,
2006 5653 2129 5739 cap.
2156 5653 2243 5724 21;
