3954 6294
210 293 299 362 101

1368 288 1731 348 HISTORIA
1768 286 2278 347 THEODORETI.

3355 287 3458 350 102

211 415 267 459 ut
311 409 556 472 segetem
604 401 751 456 loliis
795 413 1019 453 vacuam
1064 395 1337 458 redderet,
1390 395 1727 462 liberamque
1754 408 1783 446 a
1814 395 1855 450 A
1886 403 2080 444 nactus
2123 407 2322 455 essem,
2374 388 2757 460 aqumductunt
2807 390 3050 456 condidi,
3090 400 3145 446 et
3179 402 3455 447 carentem

215 493 514 548 seminibus
552 491 962 545 hmretieorum.
1010 487 1260 556 Angebat
1306 485 1452 540 enim
1497 500 1583 538 me
1614 483 1783 537 vehe-

215 595 424 639 menter
463 583 794 638 exsecrandi
818 581 1108 635 Marcionis
1130 594 1308 643 error,
1341 577 1430 645 qui
1459 591 1784 645 magnopere

215 675 532 730 invaluerat.
592 672 687 726 Ille
736 681 917 725 autem
963 667 1260 724 obtestanti
1305 666 1438 719 mihi
1484 683 1494 717 :
1539 665 1637 718 Net
1682 681 1780 728 me,

213 765 404 834 inquit,
449 781 541 818 nec
583 763 690 816 alio
723 763 863 832 apud
905 761 1074 815 Deum
1109 760 1198 812 tibi
1251 775 1378 828 Opus
1433 766 1504 810 est
1537 759 1658 809 inte'
1684 773 1784 809 tes-

209 874 358 920 sore;
395 872 668 909 summum
701 855 856 908 habes
885 853 1172 914 Joaimem,
1233 850 1384 903 Verbi
1433 865 1626 910 vocem,
1682 847 1780 900 Do—

211 948 334 1000 mini
391 961 797 1015 praecursorem,
856 945 945 1012 qui
975 945 1069 996 hoc
1098 957 1190 1011 pro
1223 949 1271 992 te
1299 940 1612 1008 deprecatur
1655 939 1780 991 usi-

211 1046 326 1090 due.
362 1058 378 1087 ι

273 1129 489 1194 Quanta
532 1127 616 1179 vis
645 1125 787 1179 foret
817 1123 1082 1194 ejusmodi
1109 1138 1334 1192 precum
1366 1123 1448 1178 ad-
1473 1126 1487 1141 ⁹
1519 1137 1776 1176 coercen-

207 1217 332 1272 dum
366 1219 696 1279 daemonem,
732 1231 799 1268 ne
831 1231 942 1284 pne
983 1214 1209 1276 invidia,
1245 1229 1352 1281 qua
1397 1213 1776 1281 rumpebatur,

207 1307 478 1361 laboranti
525 1305 853 1367 obsisteret,
903 1311 1121 1357 ostento
1175 1303 1321 1358 Deus
1371 1300 1777 1356 Theodoretum

205 1397 509 1452 admonuit.
564 1416 582 1446 ς
627 1395 788 1450 Venit
840 1393 1158 1463 aliquando,
1210 1393 1394 1461 inquit
1415 1392 1481 1457 ³⁸,
1517 1393 1584 1448 de
1620 1402 1778 1446 nocte

205 1490 440 1543 exitialis
483 1489 704 1557 quidam
763 1487 998 1546 daemon,
1049 1494 1105 1539 et
1140 1485 1275 1556 Syra
1319 1487 1552 1554 loquens
1597 1500 1771 1538 voce:

204 1581 338 1645 Quid
382 1579 522 1632 heus
552 1588 604 1630 tu
631 1578 832 1630 bellmn
860 1577 1006 1646 geris
1032 1592 1156 1629 cum
1184 1576 1454 1630 Marcione
1475 1577 1495 1628 ?
1519 1575 1630 1628 Cur
1656 1587 1766 1629 tan-

204 1671 323 1722 dem
380 1685 506 1722 cum
559 1668 650 1720 illo
692 1667 830 1719 hanc
874 1680 1110 1734 pugnam
1146 1664 1478 1732 suscepisti?
1509 1663 1647 1729 Quid
1685 1663 1775 1718 ille

206 1760 300 1812 tibi
358 1757 638 1814 lliOlCSliiB-
679 1756 914 1810 creavit?
949 1755 1156 1808 Bcllare
1197 1754 1419 1817 desine,
1457 1753 1772 1807 inimicitias

203 1847 434 1917 depone.
485 1858 576 1900 aut
631 1845 970 1914 experientia
1010 1845 1209 1908 disces,
1254 1854 1518 1913 quantum
1567 1845 1769 1898 bonum

201 1939 268 1990 sit
309 1940 489 2006 quies.
525 1938 675 1990 Scito
737 1935 883 1989 enim
932 1936 1076 2004 quod
1109 1945 1158 1990 te
1190 1937 1297 2005 jam
1340 1935 1551 2004 pridem
1581 1936 1770 1989 confo-

202 2033 436 2094 dissem,
491 2031 595 2084 nisi
659 2041 954 2100 martyrum
1014 2029 1244 2083 chorum
1288 2045 1410 2082 cum
1461 2029 1668 2084 Jacobo
1718 2040 1770 2084 te

204 2123 605 2177 custodientem
633 2123 911 2176 vidissem.
953 2121 1076 2176 llam
1097 2138 1198 2192 ego
1231 2122 1435 2185 audivi,
1463 2131 1518 2175 et
1557 2123 1772 2176 cuidam

201 2231 229 2268 e
274 2216 662 2278 familiaribus,
703 2215 795 2284 qui
829 2218 978 2285 juxta
1035 2215 1360 2277 dormiebat,
1393 2215 1643 2278 Audime,
1687 2221 1772 2267 in-

201 2321 382 2372 quam,
433 2321 550 2374 qua:
604 2306 895 2356 dicuntur?
925 2305 991 2357 Et
1025 2305 1116 2357 ille
1151 2322 1162 2356 :
1197 2303 1408 2367 Omnia,
1440 2305 1635 2373 inquit,
1674 2323 1771 2358 au-

201 2396 333 2456 diri;
389 2404 437 2446 et
493 2411 612 2448 cum
662 2410 876 2463 surgere
921 2392 1122 2456 liberet,
1172 2402 1228 2445 ut
1262 2394 1568 2464 dispicerem
1599 2405 1645 2446 et
1685 2411 1772 2447 εοε-

200 2503 500 2556 gnoscerem
548 2487 662 2556 quis
713 2485 1036 2556 loqueretur,
1080 2495 1171 2539 tua
1205 2503 1366 2540 causa
1407 2487 1600 2549 destiti,
1635 2487 1774 2556 quod

203 2590 249 2629 te
295 2578 531 2630 dormire
588 2577 914 2631 arbitrabar.
961 2576 1260 2648 Surgentes
1293 2576 1458 2645 igitur
1505 2577 1684 2641 anibo,
1718 2585 1775 2630 et

202 2668 732 2738 circumspicientes,
786 2683 888 2722 nec
937 2677 1147 2722 motum
1200 2667 1384 2730 ullius,
1435 2683 1538 2721 nec
1586 2683 1773 2721 vocem

203 2760 534 2813 :‘ulivimus.
582 2759 762 2813 Verba
807 2775 970 2828 porro
1011 2760 1100 2811 illa
1147 2759 1437 2811 nobiscum
1488 2757 1775 2811 audierant

199 2852 290 2905 alii
345 2866 568 2920 quoque
622 2849 929 2904 domestici.
990 2849 1240 2903 Intellexi
1299 2864 1428 2918 ergo
1476 2858 1773 2918 martyrum

201 2944 430 2997 chorum
466 2944 534 2996 ab
564 2959 628 2998 eo
663 2944 769 2997 dici
801 2944 1078 3014 lecythnm
1122 2943 1248 3008 olei,
1287 2944 1380 3012 qui
1427 2944 1708 2996 collectam
1744 2957 1774 2995 a

1886 479 2046 546 aquis
2076 479 2354 532 civitatem
2381 478 2540 548 aquis
2578 479 2804 547 replevi.
2851 499 2868 530 ι

1958 566 2100 632 Quin
2142 567 2308 621 etiam
2355 569 2422 621 de
2479 568 2726 622 levandis
2771 569 3035 623 oneribus
3069 585 3192 623 cum
3223 570 3452 624 Pulche—

1883 658 1962 712 ria
1995 659 2233 728 Augusta
2261 660 2371 728 egit
2406 676 2504 728 per
2535 661 2769 724 litteras,
2818 661 3186 715 miserabilem
3220 663 3456 716 civitatis

1883 756 2084 802 statum
2128 746 2386 801 ﬂebiliter
2425 765 2705 817 exponens
2756 751 2823 812 '9,
2873 749 2960 802 cui
3013 765 3210 818 nempe
3272 770 3288 802 ε
3343 761 3450 804 tam

1882 853 2052 907 grave
2081 854 2222 893 onus
2247 840 2622 903 incumbebat,
2659 851 2717 894 nt
2749 850 2804 894 et
2828 841 3026 910 prandia
3054 843 3221 895 multa
3248 843 3458 897 colonis

1881 931 2139 985 destituta
2169 940 2372 993 essent,
2401 932 2569 984 multa
2606 931 2769 984 etiam
2802 947 2830 985 a
2858 933 3270 1000 possessoribus
3305 935 3458 1001 peni-

1883 1029 1971 1074 tus
2010 1021 2225 1074 descrta
2263 1038 2276 1073 :
2323 1030 2380 1075 et
2431 1038 2530 1090 pro
2578 1022 2664 1074 his
2708 1022 3064 1075 nihilominus
3099 1023 3455 1091 exigerentur

1882 1111 2248 1165 infelicissimi
2277 1111 2626 1177 decuriones,
2653 1113 2768 1181 qui,
2801 1115 3144 1166 exactionem
3180 1115 3322 1167 ferre
3342 1131 3452 1168 non

1880 1203 2144 1266 valentes,
2175 1202 2375 1271 partim
2412 1204 2814 1268 mendicarent,
2844 1205 3039 1273 partim
3073 1204 3198 1273 fuga
3229 1219 3286 1257 se
3326 1205 3456 1258 sub-

1881 1295 2166 1349 ducerent.
2205 1314 2222 1345 ι

1949 1386 2088 1451 Quid
2128 1386 2273 1454 quod
2315 1386 2586 1441 laboranti
2629 1387 2836 1440 civitati
2882 1386 3182 1449 medicum,
3223 1402 3332 1455 quo
3362 1402 3452 1440 ca-

1880 1478 2056 1542 rebat,
2106 1478 2322 1546 aliaque
2381 1478 2650 1548 ejusmodi
2705 1479 2894 1546 plura,
2950 1492 3072 1545 quae
3113 1478 3332 1546 longum
3370 1492 3455 1530 re-

1876 1573 2039 1637 ferre,
2099 1574 2451 1643 procuravit.
2503 1575 2688 1626 animo
2735 1572 3139 1628 admirabiliter
3199 1574 3446 1638 liberali,

1875 1676 2044 1729 egens
2071 1661 2207 1729 ipse,
2246 1670 2305 1714 ut
2331 1661 2422 1714 alii
2455 1661 2817 1716 abundarent.

1943 1752 2033 1804 lX.
2091 1753 2274 1820 .‘ieque
2333 1769 2465 1806 \‘CIO
2517 1753 2848 1807 Theodoreti
2906 1754 3266 1808 benetlccntia
3317 1768 3451 1807 con-

1875 1849 2018 1895 tenta
2047 1841 2150 1895 fuit
2193 1842 2483 1912 Cyrcstit-m
2526 1844 2744 1907 finibus,
2793 1853 2848 1899 et
2881 1860 3099 1898 suarum
3133 1845 3448 1898 facultatum

1871 1933 2033 1986 modo
2062 1953 2072 1986 :
2105 1934 2199 1987 sed
2224 1936 2465 1988 extendit
2490 1951 2547 1989 se
2575 1937 2759 1998 latius,
2801 1937 3142 2005 aliarumque
3165 1938 3448 2006 regionum

1872 2034 2113 2094 egentes,
2152 2041 2290 2094 quos
2330 2026 2445 2080 suis
2486 2043 2593 2079 non
2639 2036 2872 2096 poterat,
2913 2028 3214 2080 amicorum
3250 2029 3449 2096 opibus

1867 2117 2056 2186 juvit:
2110 2124 2275 2172 testes
2335 2117 2597 2186 epistolae,
2647 2119 2850 2186 quibus
2897 2119 3117 2172 divitias
3151 2119 3265 2172 sive
3311 2135 3448 2188 quas

1873 2220 2158 2277 acceperat
2189 2225 2216 2262 a
2245 2210 2564 2278 parentibus
2609 2210 2992 2278 amplissimas,
3037 2211 3150 2263 sive
3184 2227 3320 2280 quas
3341 2211 3446 2281 Cy-

1874 2301 2048 2354 tensis
2081 2301 2322 2354 Ecclesia
2366 2317 2476 2354 non
2523 2301 2829 2354 medioeres
2873 2301 3208 2370 possidebat.
3241 2317 3447 2370 paupco

1873 2392 2025 2447 ribus
2073 2409 2131 2447 se
2174 2393 2430 2462 largitum
2469 2393 2626 2445 fateri
2665 2393 2958 2461 aliquando
2984 2403 3207 2447 coactus
3237 2403 3352 2456 est,
3391 2402 3447 2447 et

1873 2490 2096 2548 amicos.
2127 2498 2184 2541 ut
2210 2489 2351 2542 idem
2373 2489 2635 2547 facerent.
2656 2488 2855 2541 litteris
2880 2488 3236 2543 vehementer
3259 2488 3447 2541 incen-

1873 2580 1983 2641 dit;
2011 2579 2154 2646 quod
2183 2595 2282 2631 suo
2307 2587 2551 2648 tempore
2583 2579 2951 2632 narrabimus.

1945 2667 2012 2720 Χ.
2046 2667 2287 2720 Fuerunt
2310 2668 2409 2719 ista
2436 2667 2562 2720 boni
2594 2667 2696 2719 viri
2744 2667 2948 2729 officia,
2995 2667 3109 2720 hch
3152 2667 3442 2736 prudentis

1875 2757 2036 2812 simul
2064 2767 2117 2810 ct
2138 2758 2464 2811 cliaritatem
2492 2758 2776 2811 sectantis.
2801 2759 2869 2812 [ι
2891 2774 3162 2826 quemque
3197 2769 3444 2822 noverat,

1874 2847 1958 2899 vel
1977 2846 2280 2900 sanctitatis
2303 2846 2442 2899 fama
2465 2846 2760 2907 celebrem,
2796 2848 2879 2898 vel
2910 2847 3158 2900 doctrina
3188 2849 3444 2910 nobilem,

1874 2938 1957 2990 vel
1984 2938 2310 2991 auctoritate
2341 2938 2632 3006 pollentem
2655 2978 2668 3000 ,
2701 2938 2773 2990 ita
2807 2939 2977 3006 ipsius
3024 2940 3320 2993 amicitiam
3358 2957 3448 2994 ca-

203 3035 389 3089 multis
438 3035 769 3106 martyribus
816 3035 1254 3089 benedictionem
1316 3034 1604 3088 continens
1627 3073 1640 3097 ,
1705 3033 1769 3086 ad
1801 3063 1842 3118 Ο
1877 3027 2063 3095 piabat
2101 3046 2112 3078 ι
2153 3026 2286 3094 quid
2320 3027 2469 3079 enim
2499 3027 2688 3078 utilius
2712 3027 2764 3078 in
2790 3043 3006 3080 mnncm
3043 3029 3169 3080 vita:
3199 3030 3448 3096 partem?

202 3127 404 3181 lectum
441 3143 624 3180 meum
669 3143 968 3196 suspensus
1020 3134 1138 3181 erat
1169 3144 1180 3179 :
1214 3125 1317 3180 sub
1363 3125 1541 3194 capite
1589 3131 1770 3177 autem

203 3235 323 3273 meo
366 3220 548 3289 magni
575 3219 766 3274 Jacobi
797 3231 956 3273 vetus
1004 3218 1108 3272 fuit
1151 3219 1398 3287 pallium,
1447 3216 1593 3286 quod
1640 3216 1772 3269 mihi

201 3313 437 3366 validius
462 3322 582 3366 erat
607 3311 750 3366 vallo
773 3311 1019 3381 quodam
1045 3309 1417 3364 adamantino.
1469 3329 1485 3359 ι

275 3424 431 3494 147
471 3425 582 3478 \‘ll.
625 3425 762 3479 Dum
789 3425 864 3478 ita
913 3425 1059 3479 Deus
1091 3423 1287 3492 coeptis
1319 3423 1545 3485 faveret,
1593 3421 1776 3494 Theo-

203 3513 426 3566 dorctus
481 3513 725 3566 vicissim
778 3513 976 3566 divinae
1040 3513 1176 3582 legis
1234 3526 1447 3564 memor
1494 3493 1771 3564 assiduam

204 3605 548 3672 prmsentiam
597 3605 872 3674 parochiae
918 3604 1230 3658 exhibebat.
1275 3604 1410 3657 Nam
1449 3602 1551 3656 etsi
1581 3601 1773 3655 Antio-

204 3695 336 3748 chiae
386 3694 624 3749 subinde
681 3695 911 3749 haberet
964 3695 1279 3757 conciones,
1318 3693 1536 3762 quoties
1578 3707 1774 3760 nempe

202 3785 512 3849 adveniret,
539 3801 597 3839 se
631 3794 812 3839 tamen
847 3794 1006 3856 negat
1038 3801 1277 3854 unquam
1307 3784 1615 3846 advenisse,
1641 3785 1774 3852 quin

205 3876 469 3928 tractoria
517 3884 810 3929 vocaretur
845 3876 910 3929 ad
944 3875 1202 3946 synodos,
1250 3890 1280 3928 a
1327 3874 1530 3943 quibus
1585 3873 1776 3927 abesse

198 3967 352 4020 nefas
421 3977 586 4020 esset.
633 3985 651 4016 ς
715 3967 941 4021 Noverit
975 3965 1294 4036 magnitudo
1351 3974 1442 4018 tua
1517 3964 1771 4036 (Nonium

197 4059 498 4128 alloquitur
539 4058 630 4127 ’7),
678 4073 764 4111 me
801 4072 902 4111 nec
933 4068 1180 4127 tempore
1214 4055 1518 4110 beatissimi
1568 4055 1774 4110 sancti-

198 4166 306 4218 que
363 4149 665 4212 Theodoti,
723 4163 824 4204 nec
857 4148 958 4204 sub
997 4148 1168 4202 beatae
1207 4147 1486 4202 memoriae
1523 4147 1730 4202 Joanne
1758 4186 1773 4211 ,

200 4257 299 4296 nec
371 4242 477 4295 sub
546 4240 891 4295 sanctissimo
957 4239 1217 4309 episc0po
1283 4237 1508 4294 domino
1565 4237 1778 4290 Domno

198 4343 395 4401 sponte
453 4347 573 4385 mea
616 4331 851 4386 intrasse
899 4329 1283 4393 Antiochiam,
1332 4327 1427 4381 sed
1488 4324 1778 4394 quinquies

197 4437 262 4476 ac
340 4422 522 4476 sexies
605 4431 858 4475 vocatum
959 4421 1051 4474 vix

199 4520 420 4573 autem,
472 4519 532 4564 ut
603 4511 977 4566 ecclesiastico
1035 4509 1231 4564 canoni
1275 4508 1631 4575 obsequerer,
1679 4507 1774 4576 qui

197 4620 355 4658 reum
424 4603 615 4656 haberi
657 4603 819 4671 jubet
866 4616 1029 4666 eum,
1081 4599 1176 4669 qui
1229 4597 1296 4652 ad
1341 4597 1607 4668 synodum
1675 4612 1774 4652 v0-

198 4704 356 4748 eatus
399 4693 592 4748 adesse
636 4694 891 4748 noluerit.
941 4713 959 4744 ι
993 4692 1193 4747 Verum
1244 4691 1342 4743 ista
1380 4689 1588 4753 videre,
1634 4704 1774 4757 quo-

198 4785 367 4838 modo
409 4799 534 4838 cum
573 4784 956 4854 superioribus
1005 4791 1170 4852 atque
1211 4782 1377 4836 etiam
1420 4781 1778 4849 sequentibus

196 4885 326 4944 apte
353 4875 686 4938 cohaereant,
714 4890 823 4929 non
869 4883 952 4928 est
981 4874 1220 4928 hominis
1243 4881 1524 4941 utcunque
1548 4873 1772 4926 oculati.

273 4988 413 5040 Vill.
479 4988 604 5042 Suis
650 4987 984 5058 Cyrensibus
1034 4987 1177 5040 bona
1235 4985 1399 5040 etiam
1455 4984 1775 5054 temporalia

199 5077 467 5147 providit.
510 5095 528 5128 ‹
573 5078 827 5132 Publicas
865 5077 1132 5147 porticus,
1170 5075 1349 5144 inquit
1384 5075 1450 5137 ’⁸,
1485 5089 1551 5127 ex
1581 5073 1774 5127 rediti-

198 5169 310 5222 bus
342 5168 732 5222 eeclesiasticis
775 5168 946 5231 erexi,
974 5175 1170 5236 pontes
1211 5166 1350 5220 duos
1379 5165 1642 5218 maximos
1678 5180 1775 5217 ex-

196 5258 400 5322 struxi,
449 5257 773 5312 balnearum
817 5257 1166 5327 publicarum
1220 5271 1405 5310 curam
1453 5255 1615 5324 gessi,
1650 5270 1772 5308 eum

196 5365 264 5403 ex
315 5348 552 5402 alluente
594 5348 817 5402 ﬂumine
877 5365 1042 5417 aquas
1097 5348 1440 5402 haurientem
1496 5345 1772 5399 civitatem

1944 3138 2127 3192 Coluit
2177 3138 2230 3191 in
2265 3138 2487 3207 primis,
2537 3146 2598 3190 ut
2625 3144 2833 3206 patrem
2856 3179 2870 3199 ,
2906 3138 3162 3192 Acacium
3195 3140 3450 3195 Bermcn-

1874 3244 2012 3293 sem,
2047 3244 2281 3297 eumque
2315 3244 2424 3282 non
2467 3228 2709 3281 laudavit
2757 3236 2964 3280 tantum
3009 3229 3161 3282 velut
3190 3232 3449 3299 apostoli-

1875 3335 1998 3374 cum
2021 3321 2218 3379 virum,
2256 3319 2351 3373 sed
2374 3319 2536 3372 etiam
2568 3319 2773 3388 pressis
2817 3319 2976 3389 148
3011 3321 3255 3389 vestigiis
3291 3337 3450 3375 secu-

1877 3419 1963 3464 tus
1994 3419 2076 3464 est
2109 3420 2364 3477 tanquam
2403 3409 2527 3462 vitm
2563 3409 2781 3465 ducem.
2812 3408 2987 3462 Coluit
3032 3408 3240 3476 pariter
3275 3409 3444 3464 Joan-

1875 3517 2003 3555 nem
2033 3501 2456 3562 A'ntiochenum,
2476 3508 2529 3552 et
2551 3509 2772 3569 propter
2787 3499 3076 3561 cathedrze,
3093 3498 3180 3552 cui
3205 3501 3445 3564 suberat,

1876 3591 2218 3660 dignitatem,
2257 3599 2311 3643 et
2343 3597 2402 3643 ut
2435 3599 2704 3643 amantem
2736 3591 3063 3646 redamaret.
3095 3590 3450 3643 ctimmeusis

1875 3682 1960 3735 sui
2001 3681 2255 3734 laudibus
2310 3679 2518 3733 cultum
2574 3680 2922 3748 rependeret.
2973 3679 3155 3734 Coluit
3194 3679 3450 3733 similiter

1867 3773 2142 3828 Andream
2184 3771 2623 3832 Samosatenum,
2659 3772 2837 3825 virum
2888 3779 3002 3825 toto
3041 3769 3263 3826 Oriente
3314 3772 3450 3826 cele-

1876 3866 2034 3920 brem
2063 3905 2076 3928 ,
2129 3864 2222 3933 qui
2273 3864 2535 3918 adversus
2586 3863 2821 3931 capitula
2861 3862 3046 3932 Cyrilli
3090 3861 3450 3917 Orientalium

1875 3958 2096 4011 nemine
2148 3959 2486 4028 objectiones
2518 3960 2759 4029 scripsit.
2795 3959 2936 4025 Quin
2977 3967 3032 4012 et
3061 3958 3449 4013 Constantino-

1875 4049 1982 4118 poli
2008 4051 2304 4103 multorum
2329 4051 2621 4104 amicitiam
2662 4052 2924 4119 appetiit,
2955 4051 3116 4102 etiam
3140 4058 3443 4118 potentum,

1876 4141 1970 4193 sed
1999 4157 2188 4194 eorum
2233 4143 2485 4206 maxime,
2530 4143 2623 4211 qui
2664 4143 2914 4196 Nestorio
2956 4140 3224 4203 faverent,
3267 4141 3450 4210 cujus-

1878 4229 2023 4282 modi
2098 4230 2401 4285 Antiochus
2463 4232 2751 4299 praefectus
2803 4228 3058 4299 praetorio
3112 4237 3166 4283 et
3219 4231 3446 4296 consul,

1877 4315 2114 4370 Irenaeus
2135 4332 2338 4381 eomes,
2363 4319 2564 4386 aliique
2596 4319 2797 4387 plures.

1153 4419 1426 4489 paruisse,
1506 4392 1774 4471 bal-ciba";
1806 4392 1853 4450 ί)
1949 4405 2052 4460 Sed
2099 4408 2272 4461 voluit
2308 4410 2361 4461 in
2414 4409 2606 4477 primis
2645 4409 2820 4463 videri
2864 4409 3268 4464 necessitudine
3313 4424 3448 4463 con-

1876 4499 2100 4569 junctus
2120 4514 2242 4553 cum
2261 4500 2617 4556 sanctissimis
2633 4501 2940 4571 quibusque
2965 4501 3266 4565 monachis,
3286 4517 3450 4570 quam

1882 4598 1943 4643 ut
1970 4597 2305 4655 ostentaret,
2347 4606 2454 4644 non
2502 4591 2886 4645 defunctorum
2913 4592 3094 4651 modo.
3121 4593 3451 4662 quibuscum

1881 4679 2224 4736 familiariter
2258 4683 2487 4752 egisset,
2525 4682 2620 4737 sed
2659 4682 2964 4737 viventium
3013 4699 3231 4753 quoque
3272 4684 3450 4737 admi-

1883 4769 2086 4823 randos
2113 4785 2315 4839 agones
2345 4772 2623 4825 memoriae
2657 4772 2936 4827 mandavit
2970 4791 2982 4825 :
3017 4782 3180 4841 atque
3213 4773 3326 4826 ha-c
3367 4782 3456 4831 est

1883 4860 2148 4929 Religiosa
2205 4862 2447 4916 Historia
2482 4906 2494 4928 ,
2545 4864 2634 4918 cui
2689 4863 2964 4919 Philol/reo
3026 4881 3226 4919 nomen
3272 4865 3451 4934 impo-

1881 4951 2008 5004 suit.

1952 5068 2268 5123 Ahsentiam
2307 5072 2627 5136 amicorum,
2657 5088 2794 5143 quos
2826 5073 3130 5128 Antiochia:
3165 5072 3454 5126 discedens

1884 5161 2207 5230 reliquerat,
2243 5162 2520 5217 solabatur
2550 5165 2759 5220 crebris
2794 5182 2892 5235 per
2919 5166 3133 5220 littera:
3165 5165 3450 5218 salutatio-

1883 5251 2068 5314 nibus,
2103 5250 2266 5321 idque
2293 5254 2590 5321 praesertim
2629 5271 2781 5310 more
2814 5256 2991 5325 gentis
3025 5263 3146 5324 post
3181 5255 3453 5308 solemnes

1881 5342 2017 5408 dies,
2050 5343 2166 5396 sive
2194 5347 2206 5364 ⁴
2227 5345 2520 5410 nascentis,
2551 5346 2666 5400 sive
2701 5347 3035 5416 resurgentis
3065 5345 3452 5400 Christi.lliue

1553 5493 1748 5550 SCllUl
1765 5492 1863 5546 .le
1902 5491 2128 5547 ΝΟΤᾸΞ.

271 5656 321 5688 ’⁸
349 5656 490 5711 Hist.
530 5654 711 5725 retig.,
750 5669 864 5722 cap.
888 5655 977 5708 Ἦ.
1052 5655 1098 5684 ’⁷
1126 5654 1294 5722 Epist.
1325 5652 1412 5705 8|.
1490 5652 1532 5681 ⁸⁸
1560 5649 1698 5704 lbid.

1776 5651 1817 5681 ¹⁹
1849 5648 2026 5712 Epist.
2054 5647 2142 5703 45.
