3954 6294
489 261 589 322 103

1542 257 1917 319 GARNERII
1955 256 2451 318 DISSER'I‘ATIO
2490 256 2540 314 Ι.

3649 253 3749 319 104

489 383 568 427 tot
589 369 928 425 heortasticae
961 370 1205 440 cpistola:
1236 368 1540 422 etiamnum
1586 368 1896 431 habentur,
1939 367 2065 438 qui—
2099 378 2141 433 Α
2171 383 2289 432 nos,
2327 367 2423 436 qui
2458 375 2514 420 et
2558 365 2807 418 Anomaei
2849 363 3175 420 dicebantur
3199 383 3213 432 ;
3240 364 3616 423 Macedonium
3647 369 3747 422 tri-

486 463 610 525 bus,
647 461 753 518 etsi
792 460 1133 515 brevissimae
1189 459 1319 520 sint,
1369 464 1430 510 ut
1491 456 1846 511 salutationes
1888 458 2063 521 decet,

487 553 623 606 nihil
645 560 738 605 aut
769 549 1037 604 urbanius
1072 548 1310 602 inveniri
1341 555 1547 617 potest,
1587 556 1684 601 aut
1725 548 2063 618 elegantius,

485 643 771 697 autetiam
803 640 974 710 magis
1006 640 1177 709 pium.

554 735 644 789 Xl.
688 732 1020 788 Eorumdem
1080 731 1382 785 amicorum
1433 729 1653 784 casibus
1696 728 2064 790 afﬁciebatur,

485 826 714 895 perinde
737 839 799 878 ac
823 823 958 887 suis,
991 822 1140 893 quod
1162 823 1404 877 hominis
1425 822 1624 876 eximie
1659 821 1882 891 benigni
1911 839 1923 874 :
1949 821 2068 874 haec

486 932 650 971 causa
693 916 816 979 fuit,
840 931 941 970 cur
967 915 1368 970 consolatorias
1400 914 1614 967 litteras
1649 912 1910 982 frequens
1935 913 2071 967 scri-

487 1008 663 1068 heret,
687 1007 948 1076 episcopo
969 1005 1194 1076 quidem
1227 1005 1445 1075 dignas,
1495 1005 1590 1059 sed
1624 1004 1850 1058 humani
1886 1013 2069 1058 tamen

487 1111 684 1151 sensus
719 1111 830 1149 non
859 1095 1071 1150 inanes.
1105 1094 1247 1160 Quid
1284 1095 1583 1148 humanius
1615 1093 1702 1148 his
1739 1092 1807 1146 ad
1832 1093 2068 1148 Alexan-

486 1189 643 1241 dram
656 1187 1052 1242 nobilissimam
1071 1188 1329 1241 feminam
1347 1186 1624 1240 verbis”?
1651 1205 1668 1236 ι
1699 1185 1754 1240 Si
1769 1200 1947 1248 casus,
1974 1185 2069 1254 qui

491 1279 589 1333 tibi
626 1279 846 1343 accidit,
883 1279 1052 1333 solam
1084 1286 1338 1332 naturam
1378 1277 1787 1332 considerarem
1810 1314 1824 1338 ,
1852 1291 2069 1345 egerem

488 1377 545 1423 et
589 1385 691 1440 ego
730 1369 846 1439 ipse
880 1369 1350 1433 consolatoribus,
1392 1384 1504 1423 non
1549 1368 1726 1423 solum
1759 1367 1906 1438 quod
1948 1383 2070 1422 mea

489 1476 611 1515 esse
646 1460 868 1525 ducam,
913 1476 1035 1530 quae
1079 1469 1170 1514 tua
1219 1468 1380 1522 sunt,
1427 1467 1541 1513 tum
1583 1459 1742 1521 laeta,
1805 1467 1916 1513 tum
1964 1460 2070 1514 alia

490 1568 863 1622 quacunque;
904 1568 1098 1607 verum
1130 1553 1296 1606 etiam
1320 1552 1467 1621 quod
1491 1551 1874 1605 admirandum
1916 1551 2069 1605 illum

490 1662 555 1701 ac
594 1647 719 1716 jure
759 1645 1090 1699 laudandum
1133 1645 1314 1698 virum
1362 1644 1525 1699 unice
1567 1644 1874 1704 dilexerim,
1903 1652 2010 1697 etc.
2046 1663 2063 1694 ι

562 1734 678 1789 ΧΠ.
723 1733 860 1789 Cum
904 1734 1104 1789 vicinis
1127 1735 1387 1790 omnibus
1430 1735 1704 1805 episcopis
1741 1750 1853 1789 non
1878 1735 2072 1789 huma-

494 1843 617 1881 nam
640 1827 802 1881 modo
833 1826 1129 1880 amicitiam
1167 1828 1357 1890 coluit,
1403 1827 1497 1881 sed
1535 1827 1907 1882 Christianam
1934 1842 2071 1896 quo-

492 1933 598 1986 quc
646 1917 990 1972 charitatem.
1041 1918 1102 1971 In
1156 1913 1520 1987 Euphratesia
1565 1919 1868 1988 provincia,
1912 1920 2070 1990 cujus

492 2024 619 2078 pars
647 2016 732 2064 est
763 2007 1064 2080 Cyrestica,
1103 2007 1330 2063 fuerunt
1361 2024 1426 2063 ea
1457 2017 1637 2073 aetate,
1675 2009 1823 2079 quod
1845 2009 2068 2079 quidem

494 2100 684 2164 sciam,
717 2110 915 2169 printer
948 2098 1150 2168 Cyrum
1187 2099 1476 2154 duodecim
1523 2101 1809 2167 civitates;
1855 2101 2072 2171 scriptae

494 2186 561 2240 ad
612 2186 852 2256 plurium
915 2187 1194 2242 antistites
1254 2188 1498 2257 epistolae
1549 2205 1699 2244 nunc
1765 2190 2070 2254 habentur,

495 2280 682 2332 amica:
727 2293 916 2332 omnes
950 2287 1006 2332 et
1033 2279 1316 2334 charitatis
1350 2295 1514 2335 sensu
1550 2281 1745 2349 plenae.
1782 2282 2066 2336 Habentur

496 2384 628 2422 sane
666 2369 734 2422 ad
765 2369 1133 2423 Alexandrum
1153 2369 1620 2439 Hierapolitanum
1658 2373 1968 2441 primatem,
2003 2373 2072 2428 ad

497 2460 773 2516 Andream
797 2460 1236 2526 Samosatenum,
1261 2461 1528 2517 Joannem
1547 2461 2069 2531 Germaniciensem,

498 2550 906 2607 Theodoretum
941 2549 1777 2620 Zeugmatensem,3abinianum
1796 2553 2072 2608 Perrhen-

498 2658 656 2708 sem;
718 2657 822 2696 nec
879 2638 1106 2695 dubium
1143 2641 1278 2711 quin
1319 2642 1388 2696 ad
1421 2641 1576 2707 alios,
1614 2643 1766 2697 velut
1817 2643 2070 2710 Dolichii,

499 2732 727 2801 Europi,
755 2730 1093 2796 Urimorum,
1117 2730 1505 2796 Neocaesareze,
1529 2731 1882 2803 Sergiopolis,
1919 2732 2075 2790 Sum

499 2835 558 2878 et
595 2823 1011 2893 Maerianopolis
1045 2823 1307 2892 praesides
1343 2843 1356 2877 :
1389 2839 1517 2878 nam
1551 2825 1736 2879 multa!
1778 2835 1926 2893 sunt,
1961 2842 2074 2883 non

500 2915 778 2985 inscriptae
818 2914 1040 2969 nomine
1099 2914 1374 2981 civitatis,
1427 2916 1585 2987 cujus
1631 2915 1700 2970 ad
1755 2917 2073 2988 episcopum

499 3006 878 3061 mittebantur.

2173 458 2298 522 bus,
2323 457 2544 511 duobus
2570 455 2970 525 Apollinarium
2996 454 3215 511 refellit.

2232 548 2466 618 Scripsit
2489 547 2656 602 etiam
2689 547 3114 601 commentarios
3159 548 3216 602 in
3243 547 3474 603 Cantica
3503 550 3747 604 cantico-

2178 657 2322 705 rum,
2354 656 2467 695 non
2500 639 2594 709 qui
2635 638 2912 692 habentur
2945 637 3002 691 in
3028 638 3187 693 libris
3207 639 3372 694 editis
3399 658 3411 692 :
3443 647 3572 695 sunt
3594 641 3748 695 enim

2171 730 2443 801 suppositi
2488 730 2532 760 ⁸¹
2576 746 2588 782 :
2636 729 2730 784 sed
2768 726 2894 793 alii,
2929 742 3068 798 quos
3106 727 3383 783 interiisse
3420 728 3482 782 in
3513 744 3750 785 censura

2168 823 2547 878 ostendemus.
2594 819 2829 890 Scripsit
2872 819 3081 891 pariter
3136 819 3193 873 in
3248 819 3531 874 Danielem
3585 829 3750 889 atque

2167 909 2306 963 alios
2330 909 2648 979 prophetas,
2677 907 2794 964 sive
2822 907 2918 980 qui
2940 905 3175 976 majores
3205 907 3486 975 dicuntur,
3506 909 3621 964 sive
3653 911 3748 980 qui

2167 1001 2431 1057 minores.

2239 1094 2416 1164 Atque
2468 1094 2603 1149 illud
2655 1093 2758 1149 fuit
2805 1092 3124 1150 tirocinium
3167 1093 3433 1159 auctoris,
3455 1108 3570 1163 quo
3589 1107 3751 1148 nemo

2167 1183 2328 1253 plura
2379 1183 2649 1239 dicendus
2696 1193 2781 1238 est
2827 1183 3068 1239 edidisse
3097 1184 3240 1238 inter
3281 1182 3518 1244 Graecos,
3552 1191 3753 1252 praeter

2167 1274 2626 1347 Chrysostomum
2663 1285 2721 1331 et
2750 1275 3038 1347 Cyrillum,
3092 1275 3139 1330 si
3176 1275 3342 1329 modo
3369 1273 3641 1346 judicium
3665 1274 3749 1330 fe-

2167 1365 2402 1421 rendum
2437 1367 2512 1421 sit
2542 1383 2612 1422 ex
2647 1367 2929 1438 operibus,
2969 1383 3090 1437 quae
3124 1366 3194 1420 ad
3224 1381 3326 1421 nos
3351 1375 3749 1436 pervenerunt.

2240 1458 2448 1514 Verum
2488 1458 2897 1514 laudatissimus
2945 1459 3036 1514 ille
3091 1466 3254 1528 atque
3300 1457 3627 1512 utilissimus
3657 1456 3754 1511 ad-

2169 1565 2364 1605 versus
2401 1550 2696 1605 haereticos
2752 1549 2987 1606 Arianos
3029 1560 3086 1605 et
3127 1549 3544 1620 Apollinaristas
3594 1547 3753 1603 labor

2171 1641 2364 1697 nocuit
2399 1643 2648 1707 auctori,
2699 1643 2910 1712 totique
2938 1642 3217 1707 Ecclesiae,
3241 1656 3353 1696 non
3377 1655 3476 1710 per
3501 1655 3581 1706 se,
3616 1636 3751 1709 quid

2103 1746 2142 1800 Β
2171 1730 2331 1789 enim
2372 1734 2724 1790 consultius?
2779 1734 2875 1790 sed
2914 1733 3120 1789 infelici
3160 1733 3397 1804 quadam
3440 1732 3771 1787 occasione.-

2177 1827 2313 1881 Nam
2343 1841 2469 1882 cum
2501 1825 2887 1882 Theodoretus
2926 1826 3231 1897 praestigias
3275 1824 3500 1896 triginta
3540 1825 3749 1895 Apolli-

2174 1919 2348 1983 narii,
2387 1927 2754 1989 cognatasque
2805 1919 3038 1973 aliorum
3083 1918 3470 1974 haareticorum
3513 1917 3752 1987 argutias

2176 2012 2524 2075 dissolveret,
2582 2027 2780 2080 passus
2839 2012 2965 2075 est,
3000 2011 3145 2080 quod
3189 2011 3546 2066 vehementer
3571 2009 3750 2064 afl‘ecti

2175 2102 2357 2156 solent
2392 2118 2406 2153 :
2444 2101 2644 2156 formas
2671 2100 2902 2172 hujusce
2933 2101 3159 2156 haeresis
3184 2100 3360 2164 ﬁnxit,
3401 2115 3468 2154 eo
3511 2099 3754 2153 fallacio-

2177 2209 2289 2258 res,
2329 2207 2440 2263 quo
2475 2191 2796 2257 invidiores,
2843 2207 3066 2261 easque,
3115 2207 3301 2247 amore
3343 2189 3468 2245 fidei
3514 2190 3750 2260 odioque

2177 2284 2384 2338 erroris
2405 2284 2710 2348 annitente,
2735 2283 2842 2338 alte
2869 2284 3054 2340 animo
3101 2284 3182 2339 sic
3214 2283 3511 2354 impressit,
3545 2292 3606 2338 ut
3637 2283 3752 2337 hae-

2177 2375 2326 2429 resin
2355 2382 2546 2444 postea
2579 2375 2686 2430 sibi
2737 2376 3049 2446 perspicere
3099 2375 3404 2439 videretur,
3440 2375 3494 2430 in
3521 2375 3749 2444 quibus-

2179 2481 2396 2537 cunque
2439 2467 2598 2522 librls
2649 2475 3004 2522 occurrerent
3058 2467 3226 2522 verba
3282 2466 3428 2522 flecti
3479 2466 3660 2521 facilia
3697 2465 3748 2518 in

2179 2560 2595 2630 praeiudicatum
2630 2575 2875 2615 sensum.
2908 2558 3033 2614 Haec
3059 2575 3087 2613 a
3119 2559 3284 2614 nobis
3308 2567 3369 2612 ut
3395 2558 3638 2622 brevius,
3677 2557 3751 2612 ita

2179 2648 2364 2704 forsan
2399 2649 2692 2705 obscurius
2721 2650 2888 2717 dicta,
2923 2665 3266 2721 consequens
3310 2666 3492 2706 rerum
3520 2659 3751 2706 eventus

2179 2739 2496 2796 declarabit.

2729 2855 2886 2926 150
2919 2855 3068 2911 CAP.
3117 2856 3208 2912 Iv.

2179 2970 2221 3025 Ι.
2246 2968 2854 3041 _Constantin0politanw
2873 2969 3446 3041 Ecclesrireiprwﬁcitur
3461 2967 3751 3024 Nestor-ius.

2244 3039 2308 3094 ll.
2348 3039 2650 3095 Theodoreti
2673 3040 3065 3097 amicus..lll.A
3100 3039 3363 3094 Theodoro
3389 3039 3754 3106 Mopsuesteno

568 3095 757 3166 Neque
793 3111 924 3150 vero
975 3111 1086 3152 suae
1135 3097 1433 3168 provinciae
1480 3098 1682 3156 finibus
1716 3115 1871 3156 suam
1895 3099 2150 3158 amici-C
2250 3109 2508 3164 didicerat
2557 3112 2801 3169 hteresin.
2853 3095 2934 3164 cui
2991 3126 3182 3164 nomen
3231 3109 3391 3163 dedit.
3457 3095 3542 3163 Ν.
3603 3109 3756 3164 Hane

503 3184 632 3238 tiam
691 3185 982 3249 continuit,
1026 3185 1123 3240 sed
1179 3186 1247 3240 ad
1300 3186 1512 3242 vicinas
1557 3204 1778 3258 quoque
1811 3189 2077 3244 extendit.

579 3275 738 3346 149
781 3276 1199 3345 Euphratesiam
1251 3277 1551 3347 Augustam
1609 3280 1844 3334 attinent
1899 3280 1969 3334 ab
2016 3295 2082 3335 o-

502 3369 678 3422 riente
715 3367 1032 3432 Osrhoena;
1075 3382 1105 3420 a
1158 3367 1390 3422 meridie
1444 3367 1722 3423 Phoenicia
1773 3368 1970 3425 Libani
2025 3379 2081 3426 et

504 3457 662 3527 Syria
686 3456 898 3527 prima;
928 3456 995 3512 ab
1050 3457 1333 3512 occidente
1366 3457 1558 3514 Cilicia
1600 3461 1839 3516 secunda
1866 3479 1881 3528 ;
1930 3477 1962 3517 a
1995 3478 2081 3518 se-

501 3550 813 3620 ptentrione
847 3547 1122 3604 Armenia.
1161 3548 1458 3605 Osrhoente
1492 3562 1656 3621 caput
1689 3551 1794 3606 fuit
1827 3553 2030 3609 Edessa
2059 3573 2075 3621 ;

505 3639 674 3710 Syriae
708 3639 898 3708 primte
923 3640 1198 3709 totiusque
1223 3639 1485 3707 Orientis,
1511 3641 1829 3711 Antiochia;
1851 3644 2075 3712 Ciliciae,

501 3732 821 3786 Anazarbus
846 3749 860 3796 ;
893 3731 1164 3786 Armeniae
1188 3733 1464 3797 secundae,
1494 3734 1776 3802 Melitene;
1806 3735 2079 3792 Armeniae

504 3822 712 3891 primae,
741 3821 985 3878 Sebaste.
1017 3823 1100 3878 Ad
1125 3823 1461 3894 singularum
1480 3825 1776 3896 episcopos
1803 3827 2079 3885 scribebat

502 3913 791 3982 frequens,
822 3921 1144 3984 tantumque
1178 3930 1276 3985 per
1309 3914 1522 3970 litteras
1557 3915 1791 3972 faciebat
1823 3917 2076 3974 omnibus

503 4003 589 4057 sui
641 4019 903 4070 amorem,
942 4013 1004 4058 ut
1035 4004 1164 4060 inde
1191 4007 1538 4076 postmodum
1563 4014 1685 4061 orta
1715 4008 1787 4061 sit
1819 4007 2075 4062 crimina-

504 4096 738 4160 tionum,
778 4112 914 4166 quas
946 4113 1140 4166 passus
1183 4106 1288 4163 est,
1330 4098 1377 4153 si
1408 4113 1517 4152 non
1547 4110 1730 4162 causa,
1764 4097 1955 4151 saltem
1978 4112 2074 4152 oc-

504 4188 672 4241 casio.

573 4277 714 4332 Xlll.
742 4278 860 4332 Jam
887 4278 1015 4332 inde
1043 4293 1073 4332 a
1099 4278 1290 4348 primis
1315 4278 1664 4347 episcopatus
1678 4278 1837 4332 annis
1867 4277 2072 4347 aliquid

500 4368 786 4438 scripsisse
821 4368 1051 4423 suadere
1080 4375 1265 4438 posset
1296 4369 1532 4423 hominis
1563 4367 1801 4423 eruditio
1831 4368 2070 4439 singula-

2257 3181 2722 3250 spargereiubique
2746 3181 2952 3234 nititur.
2999 3180 3064 3234 ν.
3104 3179 3314 3234 Obsistit
3344 3177 3754 3250 sanctusCyril-

2255 3249 2354 3302 Ius.
2389 3249 2476 3303 Vl.
2509 3249 2565 3304 S.
2603 3249 2910 3306 Cteleslinus
2958 3266 3074 3303 eam
3110 3267 3226 3303 cum
3280 3259 3489 3303 auctore
3532 3249 3754 3304 damnat

2257 3318 2437 3372 Roma:
2453 3322 2508 3373 in
2537 3320 2754 3374 concilio
2783 3319 3094 3374 Occidentis.
3116 3320 3228 3374 νη.
3255 3318 3483 3388 Cyrillus
3504 3319 3555 3372 in
3579 3321 3754 3373 conci-

2256 3388 2325 3443 lio
2362 3389 2600 3461 ZEgupti,
2641 3391 2779 3443 unde
2831 3392 2988 3443 mittit
3031 3390 3101 3442 ad
3132 3389 3434 3461 Nestorium
3468 3389 3754 3461 duodecim

2251 3457 2740 3523 anathémbtismos,
2788 3475 2906 3512 cum
2951 3461 3058 3513 suis
3098 3466 3154 3529 et
3203 3459 3502 3529 apostolicis
3544 3457 3751 3512 litteris.

2257 3529 2392 3586 Vill.
2455 3528 2800 3582 Theodoretus
2863 3537 3051 3596 rogatu
3107 3527 3332 3582 NestOrii
3397 3530 3754 3581 anathemati-

2253 3615 2397 3652 smos
2427 3601 2622 3666 arguit.
2664 3597 2753 3651 IX.
2783 3597 3002 3651 Labitur
3048 3600 3105 3652 in
3159 3599 3404 3666 hazresin.
3446 3597 3514 3650 X.
3550 3597 3752 3666 Lapsus

2250 3684 2440 3722 causaz.
2491 3665 2582 3721 Xl.
2613 3666 2860 3737 Epistola
2897 3667 2966 3720 ad
3007 3669 3328 3721 monasteria
3376 3665 3576 3737 Cyrilglo
3606 3665 3754 3737 iuju-

2246 3737 2560 3860 rios‘ril:tXll.
2590 3735 2888 3794 Gennadius
2917 3737 3038 3790 inde
3071 3738 3320 3790 adversus
3363 3735 3621 3808 Cyrillum
3659 3735 3756 3790 ἀσ-

2255 3823 2346 3860 ceu
2386 3824 2401 3859 ι
2430 3823 2513 3860 ur.

2255 3807 2513 3861 cenditur.

2559 3917 2576 3936 '
2600 3918 2674 3968 Ab
2695 3931 2825 3969 anno
2847 3918 3027 3970 Christi
3050 3920 3141 3968 4⁵28
3176 3921 3236 3970 ad
3269 3921 3374 3970 45f.

2251 4020 2291 4074 l.
2315 4020 2502 4075 Annos
2519 4018 2633 4076 fere
2666 4030 2788 4076 octo
2813 4022 2868 4075 in
2903 4021 3217 4092 episcopatu
3240 4023 3615 4079 Theodoretus
3641 4026 3753 4095 jam

2179 4118 2404 4179 egerat,
2464 4125 2590 4164 cum
2633 4111 2891 4167 defuncto
2946 4112 3189 4169 Sisinnio
3230 4114 3392 4184 regiae
3435 4115 3588 4170 urbis
3632 4117 3753 4185 epi—

2179 4210 2367 4266 scopo,
2407 4197 2686 4267 cleroque,
2729 4199 2873 4255 inter
2910 4201 3181 4270 agendum
3215 4201 3283 4257 de
3321 4217 3662 4267 successore,
3697 4204 3753 4258 in

2179 4293 2362 4354 partes
2419 4285 2612 4351 diviso,
2671 4287 2967 4357 imperator
3023 4291 3384 4357 Theodosius,
3439 4309 3550 4362 quo
3601 4295 3750 4349 litem

2180 4385 2565 4444 componeret,
2633 4377 2927 4435 Antiochia
2989 4381 3307 4437 Nestorium
3361 4386 3752 4440 accersendum

500 4458 600 4516 ris.
644 4465 698 4512 et
738 4457 1015 4527 ingenium
1055 4465 1384 4512 actuosum:
1423 4458 1518 4512 sed
1567 4459 1621 4512 id
1672 4457 1891 4527 opinari
1925 4467 2075 4513 vetat
2108 4457 2149 4510 Ι)
2178 4465 2450 4526 credidit.
2511 4467 2877 4540 Ecclesiteque
2941 4470 3552 4544 Constantinopolitana'
3619 4493 3755 4547 prte-

503 4549 647 4602 ratio
700 4548 998 4612 temporis;
1055 4562 1180 4600 nam
1235 4549 1471 4616 primum
1512 4564 1650 4618 opus
1693 4550 1838 4604 circa
1869 4567 2073 4609 annum

501 4635 608 4689 425
631 4634 823 4688 edidit.
855 4635 1033 4700 Quare
1066 4635 1310 4705 quinque
1334 4636 1550 4706 priores
1583 4655 1755 4694 annos
1795 4641 1978 4710 posuit
2018 4642 2075 4697 in

503 4726 617 4780 suis
649 4725 984 4797 Cyrensibus
1008 4726 1075 4780 ad
1109 4743 1292 4782 veram
1317 4727 1578 4798 pietatem
1613 4732 1928 4787 excolendis
1945 4749 2075 4803 pro-

503 4816 859 4886 fligandisque
907 4817 1316 4889 hwreticis,qui
1357 4830 1489 4877 tunc
1517 4823 1792 4883 visebant,
1832 4823 2070 4890 Arianis,

503 4908 923 4974 Macedonianis,
947 4917 1109 4978 atque
1130 4912 1552 4980 Apollinaristis.
1577 4914 1688 4970 llos
1719 4919 2075 4974 concionibus

503 4999 738 5069 primum
773 5001 1129 5071 oppugnavit,
1167 5017 1294 5056 mox
1317 5004 1495 5069 libris,
1521 5021 1678 5076 quos,
1707 5016 1767 5060 ut
1794 5009 1863 5062 ab
1893 5012 2074 5065 omni-

506 5093 606 5146 bus
653 5091 866 5147 facilius
917 5091 1250 5162 legerentur,
1279 5094 1618 5166 dialogorum
1655 5113 1809 5153 more
1853 5115 2074 5171 compo-

507 5180 614 5238 suit
650 5197 665 5236 :
700 5181 916 5238 duobus
943 5182 1107 5255 igitur
1138 5184 1386 5247 Arianos,
1428 5203 1522 5242 seu
1556 5189 1738 5260 potius
1775 5190 2073 5247 Eunomia-

2186 4559 2502 4631 ficiendum.

2253 4651 2318 4706 ll.
2347 4652 2479 4707 Erat
2513 4653 2603 4708 ille
2638 4655 2951 4726 eloquentia
2983 4664 3038 4711 et
3075 4658 3195 4712 vitae
3221 4658 3472 4714 instituto
3497 4659 3750 4723 celebris,

2180 4740 2579 4813 videbaturque
2624 4745 2797 4814 ipsius
2837 4749 3000 4801 etiam
3027 4747 3421 4818 Chrysostomi,
3465 4751 3751 4804 Antiochia

2181 4833 2311 4886 olim
2368 4836 2602 4900 evocati,
2652 4853 2761 4892 non
2810 4839 3075 4893 absimilis
3116 4839 3374 4894 futurus:
3409 4856 3580 4910 quare
3632 4857 3750 4895 om-

2179 4923 2370 4990 nium,
2444 4935 2802 4997 praeterquam
2855 4930 3181 4984 clericorum
3252 4933 3751 5005 monachorumque

2181 5015 2324 5069 votis
2365 5027 2640 5086 expetitus
2675 5018 3203 5091 Constantinopolim
3237 5025 3407 5089 venit,
3435 5027 3750 5084 ordinatus-

2180 5121 2287 5174 que
2315 5116 2400 5161 tst
2435 5109 2522 5163 die
2556 5109 2764 5164 decima
2802 5111 3004 5180 Aprilis
3037 5114 3166 5167 anni
3200 5115 3326 5170 428.

2255 5198 2344 5252 lll.
2383 5199 2606 5256 Vixerat
2651 5203 2838 5289 plures
2893 5218 3070 5258 annos
3125 5221 3250 5262 cum
3296 5209 3641 5267 Theodoreto
3694 5213 3747 5266 in

1848 5369 2159 5428 SCl'lULZlI
2200 5371 2425 5429 ΝΟΤᾸΕ.

581 5533 624 5564 ³ο
652 5533 822 5604 Epist.
863 5538 948 5592 μ.

1119 5539 1740 5632 ξιξἾξ-ρέἱφῌξπξρηοὲζζὶ.
1762 5548 1959 5632 Phiulljs
1993 5550 2581 5632 quidem-argumentis
2613 5557 2753 5614 hanc
2781 5559 3107 5632 hypothesin
3136 5581 3400 5622 exornare
3438 5567 3652 5624 studuit
3691 5571 3748 5626 in

502 5600 630 5658 diss.
655 5600 714 5672 ἓξ
734 5621 775 5661 c.
811 5606 864 5674 5,
902 5607 1016 5680 §5;
1051 5611 1146 5668 sed
1176 5627 1368 5682 parum
1409 5600 1593 5669 valere
1627 5600 1882 5688 illa,ipse
