3954 6294
251 307 348 372 105

1450 299 1814 364 HISTORIA
1847 296 2358 368 THEODORETI.

3381 316 3482 386 l0!

247 417 469 473 mandm
507 417 694 473 sancti
736 417 996 488 Euprepii
1036 430 1204 487 prope
1241 412 1610 476 Antiochiam,
1655 411 1814 478 eique
1845 413 1889 468 Α
1920 417 2132 470 tantum
2157 416 2329 488 regia,
2352 432 2455 473 nec
2478 417 2532 474 in
2563 417 2786 478 Oriente
2828 421 3028 489 solum,
3081 422 3175 479 sed
3215 425 3380 486 etiam
3427 427 3484 483 in

244 520 360 563 erat
387 524 498 562 non
535 510 781 563 diuturni
813 518 1018 562 tantum
1054 504 1423 568 contubernii,
1470 503 1565 558 sed
1599 498 1812 556 studio-

247 615 363 652 rum
409 599 574 652 etiam
609 615 671 654 ac
710 599 974 652 doctrinre
1007 585 1390 653 communione
1429 592 1812 664 coniunctissi-

246 709 396 747 mus:
422 693 732 747 habuerant
755 695 898 747 enim
935 694 1094 747 ambo
1119 707 1462 747 communem
1496 689 1814 760 magistrum

245 786 396 840 libris
424 795 480 838 et
515 785 876 840 concionibus
921 786 1196 841 celebrem
1248 783 1619 844 Theodorum,
1658 781 1815 852 cujus

243 876 461 945 scriptis
509 893 766 946 semper,
815 877 1056 947 alloquio
1099 875 1396 931 identidem
1452 873 1811 938 fruebantur,

240 978 402 1038 prout
437 984 635 1038 nempe
669 968 1036 1033 Antiochiam,
1063 968 1218 1024 statis
1240 967 1574 1040 synodorum
1602 973 1813 1035 tempo-

240 1058 416 1123 ribus,
455 1059 733 1113 veniebat.
787 1057 977 1129 Ibique
1027 1070 1251 1130 propter
1281 1056 1659 1112 incredibilem
1692 1070 1812 1107 om-

238 1150 388 1204 nium
415 1150 733 1220 opinionem
760 1150 1110 1205 detinebatur
1138 1150 1476 1220 aliquandiu,
1511 1157 1571 1202 ut
1594 1145 1815 1201 audien-

239 1242 370 1294 tium
433 1240 789 1311 cupiditatem
846 1242 1108 1311 expleret.
1172 1238 1298 1296 Inde
1375 1247 1524 1294 arcta
1576 1236 1811 1292 Nestorii

237 1329 680 1405 Theodoretique
714 1333 1213 1388 necessitudo.Etsi
1235 1339 1380 1386 tanta
1409 1339 1527 1386 erat
1557 1328 1812 1384 Theodo-

237 1433 413 1477 retum
458 1424 602 1477 inter
630 1434 685 1478 et
708 1424 1019 1477 Nestorium
1048 1422 1303 1477 amicitia!
1337 1420 1668 1483 necessitas,
1701 1433 1808 1470 non

239 1513 343 1568 fuit
381 1524 562 1568 tamen
593 1531 700 1569 una
738 1514 1024 1584 utriusque
1052 1512 1285 1578 indoles,
1315 1512 1617 1581 eademque
1643 1507 1811 1562 animi

233 1607 576 1675 propensio:
626 1606 974 1661 Theodoreto
1023 1605 1240 1660 sincera
1301 1619 1494 1669 mens,
1556 1600 1810 1656 Nestorio

232 1697 463 1751 subdola
491 1715 505 1763 ;
542 1714 657 1751 rem
692 1698 862 1768 ipsam
892 1699 1110 1768 pietatis
1136 1696 1514 1750 Theodoretus
1557 1693 1806 1748 sectaba-

231 1795 340 1850 tur,
379 1787 667 1841 Nestorius
696 1788 930 1857 speciem
958 1806 970 1840 :
998 1786 1190 1841 amicis
1219 1786 1309 1839 ille
1343 1800 1484 1854 pene
1513 1783 1809 1848 serviebat,
1842 1753 1884 1811 Β

230 1885 291 1930 ut
348 1875 625 1942 dominis;
675 1877 778 1932 iste
836 1877 1096 1932 utebatur
1158 1884 1424 1944 tanquam'
1499 1873 1809 1944 mancipiis.

229 1968 414 2023 Verbo
471 1969 670 2034 dicam,
721 1970 775 2024 id
823 1985 944 2026 esse
995 1969 1170 2024 voluit
1233 1967 1634 2034 Theodoretus,
1663 1967 1811 2038 quod

226 2060 518 2114 Nestorius
549 2061 750 2116 videri.

299 2150 388 2204 IV.
437 2151 635 2205 Fertur
674 2153 718 2183 ³³
770 2151 902 2206 falsa
941 2150 1190 2222 quazdam
1241 2151 1310 2207 de
1348 2151 1602 2207 Nestorio
1645 2149 1808 2215 fama,

226 2241 397 2309 quod,
436 2259 560 2296 cum
601 2243 810 2308 accitus
851 2242 1377 2312 Constantinopolim
1431 2259 1531 2312 per
1564 2241 1810 2296 Ciliciam

227 2333 510 2394 transiret,
537 2333 632 2386 ubi
669 2332 1000 2402 Mopsuestia
1033 2341 1138 2397 est,
1177 2332 1527 2387 Theodorum
1562 2332 1813 2401 Mopsuc-

226 2423 344 2478 stia:
394 2425 686 2492 prmsulem
733 2423 1027 2478 admodum
1075 2441 1286 2489 senem,
1326 2426 1527 2496 quippe
1579 2425 1811 2495 expletis

226 2515 338 2568 fere
367 2530 462 2568 sex
507 2524 561 2568 et
603 2516 825 2586 triginta
868 2515 1220 2585 episcopatus
1255 2516 1434 2580 annis,
1466 2515 1807 2581 convenerit,

224 2606 505 2675 simulque
538 2607 827 2676 agitaverit
864 2607 1092 2661 consilia
1117 2607 1184 2661 de
1208 2606 1431 2671 haeresi,
1468 2623 1633 2676 quam
1663 2616 1810 2661 utero

223 2713 332 2767 que
369 2696 580 2750 dudum
629 2698 683 2751 in
740 2697 864 2751 sinu
910 2697 1151 2762 fovebat,
1180 2713 1453 2768 quamque
1487 2697 1810 2752 Theodorus

222 2789 391 2843 etiam
429 2789 689 2858 scriptis,
755 2789 846 2843 sed
895 2791 1164 2845 hactenus
1206 2790 1441 2861 pressis,
1489 2789 1806 2854 mandarat,

228 2878 383 2948 15],
451 2897 549 2949 pro
603 2891 850 2952 tempore
912 2890 967 2937 et
1030 2883 1151 2938 loco
1201 2881 1498 2953 aperienda
1540 2901 1552 2934 :
1587 2881 1810 2951 quando

223 2985 423 3040 nempe
459 2971 746 3026 Nestorius
771 2981 972 3026 tantam
998 2975 1295 3042 potentiam
1316 2973 1808 3042 auctoritatemque

223 3061 369 3132 apud
409 3062 745 3132 ,principum
807 3064 1019 3118 animos
1056 3065 1286 3133 adeptus
1323 3065 1545 3129 fuisset,
1603 3072 1807 3133 quanta

223 3171 363 3226 opus
408 3162 530 3210 erat
581 3154 648 3209 ad
702 3163 810 3208 tam
855 3155 1032 3209 audax
1094 3155 1309 3210 facinus
1365 3155 1707 3209 tentandum.
1746 3154 1808 3210 Id

223 3247 480 3317 quamvis
516 3246 584 3301 ab
625 3247 876 3317 Evagrio,
921 3255 1146 3302 auctore
1203 3247 1536 3316 caeteroquin
1595 3246 1805 3312 nobili,

227 3336 501 3400 tradatur,
546 3345 756 3407 pugnat
808 3347 987 3391 tamen
1027 3353 1154 3391 cum
1190 3321 1402 3391 ratione
1455 3346 1805 3405 temporum:

224 3441 352 3480 nam
408 3427 556 3479 diem
607 3435 913 3480 extremum
959 3427 1174 3484 obierat
1229 3427 1574 3489 Theodorus,
1631 3429 1810 3498 prius-

222 3532 387 3586 quam
416 3517 485 3570 de
516 3517 866 3587 praeficiendo
897 3517 1155 3571 Ecclesia:
1190 3515 1808 3586 Constantinopolitanae

223 3607 481 3662 Nestorio
509 3608 864 3677 cogitaretur.
913 3607 1034 3661 Non
1089 3607 1236 3660 enim
1281 3607 1436 3676 prius
1486 3607 1804 3676 cogitatum,

223 3713 386 3765 quam
416 3737 429 3758 ,
488 3695 748 3750 defuncto
797 3695 1080 3758 Sisinnio,
1139 3695 1479 3750 divideretur
1528 3695 1582 3749 in
1624 3706 1808 3765 partes

224 3787 382 3841 urbis
414 3787 579 3857 regite
603 3788 803 3851 clerus,
824 3787 945 3841 aliis
969 3787 1137 3840 alium
1163 3787 1452 3856 praesulem
1473 3787 1802 3842 volentibus.

222 3879 388 3948 Atqui
431 3877 726 3932 defunctus
755 3887 841 3932 est
880 3876 1156 3932 Sisinnius
1204 3877 1292 3932 die
1336 3878 1406 3932 24
1463 3877 1804 3942 Decembris,

189 3975 353 4026 ’ann.
390 3970 518 4035 427,
545 3986 658 4040 quo
692 3986 838 4025 anno
871 3970 1150 4026 Theodori
1177 3970 1361 4038 obitus
1393 3971 1642 4042 contigit.
1663 3970 1808 4037 Quo-

224 4063 388 4117 modo
416 4062 584 4133 igitur
613 4062 918 4127 Nestorius,
946 4063 1064 4132 qui,
1085 4077 1196 4117 non
1221 4071 1346 4116 ante
1369 4061 1620 4116 Martium
1648 4078 1804 4118 men-

223 4169 337 4208 sem
378 4154 509 4207 anni
558 4154 684 4218 428,
718 4153 1250 4224 Constantinopolim
1285 4169 1384 4224 per
1428 4153 1672 4209 Ciliciam
1705 4170 1803 4223 pe-

226 4246 329 4308 tiit,
364 4245 716 4300 Theodorum
749 4247 1044 4301 convenire
1075 4244 1364 4316 potuerit?

291 4337 419 4390 Fuit
449 4352 616 4406 porro
653 4335 928 4390 Theodori
975 4334 1324 4406 Nestoriique
1378 4336 1607 4392 hmresis
1658 4337 1803 4408 inju-

1913 505 2163 579 Aigypto,
2197 511 2307 566 imo
2335 513 2465 568 etin
2501 515 2635 570 urbe
2663 514 2855 584 Roma,
2891 533 3000 588 quo
3039 535 3325 582 sermones
3355 536 3487 578 suos

1917 601 2236 656 transmisit.

1986 689 2048 744 Υ.
2084 691 2376 763 Postquam
2423 711 2552 750 vero
2590 697 2859 754 nefandus
2903 698 3105 755 Christi
3152 702 3324 758 hostis
3351 719 3486 774 pro-

1915 779 2093 848 palata
2135 781 2332 838 haeresi
2366 793 2539 840 totum
2567 787 2754 843 orbem
2790 793 3104 856 commovit,
3133 795 3487 866 monitusque

1883 866 2084 927 "semel
2128 889 2192 929 ac
2224 875 2424 930 iterant
2473 893 2502 932 a
2541 887 2731 935 sancto
2776 871 3000 953 Cir-illo,
3047 899 3157 938 non
3190 885 3352 940 modo
3373 902 3485 942 non

1913 963 2080 1019 desiit
2134 965 2451 1034 impietatis,
2513 970 2608 1025 sed
2663 987 2784 1027 eam
2837 974 3224 1041 confidentius,
3274 993 3382 1047 qua
3430 978 3488 1034 vi

1915 1055 2267 1124 potentiaque
2313 1056 2804 1132 Constantinopoli,
2835 1080 2941 1132 qua
2965 1063 3253 1121 fraudibus
3279 1067 3487 1132 Romae,

1916 1145 2134 1198 firmare
2182 1163 2350 1201 ausus
2392 1157 2514 1203 est:
2567 1166 2657 1205 res
2693 1151 2759 1206 ad
2791 1152 2976 1207 sedem
3001 1155 3358 1223 apostolicam
3387 1156 3488 1212 de-

1913 1235 2019 1289 lata
2054 1235 2099 1268 ³³
2126 1247 2210 1292 est
2244 1255 2339 1308 per
2365 1241 2596 1304 litteras,
2623 1249 2737 1296 tum
2766 1242 2974 1314 Cyrilli,
3001 1245 3286 1314 querentis
3322 1247 3487 1303 simul

1913 1335 1969 1380 et
2007 1331 2360 1395 accusantis;
2405 1341 2519 1385 tum
2571 1333 2830 1399 Nestorii,
2883 1335 3043 1389 fidem
3095 1350 3273 1401 suam,
3305 1338 3491 1394 missis

1914 1430 2010 1484 per
2057 1417 2390 1473 Antiochum
2444 1421 2621 1474 virum
2666 1422 2933 1478 illustrem
2961 1425 3330 1492 sermonibus,
3359 1442 3491 1496 prou-

1913 1506 2042 1562 bare
2080 1509 2397 1565 adnitentis.

1983 1598 2069 1654 Vl.
2101 1599 2275 1656 Causa
2303 1603 2358 1656 in
2393 1604 2627 1658 concilio
2657 1603 2924 1669 Romano,
2965 1616 3156 1662 saneto
3189 1606 3490 1664 Caelestino

1913 1691 2261 1758 prtesidente,
2293 1695 2494 1764 agitata
2522 1703 2627 1760 est,
2673 1696 2890 1765 lataque
2918 1699 3213 1764 sententia,
3243 1715 3349 1768 qua
3375 1700 3489 1754 hae-

1915 1783 2118 1837 reticus
2137 1784 2444 1854 juberetur,
2480 1786 2586 1841 nisi
2605 1787 2790 1842 mallet
2814 1788 3012 1858 deponi
3042 1789 3183 1844 intra
3211 1789 3489 1846 decimum

1913 1873 2060 1929 diem
2095 1891 2125 1929 a
2163 1876 2599 1942 denuntiatione,
2659 1895 2917 1934 revocare
2967 1897 3236 1946 errorem,
3278 1884 3494 1953 capitu-

1911 1965 2071 2035 laque
2120 1982 2150 2020 a
2207 1967 2410 2038 Cyrillo
2455 1969 2659 2038 scripta
2697 1969 3049 2025 subscribere
3085 1970 3162 2024 ’δε
3199 1972 3490 2042 iuberetur

1910 2074 2131 2128 quoque
2183 2059 2438 2140 Cyrinus,
2483 2062 2677 2131 primae
2711 2073 2835 2132 post
2866 2063 3167 2118 Romanam
3199 2065 3347 2119 sedis
3370 2065 3488 2135 epi-

1911 2163 2132 2218 scopus,
2177 2151 2326 2206 vices
2363 2151 2648 2208 C(elestini
2705 2155 2810 2210 hoc
2860 2155 2915 2209 in
2964 2157 3184 2226 negoti-0
3236 2157 3488 2227 implere,

1911 2239 2350 2309 sententiamque
2377 2243 2600 2311 exsequi
2630 2258 2698 2297 ex
2727 2258 3002 2298 canonum
3039 2247 3378 2316 praescripto.

1982 2327 2092 2383 Vll.
2143 2329 2200 2384 ld
2252 2340 2312 2385 ut
2364 2342 2648 2412 praestaret
2697 2335 2956 2406 Cyrillus,
3007 2353 3075 2392 ex
3120 2346 3230 2392 tota
3256 2337 3492 2410 [Egypto

1909 2420 2126 2491 collegit
2178 2423 2467 2494 synodum,
2523 2424 2760 2496 indeque
2802 2435 3035 2497 quatuor
3085 2428 3374 2498 episcopos
3420 2430 3488 2485 ad

1908 2512 2222 2567 Nestorium
2267 2515 2422 2585 152
2454 2516 2622 2581 misit,
2659 2533 2785 2572 cum
2819 2519 3019 2573 summi
3055 2522 3072 2540 '
3100 2519 3375 2590 pontificis
3400 2521 3492 2584 lit-

1911 2603 2064 2669 teris,
2120 2605 2367 2675 suisque,
2418 2615 2582 2676 atque
2640 2608 2807 2662 etiam
2867 2608 3157 2664 duodecim
3208 2610 3486 2680 capitulis,

1911 2694 2025 2749 sive
2076 2696 2574 2762 anathematismis,
2626 2699 2828 2768 quibus
2873 2716 2941 2754 ex
2988 2700 3246 2756 mandato
3289 2704 3488 2772 summi

1911 2786 2187 2855 pontificis
2209 2789 2533 2844 catholicam
2559 2791 2845 2846 veritatem
2870 2791 3108 2846 Nestorii
3134 2792 3490 2863 blasphem-iis

1911 2876 2219 2945 oppositam
2248 2879 2570 2948 complexus
2602 2888 2740 2944 erat,
2780 2880 3092 2950 quibusque
3136 2883 3340 2952 scripto
3383 2883 3492 2937 Ne-

1910 2968 2115 3024 storius
2165 2970 2531 3034 consentiret,
2585 2971 2632 3025 si
2680 2971 2847 3027 vellet
2890 2973 3196 3028 catholicus
3229 2972 3403 3027 videri
3431 2981 3491 3028 et

1913 3060 1969 3114 in
2009 3059 2137 3114 sede
2163 3060 2486 3114 consistere.

1982 3152 2184 3205 Verum
2227 3152 2500 3222 Cyrillus,
2551 3158 2843 3222 antequam
2909 3150 3176 3223 synodum
3237 3151 3487 3214 haberet.

1913 3241 2151 3310 indeque
2197 3240 2729 3310 Constantinopolim
2757 3241 3046 3310 episcopos
3081 3241 3343 3306 mitteret,
3373 3244 3491 3314 jus-

1911 3342 2058 3387 serat
2109 3331 2511 3394 Possidonium,
2562 3346 2674 3385 suae
2728 3331 2985 3386 Ecclesia:
3019 3330 3344 3396 “diaconum,
3393 3333 3490 3402 qui

1910 3425 2081 3478 Roma
2116 3422 2315 3478 summi
2349 3422 2628 3492 pontiﬁcis
2669 3407 2883 3477 litteras
2910 3425 3194 3487 attulerat,
3225 3423 3488 3500 Hieroso-

1908 3515 2108 3585 lymam
2153 3524 2211 3569 et
2255 3514 2602 3570 Antiochiam
2639 3513 2936 3583 proficisci,
2963 3515 3281 3584 litterasque
3307 3515 3488 3571 Carle-

1909 3606 2038 3659 stini
2073 3606 2143 3659 ad
2179 3605 2465 3674 utriusque
2505 3604 2747 3659 civitatis
2797 3604 3070 3659 antistites
3117 3604 3348 3659 deferre.
3391 3605 3489 3661 llis

1909 3711 1938 3749 a
2000 3710 2215 3749 summo
2272 3694 2533 3764 pontifice
2583 3693 2925 3748 docebantur
2970 3692 3040 3746 de
3101 3693 3374 3747 sententia
3430 3693 3487 3748 in

1907 3789 2220 3844 Nestorium
2251 3789 2380 3852 lata,
2407 3789 2681 3857 simulque
2711 3798 2769 3843 et
2797 3787 3259 3842 abstrahebantur
3286 3803 3316 3841 a
3363 3803 3487 3857 par-

1910 3879 2078 3944 tibus,
2132 3893 2270 3947 quas
2311 3878 2551 3932 amicitia
2602 3877 2833 3932 suadere
2880 3885 3128 3946 poterat:
3171 3877 3488 3947 obstringe-

1907 3971 2110 4024 bantur
2134 3970 2299 4024 etiam
2330 3968 2397 4024 ad
2429 3968 2555 4023 fidei
2587 3984 2809 4024 causam
2831 3967 3252 4032 defendendam,
3286 3969 3485 4036 partim

1906 4069 2080 4124 metu,
2139 4075 2209 4113 ne
2260 4057 2393 4128 quid
2445 4059 2620 4112 simile
2679 4057 2812 4126 ipsis
2840 4056 3227 4126 contingeret;
3283 4058 3480 4124 partim

1909 4151 2134 4206 honoris
2173 4165 2363 4213 sensu,
2419 4157 2478 4203 ut
2539 4148 2633 4217 qui
2677 4157 3008 4202 vocarentur
3054 4147 3110 4200 in
3163 4145 3482 4202 societatem

1905 4241 2110 4312 negotii
2150 4241 2395 4295 omnium
2435 4255 2498 4294 ea
2528 4246 2849 4308 tempestate
2881 4237 3124 4291 maximi.

1980 4333 2102 4399 Quo
2124 4342 2370 4401 tempore
2406 4331 2594 4401 Cyrilli
2631 4329 2897 4384 diaconus
2932 4329 3275 4384 Antiochiam
3305 4331 3478 4396 venit,

227 4428 368 4482 riosa
393 4443 559 4496 supra
589 4427 812 4480 modum
853 4426 1093 4492 Christo,
1133 4424 1317 4480 Marias
1346 4426 1578 4498 Virgini,
1619 4435 1674 4481 et
1707 4426 1802 4480 toti
1840 4425 1884 4481 D
1907 4426 2089 4480 soluta
2138 4439 2331 4478 recens
2371 4433 2491 4479 erat
2536 4422 2778 4492 synodus
2816 4421 3168 4486 autumnalis,
3198 4437 3480 4477 remanse-

227 4519 512 4573 hominum
567 4518 796 4588 generi:
844 4517 1069 4572 Christo
1113 4518 1260 4572 enim
1292 4517 1574 4571 invidebat
1605 4515 1804 4572 divini-

224 4618 415 4674 tatem,
449 4610 662 4680 V’irgini
713 4625 914 4664 nomen
952 4610 1220 4678 Deiparae,
1281 4607 1602 4662 hominibus
1649 4623 1800 4678 spem

219 4701 436 4757 salutis.
483 4701 763 4755 Christum
799 4699 1003 4770 quippe
1031 4698 1316 4754 asserebat
1349 4713 1462 4752 non
1488 4713 1607 4753 esse
1628 4698 1802 4752 Deum

221 4793 427 4862 reipsa,
454 4794 550 4847 sed
578 4809 776 4863 purum
805 4792 1104 4856 hominem,
1135 4791 1248 4845 Deo
1270 4789 1454 4846 Verbo
1477 4789 1804 4849 habitudine

217 4883 341 4940 sola
361 4885 697 4953 copulatum.
734 4884 889 4941 Unde
926 4881 1374 4952 fitconsequens,
1417 4888 1481 4934 ut
1508 4897 1612 4936 nec
1645 4881 1802 4938 beata

215 4976 393 5048 Virgo
439 4978 721 5047 peperisse
771 4979 944 5032 Deum
988 4975 1099 5030 dici
1142 4983 1355 5045 posset,
1391 4990 1496 5031 nec
1545 4975 1806 5032 homines

214 5069 456 5126 salutem
485 5085 725 5138 sperare,
759 5079 819 5124 ut
851 5084 973 5138 qua:
1003 5067 1076 5122 ab
1104 5067 1327 5122 homine
1366 5068 1674 5138 exspectari
1707 5084 1806 5124 ne-

214 5171 409 5231 queat.
461 5162 692 5216 Tantam
744 5161 1110 5232 impietatem,
1161 5175 1286 5215 cum
1325 5160 1567 5230 primum
1598 5175 1802 5231 oppor.

217 5264 357 5309 tune
387 5254 586 5324 potuit,
615 5270 721 5323 qua
763 5253 1149 5319 concionibus,
1190 5267 1297 5323 qua
1337 5251 1650 5322 colloquiis,
1696 5268 1805 5323 qua

215 5349 479 5420 malignis
519 5349 732 5403 artibus
793 5348 997 5418 sparsit
1040 5347 1345 5411 Nestorius,
1404 5363 1514 5402 non
1565 5347 1623 5400 in
1665 5349 1806 5404 urbe

1908 4528 2106 4589 ratque
2134 4517 2274 4572 forte
2306 4515 2449 4586 apud
2478 4516 2743 4572 Joannem
2775 4515 3157 4570 Theodoretus
3191 4529 3316 4569 cum
3357 4514 3484 4571 aliis

1907 4611 2174 4681 quinque,
2219 4607 2490 4664 Archelao
2527 4605 2784 4662 Caesareae.
2814 4606 3190 4678 Cappadociae,
3221 4605 3482 4677 Apringio

1907 4701 2204 4765 Chalcidis,
2233 4698 2461 4754 Heliade
2500 4697 2829 4769 Zeugmatis,
2853 4697 3068 4752 Meletio
3092 4697 3481 4762 Neocaesaree,

1911 4797 1967 4846 et
1999 4788 2234 4844 Macario
2263 4786 2546 4841 Laodiceae
2574 4785 2871 4856 episcopis,
2901 4786 3231 4854 quibuscum
3263 4801 3320 4840 re
3361 4801 3480 4840 ma-

1911 4882 2094 4938 turius
2134 4878 2460 4945 deliberata,
2493 4878 2671 4933 visum
2703 4885 2807 4942 est,
2842 4877 3070 4933 Joannis
3096 4876 3316 4934 nomine
3340 4877 3482 4932 scri-

1908 4973 2150 5029 bendum
2206 4968 2461 5026 Nestorio
2481 5008 2496 5035 ,
2554 4975 2616 5024 ut
2668 4967 2930 5022 Θεοτόκου
2982 4967 3323 5023 confessione
3376 4967 3483 5021 im-

1909 5062 2248 5136 pendentem
2281 5059 2449 5130 eapiti
2489 5075 2590 5114 suo
2616 5065 2999 5129 tempestatem
3033 5066 3327 5113 averteret.
3360 5057 3483 5113 Non

1905 5155 2015 5212 erit
2059 5167 2225 5226 porro
2271 5166 2447 5206 vanus
2483 5151 2782 5221 coniector,
2807 5150 2900 5220 qui
2930 5148 3214 5219 epistolam
3240 5164 3270 5202 a
3300 5148 3484 5203 Theo-

1909 5250 2104 5306 doreto
2125 5247 2386 5316 scriptam
2408 5250 2564 5314 putet
2592 5244 2657 5296 ³⁵.
2692 5242 2827 5297 Nam
2858 5249 2914 5296 et
2947 5241 3017 5296 de
3042 5240 3214 5311 ipsius
3253 5239 3483 5296 consilio
3513 5285 3516 5288 .

1907 5346 2112 5401 dictata
2144 5340 2367 5404 dicitur,
2395 5345 2456 5392 et
2491 5335 2665 5406 ipsius
2697 5333 2895 5405 stylum
2917 5333 3103 5398 refert,
3126 5341 3180 5386 et
3203 5331 3377 5386 amnis
3399 5339 3486 5385 est

1567 5441 1890 5500 SCHULZII
1927 5439 2159 5499 ΝΟΤΕ.

294 5533 631 5604 ’_’_Evagrius
663 5535 761 5588 lib.
803 5551 840 5596 ι,
871 5550 989 5604 cap,
1053 5534 1106 5589 2,

1208 5535 1262 5608 ⁸³,
1315 5534 1636 5608 Delntqcst.
1695 5538 1819 5592 Vid.
1867 5538 2054 5608 Epist.
2085 5531 2308 5608 qule_st.
2344 5526 2702 5608 _ad.Neslor.

2809 5522 2854 5556 “
2878 5523 3010 5578 Acta
3042 5521 3256 5577 concilii
3281 5519 3480 5589 Ephcs.

217 5605 264 5636 ³³
299 5602 415 5654 Non
442 5591 510 5642 ζ
530 5614 699 5674 putet.
738 5591 996 5659 Eamde'm
1025 5605 1356 5660 sententiam
1399 5607 1453 5660 in
1498 5606 1656 5662 Notis
1676 5591 2006 5664 adfricatthis
2030 5601 2358 5674 Anﬁncbeui
2391 5597 2678 5674 ερῑξιρὶειηι
2711 5594 2864 5674 (ρέᾘιι-
2889 5593 3089 5674 Ρῖίονῖξ
3119 5608 3172 5662 Ρ·
3205 5591 3322 5674 ὕφτ
3350 5605 3487 5674 (Was

213 5675 364 5750 i_n_fra
397 5659 669 5737 dabimus,
703 5684 886 5729 tuetur
916 5675 1252 5738 Garnerius;
1296 5677 1392 5730 sed
1438 5659 1660 5730 in‘d‘is's‘.
1681 5659 2290 5750 iter—tia—ie—d—itrprioris
2329 5659 2447 5740 pag'.
2489 5666 2592 5721 469
2633 5673 2688 5721 et
2715 5659 2860 5728 ΠΜ,
2892 5659 2970 5717 ’όε
3015 5662 3089 5717 rei
3120 5659 3360 5715 iveritate
3383 5659 3486 5714 du-

219 5743 389 5798 ΜΝ.
469 5838 754 5898 PATROL.
802 5837 919 5897 Gn.
966 5835 1294 5897 LXXXlV.

3046 5823 3080 5884 4
