3954 6294
401 262 502 337 m

1552 250 1928 320 GARNERII
1969 228 2464 323 mssmmm
2502 265 2552 323 Ι.

3542 260 3641 328 ωε

401 381 573 444 alteri,
630 378 685 431 in
720 393 826 447 qua
870 376 1010 430 idem
1058 377 1172 429 fere
1221 383 1600 447 argumentum
1643 374 1709 429 de
1750 372 1970 443 Virgine
2002 381 2040 435 Α
2076 375 2236 429 modo
2281 377 2393 430 sola
2440 379 2579 430 ratio
2620 377 2915 432 haberetur
2953 349 3345 447 objection‘um,
3378 391 3512 445 quas
3541 392 3636 431 no-

397 472 625 542 Beipara
652 478 950 530 tractatur,
1004 476 1059 521 et
1095 466 1604 521 eumdem'videtur
1636 466 1837 520 habere
1867 454 1966 518 au-

397 575 626 625 ctorem,
677 575 840 628 quem
886 560 1004 613 aliae
1055 559 1168 613 fere
1214 574 1406 613 omnes
1455 559 1508 612 in
1542 558 1783 613 secunda
1814 564 1969 626 parte’

397 653 617 710 concilii
664 650 921 720 Ephesini
974 656 1264 713 contentae,
1310 664 1541 719 quarum
1590 656 1769 703 tamen
1824 660 1968 701 non-

396 746 560 800 nullre
573 760 604 797 a
630 743 976 797 Theodoreto
996 741 1212 811 scriptae
1234 741 1506 795 sciuntur.

468 836 602 891 Vill.
633 834 940 898 Nestorius,
978 840 1036 887 ut
1064 840 1185 887 erat
1222 848 1332 902 prae
1374 831 1629 903 superbia
1680 831 1970 900 impatiens

396 924 753 997 paenitentia,
777 932 939 992 atque
956 922 1118 976 etiam
1140 920 1550 986 admonitionis,
1574 921 1780 992 sprevit
1796 921 1968 974 amica

395 1014 757 1072 Orientalium
809 1014 1062 1076 consilia,
1113 1013 1320 1082 sprevit
1371 1021 1425 1068 et
1479 1012 1771 1083 imperium
1824 1012 1970 1066 sedis

396 1105 729 1174 apostolica,
780 1104 925 1173 quod
973 1103 1133 1173 legati
1184 1102 1415 1174 [Egyptii
1440 1100 1968 1171 Constantinopolim

397 1197 612 1268 appulsi
667 1195 980 1250 detulerant
1013 1210 1026 1247 :
1078 1203 1390 1248 contentam
1426 1193 1571 1247 enim
1597 1191 1818 1255 litteris,
1853 1200 1968 1245 tum

395 1287 680 1346 (Zmlestini
713 1287 910 1342 summi
939 1285 1233 1356 pontificis,
1269 1296 1384 1340 tum
1412 1276 1597 1356 Cvr-illi
1618 1282 1969 1338 Alexandrini

397 1380 662 1452 episcopi.
681 1379 1173 1443 denuntiationem,
1193 1377 1387 1432 callide
1407 1378 1617 1431 irritam
1635 1376 1968 1431 reddiderat.

399 1474 669 1529 Effecerat
705 1472 853 1525 enim
896 1471 1011 1525 suis
1052 1470 1284 1532 artibus,
1321 1479 1383 1524 ut
1418 1469 1762 1523 Theodosius
1793 1468 1970 1538 impe-

402 1572 552 1619 rator
587 1563 894 1634 generalem
927 1561 1193 1632 synodum
1230 1560 1430 1630 Ephesi
1482 1560 1787 1615 habendam
1831 1558 1975 1612 indi—

400 1663 572 1717 ceret,
601 1663 657 1708 et
689 1653 996 1708 evocatoria
1027 1652 1308 1706 sanctione
1338 1661 1572 1715 caveret,
1615 1666 1682 1704 ne
1720 1649 1849 1720 quid
1890 1649 1974 1703 in-

2075 465 2219 521 tnine
2253 465 2612 522 Orientalium
2640 479 2828 523 contra
2849 468 3088 537 capitula
3112 467 3418 536 proposuit.
3444 466 3642 522 Verum

2074 557 2119 610 si
2145 557 2420 611 credimus
2445 557 2733 612 Anastasio
2761 557 3004 622 Sinaitaa,
3032 556 3381 627 postmodum
3398 555 3639 610 accendit

2076 650 2314 704 hominis
2348 650 2535 712 bilem,
2575 650 2803 720 negotii,
2838 665 2949 718 quo
2976 650 3138 703 amici
3168 647 3643 719 periclitabantur,

2076 742 2448 797 diuturnitas:
2490 757 2661 812 quare
2692 750 2749 797 et
2774 741 3183 796 Theodoretum
3210 739 3447 803 ulturus,
3480 753 3645 807 quem

2074 848 2105 889 a
2135 833 2338 907 Cyrillo
2365 835 2551 889 laesum
2575 842 2812 905 putaret,
2838 841 2894 887 et
2919 833 3131 903 priores
3157 847 3285 887 suas
3308 830 3649 901 obiectiones

2075 927 2424 991 defensurus,
2467 928 2483 946 ⁴
2525 926 2825 980 virulentas
2879 924 3102 994 scripsit
3148 923 3411 977 adversus
3456 920 3649 991 Cyrilli

2076 1021 2491 1089 responsionem
2517 1017 2996 1088 reprehensiones,
3018 1029 3253 1086 quarum
3283 1013 3646 1084 fragmentum

2077 1113 2314 1167 refertur
2343 1111 2398 1165 in
2430 1110 2576 1164 libro
2603 1108 2877 1164 AnaSIasii
2914 1108 2978 1172 ”,
3020 1108 3111 1177 qui
3145 1105 3267 1160 Duas
3304 1106 3399 1160 vice
3425 1105 3646 1160 dicitur.

2146 1202 2237 1257 IX.
2262 1201 2439 1270 Atque
2461 1192 2551 1255 hic
2572 1200 2781 1270 primus
2813 1199 2916 1252 fuit
2945 1197 3275 1252 Theodoreti
3302 1213 3459 1252 casus
3483 1214 3494 1248 :
3521 1199 3650 1251 cum

2077 1295 2221 1348 enim
2245 1293 2507 1347 scriberet
2548 1288 2652 1361 pro‘
2690 1290 2848 1345 amici
2888 1304 3071 1352 eausa,
3110 1304 3220 1342 non
3266 1287 3425 1359 154
3461 1301 3652 1356 repre—

2078 1385 2271 1440 hendit
2303 1392 2510 1438 tantum
2542 1381 2727 1453 Cyrilli
2756 1381 2956 1451 capita,
2979 1387 3205 1449 propter
3226 1380 3463 1449 Speciem
3485 1377 3651 1447 Apol-

2078 1475 2330 1531 linariani
2367 1472 2593 1535 erroris,
2621 1470 2766 1542 quod
2797 1471 2921 1525 aliis
2945 1484 3164 1540 quoque
3194 1454 3354 1522 bonis
3375 1466 3647 1537 contigit;

2079 1565 2174 1621 sed
2223 1579 2370 1620 caeco
2410 1563 2616 1633 impetu
2656 1563 2709 1617 in
2737 1577 2957 1616 errores
2982 1567 3217 1630 quatuor
3242 1559 3356 1628 ipse
3385 1558 3652 1627 abreptus

2079 1662 2184 1719 est,
2232 1666 2456 1726 propter
2498 1669 2637 1723 quos
2688 1669 2718 1707 a
2745 1654 2936 1723 quinta
2968 1652 3177 1723 synodo
3223 1651 3512 1705 danmatus
3541 1659 3646 1705 est.

396 1747 560 1800 terim
592 1747 647 1799 in
666 1746 992 1799 ailerull‘am
1032 1752 1241 1813 parlem
1289 1752 1593 1796 tentaretur
1619 1759 1633 1807 ;
1672 1738 1767 1796 Séd
1810 1756 1973 1796 causa
2006 1735 2045 1789 Β
2073 1747 2206 1803 Nam
2243 1762 2365 1801 cum
2390 1746 2628 1817 primum
2653 1742 3168 1798 anathematismum
3196 1739 3647 1810 reprehenderet,

400 1837 610 1907 integra
652 1836 961 1890 deferretur
1010 1834 1078 1888 ad
1118 1834 1407 1904 episcopos
1452 1833 1553 1887 rite
1593 1841 1969 1902 congregatos.

474 1927 628 1996 153
647 1927 997 1981 Sanctionem
1014 1924 1168 1978 vafer
1190 1923 1499 1986 haereticus,
1522 1923 1843 1993 priusquam
1866 1936 1971 1986 res,

399 2016 469 2070 de
511 2031 616 2085 qua
670 2016 866 2078 litteris
903 2030 932 2069 a
969 2016 1177 2070 Joanne
1228 2013 1515 2079 didicerat,
1554 2013 1608 2066 in
1653 2013 1790 2066 urbe
1830 2011 1975 2082 regia

404 2110 791 2172 imtotesceret,
827 2108 1133 2187 aulicorum
1162 2093 1271 2177 ope.
1298 2094 1432 2161 auro
1465 2121 1565 2161 suo
1589 2114 1974 2176 corruptorum

406 2200 772 2269 subripuerat.
816 2214 990 2269 eaque
1023 2207 1138 2253 arte
1186 2197 1386 2253 summi
1439 2196 1717 2268 pontificis
1759 2204 1978 2252 senten—

408 2291 537 2347 tiam
583 2289 1009 2359 synodicamque
1052 2288 1241 2360 Cyrilli
1276 2304 1411 2347 cum
1432 2289 1546 2343 suis
1579 2289 1868 2344 duodecim
1891 2303 1979 2342 ca-

409 2381 596 2450 pitulis
625 2379 1021 2434 ludificaverat.
1055 2380 1113 2434 Id
1148 2395 1315 2435 ausus
1338 2389 1442 2443 est,
1472 2394 1593 2449 qua:
1614 2379 1715 2433 fuit
1742 2378 1978 2433 hominis

411 2470 766 2539 impudentia,
814 2469 955 2524 datis
989 2470 1058 2524 ad
1086 2477 1334 2525 sanetum
1369 2469 1725 2524 leestinum
1757 2466 1976 2531 litteris,

406 2574 531 2615 non-
552 2558 787 2615 obscure
828 2560 1078 2615 innuere.
1132 2580 1150 2611 ι
1183 2560 1471 2625 Piissimis,
1514 2560 1691 2629 inquit
1711 2560 1776 2624 ³⁸,
1802 2558 1977 2628 impe-

408 2654 685 2711 mtoribus
726 2654 950 2724 placuit,
1007 2656 1236 2709 Domino
1269 2655 1580 2725 adiuvante,
1620 2654 1785 2708 etiam
1815 2666 1978 2723 syno-

408 2745 538 2799 dum
570 2746 1019 2800 inexcusabiliter
1042 2746 1212 2800 totius
1249 2747 1397 2803 orbis
1426 2753 1697 2799 terrarum
1736 2744 1981 2800 indicere

411 2845 634 2906 propter
670 2836 1079 2906 inquisitionem
1126 2836 1358 2890 aliarum
1414 2850 1597 2890 rerum
1648 2834 1984 2889 ecclesiasti-

411 2938 598 2978 carum
627 2942 641 2977 :
682 2939 807 2978 nam
846 2924 1263 2978 dubitationem
1295 2923 1592 2977 verborum
1635 2938 1745 2977 non
1771 2921 1983 2977 aestimo

412 3013 720 3067 habituram
778 3012 1193 3082 inquisitionem
1243 3012 1542 3079 difﬁcilem,
1596 3029 1701 3068 nec
1748 3011 1981 3082 impedi-

413 3111 595 3160 mento
648 3117 769 3157 esse
816 3102 1057 3157 futuram
1094 3102 1160 3156 ad
1215 3111 1504 3158 tractatum
1534 3102 1842 3158 divinitatis
1874 3102 1982 3156 Do-

414 3193 548 3247 mini
584 3194 728 3249 lesu.
761 3212 778 3244 ι

483 3283 592 3340 Sed
644 3294 770 3337 cum
818 3282 1143 3353 intelligeret
1199 3299 1385 3354 sparsa
1434 3299 1532 3355 per
1576 3284 1768 3339 urbem
1818 3283 1985 3337 fuisse

415 3373 602 3447 Cyrilli
637 3374 897 3444 capitula,
922 3390 1031 3429 una
1066 3390 1190 3429 cum
1214 3376 1413 3431 litteris
1447 3376 1703 3431 Romanae
1739 3384 1795 3429 et
1825 3373 1987 3445 IEgy-

414 3467 545 3534 ptian
588 3465 803 3535 synodi,
846 3476 1175 3536 magnasque
1212 3466 1339 3520 inde
1372 3466 1682 3520 animorum
1721 3465 1887 3520 etiam
1928 3466 1984 3518 in

410 3555 540 3608 aula
593 3553 983 3609 conversiones
1026 3553 1188 3619 eliici,
1243 3570 1345 3609 nec
1384 3554 1502 3609 suis
1539 3568 1597 3609 se
1626 3552 1986 3607 concionibus

416 3647 629 3702 duabus
672 3646 727 3701 id
783 3646 1078 3718 peregisse,
1118 3647 1266 3717 quod
1314 3645 1618 3709 moliretur,
1671 3644 1986 3698 anathema-

412 3738 612 3791 tismos
656 3736 841 3809 Cyrilli
888 3737 1123 3807 primum
1164 3737 1221 3793 in
1265 3739 1383 3808 ipsa
1419 3737 1554 3792 urbe
1595 3735 1742 3806 regia
1771 3744 1987 3790 contra-

413 3829 518 3882 :riis
566 3829 1032 3884 anathematismis
1071 3827 1292 3884 refellit.
1326 3827 1554 3893 Deinde,
1588 3825 1772 3881 missis
1794 3826 1987 3881 Antio-

414 3920 597 3973 chiam
630 3919 1011 3989 synodicarum
1042 3919 1330 3987 exemplis,
1365 3917 1631 3972 Joannem
1682 3916 1890 3987 rogavit
1924 3924 1986 3971 ut

415 4024 445 4061 a
502 4008 717 4063 duobus
768 4009 853 4063 sui
898 4008 1120 4063 concilii
1170 4006 1325 4070 viris,
1380 4005 1726 4061 Theodoreto
1761 4006 1984 4078 Cyrensi

410 4107 477 4152 et
517 4098 730 4153 Andrea
779 4098 1155 4161 Samosateno,
1209 4097 1385 4167 capita
1411 4096 1701 4151 duodecim
1731 4112 1762 4151 a
1785 4095 1986 4169 Cyrillo

412 4190 730 4259 praescripta
761 4198 982 4246 curaret
1023 4191 1197 4260 argui,
1247 4187 1400 4256 quasi
1431 4187 1764 4258 Apollinaris
1791 4189 1986 4259 impie-

414 4292 583 4337 tatem
600 4284 968 4336 continerent.
990 4281 1218 4337 Joannis
1237 4278 1493 4334 mandato
1516 4287 1748 4350 uterque
1771 4281 1982 4350 paruit:

2074 1839 2292 1908 negavit
2330 1837 2544 1892 beatam
2567 1836 2846 1905 Virginem
2870 1834 3144 1904 peperisse
3167 1831 3404 1887 Verbum
3430 1845 3649 1885 carnem

2074 1930 2319 1995 factum;
2356 1944 2480 1983 cum
2512 1926 2838 1991 secundum,
2885 1935 3112 1981 naturas
3160 1924 3215 1978 in
3257 1922 3476 1978 Chrin
3527 1921 3651 1974 καθ’

2076 2024 2371 2077 ὑπόστασιν
2418 2020 2558 2074 uniri
2585 2036 2598 2085 ;
2635 2033 2759 2073 cum
2789 2025 3065 2088 quartum,
3098 2015 3315 2070 unicam
3344 2027 3463 2069 esse
3489 2010 3650 2068 Chri-

2075 2112 2145 2166 sti
2197 2111 2538 2174 ὑπόστασιν;
2593 2123 2715 2162 cum
2769 2106 3060 2170 decimum,
3121 2106 3294 2160 Deum
3338 2103 3443 2157 dici
3491 2116 3654 2172 posse

2076 2211 2377 2257 mortuum.
2406 2201 2512 2255 lsta
2534 2214 2666 2253 vero
2699 2206 2935 2268 quatuor
2969 2211 3129 2251 nemo
3162 2196 3468 2251 catholicus
3493 2192 3650 2248 fateri

2077 2294 2354 2358 abnuerit,
2405 2292 2509 2345 nisi
2564 2290 2646 2343 vel
2694 2291 2751 2342 in
2809 2289 3009 2343 crassis
3043 2287 3362 2356 ignorantiae
3408 2283 3655 2339 tenebris

2079 2390 2352 2446 versetur,
2399 2381 2485 2435 vel
2543 2379 2614 2433 ob
2659 2393 2886 2448 pravum
2933 2376 3100 2430 animi
3140 2376 3398 2430 allectum
3435 2374 3653 2430 veritati

2079 2490 2384 2546 repugnare
2410 2472 2541 2526 velit
2570 2491 2581 2524 :
2606 2485 2840 2541 quorum
2870 2469 3104 2522 alterum
3133 2467 3258 2537 quis
3289 2466 3357 2521 de
3395 2466 3652 2521 Theodo-

2081 2577 2200 2623 reto
2245 2565 2521 2621 senserit?
2554 2564 2784 2617 alterum
2818 2561 2955 2635 quis.
2972 2559 3236 2615 Catholici
3270 2573 3389 2612 esse
3414 2546 3654 2613 dixerit?

2150 2658 2216 2713 X.
2251 2654 2379 2711 Fuit
2404 2671 2535 2709 vero
2568 2669 2793 2723 prorsus
2816 2651 3158 2714 admirabile,
3188 2651 3364 2703 virum
3390 2650 3651 2720 singulari

2080 2747 2332 2805 Numinis
2366 2747 2510 2801 dono
2561 2746 2787 2809 datum;
2829 2759 2992 2813 quem
3041 2742 3301 2796 miracula
3350 2741 3655 2797 cduxeraut

2082 2840 2139 2893 in
2192 2839 2410 2904 lueem;
2461 2837 2620 2906 cujus
2672 2849 2871 2906 parens
2925 2849 3034 2888 non
3089 2834 3244 2903 prius
3296 2833 3477 2903 potuit
3530 2848 3654 2888 esse

2082 2940 2276 2996 mater,
2337 2944 2500 2999 quam
2556 2937 2794 2994 sancta;
2857 2941 3019 2997 quem
3073 2924 3324 2980 homines
3371 2925 3657 2996 stupendae

2084 3023 2389 3077 sanctitatis
2417 3022 2671 3076 foverunt
2715 3020 2880 3086 sinu;
2917 3018 3011 3088 qui
3057 3018 3338 3088 septennis
3380 3026 3652 3073 monaste-

2087 3114 2229 3168 rium
2252 3113 2530 3182 ingressus
2553 3116 2638 3164 est
2658 3125 2672 3173 ;
2698 3107 2793 3177 qui
2820 3116 2969 3162 totus
2994 3105 3097 3160 fuit
3123 3105 3178 3159 in
3200 3104 3463 3159 imitando
3478 3102 3658 3176 Chry-

2086 3212 2363 3270 sostomo;
2393 3217 2556 3273 quem
2590 3198 2910 3254 Theodotus
2962 3196 3203 3252 Orientis
3244 3198 3428 3250 lumen
3478 3195 3661 3251 eccle-

2086 3293 2322 3349 siasticis
2353 3292 2601 3346 moribus
2628 3288 2868 3344 instituit
2895 3305 2908 3353 ;
2935 3287 3093 3357 cujus
3130 3286 3498 3356 eloquentiam
3549 3284 3660 3339 An-

2086 3386 2309 3442 tiochia.
2344 3384 2575 3438 alterum
2608 3379 2905 3436 Orientalis
2944 3378 3162 3447 imperii
3189 3387 3374 3448 caput,
3401 3393 3510 3432 non
3557 3374 3655 3431 mi-

2087 3486 2202 3532 rata
2239 3484 2449 3530 tantum
2474 3481 2578 3537 est,
2608 3472 2703 3527 sed
2745 3470 2957 3540 stupuit
2986 3487 3000 3536 ;
3031 3469 3123 3538 qui
3150 3468 3478 3538 episcopalis
3498 3467 3660 3522 oﬂicii
3746 3538 3751 3539 γ

2084 3571 2290 3626 nullam
2328 3584 2437 3622 non
2476 3565 2721 3635 implevit
2761 3570 2969 3634 partem
2997 3578 3012 3629 ;
3046 3560 3138 3631 qui
3171 3560 3360 3615 decem
3390 3559 3663 3631 myriades

2086 3661 2371 3716 hominum
2415 3675 2521 3712 una
2556 3657 2608 3711 in
2647 3655 2845 3710 vicinia
2878 3653 3038 3708 tinxit
3064 3652 3378 3722 baptismo;
3414 3652 3507 3722 qui
3541 3651 3663 3705 infi-

2085 3753 2232 3809 nitos
2274 3750 2560 3805 hrereticos
2599 3749 2884 3804 veritatem
2931 3744 3139 3811 docuit,
3171 3759 3474 3815 agrumque
3501 3743 3603 3798 sibi
3631 3757 3663 3796 a

2084 3842 2303 3898 Christo
2335 3840 2604 3896 creditum
2650 3854 2759 3894 non
2802 3837 3003 3893 sudore
3037 3844 3246 3890 tantum
3281 3834 3543 3904 irrigavit,
3565 3833 3663 3888 sed

2042 3935 2250 3990 etiam
2292 3931 2597 4002 sanguine;
2635 3945 2799 4000 quem
2849 3929 2994 3983 Deus
3045 3927 3162 3997 ipse
3212 3926 3415 3980 Jacobo
3467 3931 3663 3979 ascetae

2087 4024 2430 4082 sanctissimo
2472 4022 2712 4077 ostendit
2754 4020 2904 4075 velut
2961 4019 3187 4095 haeresis
3223 4015 3663 4082 domitorem,'in

2087 4116 2320 4171 haeresin
2377 4114 2672 4169 infeliciter
2717 4111 3011 4176 decidisse,
3064 4111 3260 4176 amico,
3315 4109 3408 4180 qui
3468 4116 3663 4179 sponte

2088 4207 2306 4273 ruebat,
2351 4206 2610 4260 miserum
2649 4204 2980 4259 attrahente.
3019 4201 3126 4257 Sed
3155 4219 3263 4257 non
3296 4218 3403 4256 una
3443 4201 3557 4256 haec
3583 4201 3667 4255 vi-

2089 4294 2250 4353 detur
2291 4297 2465 4353 ruinae
2498 4296 2758 4352 occasio:
2810 4295 3086 4349 hominem
3135 4293 3188 4346 in
3219 4308 3460 4363 prmeeps
3483 4293 3666 4363 rapuit

415 4374 572 4427 aliter
628 4382 809 4428 tamen
865 4374 1026 4435 alius,
1077 4371 1455 4426 Theodoretus
1486 4386 1681 4442 nempe
1711 4373 1979 4438 acerbius,

2088 4390 2418 4445 miserabilis
2456 4388 2719 4461 quaedam
2746 4386 3033 4442 concursio
3075 4400 3380 4455 causarum.
3413 4383 3539 4437 Erat
3559 4383 3661 4453 ipsi

416 4467 696 4521 remissius
748 4466 996 4521 Andreas
1031 4482 1044 4517 :
1098 4464 1369 4533 siquidem
1407 4466 1497 4520 ille
1524 4466 1788 4521 conviciis
1820 4473 1984 4535 atque

411 4557 899 4617 etiam'calumniis
932 4571 1041 4610 non
1076 4555 1368 4633 abstinuit,
1405 4556 1508 4611 iste
1533 4556 1736 4626 objecit
1772 4564 1983 4611 tantum

416 4664 597 4714 voces,
646 4663 783 4718 quas
832 4654 1048 4717 putaret
1079 4646 1480 4702 inconsiderate
1508 4647 1768 4717 prolatas.
1803 4648 1986 4703 Theo-

414 4742 639 4796 doretus
672 4740 932 4812 Cyrillum
978 4738 1133 4791 velut
1179 4738 1499 4793 haereticum
1532 4754 1817 4810 aggressus
1849 4751 1934 4796 est
1966 4759 1983 4808 ;
2018 4756 2021 4763 ‘

415 4835 677 4895 Andreas,
708 4845 871 4899 quem
922 4829 1251 4884 catholicum
1305 4829 1652 4900 agnoscebat,
1699 4847 1839 4902 pene
1896 4833 1984 4888 in-

414 4926 561 4978 vitus
612 4921 883 4976 vexabat:
926 4927 1090 4989 atque
1140 4921 1271 4975 hinc
1321 4920 1546 4976 forsitan
1579 4922 1835 4978 eﬂ‘ectum
1893 4935 1976 4990 ut,

411 5028 523 5083 quo
569 5021 813 5081 tempore
856 5012 1142 5066 veniretur
1186 5014 1254 5068 ad
1287 5016 1604 5079 concilium,
1633 5017 1728 5087 qui
1758 5031 1985 5088 campus

412 5105 634 5174 quidam
678 5103 998 5167 certaminis
1046 5103 1266 5161 futurus
1298 5117 1437 5172 erat,
1473 5108 1730 5180 Cyrensis
1761 5106 1983 5165 advola-

412 5197 557 5249 verit
603 5209 807 5265 pugnae
846 5195 1060 5261 avidus,
1114 5197 1501 5254 Samosatenus
1531 5200 1785 5255 morbum
1818 5201 1987 5255 simu-

410 5287 626 5351 laverit,
660 5302 728 5342 ne
757 5288 974 5343 veniret
1011 5298 1098 5355 eo,
1122 5290 1218 5344 ubi
1242 5288 1542 5346 necessitas
1574 5291 1715 5348 foret
1737 5293 1987 5347 veritatis

409 5371 813 5445 impugnanda.
865 5377 941 5431 ita
986 5376 1051 5432 de
1101 5378 1320 5435 Andrea
1364 5381 1577 5449 opinari
1623 5397 1722 5451 par
1742 5391 1909 5448 esset,
1941 5382 1991 5436 si

2088 4498 2121 4536 a
2162 4492 2379 4545 natura,
2428 4490 2487 4535 ut
2527 4481 2735 4535 dictum
2772 4487 2874 4541 est,
2921 4479 3135 4533 animus
3181 4476 3450 4542 excelsus,
3481 4475 3662 4530 animo

2089 4572 2371 4644 ingenium
2427 4580 2622 4642 paret
2652 4572 2998 4644 praecellens,
3045 4568 3266 4636 utrique
3308 4566 3537 4636 aequalis
3582 4564 3663 4619 vis

2087 4660 2438 4729 eloquentiae.
2495 4656 2646 4714 Fecit
2704 4657 2992 4715 excelsitas
3050 4654 3250 4717 animi,
3319 4662 3378 4707 ut
3425 4654 3663 4707 humana

2090 4754 2286 4800 cuncta
2345 4745 2672 4815 despiceret,
2728 4755 2928 4815 prretcr
2980 4741 3248 4815 gloriam:
3295 4742 3661 4811 praecellentia

2091 4834 2317 4904 ingenii,
2357 4842 2417 4888 ut
2453 4833 2698 4889 scientiis
2732 4837 2969 4887 mentem
2999 4838 3199 4899 prmter
3221 4828 3444 4883 modum
3476 4829 3666 4898 imple-

2092 4933 2197 4990 ret,
2250 4934 2307 4979 et
2346 4927 2500 4995 quasi
2554 4926 2770 4980 inﬂaret
2808 4944 2820 4978 :
2851 4925 2934 4979 vis
2965 4921 3313 4992 eloquentiae,
3341 4930 3401 4977 ut
3424 4920 3666 4976 Orientis

2092 5017 2684 5079 miraculum‘audiret,
2718 5016 2941 5085 etquod
2983 5016 3283 5069 humanum
3322 5023 3423 5079 est,
3478 5015 3667 5068 dicen-

2094 5111 2241 5167 tibus
2262 5110 2541 5165 crederet.

2165 5201 2318 5257 Hanc
2372 5201 2614 5256 indolem
2671 5201 2821 5254 auxit
2884 5201 3269 5272 magistrorum
3325 5199 3669 5255 consuetudo

2093 5302 2257 5362 atque
2280 5291 2569 5347 admiratio
2597 5309 2609 5344 :
2636 5306 2759 5346 cum
2785 5290 3036 5344 doctrina
3059 5291 3205 5345 enim
3227 5290 3441 5345 imbibit
3467 5288 3671 5344 utrius-

2093 5398 2201 5453 que
2230 5396 2450 5437 mores:
2493 5397 2523 5435 a
2557 5381 2850 5435 Theodoro
2886 5382 3081 5437 didicit
3106 5397 3310 5453 paucos
3342 5381 3668 5452 suspicere;

1755 5539 2075 5597 SCHULZH
2116 5539 2349 5596 ΝΟΤᾸΕ.

484 5655 525 5687 ³⁸
556 5670 713 5729 Parte
737 5688 773 5728 ιι
807 5671 1047 5742 Operum
1083 5673 1235 5728 Marii
1275 5673 1611 5729 Mercatoris.
1642 5673 1722 5743 (P.
1755 5673 1815 5727 8i
1859 5673 1992 5728 edit.
2030 5672 2243 5744 Garn.).
2322 5674 2363 5706 ³⁷
2391 5673 2448 5727 in
2480 5670 2723 5741 Hodego,
2773 5685 2892 5741 cap.
2941 5670 3034 5726 2‘2.
