3954 6294
227 355 324 422 109

1419 344 1783 420 HISTORIA
1817 355 2328 419 THEODORETI.

3371 357 3476 424 110

227 487 255 525 a
280 466 692 540 Chrysostomo,
723 468 998 524 neminem
1028 469 1207 524 vereri
1236 487 1250 536 ;
1285 469 1354 524 ab
1382 478 1638 540 utroque,
1674 482 1799 524 cum
1829 476 1875 530 Α
1904 470 2055 525 misit
2091 471 2259 526 etiam
2299 469 2367 526 ad
2413 469 2742 525 monasteria
2769 469 3058 540 epistolam
3094 471 3159 536 ³⁸,
3197 483 3302 542 qua
3334 474 3472 531 nihil

226 561 478 616 omnibus
508 559 683 615 libere
708 560 858 630 loqui
892 579 903 614 :
938 569 1176 615 tractum
1211 578 1240 616 a
1273 560 1567 617 Theodoro
1598 561 1796 616 vitium

226 653 385 708 crevit
414 653 723 722 plausibus,
759 653 935 706 virtus
964 669 994 706 a
1023 651 1412 724 Chrysostomo
1438 661 1661 722 accepta
1686 666 1795 706 non

228 760 280 800 se
308 743 584 798 continuit
615 745 754 798 intra
790 744 1030 797 modum.

290 835 590 890 llwreticos
634 837 1010 906 cujuscunque
1061 833 1310 905 generis,
1360 833 1611 897 Arianos,
1657 831 1800 886 Mar-

227 926 474 992 cionitas,
505 926 947 990 Macedonianos,
971 925 1410 995 Apollinaristas,
1447 924 1796 993 reliquosque

231 1015 379 1090 155
402 1017 678 1070 continuis
703 1017 903 1085 praeliis
927 1015 1178 1085 fregerat.
1204 1015 1392 1085 Magna
1412 1013 1538 1068 inde
1559 1012 1798 1068 nominis

228 1109 412 1178 gloria,
455 1123 758 1177 magnaque
806 1108 891 1161 sui
935 1107 1243 1162 securitas:
1289 1121 1483 1175 passus
1510 1114 1614 1170 est,
1643 1102 1792 1173 quod

227 1200 472 1270 perpetui
507 1199 934 1268 triumphatorcs
978 1199 1175 1263 solent,
1213 1198 1386 1252 voluit
1411 1212 1534 1252 cum
1565 1196 1796 1250 nobilis-

226 1289 369 1345 simis
419 1289 730 1358 quibusque
774 1289 920 1343 vires
954 1305 1082 1344 suas
1111 1289 1371 1359 experiri.
1403 1287 1670 1343 Ardorem
1696 1303 1796 1358 pu-

225 1380 416 1450 gnandi
464 1380 798 1434 accendebat
840 1390 1010 1436 aetas:
1063 1396 1174 1435 non
1216 1381 1451 1434 multum
1486 1380 1634 1434 enim
1661 1395 1796 1449 qua-

225 1469 586 1539 dragesimum
618 1485 824 1523 annum
855 1479 1190 1535 excesserat,
1235 1485 1344 1540 quo
1379 1477 1623 1538 tempore
1674 1483 1793 1522 ma-

225 1559 457 1630 gnanimi
477 1559 663 1630 gloriae
684 1575 869 1613 amore
893 1561 1128 1614 maxime
1150 1567 1482 1629 tanguntur;
1513 1557 1794 1627 ingerebat

225 1666 334 1704 sese
376 1651 596 1705 occasio
645 1651 986 1720 optatissima
1037 1651 1392 1704 conserendae
1427 1664 1622 1719 pugna:
1664 1664 1791 1703 cum

224 1738 414 1810 Cyrillo
437 1741 734 1795 multarum
762 1742 1066 1811 palmarum
1095 1727 1256 1804 duce,
1287 1756 1461 1810 eoque
1486 1740 1653 1793 totius
1678 1738 1792 1794 fere

223 1831 365 1886 orbis
395 1831 737 1894 doctissimo,
774 1839 828 1885 et
872 1839 1052 1886 tamen
1092 1839 1404 1903 opportuno
1444 1830 1788 1894 vulneribus,
1823 1819 1863 1872 Β

223 1931 276 1976 ut
302 1923 402 1992 ipsi
434 1922 652 1992 quidem
693 1922 1004 1977 videbatur.

281 2013 532 2068 Audendi
578 2030 742 2068 causa
771 2029 879 2067 non
922 2022 1133 2068 tantum
1163 2012 1412 2078 honesta,
1439 2015 1616 2070 amico
1638 2015 1791 2070 labo-

221 2105 352 2159 ranti
403 2121 565 2174 opem
617 2105 782 2168 ferre,
848 2103 944 2159 sed
997 2105 1162 2160 etiam
1215 2107 1490 2177 religiosa,
1519 2108 1790 2163 obsistere

221 2195 418 2250 homini
448 2206 632 2266 partes
653 2195 977 2265 Apollinarii
1035 2196 1090 2250 in
1129 2198 1371 2266 speciem
1417 2200 1611 2254 tuenti.
1658 2200 1791 2257 Pul-

220 2289 404 2343 chrum
448 2297 564 2343 eral
589 2289 839 2343 auxiliari
865 2287 1139 2352 Nestorio,
1167 2289 1319 2343 urbis
1345 2290 1505 2360 regite
1533 2291 1787 2357 antistiti,

218 2379 343 2433 aulze
393 2380 662 2449 gratioso,
702 2387 757 2433 et
783 2377 946 2432 simul
981 2391 1298 2447 oppugnare
1323 2378 1608 2450 Cyrillum,
1635 2382 1792 2451 cujus

217 2471 477 2539 potentia,
507 2485 618 2538 quo
648 2470 821 2539 major
844 2468 912 2523 ab
939 2468 1253 2523 Occidentis
1295 2469 1502 2533 favore,
1544 2486 1610 2525 eo
1647 2470 1789 2524 invi-

216 2561 415 2616 diosior
459 2561 690 2625 Orienti,
727 2570 891 2629 atque
921 2562 1054 2630 ipsis
1083 2561 1512 2630 imperatoribus
1532 2562 1792 2618 formida-

219 2655 385 2710 bilior.
441 2656 682 2725 Urgebat
725 2654 972 2723 prtesulis
1018 2653 1334 2708 mandatum
1373 2671 1386 2708 :
1420 2656 1510 2710 cui
1575 2671 1788 2726 parere,

217 2749 386 2816 pium;
419 2747 715 2810 obsistere,
743 2747 999 2798 intutum.
1018 2743 1516 2801 Anathematismos
1540 2761 1789 2816 arguere,

213 2839 334 2908 quid
363 2839 517 2893 aliud
552 2837 760 2890 homini
796 2835 873 2890 sic
898 2835 1096 2889 all‘ecto
1142 2835 1448 2901 videretur,
1491 2854 1655 2907 quam
1714 2839 1793 2894 la-

211 2945 416 2985 cessere
473 2945 729 2999 pugnam,
790 2944 912 2998 qua!
959 2928 1092 2982 orbe
1140 2936 1252 2982 toto
1319 2939 1599 2998 spectante
1661 2946 1790 3002 per-

209 3021 408 3092 agenda
449 3020 636 3076 esset?
666 3021 964 3074 Vocaverat
1012 3019 1158 3074 enim
1197 3020 1493 3089 imperator
1520 3020 1585 3075 ad
1633 3037 1794 3093 syno-

1905 559 2064 632 156
2109 563 2429 632 injuriosiu-s
2477 562 2704 636 Cyrillo,
2736 563 2876 618 nihil
2909 564 3221 634 superbius.
3266 565 3476 623 Scribit

1901 663 2076 709 totum
2120 657 2310 711 orbem
2366 658 2725 722 commoveri,
2777 657 2872 712 sed
2918 659 3054 714 alios
3099 675 3300 730 pugna,
3337 660 3475 715 alios

1901 749 2055 813 risu;
2089 765 2333 820 pugnare
2385 751 2528 805 inter
2567 766 2645 815 se,
2694 752 2788 820 qui
2823 750 3228 806 Catholicorum
3272 767 3474 807 nomen

1898 837 2085 893 ferunt
2111 856 2124 903 ;
2166 839 2348 895 ridere
2383 840 2672 896 haereticos
2696 857 2931 911 pugnam
2960 841 3244 896 hominum
3266 845 3477 900 mutuis

1899 945 1959 985 se
2012 929 2256 985 dissidiis
2303 931 2756 998 absumentium;
2811 933 3005 986 horum
3070 949 3289 988 causam
3355 951 3477 991 esse

1901 1019 2054 1090 impii
2074 1021 2260 1092 Cyrilli
2288 1022 2521 1091 capitula
2568 1023 2622 1076 in
2670 1023 2864 1076 urbem
2901 1023 3102 1094 regiam
3145 1026 3473 1095 importata;

1899 1127 1962 1166 ea
2005 1129 2117 1167 non
2170 1114 2362 1168 abesse
2406 1113 2474 1167 ab
2508 1114 2850 1183 Apollinarii,
2886 1113 3022 1178 Arii,
3053 1115 3330 1181 Eunomii,
3360 1116 3476 1170 Ma-

1898 1203 2224 1274 cedoniique
2259 1205 2472 1267 haeresi,
2502 1206 2611 1259 imo
2657 1221 2758 1260 nec
2799 1205 2868 1259 ab
2919 1204 3129 1258 insania
3176 1206 3473 1271 Valentini,

1897 1294 2126 1350 Manetis
2165 1304 2220 1351 et
2271 1297 2597 1359 Marcionis;
2639 1297 2694 1349 in
2723 1297 2900 1366 primo
2927 1298 3117 1360 asscri,
3144 1297 3385 1352 Verbum
3420 1301 3478 1354 in

1899 1402 2120 1444 carnem
2157 1404 2506 1453 conversum,
2553 1388 3095 1458 incarnationemque
3131 1390 3245 1444 sola
3293 1391 3478 1459 specie

1898 1482 2118 1544 factam,
2161 1479 2310 1549 quod
2363 1479 2656 1543 Valentini,
2708 1479 3068 1549 Manetisque,
3105 1489 3161 1535 et
3187 1480 3477 1536 Marcionis

1897 1573 2180 1637 delirium;
2224 1573 2279 1625 in
2328 1572 2571 1626 secundo
2612 1581 2669 1626 et
2698 1573 2882 1637 tertio,
2915 1573 3178 1626 unionem
3214 1573 3477 1643 hyposta-

1897 1660 2060 1715 ticam
2118 1659 2506 1731 physicamque
2561 1659 2803 1725 defendi,
2857 1677 2980 1731 qua:
3019 1661 3479 1730 Apollinariihac-

1897 1752 2068 1816 resis;
2104 1752 2158 1806 in
2199 1760 2416 1821 quarto,
2442 1766 2604 1807 voces
2639 1761 2752 1806 tum
2783 1753 3065 1816 sublimes,
3095 1762 3211 1809 tum
3241 1753 3479 1810 humiles

1893 1839 1987 1892 uni
2011 1838 2304 1908 eidemque
2332 1839 2514 1894 Verbo
2541 1841 2794 1906 attribui,
2829 1857 2950 1911 qum
2976 1843 3090 1897 Arii
3125 1853 3181 1898 et
3219 1843 3474 1899 Eunomii

1893 1930 2266 2000 blasphemia;
2314 1932 2371 1985 in
2406 1931 2641 1996 decimo,
2673 1933 2843 1987 Deum
2866 1933 2975 1989 dici
3007 1949 3226 2004 passum
3254 1946 3309 1990 et
3331 1951 3477 1990 mor-

1892 2030 2068 2086 tuum,
2094 2039 2216 2094 qua;
2240 2023 2451 2077 insania
2478 2023 2614 2088 Arii,
2656 2033 2709 2078 et
2735 2025 2989 2080 Eunomii
3011 2031 3167 2082 error
3195 2028 3474 2083 detestan—

1892 2112 2028 2179 dus;
2054 2113 2108 2168 in
2130 2130 2298 2178 nono,
2331 2116 2734 2185 processionem
2771 2116 3011 2187 Spiritus
3039 2121 3212 2174 sancti
3243 2137 3274 2175 a
3306 2120 3466 2183 Filio,

1891 2211 1947 2258 et
1986 2220 2097 2259 non
2121 2221 2151 2259 a
2174 2205 2290 2260 solo
2314 2207 2474 2261 Patre
2503 2207 2665 2272 tradi,
2707 2223 2829 2278 qua
2858 2210 3183 2280 Apollinarii
3229 2212 3478 2267 Maccdo-

1891 2294 2082 2364 niique
2132 2297 2303 2351 altera
2357 2298 2619 2365 heresis;
2675 2298 2776 2355 hos
2824 2317 2945 2357 esse
2993 2311 3185 2372 partus
3218 2302 3472 2376 Egyptii,

1892 2386 1991 2441 has
2033 2387 2342 2444 animarum
2398 2399 2600 2459 pestes,
2648 2391 2766 2447 htec
2792 2402 3054 2459 monstra,
3084 2409 3206 2464 quae
3231 2413 3327 2466 par
3355 2405 3476 2452 erat

1892 2475 1962 2531 ab
1997 2477 2082 2543 iis,
2114 2478 2317 2548 quibus
2347 2479 2631 2550 religionis
2657 2495 2789 2536 cura
2817 2484 3108 2538 commissa
3139 2493 3244 2549 est,
3274 2488 3475 2556 praefo-

1893 2569 2003 2622 eari
2029 2570 2347 2641 priusquam
2384 2571 2724 2640 ederentur;
2751 2589 2815 2627 ea
2845 2581 3028 2629 tamen
3060 2575 3257 2644 foveri,
3286 2593 3317 2632 a
3345 2579 3475 2650 qui-

1892 2656 1997 2710 bus
2017 2657 2242 2713 minime
2265 2658 2549 2724 deberent,
2577 2671 2684 2716 etc.

1965 2749 2060 2803 llis
2092 2765 2258 2819 porro
2287 2751 2508 2820 scriptis
2546 2761 2756 2808 tentata
2795 2762 2878 2809 est
2929 2753 3065 2810 ﬁdes
3111 2759 3476 2814 monasterio-

1895 2855 2039 2902 rum,
2092 2856 2200 2894 non
2257 2841 2412 2897 urbis
2464 2850 2675 2896 tantum
2709 2844 2890 2914 regiae,
2916 2845 3010 2899 sed
3040 2846 3206 2900 etiam
3233 2845 3476 2903 Orientis

1893 2939 1948 2986 et
1971 2931 2206 3004 Egypti.
2235 2933 2466 2987 Volebat
2497 2935 2644 2988 enim
2679 2934 3063 2991 Theodoretus
3110 2939 3337 3007 paribus
3379 2955 3468 2994 ar-

1895 3023 2001 3076 mis
2045 3039 2169 3077 cum
2195 3022 2399 3094 Cyrillo
2429 3026 2530 3087 uti,
2558 3026 2894 3094 paribusque
2928 3029 3205 3097 pugnandi
3234 3030 3467 3085 artibus.

211 3113 331 3166 dum
383 3113 762 3181 undequaque
811 3122 1082 3165 terrarum
1135 3111 1424 3180 episcopos
1460 3131 1471 3165 :
1526 3112 1788 3166 decorum
1818 3149 1858 3204 C
1896 3111 2455 3182 ScripseratCyrillus
2479 3113 2544 3165 ad
2575 3111 2787 3183 Egypti
2826 3116 3123 3169 monachos
3145 3115 3212 3170 de
3230 3117 3469 3174 Nestorii

207 3215 315 3260 erat
367 3206 424 3260 in
493 3215 636 3258 coetu
697 3204 944 3256 omnium
1007 3202 1368 3257 celeberrimo
1417 3205 1787 3272 eloquentiam

207 3306 506 3358 ostentare,
530 3294 698 3348 totius
724 3292 837 3347 fere
871 3293 1125 3347 Ecclesiae
1153 3291 1527 3347 doctissimum
1567 3293 1792 3348 haeresis

208 3403 354 3443 reum
391 3389 603 3450 facere,
635 3385 824 3457 primae
868 3394 992 3455 post
1032 3383 1330 3438 Romanam
1384 3385 1532 3440 sedis
1576 3385 1790 3456 episco-

207 3497 328 3550 pum
370 3482 438 3536 de
481 3481 683 3535 throno
715 3478 976 3547 dejicere,
1020 3479 1218 3532 summi
1254 3479 1527 3547 pontificis
1554 3479 1788 3548 legatum

209 3572 260 3626 in
305 3574 564 3628 ordinem
620 3571 887 3641 redigere.
949 3570 1091 3636 Quid
1145 3570 1356 3623 multa?
1405 3570 1788 3626 illecebrosum

206 3671 339 3727 erat,
365 3665 475 3719 dici
503 3663 714 3732 ubique
741 3672 1034 3726 terrarum,
1057 3660 1204 3730 quod
1231 3661 1441 3716 solebat
1461 3662 1786 3729 Antiochiae,

205 3756 534 3827 eloquentiae
564 3755 911 3817 miraculum,
934 3760 989 3806 et
1009 3751 1272 3806 doctrina:
1289 3753 1622 3824 prodigium.
1643 3755 1788 3816 Haec,

205 3862 321 3918 qua:
355 3848 542 3902 divisa
589 3853 818 3916 possunt
861 3845 1368 3898 constantissimum
1402 3861 1676 3916 quemque
1707 3847 1790 3900 la-

201 3937 502 4003 befactare,
559 3939 852 4008 conjuncta
907 3935 1188 3991 hominem
1258 3935 1343 3990 sui
1400 3937 1790 3992 mstimatorem

199 4040 428 4101 egerunt
463 4026 812 4100 praecipitem
845 4042 932 4091 eo,
974 4040 1084 4094 quo
1134 4024 1394 4094 superbia
1449 4026 1589 4080 solet
1642 4027 1790 4081 viros

200 4120 280 4175 vel
309 4120 444 4191 ipsis
484 4119 702 4189 angelis
733 4134 910 4188 pares.

263 4213 384 4268 Non
437 4228 642 4267 vanam
692 4211 835 4266 hanc
885 4227 1006 4267 esse
1059 4226 1236 4266 causa:
1265 4211 1660 4282 conjecturam,
1695 4212 1791 4267 de-

197 4315 469 4360 monstrat
511 4303 771 4376 pertinax
819 4303 1103 4373 patefactte
1136 4302 1387 4358 veritatis
1428 4304 1787 4374 impugnatio,

195 4398 340 4467 quod
377 4408 606 4453 eertum
629 4396 798 4450 animi
826 4395 1085 4465 superbia
1110 4400 1129 4414 '
1154 4395 1394 4450 errantis
1419 4394 1683 4450 indicium
1713 4396 1786 4449 ’δε

1893 3219 2080 3257 errore
2110 3203 2432 3272 cpistolam;
2467 3203 2607 3258 hanc
2649 3205 3134 3272 apocrisiariorum
3161 3208 3472 3265 ministerio

1895 3293 1951 3347 in
1979 3295 2112 3348 urbe
2144 3294 2294 3363 regia
2320 3309 2418 3363 per
2448 3295 2800 3359 monasteria,
2832 3305 2888 3350 et
2927 3296 3074 3360 inde,
3123 3309 3184 3353 ut
3234 3300 3314 3364 fit,
3375 3317 3476 3371 per

1896 3392 2064 3439 totam
2137 3385 2413 3438 civitatem
2489 3386 2667 3455 spargi
2713 3397 3045 3443 curaverat:
3099 3389 3474 3462 divulgaverat

1892 3474 2055 3528 etiam
2112 3475 2426 3545 synodicam
2475 3491 2627 3528 suam
2685 3491 2810 3529 cum
2855 3478 3110 3547 capitulis
3166 3479 3222 3533 in
3282 3481 3472 3536 eadem

1895 3565 2031 3620 urbe
2057 3583 2071 3630 ;
2115 3565 2241 3619 inde
2279 3581 2378 3635 per
2406 3565 2685 3622 Orientem
2711 3568 2913 3637 scripta
2945 3569 3060 3623 hmo
3085 3581 3348 3626 venerant
3369 3589 3474 3642 ope

1893 3654 2078 3708 Acacii
2135 3655 2396 3709 Meliteni.
2455 3656 2660 3711 Eadem
2706 3661 3038 3714 monasteria
3091 3660 3477 3720 Theodoretus

1893 3745 2158 3801 adversus
2202 3747 2466 3818 Cyrillum
2522 3764 2867 3806 commovere
2906 3753 3102 3817 voluit,
3133 3763 3189 3809 et
3215 3771 3321 3825 qua
3355 3766 3476 3812 erat

1893 3834 2246 3900 auctoritate,
2292 3836 2480 3905 plures
2503 3836 2650 3892 viros
2681 3839 3056 3895 sanctissimos
3086 3843 3290 3912 ubique
3324 3845 3474 3900 loco-

1895 3942 2017 3980 rum
2053 3927 2107 3980 in
2133 3928 2466 3983 catholicum
2501 3929 2626 3983 fidei
2652 3930 2999 3986 defensorem
3028 3937 3377 3990 exacerbavit
3417 3949 3475 3994 et

1893 4034 2034 4088 pene
2058 4020 2283 4072 emovit.

1966 4108 2083 4164 ΧΠ.
2115 4109 2189 4164 Ea
2217 4118 2542 4180 tempestate
2565 4111 3040 4183 Constantinopoli
3066 4116 3308 4172 sanctius
3331 4118 3472 4174 nihil

1892 4212 2012 4257 erat
2043 4202 2347 4267 Gennadio,
2380 4204 2474 4273 qui
2505 4212 2626 4272 post
2655 4205 2847 4274 viginti
2874 4214 3080 4274 septem
3114 4222 3286 4263 annos
3322 4209 3472 4266 Ana-

1893 4293 2026 4345 tolio
2062 4293 2325 4347 sutl'ectus
2357 4301 2440 4347 est
2474 4293 2528 4346 in
2573 4293 2758 4348 sedem
2807 4295 3192 4365 episcopalem.
3242 4300 3474 4358 Delusus

1893 4383 1986 4436 ille
2040 4383 2407 4452 capitulorum
2465 4381 3012 4450 reprehensionibus,
3061 4387 3228 4442 voluit
3264 4398 3319 4444 et
3354 4390 3471 4460 ipse

196 4503 317 4542 nam
356 4486 777 4548 Theodoretus,
811 4485 913 4537 etsi
941 4484 1107 4538 semel
1136 4485 1447 4553 iterumque
1479 4499 1542 4537 ac
1566 4482 1785 4537 tertium
1821 4501 1865 4557 ι)
1894 4475 1948 4530 in
1976 4474 2215 4543 capitula
2235 4473 2479 4528 scribere
2506 4491 2516 4525 :
2556 4472 2650 4527 sed
2678 4489 2800 4543 qum
2837 4474 3053 4529 tandem
3091 4478 3146 4530 in
3181 4479 3471 4536 maledicta

194 4577 651 4634 anathematismi
681 4575 909 4630 forenta
936 4573 1140 4645 Cyrillo
1176 4574 1428 4644 expositi,
1469 4584 1785 4643 conceptam

197 4667 262 4721 de
305 4667 445 4736 ipsis
482 4664 805 4736 Opinionem
838 4662 926 4716 vix
959 4663 1148 4717 multis
1174 4671 1296 4733 post
1329 4663 1487 4717 annis
1509 4661 1785 4732 deposuit,

195 4759 238 4812 si
264 4767 453 4812 tamen
489 4771 739 4825 unquam
772 4753 1062 4824 deposuit;
1095 4754 1241 4824 quod
1267 4763 1455 4825 postea
1487 4755 1783 4809 videbitur.

263 4844 357 4900 XI.
416 4846 821 4901 Demonstrant
873 4852 928 4897 et
980 4843 1086 4898 alia
1145 4843 1256 4898 duo
1305 4859 1418 4898 non
1469 4845 1789 4899 obscuriora

194 4937 424 4999 indicia,
479 4936 629 4990 velle
680 4934 856 4988 videri
910 4933 1168 4988 omnibus
1194 4933 1515 4988 doctissimo
1543 4934 1796 5004 superio-

195 5043 330 5092 rem,
382 5040 442 5084 et
493 5027 852 5083 contumeliis
894 5027 1169 5082 incessere
1204 5027 1666 5098 despicacissimis
1704 5042 1792 5083 se-

193 5121 439 5175 cundum
500 5119 767 5174 Ecclesiae
815 5118 1116 5174 antistitem
1159 5136 1174 5174 :
1222 5133 1350 5174 nam
1383 5134 1495 5190 quo
1545 5128 1792 5189 tempore

195 5214 346 5268 misit
385 5213 600 5268 Joanni
636 5211 980 5266 Antiocheno
1015 5211 1502 5280 reprehensionem
1531 5212 1790 5283 capitum,

255 5368 278 5407 ά
325 5369 547 5423 .lcrem.
609 5382 678 5432 IV,
719 5367 768 5432 l,
800 5369 858 5424 2.

1894 4583 2005 4622 non
2037 4567 2262 4638 erupit?
2303 4585 2320 4616 ‹
2358 4565 2469 4632 Vae,
2522 4565 2702 4636 inquit
2736 4566 2804 4632 ⁴⁰,
2862 4568 2994 4621 mihi
3043 4585 3071 4622 a
3113 4571 3289 4625 malis.
3329 4569 3468 4636 Heu,

1895 4661 2036 4716 heu!
2069 4660 2213 4715 unde
2264 4657 2411 4714 enim
2467 4659 2758 4729 quisquam
2819 4658 2876 4713 in
2932 4662 3186 4729 prmsenti
3249 4664 3470 4719 aliunde

1896 4761 2077 4807 sumat
2111 4740 2776 4816 exordium?—Quisvdct
2824 4753 2986 4822 capiti
3023 4770 3134 4806 meo
3167 4771 3386 4823 «quam,
3422 4766 3473 4809 et

1896 4844 2062 4898 oculis
2115 4844 2240 4896 meis
2294 4842 2490 4913 fontem
2547 4841 2960 4913 lacrymarum?
2994 4853 3041 4896 et
3085 4843 3302 4913 plorabo
3331 4847 3474 4900 istud

1895 4936 1978 4989 die
2025 4951 2086 4988 ac
2124 4942 2269 4987 nocte
2299 4949 2318 4986 .'
2352 4933 2601 5003 quoniam
2631 4933 2858 4986 extendit
2897 4933 3075 5006 lingua
3109 4937 3220 5007 ejus
3257 4939 3474 4992 menda—

1896 5025 2054 5089 cium,
2095 5032 2144 5078 et
2189 5041 2295 5078 non
2323 5021 2481 5092 fidem
2514 5040 2532 5077 :
2567 5025 2892 5095 confortatus
2944 5037 3019 5080 est
3049 5045 3206 5098 super
3249 5037 3464 5082 tetram.

1896 5118 1975 5173 Ex
2025 5124 2175 5172 certo
2211 5129 2315 5185 pax
2368 5116 2754 5184 peccatoribus
2805 5115 3078 5187 deceptio.
3129 5115 3352 5189 Pmptcr
3378 5120 3474 5172 hoc

1900 5207 2056 5279 157
2110 5209 2248 5262 enim
2304 5207 2524 5262 obtinuit
2563 5223 2668 5274 eos,
2704 5207 2903 5278 inquit,
2935 5209 3174 5278 superbia
3205 5227 3383 5264 eorum
3415 5212 3470 5264 in
3501 5265 3505 5269 .

1557 5511 1875 5572 SCHULle
1915 5510 2140 5570 ΝΟΤᾸΞ.

263 5637 306 5670 ⁸³
325 5634 513 5692 Animi
538 5661 617 5672 ——
639 5631 905 5686 indicium.
943 5631 1123 5701 Animi
1151 5629 1335 5701 potius
1356 5630 1714 5701 constantiam
1754 5629 2017 5701 probasse
2047 5627 2251 5701 dicitur
2283 5623 2350 5701 ab
2392 5623 2547 5681 initio
2565 5624 2764 5701 capitis
2783 5627 3028 5701 secundi.
3055 5627 3176 5682 Vid.
3204 5628 3468 5701 p;li0.__ct

195 5724 310 5780 οειῃ,
346 5707 433 5765 1⁸2,
470 5705 500 5772 §
532 5705 876 5784 3:}.Xfl‘lﬂts".
904 5701 984 5784 __'°
1021 5693 1340 5784 Epistulam.
1369 5695 1428 5754 ln
1465 5699 1600 5784 actis
1620 5717 1650 5751 v
1685 5693 1895 5770 synodi,
1925 5709 2027 5751 act.
2053 5714 2104 5748 v.
2132 5693 2285 5766 (Vide
2319 5697 2582 5765 integram
2621 5693 2762 5749 hanc
2801 5697 3105 5766 epistolam,
3151 5693 3288 5752 t‘ffV
3329 5699 3461 5784 edit.

198 5769 418 5838 misum,
456 5769 513 5844 ιι.
565 5771 751 5839 1291.)
827 5773 870 5801 ⁸ο
904 5769 1168 5834 Facurid.,
1200 5769 1295 5822 lib.
1334 5785 1390 5832 ιι,
1415 5783 1533 5837 cap.
1563 5769 1612 5824 ι.
