3954 6294
419 325 536 394 ΑΜ

1566 334 1963 394 .GARNERII
2006 333 2501 400 DISSE‘RTATIO
2542 344 2589 404 I.

3580 317 3673 407 ua
3728 296 3732 300 ’

437 444 585 514 ﬁnem
620 459 635 495 :
667 443 1048 514 cogitaverunt,
1087 455 1132 497 et
1170 446 1326 498 locuti
1358 456 1480 500 sunt
1531 449 1588 502 in
1643 449 1996 519 malignitate,

2108 461 2286 509 tamen
2339 457 2656 513 festinatum
2708 471 2793 515 est
2832 461 3169 531 lente,m_ora
3206 460 3678 529 pluriumdierum

429 533 760 600 iniquitatem
785 534 838 585 in
870 533 1036 588 ultum
1073 534 1226 588 locuti
1262 547 1382 590 sunt
1413 555 1429 592 :
1460 551 1744 609 posuerunt
1771 544 1826 594 in
1871 541 2000 599 ctrlo

430 640 482 674 os
499 640 672 684 suum,
692 634 738 675 et
757 624 934 692 lingua
952 640 1131 678 eorum
1152 629 1391 682 transivit
1405 647 1563 700 super
1577 639 1774 684 terram
1789 643 1834 684 ε.
1855 633 2003 687 Psal-

433 715 604 768 mist
628 718 724 769 ista
743 725 888 777 sunt,
914 717 1161 772 lere-mia:
1180 730 1363 774 autem
1386 722 1665 792 prophetae
1689 724 1778 777 illa
1806 725 1999 793 prima.

435 805 600 872 Euge,
634 822 665 858 o
697 807 852 858 beate
898 808 1078 859 Paule.
1114 809 1436 880 Exsurgent,
1477 814 1674 882 inquit,
1713 824 1762 867 et
1784 831 1846 868 ea:
1864 817 2002 868 vobis

431 897 553 962 ipsis
597 896 695 954 viri
742 894 1018 966 loquentes
1052 915 1318 966 perversa,
1351 910 1407 953 ut
1435 903 1696 958 abducant
1723 904 2002 975 discipulos

429 993 542 1049 post
579 1000 632 1035 se
676 982 716 1033 τ.
751 985 840 1037 ναξ
875 985 1016 1038 malo
1061 988 1403 1043 Alexandria:
1453 989 1710 1046 familiari
1766 995 1905 1062 ejus,
1949 1008 2006 1048 et

428 1081 652 1142 proprio
679 1076 789 1144 jam
826 1075 916 1129 isti
945 1078 1190 1130 serui-ldo
1217 1096 1228 1130 :
1263 1095 1384 1147 qua:
1423 1090 1680 1150 corrupta
1704 1083 2000 1150 ploremus,

427 1182 657 1236 quaeque
703 1169 1054 1236 corrumpit?
1097 1169 1172 1222 Ex
1225 1179 1340 1225 toto
1382 1172 1502 1240 jam
1537 1183 1791 1241 operatur
1817 1183 2006 1244 myste-

428 1260 565 1311 rium
601 1259 896 1327 iniquitatis
937 1261 980 1311 ⁸.
1019 1261 1086 1314 Et
1115 1277 1308 1315 vereor
1333 1279 1402 1317 ne
1433 1263 1588 1318 forte
1610 1281 1889 1334 nunquam
1916 1269 2005 1337 qui

427 1359 596 1415 tenet,
656 1353 718 1404 de
779 1353 944 1405 medio
1001 1353 1118 1420 ﬁat.
1180 1355 1362 1425 Euge,
1419 1357 1656 1412 Jeremia
1716 1361 2001 1430 propheta.

424 1442 720 1512 Prop/teme,
782 1444 996 1512 inquit,
1054 1449 1370 1515 prophetarit
1431 1450 1657 1518 iniqua,-
1709 1452 2004 1507 sacerdotes

423 1532 734 1604 plauserunt
785 1535 1024 1593 omnibus
1079 1538 1210 1600 suis,
1259 1547 1308 1590 et
1357 1539 1580 1608 populus
1636 1559 1780 1598 meus
1820 1543 2004 1597 dilexit

422 1624 498 1677 ita
542 1626 588 1677 ιι.
621 1624 758 1690 Quid
783 1626 932 1678 enim
959 1627 1269 1692 minimum,
1314 1631 1446 1698 quid
1482 1632 1760 1687 mediocre
1787 1633 1844 1687 in
1901 1634 2004 1688 illis

425 1717 965 1786 (anathematismis)?
1008 1717 1236 1775 Omnem
1296 1723 1819 1791 super-eminentiam
1881 1726 1999 1779 bla-

421 1805 683 1873 sphemiae
716 1807 992 1875 jaculatus
1020 1816 1105 1863 est
1135 1809 1405 1866 adversus
1427 1822 1646 1867 sanctos
1679 1814 1886 1877 Patres,
1908 1815 2002 1867 ad-

421 1913 616 1951 versus
651 1899 950 1966 apostolos,
985 1901 1250 1958 adversus
1297 1901 1655 1960 Salvatorem.
1707 1906 1767 1960 In
1821 1922 2002 1960 resur-

421 1989 717 2042 rectionem
757 1990 1052 2044 meditatus
1086 1998 1191 2045 est.
1225 1991 1574 2062 Assumptam
1605 1995 2002 2052 humanitatem

419 2095 485 2132 ex
518 2080 678 2134 nobis
711 2088 766 2134 et
801 2096 903 2150 pro
940 2083 1108 2135 nobis
1155 2082 1379 2153 injuriat
1409 2102 1420 2136 :
1458 2085 1699 2140 divinam
1750 2095 2001 2142 naturam

419 2181 474 2225 et
505 2172 900 2242 impassihilcm
954 2174 1304 2242 passionibus
1359 2176 1646 2246 subiacere
1693 2181 1997 2234 contendit.

419 2263 488 2314 Et
521 2272 707 2330 postea
737 2281 748 2315 :
789 2262 1366 2319 Auathematizatur-us
1397 2276 1482 2320 est
1509 2275 1560 2324 te
1608 2269 1776 2331 Deus,
1825 2273 2000 2340 paries

418 2353 662 2406 dealbate
701 2354 738 2406 ί.
804 2354 1178 2408 Juslissimum
1234 2356 1383 2410 enim
1453 2367 1556 2417 est.
1615 2359 1690 2412 Te
1746 2361 2002 2416 similiter

419 2444 647 2498 Ananite
705 2443 1021 2498 Judaeorum
1077 2447 1316 2515 principi
1366 2448 1714 2504 sacerdotum
1760 2452 1999 2521 linguam

419 2533 688 2599 adycrsus
726 2533 1028 2600 discipulos
1063 2533 1269 2588 Christi
1301 2545 1633 2602 moventem,
1670 2541 1905 2594 similem
1931 2542 2000 2596 ab

417 2623 498 2676 eis
532 2622 963 2690 indignationem
998 2624 1256 2691 experiri,
1289 2644 1306 2674 ι
1347 2634 1453 2679 etc.

494 2713 624 2766 Haec
650 2712 972 2766 Gennadius
997 2712 1491 2784 Constantinopoli.
1546 2717 1604 2770 In
1641 2717 1872 2790 )Egypto
1903 2721 2002 2776 Isi-

418 2806 605 2867 dorus,
638 2806 724 2858 cui
749 2805 1036 2859 Pelusiotae
1063 2821 1284 2870 nomen,
1340 2805 1472 2862 vicit
1521 2809 1744 2878 quidem
1785 2812 2000 2867 Genna-

417 2894 569 2948 dium
629 2895 904 2948 modestia
947 2913 959 2948 :
1009 2905 1427 2961 verumtamen,
1483 2915 1609 2953 eum
1671 2917 1736 2954 ex
1773 2902 1998 2959 Oriente

417 2987 722 3048 didicisset,
753 3002 863 3056 quo
895 2987 1234 3040 haberentur
1261 2989 1382 3042 loco
1412 2991 1674 3059 capitula,
1709 3003 1830 3061 post
1883 2995 2002 3048 ani-

420 3095 535 3131 mos
574 3095 604 3132 a
652 3077 1002 3132 Theodoreto
1043 3089 1347 3136 commotos
1399 3079 1661 3150 Cyrillum
1715 3084 2000 3140 admonuit

417 3167 484 3221 de
539 3169 784 3223 cavendo
837 3169 1004 3223 unius
1062 3178 1274 3225 natura:
1327 3187 1550 3235 errore,
1600 3177 1999 3246 rctinendaque

415 3261 697 3315 Athanasii
734 3260 801 3315 de
842 3261 1056 3314 duabus
1098 3262 1314 3316 naturis
1357 3263 1666 3317 inconfusis
1728 3266 1996 3322 doctrina.

414 3350 735 3412 Admonuit,
765 3349 1010 3418 inquam,
1047 3349 1251 3411 verbis,
1276 3366 1418 3419 quae,
1455 3363 1514 3404 ut
1543 3354 1612 3406 ab
1651 3367 1869 3409 errante
1915 3374 2002 3412 ze-

416 3440 468 3497 lo
503 3440 845 3502 oriebantur,
902 3440 976 3494 ita
1031 3439 1345 3494 acrimonia;
1399 3443 1632 3495 multum
1685 3444 1997 3512 habebant,

416 3547 608 3598 parum
639 3530 846 3583 decori.

1017 3666 1030 3682 '
1069 3662 1298 3720 CAPUT
1331 3666 1391 3719 ν.

429 3756 469 3811 ι.
503 3755 831 3810 Conveniunt
881 3755 1065 3808 Patres
1099 3758 1380 3818 Ephesum.
1430 3757 1493 3810 ll.
1531 3757 1710 3814 Maras
1762 3762 1995 3818 consulto

503 3834 714 3897 nectunt
743 3825 1052 3880 Orientales.
1090 3825 1178 3897 III.
1206 3825 1494 3880 Inchoatur
1535 3830 1765 3897 synodus
1817 3850 1848 3884 a
1890 3833 1996 3887 Ca-

498 3895 724 3960 tholicis,
746 3905 792 3949 et
830 3897 1105 3965 deponitur
1130 3895 1423 3949 Nestorius.
1460 3897 1546 3952 IV.
1569 3895 1696 3952 M01:
1743 3901 1997 3957 advolant

496 3965 814 4029 Orientales,
882 3974 929 4017 et
965 3965 1228 4036 deponunt
1259 3965 1513 4036 Cyrillum
1545 3985 1606 4020 ac
1643 3970 1990 4027 Memnonem.

499 4036 562 4089 V.
598 4036 980 4106 Imperatorem
1009 4053 1090 4088 res
1118 4035 1508 4106 Cogitet-irarum
1534 4037 1722 4104 latent,
1748 4039 1996 4096 Orienta-

497 4092 998 4181 liuminnotescunt.
1173 4092 1486 4181 iracundius
1533 4092 1774 4181 proinde—

495 4177 756 4247 Cyrillum
790 4186 838 4228 et
873 4175 1188 4231 Cat/tolicos.
1232 4177 1355 4247 VII.
1379 4175 1612 4232 Edoctus
1663 4198 1694 4234 a
1716 4175 1996 4236 Dalmatia

483 4247 635 4316 jubet
678 4247 748 4299 ad
779 4263 835 4300 se
884 4247 1020 4299 mitti
1068 4248 1315 4316 utrinque
1339 4246 1555 4316 legatos.
1599 4251 1730 4304 Vlll.
1766 4251 1993 4304 Theodo-

494 4327 636 4370 retus
667 4317 762 4385 fuit
790 4333 926 4369 unus
965 4332 1028 4369 ea:
1059 4315 1411 4389 Orientalibus
1431 4317 1648 4389 legatis.
1703 4318 1794 4372 IX.
1827 4322 1991 4374 Audit

493 4389 782 4461 imperator
822 4385 1406 4461 quintumOrientales.
1428 4385 1509 4442 Χῖ
1527 4388 1667 4454 Quos
1692 4406 1758 4461 re
1777 4393 1989 4461 cognita

491 4455 728 4520 dimittit,
779 4465 828 4509 et
872 4455 1164 4511 Catholicos
1219 4457 1474 4512 admissos
1521 4461 1576 4512 in
1615 4460 1796 4513 urbem
1838 4455 1902 4520 )‘u

492 4529 741 4596 ordinare
772 4527 1066 4596 episcopum
1098 4527 1154 4579 in
1189 4526 1360 4582 locum
1413 4529 1663 4582 Nestorii.
1697 4530 1788 4582 XI.
1827 4526 1987 4582 Rece-

491 4598 670 4668 dentes
704 4595 997 4668 Qrientales
1050 4599 1353 4668 conspirant
1400 4601 1456 4652 in
1517 4597 1832 4654 Cat/taliaes.
1866 4599 1983 4654 XII.

495 4665 681 4720 Scribit
713 4666 1058 4720 Tlteodoretus
1110 4665 1337 4737 quinque
1375 4669 1530 4722 libros
1577 4668 1827 4722 adversus
1857 4687 1986 4723 san-

491 4745 630 4791 ctam
652 4737 927 4806 synodum.

649 4850 720 4898 Ab
743 4862 872 4898 alino
893 4846 1076 4899 Christi
1102 4849 1182 4898 451
1215 4849 1274 4898 ad
1308 4848 1416 4907 432,
1441 4847 1530 4897 sub
1562 4851 1728 4898 ﬁnem.

469 4973 863 5030 I.Condixerat
925 4977 1224 5046 imperator
1267 4974 1526 5030 Patribus
1570 4975 1849 5043 Ephesum
1909 4975 1979 5032 ad

399 5067 542 5122 diem
573 5081 792 5120 sacrum
826 5065 1200 5129 Pentecostes,
1229 5063 1324 5132 qui
1355 5064 1624 5133 septimus
1661 5075 1782 5121 erat
1826 5082 1984 5122 meu-

398 5158 475 5213 sis
509 5157 679 5212 Junii.
712 5157 953 5212 Peractis
1000 5157 1167 5224 igitur
1214 5155 1374 5225 158
1410 5154 1565 5211 festis
1616 5157 1976 5220 Paschalihus

397 5249 657 5319 praesules
685 5244 1044 5304 accirixerunt
1073 5261 1130 5299 se
1160 5245 1228 5300 ad
1261 5245 1386 5310 iter,
1419 5254 1482 5300 ut
1511 5247 1580 5301 ad
1641 5257 1858 5318 tempus
1882 5263 1976 5302 ve-

398 5341 602 5395 nirent.

467 5433 530 5487 Il.
583 5434 663 5488 Ex
699 5432 921 5487 Oriente
967 5430 1305 5502 praevolabat
1355 5432 1541 5486 animo
1595 5433 1978 5492 Theodoretus

397 5526 548 5582 velut
573 5527 640 5581 ad
653 5540 904 5595 campum
924 5539 1119 5594 pugnae
1146 5523 1471 5593 impatiens;
1505 5524 1574 5578 ab
1593 5523 1978 5581 Orientalibus

473 5653 498 5683 α
518 5640 659 5698 Psal.
687 5655 825 5693 um
854 5636 971 5693 6-9.

1051 5638 1215 5692 rAct.
1243 5653 1332 5702 xx,
1369 5636 1455 5693 50.
1503 5638 1595 5697 811
1629 5638 1821 5694 Thess.
1863 5655 1922 5705 ιι,
1950 5641 2003 5695 7.

2073 550 2357 603 -consulto
2402 551 2562 605 facta.
2613 551 2668 605 Id
2718 552 2914 621 agebat
2942 552 3319 606 Antioehcnus
3341 551 3686 620 prirsul,quo

2109 639 2368 693 Patribus
2394 641 2717 710 jamdudum
2747 643 3088 711 congregatis
3119 641 3685 713 (emuxcratdecimus

2104 731 2329 799 quintus
2361 748 2388 784 a
2417 733 2670 786 condicto
2705 732 2866 802 dies),
2889 749 3162 802 motaeque
3187 733 3448 802 pertzesis,
3468 741 3687 802 tempus

2104 822 2259 876 daret
2287 823 2594 893 deponendi
2633 825 2889 886 Nestocii,
2941 824 3007 878 ad
3042 825 3187 893 quod
3211 833 3263 878 et
3305 824 3451 892 ipsos
3485 823 3684 878 callide

2104 914 2438 985 impellebat,
2472 916 2838 986 metropolitis
2868 916 3106 979 duobus,
3139 931 3264 970 cum
3293 923 3440 969 esset
3466 915 3520 969 in
3550 928 3685 984 ιιι-ο-

2107 1007 2271 1070 xime,
2313 1008 2630 1076 praemissis,
2665 1007 2758 1077 qui
2820 1015 3107 1061 monerent
3160 1007 3216 1060 id
3273 1022 3454 1076 agere,
3506 1005 3685 1060 donec

2105 1081 2410 1175 adveniret,
2435 1100 2577 1165 quod
2602 1097 2872 1166 agendum
2902 1098 3202 1151 videretur.

2178 1188 2251 1241 Ea
2291 1188 2500 1241 ratione
2528 1188 2611 1240 vir
2631 1187 2956 1241 ambitiosus
2979 1187 3234 1257 sperabat
3265 1186 3382 1239 fore
3416 1193 3495 1249 ut,
3534 1182 3684 1256 quod

2107 1277 2343 1331 habebat
2374 1277 2427 1330 in
2459 1277 2622 1339 votis',
2661 1277 2895 1330 concilio
2937 1278 3106 1330 totius
3147 1275 3298 1330 Orbis
3341 1274 3682 1344 prmsideret.

2105 1369 2315 1423 Certus'
2334 1369 2479 1421 enim
2511 1377 2647 1431 erat,
2675 1369 2766 1422 ubi
2793 1369 3034 1437 primum
3061 1367 3391 1429 advenisset,
3431 1363 3683 1434 repenti-

2107 1474 2235 1513 num
2257 1461 2523 1529 judicium
2551 1477 2832 1525 exercere,
2856 1476 2986 1530 quo,
3017 1459 3333 1528 priusquam
3384 1457 3546 1528 legati
3593 1471 3683 1510 se-

2106 1549 2190 1604 dis
2217 1551 2526 1620 apostolicae
2555 1544 2926 1619 tempestuoso
2955 1550 3086 1604 mari
3128 1559 3351 1619 possent
3382 1549 3682 1618 appellere,

2105 1643 2364 1715 Cyrillum
2406 1645 2828 1698 Alexandrinum
2852 1645 3185 1714 deponeret,
3224 1659 3326 1698 nec
3370 1651 3550 1696 tamen
3573 1642 3683 1696 Ne-

2108 1738 2334 1792 storium
2381 1736 2713 1797 restitueret,
2763 1745 2925 1804 atque
2973 1736 3046 1788 ita
3101 1736 3250 1789 solus
3301 1734 3416 1804 ipse
3455 1733 3686 1803 patriar-

2106 1829 2330 1883 charum
2385 1826 2702 1882 moderandi
2747 1827 2964 1880 concilii
3010 1834 3204 1894 potens
3264 1830 3522 1880 restaret:
3554 1839 3682 1878 nam

2103 1921 2629 1991 Hicrosolymitanus
2664 1934 2773 1986 prae
2808 1918 3153 1972 Antiocheno
3203 1917 3410 1972 nullius
3434 1927 3554 1970 erat
3577 1932 3679 1969 au-

2102 2012 2388 2067 ctoritatis.
2426 2009 2614 2064 Audax
2643 2008 2852 2063 facinus
2885 2019 2941 2064 et
2998 2010 3322 2073 violentum,
3355 2008 3450 2063 sed
3481 2016 3683 2062 eventu

2102 2120 2210 2157 non
2260 2103 2583 2164 cariturum,
2639 2101 2904 2156 suadebat
2964 2101 3228 2154 comitum
3265 2099 3590 2155 Candidiani
3627 2109 3684 2153 et

2102 2197 2321 2259 Ircnzci,
2378 2192 2631 2249 Nestorio
2697 2193 3064 2256 addictorum,
3129 2209 3253 2247 cum
3308 2191 3686 2246 Orientalibus

2102 2287 2431 2356 conjuratio.
3305 2294 3307 2297 '

2171 2382 2260 2435 lIl.
2316 2379 2540 2434 Litteris
2587 2377 2912 2432 Antiochcni
2956 2392 3053 2446 per
3104 2373 3484 2444 metropolitas
3544 2373 3686 2427 duos

2101 2472 2298 2533 allatis,
2335 2469 2569 2540 Cyrillus
2609 2483 2762 2521 more
2817 2467 3084 2535 majorum
3123 2465 3254 2518 feria
3295 2464 3532 2518 secunda
3558 2479 3689 2534 syn-

2100 2563 2206 2617 odo
2243 2563 2371 2616 fecit
2400 2561 2638 2614 initium.
2675 2557 3069 2611 Incidebatilla
3125 2557 3178 2610 in
3214 2573 3243 2610 κ
3282 2557 3504 2610 Kalend.
3529 2557 3681 2620 Julii,

2100 2672 2208 2725 quo
2249 2655 2336 2708 die
2388 2653 2646 2706 omnibus
2696 2649 2798 2703 rite
2851 2649 3087 2718 peractis
3112 2666 3177 2702 ex
3231 2651 3548 2720 praescripto
3594 2663 3686 2702 ca-

2100 2761 2303 2800 nonum
2343 2749 2728 2797 exauctoratus
2759 2747 2842 2793 est
2867 2739 3172 2803 Nestorius,
3204 2749 3428 2809 propter
3451 2739 3684 2794 hmrcsin

2099 2845 2262 2904 atque
2287 2833 2712 2890 contumaciam.

2171 2929 2260 2983 IV.
2293 2927 2370 2982 Re
2395 2916 2604 2990 audita,
2650 2943 2834 2981 comes
2889 2926 3132 2979 Irenzcus
3191 2923 3256 2976 ad
3293 2921 3682 2977 Orientalcsin

2100 3020 2185 3074 via
2217 3020 2425 3088 positos
2456 3019 2686 3073 nuntius
2731 3026 3026 3089 properat:
3095 3015 3354 3068 advolant
3400 3015 3478 3068 illi
3533 3030 3686 3069 more

2028 3133 2068 3186 ο
2102 3109 2290 3162 alitum
2318 3109 2556 3163 Sahbato
2590 3118 2984 3180 consequente,
3027 3123 3153 3161 cum
3207 3117 3365 3161 antea
3413 3107 3565 3161 tarde
3599 3107 3682 3160 in-

2110 3201 2371 3255 cederent
2404 3218 2414 3251 :
2450 3216 2640 3269 agmen
2683 3215 2843 3270 agerc
2888 3199 3179 3252 videbatur
3199 3198 3435 3251 Joannes
3461 3207 3688 3267 propter

2109 3293 2256 3346 sedis
2272 3294 2651 3347 auctoritamm
2677 3310 2689 3352 ;
2721 3293 2896 3360 reipsa
2915 3300 3091 3344 tamen
3114 3289 3349 3345 ducebat
3367 3289 3687 3343 Theodore-

2110 3391 2218 3445 tus,
2259 3384 2425 3436 totius
2452 3382 2702 3436 factionis
2746 3382 2902 3450 quasi
2947 3385 3127 3435 anima
3163 3397 3175 3433 :
3213 3380 3326 3434 suis
3352 3379 3497 3433 enim
3534 3378 3678 3432 nuti-

2108 3473 2213 3528 bus
2239 3474 2491 3528 movebat
2516 3472 2756 3527 Orientis
2787 3473 3113 3535 antistitem,
3136 3487 3297 3540 quem
3321 3471 3413 3524 alii
3441 3470 3508 3524 de
3533 3483 3686 3522 more

2106 3566 2499 3633 sequebantur,
2539 3563 2632 3618 sed
2682 3564 2797 3617 suis
2838 3563 2952 3632 ipse
3009 3563 3208 3617 studiis
3252 3561 3511 3616 incensus
3555 3576 3684 3632 age—

2105 3655 2284 3710 batur.

2178 3767 2336 3830 Nam,
2374 3775 2432 3820 ut
2470 3775 2676 3818 taceam
2699 3764 2923 3818 Joannis
2963 3765 3014 3816 in
3039 3763 3452 3818 Theodoretum
3484 3765 3676 3817 immo-

2103 3859 2284 3913 dicum
2317 3870 2580 3918 amorem,
2609 3854 2943 3908 'I‘hemloreti
2967 3855 3107 3925 apud
3134 3855 3398 3910 Joannem
3442 3853 3676 3908 auctori-

2104 3960 2267 4004 tatem
2303 3965 2367 4001 ex
2393 3947 2652 4016 opinione
2688 3947 2950 4000 doctrina:
2974 3956 3169 4010 ortam,
3207 3955 3446 4000 veterem
3473 3947 3683 3999 utrius-

2100 4058 2206 4111 que
2239 4056 2361 4103 eum
2399 4038 2652 4110 Nestorio
2685 4039 3089 4101 necessitatem,
3121 4047 3371 4092 recentes
3392 4038 3681 4092 amborum

2099 4149 2222 4186 cum
2257 4131 2460 4202 Cyrillo
2485 4130 2819 4192 inimicitias,
2851 4130 3096 4184 occultas
3151 4145 3277 4183 cum
3343 4128 3547 4182 Irenaeo
3585 4144 3682 4183 co—

2100 4224 2227 4277 mite
2253 4221 2540 4282 coitiones,
2579 4237 2641 4274 ac
2675 4221 2776 4274 alia
2809 4219 3076 4290 ejusmodi
3107 4219 3282 4288 plura,
3319 4227 3541 4288 propter
3561 4233 3683 4286 quae

2097 4314 2480 4369 Theodoretus
2516 4314 2759 4367 omnium
2796 4312 3051 4366 factionis
3089 4311 3443 4366 consiliorum
3484 4309 3683 4362 merito

2097 4416 2278 4477 potest
2299 4406 2510 4461 censeri
2531 4415 2753 4468 auctor;
2802 4405 3078 4474 ingenium
3102 4414 3249 4458 certe
3270 4403 3462 4473 ipsius,
3481 4399 3687 4473 stylus-

1907 4461 1988 4567 ff:
2022 4485 2061 4539 Π
2094 4513 2222 4567 que,
2253 4505 2310 4550 et
2341 4495 2635 4567 singularis
2660 4494 2881 4564 quidam
2907 4510 3102 4547 vocum
3157 4510 3288 4548 usus
3342 4493 3397 4545 in
3432 4491 3682 4546 Orienta-

2090 4587 2228 4642 lium
2253 4587 2474 4656 scriptis
2502 4585 2583 4639 sic
2617 4585 2818 4650 elucet,
2856 4595 2914 4638 ut
2943 4584 3195 4653 opificem
3241 4599 3351 4636 non
3385 4581 3678 4636 admodum

2093 4677 2301 4732 latendi
2346 4675 2606 4747 cupidum
2640 4674 2952 4745 patefaciet.

2170 4791 2274 4846 Ubi
2315 4789 2555 4861 primum
2614 4787 2890 4857 Ephesum
2935 4787 3170 4841 Joannes
3214 4782 3412 4853 attigit,
3438 4781 3682 4836 nondum

2095 4885 2316 4944 deterso
2367 4884 2629 4953 pulvere,
2675 4883 2738 4938 in
2795 4882 2916 4950 ipso
2969 4879 3244 4949 hospitio,
3302 4874 3684 4944 intempestiva

2092 4978 2248 5042 hora,
2276 4975 2616 5032 clandestina
2653 4973 2915 5037 coitione,
2943 4971 3287 5028 Nestorianis
3323 4969 3390 5023 ad
3430 4985 3554 5023 suos
3582 4966 3678 5021 ad-

2089 5067 2313 5143 iunctis,
2349 5066 2698 5136 conspirante
2732 5064 2895 5134 159
2913 5064 3252 5119 Candidiano
3285 5062 3505 5126 comite,
3526 5061 3675 5131 judi-

2091 5161 2238 5217 cium
2269 5157 2692 5216 tumultuarium
2721 5157 2788 5212 de
2814 5156 3036 5227 Cyrillo,
3067 5165 3123 5211 et
3164 5156 3450 5211 Memnone
3475 5154 3676 5222 Ephesi

2088 5252 2350 5322 episcopo
2375 5292 2388 5315 ,
2417 5249 2742 5318 caeterisque
2765 5248 2956 5319 synodi
2993 5261 3196 5303 sanctae
3237 5248 3494 5304 Patribus
3517 5261 3673 5299 exer-

2088 5353 2196 5399 cet.
2219 5342 2474 5414 Cyrillus,
2495 5349 2787 5417 accusante
2801 5340 3184 5406 Theodoreto;
3221 5340 3495 5402 Memnon,
3512 5351 3677 5406 agen-

2089 5436 2236 5492 tibus
2284 5433 2655 5498 Nestorianis;
2715 5434 2940 5497 Patres,
2969 5432 3244 5490 referente
3294 5430 3672 5492 Candidiano,

2087 5523 2417 5578 damnantur
2442 5541 2454 5575 :
2483 5521 2722 5594 Cyrillus
2751 5522 2816 5589 "‘,
2863 5522 3012 5594 quod
3042 5522 3278 5578 haeresin
3316 5519 3670 5592 Apollinaris,

2082 5641 2109 5681 δ
2135 5638 2340 5694 Thren.
2369 5638 2522 5704 11,“,
2553 5639 2639 5694 t5.
2723 5641 2740 5682 ί
2773 5639 2896 5696 Act.
2925 5654 3074 5703 χχιιι,
3099 5639 3153 5694 5.

1740 5753 2057 5811 SCHULZII
2095 5755 2327 5811 NOTAE.

467 5852 514 5887 "
543 5847 798 5941 Cyrillus,
823 5856 925 5904 etc.
956 5847 1081 5904 Vid.
1123 5846 1421 5918 Epistolam
1450 5848 1517 5904 ad
1541 5847 1764 5917 Rufum,
1801 5859 1839 5904 t.
1867 5851 1956 5917 IV,
1993 5869 2048 5924 p.
2079 5852 2210 5907 1547
2241 5866 2396 5922 seqq.
