3954 6294
249 318 348 382 113

1442 316 1808 380 HISTORIA
1848 314 2355 376 THEODORETI.

3395 308 3497 372 114

245 425 841 496 Ariique,etEunomii
867 426 921 480 in
950 425 1242 482 duodecim
1277 427 1552 497 capitibus
1574 427 1830 480 innovas-
1855 426 1910 480 Α.
1929 431 2101 478 ceret.
2139 423 2430 478 Perierunt
2450 423 2671 487 littora,
2691 438 2814 492 qua
2842 422 2912 477 ad
2943 421 3170 490 priores
3201 432 3311 476 tres
3360 421 3499 476 datae

247 529 359 582 set;
419 518 696 580 Memnon,
754 517 900 584 quod
951 517 1299 588 tyrannidem
1351 517 1407 574 in
1456 518 1594 571 urbe
1617 515 1820 588 Cyrillo

251 609 448 662 favens,
502 607 878 670 exercuisset;
954 607 1179 670 Patres,
1212 607 1357 676 quod
1424 607 1814 676 inexspectatis

249 697 622 754 Orientalibus
669 698 1007 772 sententiam,
1046 698 1332 762 tulissent,
1387 699 1824 769 probassentque

251 787 430 859 Cyrilli
464 787 698 849 litteras,
715 797 770 840 et
797 784 1100 840 Memnonis
1125 796 1307 856 partes
1332 795 1715 856 sequerentur.

320 879 622 934 Abdicatus
641 886 726 932 est
760 878 924 948 igitur
948 877 1184 948 Cyrillus
1211 894 1335 931 cum
1384 878 1691 941 Memnone,
1722 878 1824 931 Pa-

257 979 364 1024 tres
417 970 1000 1024 exeommunicationis
1051 970 1321 1024 sententia
1371 970 1615 1041 obligati,
1652 970 1828 1024 donec

255 1060 486 1115 desertis
539 1060 726 1131 Cyr-illi
763 1061 1010 1130 partibus
1043 1061 1109 1114 ad
1155 1060 1464 1115 Orientales
1500 1061 1824 1115 transirent:

256 1163 417 1221 atque
436 1151 553 1205 hmc
580 1151 750 1204 forma
800 1151 903 1204 fuit
947 1151 1160 1224 judicii,
1207 1153 1362 1221 cujus
1382 1150 1710 1221 principium
1745 1151 1830 1202 in-

259 1243 400 1297 vidia
426 1253 479 1296 et
507 1242 768 1310 ambitio;
817 1251 1028 1307 auctor,
1057 1244 1311 1315 Cyrensis
1339 1242 1414 1308 “;
1446 1250 1694 1306 eventus,
1732 1242 1834 1296 Ec-

258 1332 436 1386 clesiaa
464 1331 682 1386 divisio.

325 1420 389 1476 ν.
429 1421 511 1474 Ad
547 1421 937 1491 imperatorem
964 1421 1326 1477 Orientalium
1351 1424 1571 1477 nomine
1604 1423 1832 1477 relatum

259 1524 361 1578 est,
391 1512 665 1581 simulque
687 1522 944 1567 excusata
966 1514 1066 1568 viae
1099 1513 1345 1578 tarditas,
1379 1513 1514 1568 nihil
1546 1531 1652 1568 non
1679 1531 1836 1568 men-

261 1609 426 1662 tiente
459 1608 743 1661 relationis
800 1609 1088 1678 scriptore,
1125 1624 1234 1678 quo
1267 1601 1582 1678 imperator,
1628 1620 1684 1663 et
1730 1609 1835 1663 Ne—

258 1698 412 1751 storii
441 1713 652 1760 amans,
685 1707 741 1752 et
771 1695 974 1768 Cyrillo
1031 1698 1300 1762 infensus,
1337 1697 1640 1752 falleretur:
1677 1698 1727 1750 id
1771 1713 1838 1750 eo

1928 524 2084 578 sunt;
2112 522 2310 578 exstat,
2341 529 2464 584 quae
2491 513 2803 568 adﬁnium.
2830 513 3084 568 Sat-ciunt
3111 529 3248 566 vero
3269 513 3498 566 aliarum

1924 605 2216 674 jacturam,
2239 605 2284 658 si
2335 613 2515 660 tamen
2553 604 2674 658 alias
2706 604 2928 664 fuerint,
2953 611 3009 657 et
3056 619 3165 658 non
3195 605 3398 672 ea‘dem
3433 602 3499 656 ad

1931 695 2176 767 singulos
2216 712 2247 750 a
2268 694 2408 765 pari,
2438 704 2498 750 ut
2525 695 2846 763 loquuntur,
2884 694 3081 750 naiasin.

2006 787 2208 842 Habuit
2230 787 2396 841 etiam
2421 787 2713 854 conciones
2745 786 2812 842 ad
2845 786 3105 854 populum
3133 786 3286 840 urbis
3319 787 3501 855 regiae,

1935 881 2001 936 de
2035 881 2237 952 quibus
2262 881 2335 935 ita
2363 879 2586 949 ipsead
2617 879 3017 948 metropolitani
3045 893 3205 932 suum
3231 878 3279 910 “
3305 879 3503 948 Ephesi

1937 981 2190 1043 agentem
2221 991 2234 1026 :
2281 992 2298 1023 ι
2322 973 2566 1041 Pepulus
2585 973 2764 1027 omnis
2791 971 2965 1040 gratia
2998 971 3096 1024 Dei
3130 971 3272 1024 bene
3319 971 3503 1032 habet.

1937 1073 1992 1118 et
2019 1065 2222 1134 iugiter
2239 1064 2308 1122 ad
2353 1080 2457 1120 nos
2501 1064 2799 1134 egreditur.
2828 1063 3136 1131 lneepimus
3163 1073 3345 1116 autem
3375 1061 3508 1130 ipsis

1937 1155 2102 1209 etiam
2159 1155 2456 1219 disserere,
2519 1161 2576 1210 et
2631 1152 3036 1208 celebravimus
3099 1151 3508 1204 communiones

1938 1245 2223 1309 maximas,
2269 1253 2324 1298 et
2375 1252 2574 1314 quarto
2623 1245 2734 1299 illis
2761 1250 3074 1297 enarratum
3099 1249 3203 1304 est,
3254 1241 3510 1309 precibus
3547 1262 3570 1273 α

1941 1347 2050 1392 tua:
2083 1337 2328 1406 pietatis,
2355 1337 2426 1391 de
2455 1335 2581 1402 fide,
2609 1345 2664 1390 et
2693 1343 2839 1390 tanta
2865 1334 3193 1388 audiverunt
3213 1332 3513 1399 voluptate,

1943 1439 2002 1483 ut
2029 1443 2198 1498 usque
2228 1428 2294 1486 ad
2325 1428 2514 1483 horam
2541 1427 2828 1496 septimam
2870 1442 2979 1482 non
3027 1425 3394 1485 discederent,
3419 1419 3511 1476 sed

1942 1519 2368 1589 perduraverint
2387 1534 2562 1588 usque
2597 1519 2664 1572 ad
2711 1529 2904 1574 uastum
2942 1517 3105 1570 solis:
3131 1516 3186 1569 in
3213 1516 3336 1569 aula
3367 1512 3513 1567 enim

1944 1613 2200 1677 maxima,
2253 1621 2308 1666 et
2362 1622 2599 1680 quatuor
2636 1611 2873 1665 habente
2925 1609 3189 1678 porticus,
3222 1605 3518 1659 multitudo

1947 1715 2276 1776 congregata
2316 1705 2438 1766 fuit,
2464 1714 2520 1758 et
2577 1719 2678 1757 nos
2717 1717 2954 1771 superne
3003 1699 3519 1756 eoncionabamure

259 1791 473 1844 facilius
517 1790 640 1852 fuit,
700 1789 846 1858 quod
897 1789 1292 1854 Candidianus,
1340 1790 1638 1860 cognitoris
1661 1788 1838 1842 cilicio
1870 1780 1909 1833 Β
1940 1800 2200 1864 suggestu
2235 1807 2404 1860 prope
2430 1798 2654 1844 tectum.
2691 1808 2707 1838 ι

260 1881 492 1950 turpiter
515 1880 757 1945 deserto,
781 1895 905 1935 cum
929 1883 941 1897 '
961 1879 1331 1935 Orientalibus
1358 1882 1508 1949 paria
1541 1883 1836 1946 scribebat,

258 1983 313 2027 et
345 1972 752 2028 Catholicorum
784 1972 1014 2034 nuntiis,
1070 1989 1138 2026 ne
1190 1973 1243 2026 in
1294 1973 1486 2026 urbem
1531 1975 1836 2037 tenderent,

261 2062 660 2115 intercludebat
681 2061 844 2115 viam.

327 2153 416 2208 Vl.
477 2152 621 2218 Quid
679 2153 876 2206 illusus
949 2151 1292 2208 Theodosius
1341 2161 1544 2224 contra,
1580 2152 1843 2222 Cyrillum

261 2244 740 2314 ConstantinOpoli
792 2245 1074 2309 statuerit;
1134 2245 1266 2314 quid
1341 2245 1510 2298 misso
1568 2244 1845 2313 Ephesum

265 2339 506 2393 Palladio
535 2338 827 2406 imperiose
876 2337 1249 2402 mandaverit;
1302 2337 1577 2406 quomodo
1626 2352 1724 2406 per
1757 2352 1849 2390 c0-

266 2431 454 2485 mitem
478 2445 758 2483 sacrarum
811 2429 1159 2498 largitionum
1201 2428 1464 2483 Joannem
1528 2427 1723 2481 tentari
1749 2443 1847 2484 v0-

267 2518 455 2580 luerit,
479 2527 557 2579 ut,
588 2526 855 2587 quotquot
878 2527 1035 2571 erant
1081 2517 1278 2584 Ephesi
1316 2518 1596 2587 praesules,
1641 2517 1849 2572 Joanne

270 2610 522 2679 pneside,
548 2611 939 2675 convenirent;
975 2625 1081 2678 qua
1111 2608 1346 2680 Cyrillus
1370 2609 1626 2664 violentia
1663 2611 1849 2678 conje-

267 2711 391 2756 ctus
423 2695 496 2755 sit
528 2701 581 2754 in
609 2715 926 2763 carcerem;
960 2701 1090 2770 quid
1147 2700 1322 2753 moliti
1351 2700 1660 2754 Orientales
1713 2701 1854 2753 inte-

273 2793 396 2855 rim,
420 2801 481 2845 ut
501 2790 800 2846 Catholicis
827 2791 912 2845 vel
945 2792 1204 2845 invidiam
1248 2791 1562 2845 rebellionis
1609 2791 1854 2846 facerent

272 2884 416 2952 apud
437 2884 852 2952 imperatorem,
893 2885 977 2937 vel
1011 2899 1040 2936 a
1091 2886 1291 2953 populo
1317 2885 1682 2938 tumultuante
1707 2885 1855 2952 peri-

276 2976 460 3030 culum
489 2984 761 3038 crearent,
797 2992 862 3030 ex
893 2976 1031 3030 actis
1080 2976 1272 3045 synodi
1327 2976 1617 3044 Ephesium
1653 2975 1854 3028 intelli-

2013 1883 2170 1950 Quod
2196 1885 2249 1936 in
2286 1882 2411 1936 aula
2443 1850 2828 1936 concionatuni
2859 1893 2916 1930 se
2945 1884 3148 1939 narrat,
3188 1875 3242 1930 id
3285 1889 3353 1927 eo
3393 1888 3522 1928 con—

1944 1975 2084 2046 tigit,
2119 1975 2246 2044 quia
2270 1971 2738 2030 Chalcedonensis
2760 1969 3016 2024 Ecclesia:
3035 1964 3523 2036 praesul,,quamvis

1943 2067 2560 2134 Constantinopolitanm
2596 2064 2711 2117 sedi
2766 2062 3068 2123 obnoxius,
3113 2057 3295 2112 studio
3344 2065 3523 2112 tamen

1948 2160 2074 2213 fidei
2107 2159 2284 2212 vetuit
2305 2158 2358 2211 in
2401 2157 2635 2211 ecclesia
2666 2169 2900 2225 synaxes
2934 2152 3021 2222 agi
3054 2151 3122 2204 ab
3148 2148 3472 2203 hominibus
3497 2161 3524 2198 a

1950 2260 2137 2308 sancta
2199 2249 2406 2320 synodo
2453 2246 2752 2300 ahstentis:
2797 2242 2944 2312 quod
2989 2247 3222 2308 questus
3249 2245 3336 2291 est
3383 2234 3523 2302 apud

1952 2343 2341 2409 imperatorem
2370 2337 2774 2394 Theodoretus.
2828 2332 3078 2403 quamvis
3112 2331 3228 2383 haec
3265 2344 3386 2381 .non
3419 2334 3526 2381 tam

1951 2434 2173 2504 querela
2205 2432 2327 2494 fuit,
2363 2445 2525 2500 quam
2556 2426 2928 2482 inverecunda
2955 2421 3272 2492 impotentis
3303 2420 3398 2472 ira:
3439 2434 3529 2470 vo-

1951 2522 2224 2585 ciferatio,
2260 2519 2659 2588 seditionisque
2685 2515 2894 2570 molitio
2931 2513 3016 2567 vel
3056 2508 3448 2572 comminatio;
3478 2507 3528 2562 id

1954 2632 2083 2672 vero
2107 2615 2187 2670 sic
2209 2613 2438 2668 accidit:

2026 2707 2311 2761 Admissus
2337 2701 2630 2773 aliquando
2661 2701 2729 2754 ab
2754 2700 3083 2768 imperatore
3101 2695 3168 2749 ad
3201 2691 3530 2760 colloquium

1957 2799 2012 2853 in
2043 2797 2331 2854 Rufiniana
2364 2794 2512 2854 villa,
2540 2807 2666 2847 cum
2695 2790 2848 2844 orbis
2872 2787 3096 2841 domino
3126 2786 3422 2839 altercatus
3452 2789 3536 2836 est

1957 2889 2240 2950 audacius,
2265 2901 2428 2956 quam
2467 2882 2749 2938 modestia:
2788 2882 2876 2934 lex
2936 2878 3118 2932 sinat:
3168 2872 3535 2944 jactabundus

1959 2991 2140 3034 tamen
2163 2994 2277 3034 rem
2303 2989 2508 3048 gestam
2545 2976 2616 3028 ita
2649 2981 2835 3031 narrat
2854 2971 2896 3000 ’⁵⁵
2921 2987 2932 3021 :
2962 2988 2979 3018 ι
3002 2967 3259 3022 Dicebam
3289 2964 3370 3016 ei:
3399 2960 3536 3026 Quia

274 3082 402 3137 gere
437 3076 542 3121 est.
575 3065 991 3121 Observandum
1027 3076 1208 3119 tamen
1241 3066 1355 3120 han:
1382 3066 1518 3134 ipsa,
1547 3081 1669 3136 qua:
1703 3079 1850 3117 nunc
1883 3106 1928 3162 ϐ
1960 3069 2160 3124 dedisti
2213 3068 2466 3121 ﬁduciam
2521 3062 2806 3132 loquendi,
2857 3075 2991 3140 eum
3033 3057 3192 3112 venia
3252 3054 3400 3108 audi.
3439 3051 3538 3106 Ju-

279 3157 576 3220 habentur,
610 3165 809 3226 praeter
855 3157 1149 3210 relationes
1199 3165 1253 3210 et
1283 3157 1564 3225 epistolas,
1613 3155 1854 3208 breviata

280 3247 450 3300 fuisse
484 3246 553 3300 ab
581 3247 814 3315 ipsemet
847 3245 1068 3315 Cyrillo.

347 3338 462 3392 VII.
520 3337 676 3391 Hunc
730 3337 843 3393 fere
897 3337 951 3390 in
1000 3337 1222 3390 modum
1251 3336 1389 3390 duos
1419 3338 1529 3407 jam
1575 3335 1864 3390 continuos

284 3455 504 3494 menses
526 3439 594 3493 ab
625 3439 995 3493 Orientalibus
1019 3438 1242 3508 Ephesi,
1283 3451 1390 3506 qua
1438 3437 1512 3500 vi,
1552 3451 1659 3504 qua
1710 3434 1861 3486 frau~

285 3532 468 3596 dibus,
520 3545 626 3599 qua
687 3531 984 3601 tyrannicis
1038 3529 1301 3584 comitum
1346 3527 1554 3581 artibus
1585 3525 1860 3580 turhamm

287 3633 424 3687 erat,
455 3639 583 3678 cum
605 3623 821 3676 tandem
842 3639 870 3676 a
898 3621 1188 3685 Dalmatio,
1226 3618 1571 3674 sanctissimo
1616 3617 1671 3670 in
1728 3617 1864 3669 urbe

289 3717 434 3787 regia
490 3717 883 3770 monachorum
918 3715 1121 3777 ’l’atre,
1163 3711 1507 3766 Theodosius
1551 3710 1618 3764 de
1655 3723 1712 3762 re
1754 3715 1865 3760 tota

289 3806 495 3860 certior
551 3805 747 3867 factus,
791 3803 1164 3871 comitumque
1202 3799 1484 3870 perfidiam
1527 3798 1746 3868 indigne
1791 3795 1868 3849 fe-

290 3909 440 3959 rens,
473 3895 639 3967 jussit
681 3895 748 3948 ad
786 3909 844 3948 se
889 3893 1031 3946 mitti
1089 3899 1296 3959 septem
1330 3890 1397 3943 ab
1443 3898 1670 3956 utraque
1717 3893 1868 3956 parte

290 3985 602 4052 episcopos,
628 3997 767 4052 quos
798 3982 865 4036 de
902 3981 1068 4051 gestis
1095 3980 1293 4048 EpheSi
1329 3991 1567 4046 praesens
1594 3975 1830 4029 audiret.

371 4076 504 4130 Vill.
534 4075 918 4129 Theodoretus
942 4073 1043 4128 fuit
1080 4088 1221 4126 unus
1242 4071 1308 4125 de
1337 4077 1546 4139 septem
1577 4066 1871 4122 Orientali-

295 4171 430 4224 bus:
458 4171 555 4224 sed
591 4185 713 4222 cum
753 4178 1005 4237 pergeret
1040 4162 1592 4231 Constantinopolim,
1643 4177 1736 4232 spe
1769 4161 1871 4214 du-

295 4273 420 4318 ctus
470 4261 587 4315 fore
625 4270 684 4314 ut
722 4260 774 4313 in
810 4261 943 4314 urbe
994 4260 1140 4328 regia
1173 4273 1239 4311 eo
1276 4257 1469 4325 plausu
1505 4254 1732 4316 diceret,
1765 4268 1874 4321 quo

296 4358 494 4411 solitus
518 4362 637 4408 erat
697 4352 1016 4415 Antiochiae,
1057 4359 1219 4419 atque
1255 4351 1327 4402 ita
1378 4348 1460 4401 vel
1509 4345 1594 4400 sui
1628 4344 1869 4400 Nestorii

1965 3172 2183 3216 stumne
2215 3169 2298 3214 est
2346 3157 2634 3213 haereticos
2682 3153 2907 3223 quidem
2942 3147 3450 3204 excommunicatos
3484 3144 3539 3200 in

1963 3247 2210 3301 ecclesiis
2249 3244 2449 3314 agere?
2503 3259 2602 3297 nos
2642 3257 2795 3304 vero,
2830 3241 2923 3309 qui
2960 3253 3057 3308 pro
3098 3237 3204 3290 fide
3241 3244 3539 3294 certamus,

1964 3349 2020 3393 et
2043 3345 2269 3408 propter
2301 3337 2405 3390 hoc
2450 3334 2654 3400 abillis
2696 3331 3102 3386 communionis
3148 3335 3396 3382 exsortes
3453 3341 3544 3378 su-

1969 3446 2111 3493 mus,
2143 3444 2251 3481 non
2287 3427 2491 3479 intrare
2515 3424 2570 3476 in
2601 3421 2929 3478 ecclesiam?
2958 3417 3264 3488 Respondit
3302 3417 3395 3470 ille
3425 3431 3437 3468 :
3474 3415 3544 3470 Et

1967 3539 2058 3593 ego
2083 3519 2207 3591 quid
2234 3517 2472 3589 faciant?
2501 3546 2568 3554 -—
2597 3513 2747 3579 Quod
2793 3513 2930 3582 fecit,
2952 3509 3274 3582 inquiebam,
3299 3507 3547 3576 magister

1970 3624 2111 3678 tuus,
2143 3628 2310 3666 comes
2344 3609 2714 3681 largitionum,
2756 3608 2810 3659 in
2854 3605 2980 3659 urbe
3009 3603 3238 3674 Epheso.
3265 3598 3364 3654 Ille
3408 3599 3546 3652 enim

1971 3707 2242 3760 utinvenit
2295 3701 2578 3756 nonnullos
2615 3697 2947 3768 congregari,
2981 3695 3294 3766 compescuit
3339 3708 3423 3746 eos
3464 3690 3548 3744 di—

1970 3814 2125 3853 cens:
2159 3794 2252 3850 «Si
2291 3811 2394 3852 non
2446 3793 2648 3864 {ueritis
2697 3787 2922 3859 paciﬁci,
2979 3804 3082 3840 non
3127 3783 3405 3840 concedant
3457 3781 3550 3834 uni

1974 3892 2115 3962 parti
2149 3889 2490 3958 congregari;
2516 3905 2532 3936 ι
2559 3893 2606 3937 et
2641 3881 2910 3954 oportebat
2937 3880 3096 3932 etiam
3131 3885 3276 3930 tuam
3305 3875 3552 3945 pietatem

1973 3982 2255 4053 prcccipere
2299 3979 2381 4030 hic
2414 3978 2671 4048 episcopo,
2706 3991 2769 4026 ne
2825 3973 3172 4043 permitteret,
3213 3981 3378 4037 neque
3414 3963 3548 4025 illis,

1975 4090 2140 4144 neque
2175 4071 2317 4124 nobis
2360 4067 2690 4138 congregari,
2726 4064 2886 4116 donec
2909 4059 3298 4121 conveniamus,
3329 4061 3384 4106 ut
3403 4054 3554 4122 justo

1978 4143 2070 4218 tua
2101 4162 2362 4216 sententia
2393 4158 2628 4212 omnibus
2685 4165 2812 4206 nota
2867 4152 2986 4218 ﬁat.
3021 4147 3101 4201 Ad
3151 4147 3266 4199 haec
3301 4143 3551 4197 dicebat:

1980 4255 2236 4324 Equidem
2265 4251 2500 4320 episcopo
2733 4245 2998 4311 imperare
3044 4254 3143 4290 non
3176 4251 3404 4305 possunt.
3457 4233 3558 4284 Ita-

1978 4363 2085 4416 que
2117 4341 2372 4412 respondi
2403 4356 2536 4410 ego:
2565 4337 2741 4406 Neque
2771 4333 2914 4386 nobis
2967 4331 3209 4400 imperes,
3241 4333 3288 4379 et
3333 4325 3554 4393 accipie-

303 4461 395 4498 res
419 4443 715 4499 admodum
743 4442 969 4496 afﬂictas
1017 4442 1351 4502 restitueret,
1389 4438 1472 4492 vel
1508 4435 1719 4490 animos
1764 4435 1873 4488 sal—
1905 4460 1950 4513 ι)
1982 4454 2094 4492 mus
2129 4433 2424 4495 ecclesiam,
2479 4427 3033 4500 congregabimurque,
3078 4438 3139 4474 ac
3170 4425 3437 4488 cognosc“
3465 4422 3557 4465 ιιια

301 4547 415 4593 tem
463 4536 649 4606 populi
693 4543 1104 4599 commoveret;
1153 4533 1338 4604 jussus
1396 4536 1480 4584 est
1529 4527 1872 4584 Chalcedone

304 4631 467 4700 360
497 4645 621 4683 cum
659 4630 773 4682 suis
821 4627 1115 4696 praestolari
1166 4626 1457 4679 adventum
1508 4622 1874 4692 imperatoris,

303 4720 432 4774 illac
465 4717 522 4772 in
557 4719 907 4773 Rufinianum
937 4715 1242 4772 transituri.

371 4811 517 4864 Dum
571 4812 917 4881 praestolatur
971 4809 1278 4863 adventum
1333 4807 1592 4876 principi,
1657 4804 1881 4874 scripsit

299 4903 524 4957 litteras
547 4903 766 4956 nomine
820 4902 1145 4970 legatorum,
1173 4899 1241 4952 ad
1272 4897 1558 4967 episcopos
1594 4905 1706 4950 tres
1739 4895 1884 4949 Itali—

299 5008 501 5045 carum
528 4993 909 5055 Ecclesiarum,
936 4991 1319 5045 Martinianum
1374 4987 1791 5042 Mediolanensis
1817 4986 1884 5049 ³³,

300 5085 574 5138 Joannem
594 5085 968 5138 Ravennensis
996 5091 1051 5137 et
1069 5080 1437 5150 Aquileiensis
1458 5098 1470 5132 :
1502 5079 1724 5148 scripsit
1747 5086 1802 5132 et
1820 5078 1887 5132 ad

303 5172 515 5227 Rufum
559 5173 1126 5235 Thessalonicensem,
1159 5180 1241 5234 nt,
1294 5170 1338 5225 si
1373 5187 1478 5239 qua
1526 5178 1729 5238 posset,
1771 5176 1890 5222 tan-

1986 4532 2174 4603 pietas,
2197 4525 2364 4581 multo
2399 4523 2577 4595 plures
2610 4520 2876 4575 nobiscum
2905 4532 3034 4578 esse,
3060 4529 3220 4584 quam
3250 4526 3365 4563 cum
3394 4505 3552 4559 illis.)

1980 4600 1994 4625 ξ
2053 4623 2146 4678 ιΧ.
2176 4618 2483 4675 Orientales
2515 4615 2767 4685 quintum
2799 4609 2969 4663 auditi
3012 4614 3140 4660 sunt
3165 4621 3196 4658 a
3227 4600 3558 4664 Theodosio,

1988 4730 2110 4786 quae
2134 4712 2236 4765 fuit
2268 4706 2507 4777 religiosi
2559 4700 2827 4774 principis
2863 4697 3145 4768 patientia.
3183 4691 3428 4757 Quatuor
3477 4689 3561 4740 in-

1989 4780 2156 4876 super
2183 4802 2234 4858 ei
2278 4797 2704 4871 protestationes
2745 4793 3032 4849 miserunt,
3077 4795 3187 4838 tres
3219 4780 3562 4838 Chalcedone

1987 4874 2291 4968 legatorum
2332 4890 2573 4954 nomine,
2601 4893 2853 4954 quartam
2880 4898 2909 4935 a
2941 4880 3057 4936 suis
3100 4874 3412 4961 Ephesinis,
3449 4887 3566 4926 om-

1983 5004 2083 5043 nes
2111 4983 2405 5058 jactantim,
2430 4994 2596 5051 quam
2616 4975 2895 5031 modestia:
2918 4970 3212 5041 pleniores.

2001 5050 2128 5132 *X:
2163 5075 2364 5130 Verum
2389 5050 2598 5125 nullum
2638 5066 2765 5121 inde
2793 5062 2939 5119 aliud
2967 5076 3146 5129 opera:
3183 5069 3294 5110 sua:
3330 5050 3573 5122 pretium

1993 5169 2258 5228 tulerunt,
2277 5177 2438 5232 quam
2461 5157 2607 5230 quod
2638 5155 2909 5228 patefacta
2939 5150 3167 5204 veritate
3194 5142 3356 5214 legati
3377 5140 3567 5232 catho‘

313 5277 503 5321 tarum
543 5267 756 5320 sedium
784 5265 1058 5319 antistites
1094 5264 1149 5317 in
1174 5273 1359 5332 partes
1386 5261 1699 5316 s'chismatis
1724 5261 1894 5315 addu-
1992 5258 2084 5315 lici
2116 5258 2170 5311 in
2193 5255 2384 5310 urbem
2412 5249 2588 5306 vocati
2608 5255 2758 5311 sunt,
2785 5245 2850 5299 ad
2875 5237 3256 5298 sulﬁciendum
3316 5227 3569 5297 Nestorio

1646 5414 1974 5472 SLHULZII
2017 5409 2243 5468 ΝΟΤΔΕ.

387 5578 432 5608 δ’
468 5577 736 5634 Curensis.
768 5557 1030 5630 Joannem
1065 5573 1468 5629 Antiochenam
1508 5570 1723 5625 mallem
1759 5567 1942 5624 dicere
1996 5575 2296 5622 auctorem.
2373 5561 2416 5592 εδ
2460 5558 2700 5634 Μ-αηὶη..
2727 5553 2997 5634 Martinus
3033 5537 3572 5634 dicitur

468 5612 503 5634 υ
547 5612 736 5631 ιυιιοιο.
768 5612 1030 5630 συαιιιιινμι
1065 5612 1468 5629 ιιι-ηυνηιριι--ιυ
1508 5612 1723 5625 ...ιη-ν...
1760 5612 1942 5624 una...“
1996 5612 2293 5622 ι.-.ν-ν------
2461 5612 2470 5613 κ
3344 5612 3352 5620 ,

297 5647 382 5703 ad
414 5612 635 5704 Rufiltm.
677 5647 937 5701 Errorem
964 5645 1119 5700 illum
1146 5644 1256 5714 jam
1285 5642 1492 5697 notavit
1513 5641 1794 5714 Duronius.
1849 5641 1889 5670 "5
1916 5639 1993 5693 Ad
2017 5640 2238 5704 Μαι-ορ.
2267 5649 2438 5688 suum.
2465 5626 2830 5684 Alexandrum
2855 5622 3062 5677 scilicet
3084 5612 3569 5682 Hierapolitanum-

301 5717 436 5775 γία.
464 5728 502 5776 ι.
525 5718 618 5814 μγ,
653 5735 708 5789 p.
737 5716 892 5771 iiii-5.
966 5716 1009 5747 "°
1037 5715 1119 5770 Ita
1150 5711 1543 5784 ‘narrat.gl..oco
1567 5711 1752 5765 citato.
