3954 6294
463 354 565 423 11-5

1591 354 1970 419 GAﬁNERII
2008 348 2507 418 DISSERTATIO
2552 360 2601 420 Ι.

3629 350 3730 416 116

459 468 811 537 episcopum;
843 465 1220 528 Orientalibus
1234 466 1575 531 mandatum,
1598 480 1756 522 suam
1773 477 2051 535 quemque
2064 467 2127 521 -Δ
2154 464 2471 521 tunditutem
2518 467 2688 522 omnis
2740 476 2897 521 terra
3002 468 3299 522 habitantes
3343 464 3397 518 in
3440 463 3539 519 illa
3578 468 3735 534 quasi

458 560 527 615 ad
551 558 855 615 Ecclesium
891 558 1114 627 redire;
1146 559 1295 630 quod
1326 569 1384 615 et
1421 559 1547 614 aliis
1572 557 1776 629 Ephesi
1817 570 2048 627 congre-

459 653 600 725 gatis
633 651 1001 726 signiﬁcatum
1032 663 1137 711 est.
1162 655 1314 711 istud
1342 670 1476 711 vero
1510 670 1673 725 quam
1699 652 2079 725 impatienterv

461 745 847 801 Theodoretus
885 746 1112 811 tulerit,
1170 746 1359 818 prodit
1403 748 1523 803 suis
1575 746 1645 802 ad
1694 744 2004 817 Ephesinos
2031 746 2048 765 '

461 837 741 893 communi
775 836 1003 892 nomine
1054 838 1263 895 litteris
1307 840 1375 894 “.
1418 840 1671 896 «Placuit
1705 839 2051 910 pientissimo

462 932 577 1002 regi
601 937 724 1001 post
749 930 953 986 multas
999 930 1437 999 adhortationes,
1480 941 1547 988 ut
1577 931 1778 1004 singuli
1816 932 1885 987 ad
1919 947 2049 1002 pro-

462 1020 581 1089 pria
609 1019 935 1075 redeamus:
974 1031 1035 1077 ut
1083 1032 1141 1077 et
1169 1022 1454 1095 Egyptius
1484 1030 1541 1078 et
1585 1022 1840 1078 Memnon
1866 1022 2051 1091 Ephe-

462 1110 580 1165 sius
616 1109 671 1164 in
728 1110 848 1166 suis
869 1111 1008 1167 locis
1034 1121 1311 1169 maneant.
1365 1113 1459 1169 Sic
1492 1113 1643 1167 enim
1670 1113 1857 1183 potuit
1890 1111 2054 1184 Egy-

462 1200 616 1271 ptius
647 1215 844 1256 omnes
880 1217 1161 1258 exsiccare
1190 1203 1516 1259 muneribus
1551 1203 1687 1269 suis,
1730 1210 1791 1257 ut
1814 1203 1903 1259 ille
1932 1203 2057 1274 qui-

463 1293 613 1358 dem,
668 1308 795 1349 cum
854 1294 1144 1352 innumera
1208 1295 1405 1351 fecerit
1461 1295 1623 1362 mala,
1677 1295 1747 1350 ad
1793 1296 2054 1351 thronum

465 1400 653 1440 suum,
678 1384 908 1451 redeat;
945 1384 1052 1441 iste
1083 1386 1171 1441 vir
1201 1388 1472 1444 innocens
1500 1387 1840 1460 (Nestorium
1889 1386 2055 1441 intel-
2112 1396 2113 1399 ‘

468 1476 611 1549 ligit)
646 1476 737 1531 vix
765 1477 834 1531 ad
875 1492 1034 1534 suam
1084 1479 1429 1535 mansionem
1463 1480 1795 1537 dimittatur.
1827 1500 1847 1534 ι
1876 1481 2057 1537 Verba

469 1574 585 1623 haec
632 1568 989 1635 Theodoreti,
1034 1570 1269 1626 aliorum
1318 1587 1413 1628 sex
1444 1570 1688 1628 Orientis
1753 1572 2056 1644 legatorum

468 1662 693 1717 nomine
739 1661 1068 1726 scribentis,
1118 1661 1422 1719 manifestae
1453 1662 1501 1696 "
1529 1663 1925 1735 suppositionis
1966 1679 2057 1718 ar-

468 1761 645 1824 guunt
697 1754 904 1809 editam
934 1771 1115 1826 nuper
1150 1755 1451 1812 Theodosii
1487 1757 1711 1813 Sacram
1762 1755 1829 1813 ad
1866 1758 2059 1813 Patres

468 1845 797 1901 orthodoxae
844 1846 1038 1919 synodi
1094 1840 1421 1919 Ephesinaa:
1453 1858 1667 1905 tantum
1715 1850 1864 1905 enim
1909 1849 2055 1904 favet

467 1935 866 2004 Orientalibus,
891 1955 1197 2013 eorumque
1231 1943 1303 1998 ita
1338 1957 1532 2013 preces
1561 1942 1631 1999 de
1674 1941 2053 2011 disputatione

470 2025 708 2083 ineunda
729 2036 786 2084 et
842 2032 1097 2101 querelas
1154 2032 1222 2088 de
1264 2032 1565 2089 Catholicis
1615 2033 2055 2090 detrectantibus

467 2119 687 2188 probat,
745 2130 807 2177 ut
843 2138 999 2178 suam
1053 2125 1366 2181 deseruisse
1416 2142 1637 2182 causam
1669 2125 2055 2182 Theodorctus

468 2210 769 2280 videretur,
790 2214 837 2268 si
877 2230 989 2270 non
1026 2217 1391 2283 meminisset,
1425 2226 1590 2288 atque
1621 2217 1788 2273 etiam
1823 2217 1952 2273 inde
1977 2217 2053 2273 si-

473 2301 527 2357 bi
562 2302 906 2381 triumphum
952 2305 1194 2363 fecisset.
1243 2308 1443 2374 Quanti
1496 2310 1644 2365 enim
1675 2309 1875 2366 favoris
1907 2311 2054 2365 istud

473 2399 555 2447 est
583 2409 713 2466 erga
750 2393 1079 2464 Orientales,
1109 2408 1330 2469 quanta:
1376 2402 1821 2471 exprobrationis
1850 2403 1907 2458 in
1952 2402 2055 2458 Ca-

474 2484 744 2539 tholicos?
780 2485 1087 2553 «Quoniam
1132 2490 1251 2544 ﬁeri
1284 2507 1396 2546 non
1454 2491 1637 2562 potuit
1689 2499 1750 2546 ut
1790 2492 2054 2547 conveni--

473 2574 626 2641 retis,
653 2585 709 2631 et
744 2570 927 2633 vestra
952 2579 1128 2649 pietas
1152 2580 1221 2636 de
1248 2582 1652 2652 quaestionibus
1681 2582 1844 2638 motis
1871 2583 1928 2637 in
1974 2584 2056 2638 di-

472 2669 840 2738 sputationem
884 2672 1072 2727 venire
1117 2674 1312 2739 noluit,
1345 2673 1694 2730 decrevimus
1745 2685 1807 2731 ut
1860 2674 2057 2731 Orien-

473 2762 612 2817 tales
643 2762 711 2817 ad
738 2779 866 2819 suas
889 2766 1144 2837 regiones
1174 2767 1562 2838 Ecclesiasque
1608 2768 1856 2835 redeant,
1889 2784 2054 2841 syno-

472 2852 579 2910 dus
610 2854 815 2924 Ephesi
840 2856 1069 2911 collecta
1105 2858 1371 2925 solvatur,
1415 2866 1628 2929 repetat
1668 2858 2053 2914 Alexandriam

469 2942 728 3018 Cyrillus,
767 2946 1022 3001 Memnon
1050 2948 1255 3018 Ephesi
1279 2959 1519 3005 maneat.
1581 2949 1736 3005 Scire
1772 2965 1905 3006 vero
1941 2951 2055 3020 pic-

473 3043 642 3092 tatem
678 3045 919 3094 vestram
954 3040 1231 3106 volumus,
1270 3057 1374 3097 nos
1424 3042 1670 3113 quandiu
1708 3041 1912 3097 victuri
1959 3057 2053 3096 su-

2154 560 2382 616 loctutas
2399 560 2426 600 ιι
2447 578 2459 615 :
2483 568 2538 616 et
2554 559 2702 617 hunc
2725 561 2819 631 qui
2837 559 3202 615 omniaverho
3217 558 3369 621 fecit,
3396 566 3451 612 et
3466 556 3616 612 dedit
3644 556 3731 612 his

2150 667 2273 722 qua:
2294 667 2404 707 non
2452 661 2632 718 erant,
2691 662 2751 707 ut
2801 657 3006 717 essent,
3056 652 3173 707 sola
3200 652 3528 706 voluntate:
3575 652 3729 721 quasi

2149 745 2355 800 oblitus
2376 745 2572 798 horum
2590 745 2858 807 omnium,
2881 742 3229 813 passionibus
3254 743 3553 799 obnoxium
3573 742 3731 810 facis,

2150 846 2207 893 et
2243 838 2419 908 legem
2442 836 2624 907 ponis,
2642 842 2719 891 “ut
2746 837 3009 890 adoretur
3035 835 3184 891 Deus
3214 832 3513 905 passibilis,
3542 854 3561 887 ι
3585 842 3693 891 etc.

2220 929 2461 984 Joannes
2518 943 2671 983 more
2701 927 2996 997 praesidum
3038 927 3254 996 excepit
3287 925 3619 981 Theodoreti
3651 927 3733 982 lo-

2151 1021 2375 1091 quentis
2408 1035 2719 1075 sermonem
2752 1018 2818 1083 ",
2844 1017 3093 1087 dixitque
3140 1017 3399 1073 seditiose
3440 1018 3647 1088 pariter
3674 1027 3734 1074 et

2152 1114 2491 1170 adulatorie:
2551 1112 2811 1167 laudibus
2860 1112 3009 1166 enim
3038 1109 3487 1165 aﬁ‘ecitNestorii
3542 1110 3730 1175 ﬁdem,

2152 1221 2318 1276 quam
2373 1213 2445 1269 et,
2472 1204 2748 1275 exposuit,
2794 1209 2851 1258 et
2902 1217 2932 1256 a
2970 1201 3209 1271 populis,
3258 1214 3398 1270 quos
3444 1208 3570 1254 ante
3597 1197 3734 1253 ﬁde-

2153 1296 2254 1361 les,
2279 1310 2428 1351 nunc
2463 1296 2806 1351 confessores
2826 1293 2996 1351 fuisse
3034 1294 3132 1358 ait,
3173 1292 3547 1357 retinendam,
3580 1291 3735 1347 velut

2155 1388 2470 1460 depositum
2491 1397 2784 1459 paternum
2819 1404 2850 1443 a
2876 1386 3027 1452 ﬁliis,
3056 1385 3357 1441 mandavit.
3394 1404 3412 1435 (
3431 1385 3607 1445 Nemo
3637 1384 3735 1440 de-

2156 1481 2458 1552 praadetur,
2494 1481 2802 1552 inquiebat,
2869 1480 3185 1551 depositum
3215 1487 3479 1545 vestrum,
3534 1494 3735 1549 nempe

2156 1572 2471 1645 dogmatum
2510 1573 2902 1628 certitudinem
2933 1590 2946 1626 :
2993 1588 3157 1627 nemo
3189 1570 3516 1642 persuadeat
3561 1570 3737 1629 Deum

2155 1678 2277 1719 esse
2303 1663 2641 1734 passibilem,
2671 1679 2850 1735 neque
2877 1663 3126 1735 corporis
3152 1672 3209 1718 et
3236 1662 3541 1718 divinitatis
3568 1676 3737 1717 unam

2159 1777 2280 1818 esse
2311 1770 2587 1825 naturam,
2611 1779 2629 1810 ι
2668 1767 2777 1814 etc.

2228 1854 2473 1922 Uterque
2529 1860 2735 1918 autem,
2793 1866 2919 1906 cum
2944 1853 3001 1906 in
3049 1851 3104 1906 id
3141 1851 3376 1905 maxime
3432 1849 3736 1915 invehitur,

2156 1946 2303 2018 quod
2331 1962 2361 2000 a
2393 1944 2694 2000 Catholieis
2726 1945 2873 1999 Deus
2907 1959 3103 2014 passus
3142 1943 3462 2007 diceretur,
3508 1940 3740 1996 demon-

2157 2046 2297 2093 strat
2326 2035 2557 2106 liquido,
2590 2036 2731 2091 hanc
2750 2035 3050 2101 exstitisse,
3076 2045 3201 2105 post
3225 2035 3533 2089 orationem
3563 2048 3738 2109 pane-

2156 2129 2393 2202 gyricam
2413 2128 2617 2193 Procli,
2661 2126 3033 2198 proponenda).
3089 2124 3409 2195 quazstionis
3456 2125 3736 2195 vulgarem

2156 2219 2428 2274 formam:
2469 2217 2571 2284 An,
2595 2216 2690 2287 qui
2726 2232 2919 2287 passus
2944 2225 3029 2272 est
3054 2232 3157 2286 pro
3211 2216 3394 2281 nobis,
3430 2215 3502 2270 sit
3553 2216 3735 2273 Deus:

2156 2312 2244 2367 vel
2267 2310 2593 2381 simplicius,
2624 2309 2705 2364 An
2738 2326 2934 2380 passus
2962 2309 3035 2363 sit
3063 2308 3246 2364 Deus?
3284 2308 3511 2363 Interim
3563 2308 3741 2377 partis

2157 2404 2442 2459 catholica:
2480 2402 2767 2473 praesules,
2820 2402 2914 2471 qui
2949 2401 3003 2455 in
3038 2401 3229 2459 urbem
3264 2400 3471 2472 regiam
3504 2400 3740 2455 honori-

2158 2497 2259 2552 ﬁce
2286 2497 2501 2566 excepti
2550 2494 2791 2560 fuerant,
2828 2493 3017 2548 habita
3058 2493 3126 2547 de
3174 2508 3329 2549 more
3385 2494 3618 2564 synodo,
3669 2492 3739 2548 ad

2156 2605 2321 2660 quam
2370 2587 2551 2643 vocati
2611 2597 2744 2643 sunt
2808 2586 3177 2656 metropolitaa
3233 2585 3352 2651 sedi
3413 2584 3739 2641 Constanti.-

2157 2682 2490 2752 nopolitana:
2535 2679 2782 2744 obnoxii,
2832 2678 3223 2732 Maximianum
3272 2677 3525 2733 Nestorio
3569 2676 3740 2733 suﬂ‘e-

2157 2778 2371 2835 cerunt,
2409 2768 2684 2838 simulque
2715 2766 3094 2836 metmpolitas
3122 2775 3379 2836 quatuor,
3420 2776 3742 2835 aspernatos

2157 2862 2481 2926 convenire,
2539 2862 2607 2917 de
2656 2876 2755 2915 sua
2817 2859 2949 2916 sede
3005 2858 3349 2931 dejecerunt,
3412 2858 3744 2931 melioribus

2266 2953 2495 3008 stitutis.

2230 2955 2495 3009 bstitutis.

2157 2970 2370 3101 suDum
2398 3043 2746 3100 Chalcedone
2775 3045 2832 3099 in
2864 3043 3147 3099 Orientem
3174 3044 3416 3114 episcopi
3458 3043 3527 3098 ah
3563 3044 3744 3114 impe-

472 3142 615 3195 mus,
664 3142 774 3184 non
825 3146 986 3201 posse
1037 3130 1347 3188 Orientales
1396 3133 1701 3190 damnare:
1745 3150 1870 3190 cum
1907 3134 2053 3190 enim
2082 3150 2124 3207 ς,
2162 3145 2344 3193 ratore
2396 3134 2610 3191 dimissi
2672 3142 2978 3201 revertuut,
3031 3134 3187 3190 Tarsi
3235 3135 3292 3189 in
3354 3134 3489 3189 urbe
3531 3131 3745 3189 Cilicia:

471 3232 636 3273 nemo
660 3234 786 3275 cum
818 3221 957 3292 ipsis
985 3221 1266 3294 disputare
1290 3224 1552 3293 voluerit,
1581 3225 1636 3279 in
1691 3227 1846 3283 nullo
1871 3241 2053 3281 coram

471 3311 634 3368 nobis
657 3315 893 3370 convicti
923 3324 1071 3371 sunt.
1099 3336 1117 3367 ι

545 3403 926 3461 Theodoretus
956 3422 1119 3476 porro
1155 3408 1531 3477 discessurus,
1570 3411 1915 3469 Chalcedone
1964 3427 2056 3464 su—

473 3503 726 3567 premum
755 3495 945 3551 habuit
977 3499 1042 3553 ad
1070 3500 1307 3557 Nestorii
1335 3504 1610 3559 studiosos
1638 3518 1946 3558 sermonem
1970 3500 2052 3568 *3;

474 3595 663 3660 spreto
714 3587 791 3642 illi
818 3588 1168 3659 Propontidis
1215 3594 1495 3661 aestuario,
1550 3593 1813 3649 confertis
1859 3593 2056 3649 lembis

475 3677 802 3748 appulerant
838 3680 1164 3737 vaiedicturi
1225 3684 1608 3742 defensoribus
1653 3685 1739 3740 sui
1798 3686 2055 3759 pastoris,

477 3769 846 3841 ultimumque
910 3773 1154 3832 audituri
1190 3776 1622 3844 Theodoretum,
1665 3779 1825 3850 cujus
1861 3797 2055 3837 vocem

475 3861 813 3920 Nestoriante
855 3865 1148 3939 imaginem
1193 3871 1484 3927 vocabant.
1512 3871 1609 3927 Ille
1654 3872 1864 3929 Joanne
1897 3875 2055 3947 162

479 3954 804 4025 praesidente
852 3960 1173 4016 concionem
1224 3962 1441 4030 habuit,
1498 3977 1599 4033 pro
1657 3979 1766 4034 qua
1814 3965 2058 4022 laudavit

474 4046 789 4105 Nestorium
822 4053 979 4122 quasi
1005 4062 1393 4125 martyrem,et
1417 4053 1788 4112 debacchatus
1815 4064 1900 4112 est
1950 4059 2056 4114 im-

477 4149 729 4209 potenter
779 4142 835 4197 in
858 4143 1049 4200 Patres
1104 4144 1435 4215 Epltesinos,
1479 4143 1632 4198 velut
1676 4145 1734 4200 in
1768 4155 2053 4220 tyrannos.

475 4234 620 4290 Nihil
654 4251 819 4307 porro
847 4237 951 4293 hac
965 4239 1211 4293 oratione
1237 4235 1591 4293 artiﬁciosius
1614 4237 1682 4293 ad
1708 4255 2057 4297 commoven-

477 4328 576 4381 dos
609 4326 795 4396 populi
823 4326 1058 4393 animos,
1089 4328 1203 4383 sive
1237 4325 1477 4398 pastoris
1505 4329 1916 4398 misericordia,
1941 4333 2057 4388 sive

476 4417 694 4473 Patrum
722 4418 1127 4488 Ephesinorum
1155 4417 1315 4485 odio;
1360 4418 1498 4474 nihil
1547 4420 1957 4492 imprudentius
1997 4424 2055 4479 in

2158 3228 2351 3299 prima:
2385 3225 2644 3281 nuntium
2692 3224 2760 3280 de
2806 3232 3046 3294 quatuor
3083 3223 3469 3295 episcoporum
3518 3222 3746 3293 deposi-

2158 3324 2330 3388 tione,
2364 3320 2844 3389 Constantinopoli
2870 3317 3014 3374 facta
3038 3327 3406 3388 acceperunt:
3430 3333 3554 3388 quae
3574 3331 3745 3372 causa

2157 3415 2263 3471 fuit
2284 3413 2642 3477 subsistendi,
2677 3411 2973 3475 retinente,
2998 3417 3060 3463 ut
3085 3409 3329 3474 videtur,
3354 3406 3603 3465 Helladio
3634 3407 3742 3462 loci

2157 3504 2426 3569 antistite,
2466 3511 2824 3573 etsatagente
2864 3516 2935 3555 ne
2957 3500 3077 3570 qui,
3109 3500 3181 3555 ob
3203 3500 3458 3556 defensas
3498 3499 3743 3556 Nestorii

2158 3607 2343 3671 partes
2369 3610 2721 3652 communem
2754 3592 2964 3648 cladem
2984 3608 3179 3662 passus
3202 3591 3402 3657 fuerat,
3433 3593 3502 3646 ah
3541 3591 3609 3646 iis
3643 3592 3743 3648 de-

2160 3698 2461 3753 sereretur,
2496 3688 2591 3759 qui
2616 3687 2816 3742 factam
2842 3683 3097 3740 Nestorio
3136 3683 3393 3755 injuriam
3435 3685 3580 3739 ferre
3628 3700 3743 3739 non

2158 3790 2406 3854 possent.
2444 3779 2642 3834 Habita
2676 3777 2845 3849 igitur
2864 3784 2950 3832 est
2970 3775 3331 3832 tumultuaria
3352 3777 3601 3846 quaedam
3652 3793 3743 3850 sy-

2157 3872 2340 3929 nodus
2398 3872 2452 3926 in
2500 3869 2657 3941 163
2714 3869 2895 3924 aliena
2941 3867 3190 3935 dimcesi,
3238 3870 3581 3940 conjuratum
3640 3885 3744 3940 pro

2158 3961 2438 4027 Helladio,
2471 3960 2759 4029 tribusque
2789 3958 3163 4024 consortibus,
3202 3967 3426 4014 cautum
3485 3956 3614 4013 dato
3658 3974 3745 4015 sa-

2158 4063 2464 4118 cramento,
2501 4068 2570 4107 ne
2600 4053 2726 4121 quis
2750 4051 2795 4084 ⁸⁰
2826 4050 2883 4105 in
2902 4050 3144 4106 Nestorii
3176 4049 3598 4120 depositionem,
3653 4034 3744 4105 or-

2160 4147 2500 4204 diuationem
2559 4143 2894 4209 Maximiani,
2957 4141 3164 4214 Cyrilli,
3204 4140 3645 4212 Memnonisque,
3687 4149 3745 4197 et

2158 4240 2396 4297 aliorum
2417 4238 2827 4308 episcoporum,
2881 4234 2977 4305 qui
3035 4231 3348 4289 Nestorium
3399 4233 3739 4303 dejecerant,

2159 4331 2532 4401 receptionem
2561 4328 2922 4384 consentiret.

2228 4421 2321 4477 Xl.
2360 4418 2614 4474 Reditum
2647 4428 2734 4474 est
2769 4417 3141 4481 Antiochiam,
3162 4433 3272 4487 quo
3296 4425 3543 4487 tempore
3575 4432 3743 4489 syno-

482 4525 590 4567 rem
613 4525 767 4565 suam
792 4529 804 4565 :
840 4527 963 4565 nam
1010 4510 1282 4566 adulando
1312 4510 1555 4567 Nestorii
1592 4489 1862 4580 sectariis,
1879 4515 2051 4570 Deum
2085 4489 2135 4549 θ
2161 4514 2265 4569 dus
2296 4509 2628 4567 autumnalis
2659 4508 2853 4564 haberi
2886 4508 3097 4563 debuit.
3126 4506 3508 4562 'l‘heodoretus
3536 4521 3744 4577 oppor-

482 4614 696 4668 passum
727 4616 850 4657 cum
909 4610 1151 4672 negaret,
1188 4600 1432 4673 seipsum
1457 4602 1703 4673 prodidit
1752 4592 2054 4675 impietatis

478 4690 709 4745 socium.
751 4693 1012 4763 «Pagani,
1053 4712 1071 4742 ι
1106 4691 1305 4763 inquit,
1353 4708 1617 4750 conversa
1676 4696 1745 4750 ad
1786 4696 2053 4770 Cyrillum

474 4783 745 4850 oratione,
775 4803 792 4833 ι
815 4783 960 4854 ligna
981 4781 1262 4853 etlapides
1278 4795 1619 4853 venerantes,
1643 4796 1702 4840 ut
1724 4787 2055 4846 immortalia

473 4869 569 4928 illa
601 4873 843 4929 salutant
868 4891 881 4928 :
906 4883 965 4928 tu
995 4882 1180 4928 autem
1211 4873 1318 4930 illis
1359 4876 1682 4948 praedicans,
1707 4894 1770 4934 ea
1801 4883 2053 4938 venerari

476 4977 585 5016 non
605 4962 828 5027 debere,
864 4961 959 5017 sed
988 4962 1166 5018 solum
1194 4978 1387 5019 verum
1415 4966 1607 5031 Deum,
1646 4970 1735 5039 qui
1785 4973 2053 5026 constituit

477 5063 677 5108 montes
698 5054 754 5108 in
772 5061 998 5117 statera,
1019 5062 1072 5107 et
1103 5054 1266 5110 silvas
1293 5057 1349 5110 in
1367 5055 1524 5121 libra,
1546 5067 1592 5110 et
1621 5061 1836 5114 metitur
1887 5079 2052 5116 manu

475 5162 694 5218 aquam,
726 5153 776 5199 et
803 5144 990 5199 caelum
1008 5145 1208 5215 palmo,
1241 5154 1290 5200 et
1314 5163 1519 5203 omnem
1545 5158 1745 5205 terram
1772 5154 1970 5225 pugillo
2002 5155 2048 5221 i;

475 5239 568 5307 qui
611 5236 876 5292 constituit
904 5237 1089 5293 caelum
1114 5240 1267 5309 quasi
1278 5257 1567 5307 cameram,
1599 5245 1687 5314 qui
1708 5246 1936 5300 continet
1963 5264 2049 5300 νο·-

549 5349 564 5399 i
598 5349 701 5404 lsa.
746 5365 833 5414 xu,
869 5349 952 5404 η.
1029 5350 1054 5390 ι
1079 5350 1214 5405 ibid.
1244 5351 1332 5406 22.

2161 4602 2452 4657 tunitatem
2486 4607 2700 4663 nactus,
2740 4597 2957 4662 Joanni,
3002 4596 3324 4668 caeterisque
3369 4594 3741 4652 Orientalibus

2162 4702 2354 4750 auctor
2375 4691 2500 4754 fuit,
2541 4699 2622 4755 ut,
2660 4688 2809 4759 quod
2835 4688 2995 4759 legati
3037 4687 3385 4743 Chalcedone
3412 4696 3738 4753 statuerant,

2162 4784 2419 4857 quodque
2440 4782 2596 4836 Tarsi
2617 4780 2672 4834 in
2694 4781 2780 4834 via
2802 4778 3186 4835 conﬁrmatum
3214 4780 3374 4842 erat',
3408 4777 3462 4832 id
3491 4778 3740 4849 synodali

2141 4876 2437 4933 sententia
2488 4874 2655 4928 totius
2681 4870 2936 4926 dicecesis
2965 4870 3033 4925 ab
3059 4870 3125 4924 iis
3161 4885 3379 4940 quoque
3408 4870 3738 4936 sanciretur,
3834 4876 3839 4881 '

2163 4969 2278 5024 sive
2304 4966 2396 5038 qui
2427 4964 2771 5020 Antiochiam
2800 4978 2856 5016 se
2879 4962 3097 5031 Epheso
3121 4961 3487 5029 contulerant,
3513 4961 3626 5017 sive
3644 4960 3740 5032 qui

2162 5069 2408 5129 tempore
2466 5055 2659 5129 synodi
2717 5054 2772 5108 in
2820 5051 3045 5109 Oriente
3086 5053 3471 5109 substiterant.
3515 5051 3574 5108 ld
3605 5067 3742 5108 vero

2160 5153 2365 5208 factum
2395 5148 2730 5205 Theodoreti
2767 5146 3029 5216 impulsu,
3058 5156 3114 5202 et
3141 5148 3258 5216 ipse
3292 5146 3585 5217 aliquando
3612 5161 3742 5217 pro-

2161 5245 2397 5307 didit",
2427 5251 2484 5297 ct
2525 5242 2721 5296 suadet
2751 5248 2940 5310 aperta
2983 5240 3143 5296 ratio.
3180 5239 3314 5296 Nam
3351 5255 3451 5296 cur
3492 5238 3739 5309 alioquin

540 5533 584 5614 δέ
616 5532 845 5614 Litteris.
879 5534 989 5614 Has
1015 5537 1162 5605 vide,
1190 5547 1229 5593 t.
1261 5540 1356 5614 lV_,
1384 5556 1437 5612 p.
1471 5541 1613 5614 _l$57
1642 5556 1765 5614 seq.
1814 5449 3047 5614 fggtsgtgoe‘tf:Ea_mdem_sententiam
3108 5551 3297 5599 tuetur
3325 5540 3642 5614 ‘Garnerius
3682 5539 3738 5614 in

478 5603 597 5676 Not.
632 5604 697 5676 ad
736 5605 1057 5676 Epistolam,

471 5673 604 5749 diss.
638 5675 691 5740 5,
741 5673 866 5746 post
901 5679 1062 5749 epist.
1113 5673 1215 5735 Ἦ.

475 5741 816 5825 Vithsupfa,
849 5764 900 5819 p.
937 5741 1072 5805 Ἠο.
1151 5751 1299 5806 "Ne
1359 5741 1495 5821 quis,
1532 5760 1635 5805 etc.
1696 5752 1817 5806 Vid.
1888 5755 2046 5825 epist.
2113 5754 2181 5810 ad
2249 5741 2658 5818 Himerium,"t.
2714 5751 2802 5816 ιν,
2854 5741 3114 5822 i358.

478 5817 633 5889 epist.
668 5815 720 5875 Η
734 5815 788 5872 2.

1096 5625 1261 5685 quam
1296 5608 1681 5685 Tlieodoretus
1708 5608 1772 5667 ad
1804 5613 2009 5668 Rufum
2040 5608 2329 5685 scripsisse
2392 5611 2613 5667 dicitur.
2664 5608 2964 5685 Theodosii
3004 5611 3236 5685 βέλει-δη]
3288 5610 3411 5667 vide
3466 5610 3627 5679 infra,
3682 5611 3738 5666 in

1293 5680 1337 5713 ’⁸⁸
1365 5681 1679 5764 Suprema":
1696 5699 2108 5765 :_sermqnem.
2145 5680 2291 5765 Yidf'
2301 5698 2487 5765 supra,
2518 5696 2642 5754 pag.
2668 5680 2946 5765 iqﬁvscqq.
2965 5681 3735 5765 ‘goartnei—‘sqrmonem.

3206 5754 3245 5784 ⁸⁸
3281 5752 3540 5808 Prodidit.
3609 5750 3736 5807 Vid.
