3954 6294
494 331 599 399 119

1613 342 1988 408 GARNERII
2027 344 2523 410 DISSERTATIO
2559 350 2611 410 Ι.

3639 353 3736 417 1‘20

559 448 676 506 Hoc
734 449 792 505 in
818 449 1051 541 judicio,
1096 453 1246 523 quod
1273 470 1380 510 non
1416 464 1527 513 tam
1583 459 1870 541 hominum
1901 478 2064 533 quam
2093 472 2137 526 Α
2233 460 2472 536 Epistula
2524 476 2690 537 porro
2734 460 2801 516 ad
2848 458 3153 517 Himerium
3196 475 3307 519 non
3366 458 3532 514 unius
3560 464 3733 520 solum

486 544 583 601 Dei
606 544 780 601 videri
810 530 1008 614 potést,
1033 545 1357 602 admirabile
1387 549 1647 619 quiddam
1675 534 1896 608 accidit.
1918 530 2058 609 nam

488 643 550 690 ut
580 634 650 690 de
693 634 939 690 Himerio
992 644 1223 701 taceam,
1280 637 1617 697 Theodoreti
1662 643 1859 710 amico,
1902 645 2061 713 cujus

482 734 569 780 est
606 724 909 779 obscurior
948 726 1235 795 memoria,
1291 729 1600 787 Dorotheus
1630 745 1778 793 certe
1834 736 2061 793 meritas

483 815 800 900 impietatis,
853 831 963 886 qua
1003 817 1216 888 primus
1268 819 1407 875 dixit
1468 823 1760 879 anathema
1817 826 2060 899 Deiparae

482 905 811 974 cultoribus,
853 922 1046 978 pmnas
1088 908 1285 965 dedit:
1331 911 1487 986 dedit
1533 923 1588 969 et
1632 915 1953 979 Eutherius,
1987 918 2059 973 ob

480 1007 807 1069 conceptum
858 1016 927 1056 ex
962 990 1126 1072 longo
1173 1019 1468 1070 venenum,
1502 1007 1649 1077 quod
1683 1009 1900 1069 tandem
1938 1011 2059 1067 jhac

478 1089 769 1146 occasione
798 1091 855 1145 in
884 1090 1199 1149 Catholieos
1223 1098 1487 1153 evomuit.
1512 1098 1582 1159 At
1607 1101 1938 1170 stupendum
1973 1112 2058 1159 est

478 1180 788 1238 Helladium
831 1199 901 1240 eo
926 1201 1102 1256 usque
1132 1187 1389 1245 Nestorio
1418 1190 1735 1259 adhaasisse,
1778 1203 1859 1257 ut,
1891 1210 2056 1266 quam

476 1276 766 1331 sanctitate
812 1292 1028 1332 morum
1098 1287 1380 1335 meruerat
1441 1280 1651 1346 sedem,
1704 1285 2052 1342 contumacia

477 1367 776 1422 amitteret.
820 1367 921 1424 llic
948 1369 1097 1423 enim
1122 1378 1207 1424 est
1230 1370 1589 1426 admirandus
1609 1372 1910 1439 Helladius,
1936 1377 2052 1446 qui,

475 1466 539 1512 ut
575 1457 773 1513 scribit
821 1459 1293 1529 Theodorctus",
1330 1474 1455 1532 post
1484 1462 1781 1521 Theodosii
1820 1471 2055 1525 sanctis-

476 1546 600 1602 simi
630 1550 1082 1607 archimandritas
1110 1553 1328 1610 felicem
1361 1557 1595 1623 obitum,
1637 1579 1654 1610 ε
1697 1536 1876 1631 gregis
1913 1578 2055 1632 prae-

472 1636 742 1695 fecturam
767 1644 1041 1713 suscepit,
1073 1646 1188 1715 qui,
1216 1636 1332 1716 “per
1384 1662 1557 1703 annos
1587 1653 1865 1727 sexaginta
1897 1653 2053 1710 labo-

474 1728 633 1784 ribus
672 1731 784 1787 illis
818 1732 1136 1802 defunctus,
1163 1735 1397 1792 Cilicum
1424 1738 1692 1796 divinitus
1733 1751 1922 1812 postea
1977 1746 2055 1800 fa-

2162 552 2491 612 Theodoreti
2531 553 2748 613 censeri
2782 550 2966 617 debet,
3020 551 3117 606 sed
3165 551 3339 608 totius
3389 551 3735 623 Euphraten-

2160 647 2302 702 sium
2326 646 2708 719 episcoporum
2736 643 2954 716 synodi.
2984 643 3120 699 Nam
3153 659 3264 712 quo
3292 651 3539 714 tempore
3571 658 3737 714 nego-

2161 744 2298 799 tium
2327 744 2478 815 pacis
2509 742 2578 798 ab
2618 739 2982 797 Antiochenis
3007 738 3325 811 gerebatur,
3358 748 3736 793 convenerant

2106 891 2119 909 λ
2159 835 2593 905 Euphratenses,
2645 826 2761 888 Sive
2790 839 3098 909 conventus
3144 837 3342 900 praeter
3386 843 3601 884 morem
3637 845 3734 882 ur-

2158 936 2320 998 gente
2348 926 2715 990 Theodoreto,
2743 933 2801 980 et
2832 908 3100 980 evocante
3124 922 3436 979 Alexandro
3475 922 3730 993 primate,

2159 1019 2274 1073 sive
2297 1019 2364 1073 de
2406 1034 2578 1083 more,
2607 1016 2855 1072 autumni
2886 1025 3156 1086 tempore,
3182 1014 3331 1086 quod
3364 1013 3729 1084 probabilius,

2158 1109 2467 1164 celebratus
2499 1109 2591 1164 sit.
2644 1109 2702 1164 In
2752 1122 2820 1162 eo
2861 1107 3102 1179 primum
3136 1107 3291 1162 lectae
3332 1113 3461 1160 sunt
3510 1105 3729 1170 litterae,

2157 1215 2294 1270 quas
2315 1199 2439 1255 ﬁdei
2471 1216 2583 1255 suae
2610 1208 2778 1255 testes
2811 1198 3052 1271 Cyrillus
3084 1198 3139 1251 in
3159 1196 3440 1252 Orientem
3467 1195 3729 1262 miserat;

2155 1306 2343 1362 sreque
2373 1300 2498 1363 post
2544 1293 2824 1348 curiosum
2873 1305 3138 1349 examen.
3191 1294 3421 1358 cogente
3470 1288 3728 1349 veritate,

2156 1382 2487 1452 approbatur.
2538 1382 2817 1437 Statutum
2879 1381 3081 1436 deinde
3124 1379 3272 1434 nulla
3323 1387 3384 1432 ut
3428 1390 3571 1433 esset
3602 1392 3731 1433 cum

2154 1473 2420 1546 Egyptiis
2469 1482 2526 1530 et
2568 1472 3191 1543 Constantinopolitanis
3248 1485 3530 1551 sacrorum
3578 1483 3732 1524 com-

2156 1566 2363 1630 munio,
2395 1565 2572 1619 donec
2596 1563 2934 1619 exauctorati
2955 1571 3191 1631 quatuor
3211 1559 3475 1630 episc0pi,
3507 1557 3576 1612 de
3600 1556 3729 1628 qui-

2155 1656 2259 1712 bus
2282 1664 2443 1711 antea
2477 1671 2660 1711 sermo
2699 1654 2826 1721 l'uit,
2863 1653 3289 1707 restituerentur
3313 1650 3368 1705 in
3396 1664 3524 1705 suas
3543 1646 3728 1703 sedes.

2156 1749 2402 1818 Denique
2419 1755 2773 1810 conventum,
2800 1752 2862 1798 ut
2906 1757 3191 1813 nunquam
3204 1741 3286 1799 Jn
3314 1738 3729 1795 damnationem

473 1828 599 1875 ctus
621 1830 706 1876 est
733 1825 984 1891 antistes,
1026 1827 1314 1903 pristinam
1349 1846 1460 1889 non
1510 1830 1773 1888 deserens
1803 1836 2050 1905 philoso-
2087 1823 2124 1874 Β
2155 1839 2392 1896 Nestorii
2418 1854 2722 1895 consensus
2749 1837 2975 1891 daretur
2998 1852 3011 1890 :
3033 1833 3211 1889 videri
3241 1832 3446 1902 quippe
3473 1831 3727 1900 iniquum

472 1913 684 1982 phiam,
723 1916 817 1970 sed
852 1917 1136 1976 laboribus
1165 1922 1272 1978 illis
1300 1922 1643 1992 pontiﬁcales
1668 1926 1913 1995 quotidie
1960 1944 2053 1985 su-

473 2004 640 2062 tiores
675 2006 963 2079 adjiciens.
1009 2031 1028 2063 ι

544 2096 608 2154 γ.
639 2099 863 2157 Littera:
886 2102 1074 2175 Cyrilli
1097 2104 1286 2163 Berma
1313 2109 1494 2165 missae
1517 2118 1650 2165 sunt
1687 2110 2045 2183 Hierapolim,

471 2186 567 2244 ubi
604 2190 917 2248 Alexander
968 2210 1081 2250 suae
1113 2198 1412 2265 provinciae
1471 2200 1715 2257 habebat
1752 2204 2043 2276 synodum.

468 2276 669 2335 Lectas
695 2280 1078 2343 Theodoretus
1103 2287 1159 2348 in
1190 2299 1338 2343 caatu
1368 2291 1754 2361 episcoporum
1785 2309 1896 2351 non
1944 2311 2046 2366 po-
2078 2319 2083 2322 ο

469 2368 578 2429 mit
608 2386 717 2426 non
750 2374 1006 2444 probare,
1038 2377 1135 2431 sed
1164 2380 1368 2448 sparsit
1391 2381 1449 2435 in
1487 2384 1703 2454 vulgus,
1746 2386 2046 2457 multisque

420 2463 743 2530 »βετωεᾶῆ
818 2463 1172 2537 Εεγριίυῐη,
1256 2486 1366 2541 quo
1452 2475 1674 2530 nomine
1726 2476 2047 2534 traducebat

463 2549 761 2623 Cyrillum,
795 2556 1068 2626 ejusmodi
1118 2559 1264 2617 facto
1329 2564 1382 2616 in
1445 2574 1628 2633 partes
1678 2566 2042 2624 Orientalium

463 2641 749 2715 ipsiusque
796 2645 1060 2715 Nestorii,
1106 2652 1278 2707 verbo
1336 2663 1545 2710 tantum
1577 2656 1645 2711 ab
1668 2656 2043 2717 Orientalibus

464 2732 690 2801 diversi,
726 2738 963 2794 venisse.
1000 2741 1159 2813 166
1190 2742 1313 2798 Hmc
1334 2759 1400 2799 eo
1434 2762 1608 2816 usque
1646 2758 1936 2823 pervagata
1958 2760 2042 2806 est

448 2822 628 2892 fana,
658 2835 721 2882 ut
757 2828 1024 2900 Cyrillum
1071 2834 1312 2903 coegerit
1343 2846 1532 2906 postea
1564 2839 1632 2893 ad
1683 2841 2038 2913 calumniam,

461 2927 573 2969 non
590 2915 911 2987 injuriosam
932 2921 1106 2992 magis
1126 2938 1290 2993 quam
1317 2926 1678 2995 probabilem,
1697 2929 2036 3001 diluendam,

462 3006 707 3063 scribere
736 3009 1022 3080 epistolam
1052 3014 1346 3070 admodum
1389 3018 1655 3086 prolixam
1694 3021 1895 3078 Acacio
1923 3022 2037 3079 Me-

2151 1948 2215 1987 ac
2238 1932 2487 2003 impium,
2514 1946 2639 1986 cum
2664 1929 2774 1984 duo
2796 1936 2924 1984 sunt
2943 1927 3011 1983 de
3045 1925 3240 1980 iisdem
3263 1923 3594 1979 criminibus
3617 1923 3725 1987 rei,

2149 2024 2309 2079 alteri
2328 2024 2722 2094 indulgentiam
2760 2020 2948 2086 tribui,
2967 2017 3125 2074 alteri
3156 2015 3494 2089 poenitentia:
3521 2014 3727 2069 ostium

2146 2116 2350 2177 claudi.
2408 2116 2613 2171 Verum
2667 2113 2914 2185 epistola:
2961 2125 3128 2182 pars,
3181 2123 3305 2178 qua;
3344 2105 3604 2178 synodica
3640 2104 3726 2158 vi-

2147 2208 2332 2275 detur,
2387 2205 2748 2263 exscribenda
2806 2212 2910 2263 est.
2979 2221 2997 2254 ιι
3053 2199 3420 2257 Intentionem
3471 2206 3725 2253 nostram

2146 2308 2356 2357 certam
2404 2307 2511 2354 tum
2564 2296 2798 2352 facimus
2840 2293 3156 2355 sanctitati,
3188 2293 3207 2312 '
3249 2289 3417 2362 quod,
3449 2288 3607 2344 lectis
3657 2303 3726 2342 ex

2143 2392 2374 2464 .‘Egypto
2399 2390 2599 2446 litteris
2627 2388 2932 2450 destinatis,
2984 2396 3039 2441 et
3068 2383 3212 2453 apud
3259 2396 3360 2437 nos
3393 2394 3533 2450 sazpe
3561 2379 3724 2450 167

2144 2481 2430 2547 discussis,
2478 2479 2789 2567 invenimus
2841 2492 2934 2533 eas
2983 2474 3251 2531 doctrinae
3310 2471 3533 2545 quidem
3581 2485 3725 2524 con-

2143 2581 2405 2646 gruentes
2433 2562 3060 2635 Ecclesiaeaduodecim
3105 2578 3239 2619 vero
3280 2562 3538 2633 capitulis
3580 2575 3724 2615 con-

2147 2662 2339 2717 trarias
2373 2677 2495 2717 esse
2536 2659 2909 2730 probavimus,
2947 2671 3069 2729 qua:
3093 2669 3267 2724 usque
3318 2651 3724 2722 impraesentia-

2143 2768 2267 2808 rum
2310 2752 2631 2821 impugnare
2684 2750 3048 2820 perstitimus.
3102 2746 3312 2803 Placuit
3349 2744 3513 2814 igitur
3552 2742 3724 2810 nobis

2142 2851 2222 2907 ut,
2252 2843 2296 2898 si
2325 2841 2645 2897 sanctitates
2669 2850 2864 2901 vestrae
2889 2834 3485 2919 receperintEcclesias
3513 2831 3724 2887 divini-

2141 2943 2229 2989 tus
2251 2934 2352 2989 sibi
2371 2932 2708 2997 cummissas,
2734 2930 3001 3002 Egyptiis
3021 2939 3077 2985 et
3095 2924 3725 2997 Constantinopolitanis

2146 3024 2575 3089 communicare,
2630 3023 2885 3092 aliisque,
2937 3021 3028 3092 qui
3066 3028 3257 3077 contra
3318 3033 3419 3073 nos
3464 3030 3589 3072 cum
3636 3014 3724 3079 eis

461 3095 662 3207 {lienes
695 3101 955 3207 episcopo
973 3104 1043 3173 σθ,
1077 3121 1109 3161 a
1140 3121 1251 3176 quo
1276 3108 1347 3163 de
1381 3108 1716 3166 Theodoreti
1756 3115 2034 3170 sermoni-
2065 3150 2107 3207 ρ
2143 3115 2411 3171 militasse
2456 3121 2763 3171 noscuntur
2792 3132 2806 3168 :
2839 3112 2969 3184 quia
3018 3121 3264 3167 nostram
3316 3109 3500 3172 ﬁdem,
3540 3106 3724 3178 magis

459 3187 567 3245 bus
631 3193 875 3250 monitus
921 3205 1060 3262 erat,
1093 3206 1150 3253 et
1177 3199 1364 3267 simul,
1406 3211 1631 3271 propter
1680 3203 1879 3260 factam
1910 3222 2035 3262 eum

456 3277 830 3339 Orientalibus
854 3287 1224 3356 concordiam,
1254 3306 1395 3361 pene
1442 3302 1728 3349 accusatus
1768 3294 1894 3352 fidei
1937 3313 2038 3368 per

461 3371 829 3430 inconsultam
860 3391 1013 3432 suam
1041 3378 1504 3449 dispensationem
1536 3386 1784 3455 prodite.

530 3463 620 3518 Vl.
650 3464 790 3521 Dum
806 3469 1085 3539 negotium
1104 3474 1252 3542 pacis
1266 3472 1475 3544 geritur
1492 3477 1691 3547 partim
1713 3477 1768 3532 in
1783 3476 2031 3547 Oriente,

459 3553 662 3625 partim
696 3556 751 3611 in
784 3557 1036 3630 Egypto,
1089 3577 1199 3632 quo
1250 3568 1309 3621 8e
1340 3564 1649 3623 contulerat
1692 3568 2032 3636 Aristolaus,
2062 3564 2066 3568 ’

457 3651 724 3715 portastis
747 3663 1047 3717 morarum,
1077 3668 1219 3723 quas
1258 3656 1497 3726 partium
1523 3658 1807 3715 contentio
1845 3669 2033 3717 necte-

457 3733 573 3801 bat,
602 3734 1009 3808 Theodoretus,
1041 3758 1183 3815 aegre
1235 3745 1418 3804 ferens
1460 3763 1578 3804 rem
1642 3765 1755 3806 non
1806 3752 2032 3809 evenire

456 3840 526 3881 ex
544 3826 713 3883 animi
742 3829 826 3885 sui
851 3835 1141 3902 sententia,
1171 3836 1381 3894 litteras
1414 3839 1567 3896 dedit
1590 3842 1634 3875 ⁶⁶
1665 3842 1735 3896 ad
1753 3843 2031 3914 geminum

456 3915 754 4013 Andream,
774 3924 1104 3981 monachum
1132 3927 1342 3985 scilicet
1357 3929 2029 4013 ConstantinOpolitanum

455 4008 940 4069 etSamosatenum
959 4016 1280 4089 episcopum
1307 4038 1320 4074 :
1356 4008 1509 4076 dedit
1528 4024 1736 4092 pariter
1763 4023 1831 4079 ad
1860 4024 2029 4080 Joan-

455 4112 580 4154 nem
600 4102 1001 4162 Antiochenum
1026 4117 1189 4180 atque
1220 4109 1499 4181 l-‘limerum
1525 4113 2027 4181 Nicomediensem,

455 4191 656 4261 quibus
700 4201 928 4253 testatur
972 4214 1032 4256 se
1065 4202 1204 4256 nihil
1248 4203 1471 4272 quidem
1507 4202 1565 4258 in
1587 4204 1792 4262 litteris
1836 4206 2026 4279 Cyrilli

457 4283 730 4351 reperisse
765 4300 912 4348 sanae
972 4290 1237 4349 doctrinae
1281 4295 1640 4360 contrarium,
1692 4297 1747 4352 in
1787 4296 2028 4354 Nestorii

2144 3214 2329 3264 autem
2379 3206 2750 3276 apostolorum
2785 3245 2799 3270 ,
2856 3220 2914 3260 se
2984 3203 3189 3259 habere
3256 3199 3485 3272 professi
3543 3207 3722 3264 sunt;

2136 3297 2476 3357 damnationi
2500 3313 2632 3353 vero
2650 3294 2946 3352 venerandi
2985 3304 3042 3351 et
3067 3293 3397 3349 sanctissimi
3447 3290 3722 3355 Nestorii,

2134 3403 2256 3459 quae
2279 3387 2421 3443 facta
2445 3388 2669 3452 dicitur,
2693 3404 2801 3442 non
2819 3386 3064 3457 praebere
3081 3399 3432 3441 consensum.
3456 3381 3724 3451 Iniquum

2133 3495 2370 3550 namque
2407 3495 2535 3534 vere
2558 3487 2613 3533 et
2640 3479 2866 3548 impium
2915 3477 3356 3548 comprobamus,
3397 3475 3442 3531 si
3508 3473 3722 3531 iisdem

2134 3568 2481 3633 criminibus,
2510 3567 2715 3639 quibus
2747 3574 2803 3622 et
2832 3566 3017 3620 socius
3056 3566 3198 3635 ejus,
3237 3579 3367 3618 reus
3399 3563 3720 3626 exstiterat,

2133 3662 2214 3718 illi
2240 3662 2464 3732 quidem
2491 3662 2708 3717 veniam
2740 3661 2949 3732 largiri,
2979 3658 3108 3713 huic
3138 3666 3322 3713 autem
3350 3657 3552 3711 ostium
3588 3669 3720 3725 par-

2131 3751 2379 3806 nitentiae
2407 3749 2666 3806 claudere
2698 3768 2710 3803 :
2748 3749 2922 3803 multo
2954 3748 3122 3818 igitur
3144 3746 3317 3816 magis
3347 3745 3624 3814 iniquum,
3663 3751 3724 3797 et

2130 3839 2302 3910 magis
2324 3838 2572 3908 impium,
2600 3838 2947 3895 innocentem
2972 3836 3134 3892 morti
3167 3834 3407 3889 tradere.
3435 3833 3585 3888 Sciat
3612 3832 3721 3902 igi-

2131 3938 2227 3986 tur
2254 3930 2521 3986 sanctitas
2549 3939 2754 3995 vestra,
2784 3930 2932 4001 quod
2962 3944 3076 3985 non
3100 3928 3255 3999 prius
3286 3925 3369 3982 eis
3397 3925 3719 3980 communi-

2129 4021 2366 4077 candum
2384 4036 2506 4077 esse
2530 4035 2839 4087 censemus,
2855 4035 3020 4091 quam
3048 4026 3262 4074 vestras
3293 4015 3572 4086 recipiatis
3601 4014 3721 4068 Ec-

2128 4111 2347 4167 elesias.
2372 4111 2499 4166 Haec
2520 4119 2703 4166 autem
2733 4127 2841 4166 non
2863 4110 3012 4166 solus
3040 4126 3161 4181 ego,
3191 4108 3288 4165 sed
3327 4122 3522 4163 omnes
3578 4120 3722 4160 san-

2126 4201 2359 4259 ctissimi
2383 4212 2587 4258 nostra
2627 4201 2871 4273 regionis
2923 4200 3188 4272 episcopi,
3222 4198 3411 4253 habito
3447 4194 3719 4260 concilio,

2128 4291 2514 4348 decreverunt.
2549 4310 2568 4345 ι
2617 4290 2791 4346 Tanta
2818 4290 3282 4363 Euphratensium
3305 4288 3360 4341 in
3388 4285 3719 4341 Nestorium

455 4377 658 4440 tamen,
686 4390 851 4445 quem
880 4380 1035 4436 miris
1062 4382 1322 4437 laudibus
1347 4383 1580 4451 extollit,
1623 4385 2025 4457 depositi'onem
2130 4383 2431 4454 propensio
2482 4383 2618 4439 mira
2671 4383 2848 4440 videri
2891 4398 3001 4445 non
3022 4382 3205 4436 debet.
3256 4377 3511 4435 Nestorio
3557 4376 3719 4430 enim

453 4474 567 4518 non
587 4479 768 4535 posse,
804 4472 1158 4539 quantumvis
1197 4481 1440 4531 extrema
1479 4492 1710 4548 quaeque
1742 4478 2025 4536 toleranda
2060 4482 2102 4537 ι)
2131 4475 2307 4544 patria
2352 4475 2459 4531 fuit
2506 4476 2874 4540 Germanicis,
2909 4490 3033 4545 qua:
3059 4470 3438 4544 Euphratesiaa
3487 4468 3716 4530 civitas.

454 4564 662 4624 essent,
692 4557 1022 4617 consensum
1053 4564 1318 4633 praebere.
1348 4567 1686 4625 Protestatus
1710 4578 1796 4626 est
1822 4571 2030 4641 pariter
2127 4565 2254 4622 Fuit
2308 4576 2365 4623 et
2419 4576 2569 4624 arcta
2625 4567 2960 4625 necessitate
3013 4564 3342 4636 coniunctus
3391 4558 3719 4616 Alexander

455 4663 514 4704 se
550 4666 660 4708 non
706 4668 867 4722 posse
901 4654 1163 4710 damnare
1197 4656 1471 4729 dogmata,
1498 4674 1622 4730 quae
1665 4662 2030 4718 versabantur

454 4739 512 4794 in
537 4745 860 4813 quaestione,
888 4746 1018 4812 nisi,
1050 4746 1196 4816 quod
1220 4750 1518 4818 pessimum
1544 4753 1755 4808 exstitit
1776 4754 2028 4819 venturis

421 4906 427 4911 .
455 4834 671 4889 seculis
695 4836 1027 4904 exemplum,
1061 4837 1419 4898 adhiberetur
1462 4844 1735 4915 exceptio,
1770 4861 1878 4916 qua
1917 4845 2025 4903 im-

453 4923 676 4993 probari
702 4924 1041 5004 dicerentur,
1073 4931 1450 5003 cujuscunque
1495 4934 1717 4990 tandem
1778 4938 2021 4994 auctoris

428 5010 638 5069 .forent
663 5032 676 5067 :
709 5014 789 5068 sic
809 5013 957 5072 enim
994 5022 1401 5078 consulendum
1421 5025 1652 5095 putabat
1671 5025 1909 5083 Nestorii
1938 5028 2021 5084 fa-

456 5118 591 5159 mae:
628 5121 647 5153 ι
679 5101 869 5174 Cujus,
892 5105 1090 5179 inquit,
1109 5113 1439 5168 sanctissimi
1466 5113 1573 5170 viri
1598 5114 1693 5186 qui
1716 5115 2022 5172 doctrinam

452 5192 752 5284 indiscrete
775 5199 1219 5266 anathematizet,
1265 5204 1441 5275 ipsam
1488 5206 1712 5264 videtur
1761 5208 2023 5284 pietatem

454 5282 734 5341 damnare.
777 5304 797 5339 ι

2124 4659 2422 4733 provincia
2468 4660 2696 4732 primas,
2733 4659 2877 4714 sicut
2902 4666 2959 4714 et
2992 4655 3373 4712 Theodoretus
3400 4651 3551 4723 Cyri,
3583 4649 3710 4704 An-

2122 4749 2284 4806 dreas
2316 4749 2746 4816 Samosatarum,
2771 4748 3012 4806 Joannes
3038 4744 3416 4807 Germanicus,
3442 4740 3715 4797 Heliades

2122 4843 2437 4915 Zeugmatis
2460 4843 2743 4913 episcopi;
2775 4838 2974 4910 reliqui
2999 4853 3135 4893 vero
3156 4843 3253 4891 aut
3286 4835 3470 4890 minus
3501 4838 3714 4887 aucto-

2123 4935 2288 4991 ritate
2322 4935 2636 5005 pollebant,
2682 4941 2778 4988 aut
2807 4931 3041 4987 aliorum
3087 4925 3494 4984 necessitudine
3521 4921 3718 4977 trabe-

2125 5024 2346 5081 bantur.

2203 5117 2311 5172 Vll.
2342 5117 2636 5186 Postquam
2658 5114 2924 5170 sancitam
2955 5110 3325 5169 Ecclesiarum
3347 5109 3716 5166 concordiam

2130 5204 2373 5268 rescivit,
2404 5204 2735 5274 missumque
2760 5219 2791 5257 a
2819 5202 3027 5258 Joanne
3057 5199 3398 5255 Antiocheno
3413 5198 3717 5269 epistolam

2131 5297 2201 5354 de
2222 5313 2285 5353 re
2312 5304 2428 5355 tota
2450 5295 2518 5352 ad
2551 5296 2963 5367 imperatorem,
2982 5302 3145 5365 atque
3172 5295 3340 5350 etiam
3369 5293 3437 5348 ad
3463 5294 3719 5364 majores

1780 5412 2104 5509 ‘SCHULZII
2139 5448 2368 5505 now.

524 5596 573 5628 ι·
600 5595 1021 5672 ρμωειωωπ.
1056 5601 1180 5672 Yid.
1207 5610 1248 5657 t.
1274 5602 1365 5662 ut.
1405 5617 1461 5672 ιι.
1502 5603 1661 5659 usa.

1752 5604 1798 5638 ”
1826 5604 2036 5674 Aeneia.
2068 5603 2217 5668 Vid.,
2272 5618 2328 5674 p.
2377 5618 2435 5674 In
2471 5601 2629 5674 Cone.
2688 5602 2908 5674 Euhan,

3044 5640 3059 5655 .
3093 5601 3182 5657 35.
3258 5600 3304 5633 “
3352 5599 3457 5655 Lit.
3532 5600 3712 5657 rudit.

449 5667 732 5749 cat:_Vide
776 5677 816 5723 t.
852 5671 943 5749 ιγ,
991 5671 1153 5749 epist.
1182 5667 1452 5749 171,173,
1481 5674 1602 5727 νη.
1632 5673 1783 5729 Adde
1815 5673 2043 5749 Marium
2074 5667 2318 5749 Ματθίας,
2347 5673 2485 5749 t._l_l,
2516 5673 2651 5729 edit.
2678 5667 2867 5737 Germ,
2894 5667 2959 5744 τι.
2990 5667 3101 5728 9η
3131 5686 3286 5742 seqq.
3319 5669 3453 5738 Qua
3491 5669 3717 5729 deinde

456 5742 753 5796 recitantur
777 5742 944 5797 verba
972 5759 986 5797 :
1010 5742 1360 5798 Intentionem
1383 5750 1639 5809 nostram,
1661 5752 1790 5811 etc.,
1814 5744 2155 5800 constituunt
2204 5745 2365 5815 epist.
2392 5745 2512 5800 174.
