3954 6294
183 335 265 403 iii

1339 338 1703 397 HISTORIA
1740 339 2250 401 THEODORETI.

3315 332 3414 397 122

181 447 339 506 sedes.
374 447 665 500 Romanam
699 443 844 509 dico,
879 443 1329 510 Alexandrinam,
1365 455 1421 500 et
1446 446 1720 500 Constan—
1757 459 1783 508 Α

1868 453 1912 506 io
1945 453 2168 522 scripsit
2203 451 2270 506 ad
2311 451 2571 506 Acacium
2621 450 2960 510 illelitenum,
3008 462 3240 515 eamque
3291 461 3412 498 eum

180 539 607 609 tinopolitanam:
641 535 793 592 dedit
819 538 1017 592 iterum
1054 538 1120 591 ad
1155 539 1459 593 Himerium
1491 540 1726 604 litteras,

181 632 360 703 quibus
379 630 539 684 animi
577 632 661 684 sui
703 645 948 693 sensum,
978 631 1251 700 simulque
1283 633 1541 687 factionis
1583 641 1730 686 artes

182 723 432 795 patefecit.
471 742 489 773 ι
519 723 638 777 Non
670 730 843 785 tuam,
870 723 1118 792 inquit“,
1157 725 1322 778 lateat
1357 725 1728 788 sanctitatem,

181 815 325 885 quod,
352 823 636 884 postquam
661 815 765 884 legi
787 815 1096 884 epistolam,
1129 833 1251 888 quae
1294 817 1612 888 imperatori
1643 818 1731 872 di—

182 914 436 969 recteest,
484 907 650 961 nimis
681 907 866 962 animo
897 909 1084 974 dolui;
1129 911 1258 980 quia
1304 911 1593 967 manifeste
1636 927 1734 967 co-

185 998 543 1071 gnosco,quod
575 999 639 1061 is,
660 1001 752 1068 qui
783 999 925 1053 hanc
939 1000 1179 1069 scripsit,
1201 1001 1443 1071 idipsum
1465 1003 1732 1067 sentiens,

185 1091 453 1146 indiscrete
494 1098 660 1160 atque
707 1090 894 1160 inique
941 1091 1223 1146 damnavit
1272 1107 1421 1158 eum,
1467 1093 1561 1162 qui
1597 1092 1734 1146 nihil

183 1191 358 1255 prater
404 1182 710 1237 doctrinam
745 1197 933 1237 sanam
981 1183 1140 1237 novit
1168 1184 1377 1253 aliquid
1417 1194 1474 1239 et
1521 1185 1732 1239 docuit.

184 1277 276 1333 Sed
304 1275 788 1331 anathematismus
819 1278 1083 1340 insertus,
1112 1276 1242 1330 licet
1264 1276 1498 1332 idoneus
1529 1277 1599 1331 sit
1623 1293 1739 1330 am-

185 1367 328 1437 plius,
361 1381 522 1436 quam
568 1382 874 1421 consensus
916 1367 1287 1422 damnationis
1326 1369 1466 1438 ejus,
1512 1369 1739 1423 turbare
1775 1353 1779 1356 ’

183 1458 452 1522 lectorem;
477 1466 664 1513 tamen
690 1459 816 1528 quia
843 1475 951 1513 non
981 1459 1301 1523 indiscrete,
1336 1461 1431 1514 sed
1466 1462 1569 1515 sub
1598 1477 1734 1530 qua-

184 1549 295 1604 da
323 1550 756 1605 consideratione
781 1550 993 1621 positus
1013 1560 1118 1613 est,
1155 1551 1412 1604 solatium
1444 1552 1699 1621 praestitit
1727 1571 1738 1604 :

183 1657 274 1696 nec
302 1630 439 1698 enim
456 1641 599 1696 dixit
623 1660 634 1696 :
668 1643 1212 1698 Anathematizamus
1258 1643 1565 1700 doctrinam
1591 1645 1739 1716 ejus;

183 1733 266 1789 sed
289 1750 626 1806 quaecunque
671 1736 831 1789 aliter
859 1735 1000 1792 dixit
1048 1744 1144 1790 aut
1172 1735 1363 1792 sensit.
1398 1752 1564 1807 quam
1607 1736 1742 1792 doc-

185 1826 312 1881 trina
335 1827 632 1896 apostolica
650 1827 915 1881 continet.
949 1846 965 1878 ι

244 1918 371 1973 Vill.
404 1918 570 1973 Dedit
609 1928 663 1973 et
698 1919 833 1972 alias
857 1920 923 1976 ad
953 1920 1288 1984 Nestorium,
1325 1928 1561 1976 testatus
1593 1935 1748 1974 suam

187 2008 236 2063 in
277 2009 437 2078 ipsius
466 2010 722 2080 partibus
755 2011 974 2066 tuendis
1003 2012 1407 2067 constantiam:
1460 2032 1477 2064 ‹
1514 2012 1632 2079 His,
1669 2013 1753 2066 in—

187 2103 365 2172 quit“,
389 2118 512 2172 qua:
542 2110 731 2157 contra
751 2112 898 2158 tuam
921 2104 1337 2159 venerationem
1369 2106 1566 2176 injuste
1588 2113 1753 2174 atque

187 2193 354 2264 inique
384 2203 601 2264 patrata
627 2203 778 2259 sunt,
812 2211 915 2248 nec
944 2196 988 2250 si
1035 2196 1167 2250 mihi
1203 2204 1494 2266 utramque
1526 2211 1752 2250 manum

187 2285 296 2353 quis
310 2285 680 2348 abscinderet,
711 2296 905 2355 potero
926 2287 1171 2356 prmbere
1196 2303 1550 2348 consensum,
1568 2286 1753 2341 divina

188 2375 543 2443 proculdubio
566 2375 699 2429 mihi
721 2384 1048 2445 couperante
1079 2377 1271 2447 gratia,
1299 2384 1354 2430 et
1382 2375 1757 2428 infirmitatem

187 2467 361 2523 anima:
390 2469 752 2534 sublevante;
825 2469 985 2539 163
1024 2470 1128 2522 hoc
1176 2479 1360 2523 autem
1411 2468 1576 2522 etiam
1645 2467 1756 2531 his,

187 2559 269 2628 qui
299 2559 410 2614 haec
459 2559 715 2630 exigunt,
765 2568 980 2614 certum
1030 2561 1233 2614 litteris
1291 2560 1417 2623 feci,
1472 2569 1526 2614 ct
1560 2569 1758 2616 vestra:

187 2653 463 2716 sanctitati,
491 2652 632 2722 quid
675 2668 705 2706 a
746 2668 833 2706 me
876 2653 959 2706 eis
1014 2654 1338 2722 rescriptum
1367 2653 1470 2717 sit;
1510 2641 1759 2722 exempla

189 2744 464 2807 transmisi,
499 2755 780 2813 quatenus
806 2754 1089 2814 agnoscat,
1121 2745 1270 2813 quod
1294 2745 1507 2798 nullum
1542 2753 1760 2816 tempus

185 2849 275 2889 nos
305 2852 398 2905 per
423 2836 672 2890 divinam
694 2837 922 2906 gratiam
953 2837 1333 2891 commutabit.
1379 2857 1396 2889 ι
1471 2827 1476 2832 ’

246 2924 329 2979 IX.
361 2924 502 2992 Quin
534 2926 700 2980 etiam
720 2925 1018 2981 Phtenicize
1048 2925 1345 2997 episcopis,
1379 2943 1520 2996 quos
1553 2928 1608 2982 in
1645 2927 1762 2986 suis

186 3018 419 3088 partibus
462 3018 799 3072 auctoritate
853 3018 1126 3072 hactenus
1156 3019 1482 3082 retinuerat,
1522 3028 1578 3076 et
1619 3035 1761 3090 quos

1837 541 1993 596 libris
2023 542 2212 596 decem
2228 542 2282 596 in
2306 542 2584 596 Julianum
2610 550 2910 610 apostatam
2935 555 2963 592 a
2993 555 3051 592 se
3075 537 3412 606 compositis.

1838 633 2401 688 JoanniAntiocbeno
2439 631 2608 694 misit,
2646 647 2844 700 rogans
2871 640 3070 684 utcum
3101 627 3416 683 eruditissi-

1840 727 1946 781 mis
1969 725 2281 795 quibusque
2329 739 2442 779 suaa
2488 722 2744 780 dimeesis
2793 721 3068 791 episcopis
3106 733 3415 772 communi-

1841 828 2012 874 caret.
2044 818 2171 873 llzec
2207 817 2590 873 Theodoretus
2635 830 2762 868 cum
2797 812 3100 881 accepisset
3127 826 3157 864 a
3187 810 3417 873 Joanne,

1841 913 2172 982 legissetque
2217 909 2502 972 attentius,
2553 907 2767 962 litteras
2833 904 2983 959 misit
3038 902 3106 958 ad
3155 900 3420 972 Cyrillum

1843 1003 2069 1058 laudum
2096 1012 2261 1072 atque
2310 1000 2474 1055 ofﬁcii
2523 1000 2734 1068 plenas,
2768 1005 3096 1065 mutuasque
3127 994 3196 1049 ab
3232 1009 3302 1048 eo
3331 1009 3421 1048 re-

1845 1097 2014 1166 cepit,
2042 1111 2144 1150 nee
2170 1095 2292 1150 illas
2328 1109 2486 1158 unas,
2523 1106 2661 1162 quas
2697 1105 2765 1144 eo
2805 1087 3123 1159 diligentius
3159 1085 3422 1149 servavit,

1845 1206 1956 1260 quo
1974 1189 2294 1243 callidiores
2331 1187 2396 1241 ad
2431 1201 2563 1240 usus
2589 1183 2926 1238 destinabat.

1918 1283 1986 1337 Et
2020 1296 2152 1335 vero
2171 1279 2522 1350 postmodum
2549 1277 2764 1332 abusus
2789 1285 2896 1337 est,
2931 1289 3057 1328 cum
3090 1269 3428 1342 persuadere

1847 1376 2011 1430 vellet
2061 1375 2325 1429 Dioscoro
2350 1414 2363 1437 ,
2401 1371 2590 1442 Cyrilli
2649 1386 2708 1425 se
2751 1369 3051 1423 amicitiam
3083 1364 3344 1426 coluisse,
3375 1370 3432 1415 et

1849 1469 2152 1526 doctrinam
2199 1465 2470 1520 laudasse.
2534 1481 2551 1513 ι
2599 1463 2796 1525 Brataz,
2850 1459 3108 1529 inquit“,
3156 1454 3434 1510 memoriae

1848 1561 2113 1632 Cyrillum
2145 1574 2288 1628 sepe
2324 1557 2390 1611 ad
2422 1572 2522 1609 nos
2570 1554 2783 1608 litteras
2806 1551 3047 1614 dedisse,
3079 1556 3432 1618 perspectum

1850 1660 1954 1714 est,
1989 1651 2207 1719 opinor,
2237 1647 2516 1702 sanctitati
2539 1655 2680 1708 tum;
2724 1643 2820 1698 sed
2849 1651 2906 1696 et
2925 1640 3148 1710 quando
3182 1653 3313 1692 suos
3340 1636 3436 1690 ad-

1851 1760 2047 1799 versus
2068 1742 2344 1796 Julianum
2375 1741 2548 1794 libros
2575 1739 2726 1794 misit
2752 1735 3127 1796 Antiochiam,
3153 1731 3438 1786 similiter-

1783 1817 1823 1871 Β
1853 1851 1962 1907 que
1990 1837 2004 1854 ⁶
2045 1834 2247 1890 librum
2309 1832 2390 1885 “De
2436 1831 2731 1892 emissario,
2768 1828 2990 1882 beatum
3031 1825 3297 1879 Joannem
3345 1835 3436 1876 r0-

1853 1927 2001 2000 gavit
2052 1926 2371 1995 episcopum
2408 1923 2840 1980 Antiochenum,
2897 1927 2957 1972 ut
3007 1918 3132 1971 illos
3180 1912 3441 1983 spectatis

1855 2035 1955 2089 per
1987 2017 2270 2072 Orientem
2302 2015 2581 2085 magistris
2615 2012 2958 2074 ostenderet,
2991 2007 3301 2076 litterisque
3335 2006 3439 2062 0b-

1855 2123 2094 2177 sequens
2128 2107 2322 2161 beatus
2344 2105 2584 2160 Joannes
2612 2105 2774 2158 nobis
2801 2104 2973 2157 libros
2992 2101 3162 2160 misit,
3193 2114 3332 2167 quos
3359 2098 3440 2151 le—

1855 2204 2049 2267 gentes
2075 2196 2445 2264 suspeximus,
2468 2204 2524 2248 et
2548 2194 2719 2248 beatae
2749 2191 3028 2246 memoriae
3072 2188 3276 2259 Cyrillo
3307 2185 3444 2241 scri-

1857 2288 2091 2357 psimus,
2120 2295 2174 2340 et
2205 2286 2294 2340 illc
2327 2286 2394 2340 ad
2423 2301 2523 2340 nos
2555 2284 2860 2352 rescripsit,
2892 2281 3348 2349 diligentiamque
3381 2290 3445 2330 ac

1855 2376 2294 2434 benevolentiam
2317 2373 2758 2430 commendavit:
2792 2371 3129 2442 quaelittene
3174 2367 3318 2436 apud
3346 2381 3447 2424 nos

1862 2486 1919 2526 se
1928 2478 2120 2525 rvantu
2132 2485 2173 2520 l'.
2216 2487 2233 2517 ι

1935 2562 2095 2632 169
2129 2560 2220 2614 Xl.
2261 2557 2644 2613 Theodoretus
2687 2570 2872 2625 porro,
2899 2553 3108 2608 saneita
3129 2567 3284 2622 pace,
3338 2563 3446 2604 non

1860 2656 2024 2712 modo
2049 2671 2157 2707 non
2185 2651 2482 2716 consensit,
2516 2650 2610 2704 sed
2641 2665 2708 2703 ne
2731 2647 2944 2718 quievit
2965 2644 3190 2715 quidem
3213 2644 3256 2672 "'
3285 2661 3296 2694 :
3325 2656 3449 2698 nam

1861 2747 2127 2820 propositi
2162 2745 2412 2816 pertinax
2460 2753 2516 2798 et
2559 2744 2714 2797 fama:
2747 2740 3042 2802 conscius,
3091 2750 3450 2805 quoscunque

1863 2840 2043 2909 potuit
2064 2879 2077 2898 ,
2132 2837 2185 2891 in
2215 2853 2342 2891 suas
2366 2845 2551 2905 partes
2581 2850 2686 2903 qua
2724 2831 3037 2887 rationibus
3067 2826 3315 2887 deduxit,
3343 2839 3450 2892 qua

1864 2931 2189 2986 auctoritate
2213 2928 2500 2999 protraxit.
2531 2927 2720 2994 Neque
2744 2940 2872 2977 vero
2901 2921 3059 2991 pauci
3077 2919 3276 2974 ducem
3294 2929 3451 2969 secur-

1867 3024 1907 3079 ti
1939 3031 2096 3085 sunt,
2147 3021 2256 3074 imo
2282 3020 2448 3073 factio
2473 3016 2766 3078 exstitit“,
2804 3030 2926 3083 qua:
2969 3011 3098 3080 quia
3123 3025 3227 3062 nec
3248 3005 3454 3076 Cyrillo

186 3123 275 3164 sua
325 3119 504 3164 tamen
560 3109 898 3165 conscientia
945 3117 1203 3179 coegerat
1234 3111 1762 3180 pacis'conditiones
1789 3149 1836 3212 ο
1867 3114 2202 3176 adhaerebat,
2231 3127 2333 3166 nec
2363 3109 2581 3172 Joantti,
2619 3107 2852 3177 partium
2885 3114 2940 3159 et
2966 3103 3277 3158 diweeseon
3301 3096 3453 3166 capi-

274 3199 286 3212 σ
558 3199 608 3212 ιο
683 3198 715 3212 ι,
1015 3198 1026 3209 ο
1069 3210 1076 3212 _
1127 3203 1136 3212 .
1509 3200 1520 3210 .
1600 3200 1632 3212 ,ι
1717 3200 1728 3210 ο
1895 3209 1926 3212 __
2095 3205 2104 3212 .
2233 3204 2244 3212 .
2304 3203 2315 3212 ε
2792 3199 2801 3208 ι
2955 3189 3428 3212 I-I,,,,_._l!.l._-£1

185 3199 457 3270 accipere,
513 3198 724 3270 objecit
787 3215 886 3268 per
941 3198 1230 3269 epistolam
1294 3200 1762 3269 pratvaricationis

188 3292 400 3356 Crimen,
426 3292 594 3362 quasi
620 3308 822 3345 novum
853 3292 1198 3361 accepissent
1233 3293 1541 3363 symbolum
1567 3300 1765 3362 praeter

186 3381 493 3447 Nicaanum;
527 3391 818 3452 postquam
863 3382 1069 3452 Ephesi
1098 3382 1334 3438 confessi
1365 3392 1572 3450 essent,
1604 3398 1663 3438 se
1692 3382 1767 3440 ita

187 3473 239 3527 in
262 3473 478 3528 Nicamo
501 3473 924 3543 conquiescere,
951 3482 1012 3528 ut
1039 3474 1188 3528 aliud
1213 3473 1585 3545 quodcunque
1629 3489 1765 3529 con-

185 3564 236 3619 di
260 3582 550 3636 nunquam
574 3573 761 3618 essent
789 3564 1028 3635 passuri.

250 3653 376 3707 Eam
401 3654 473 3709 ob
498 3669 622 3707 rem
647 3653 809 3706 tacito
833 3652 1050 3707 nomine
1064 3652 1307 3724 aCyrillo
1323 3653 1644 3725 perstrictus
1661 3663 1768 3710 est.

198 3764 215 3796 ι
246 3744 386 3812 Quid
418 3746 616 3818 igitur,
649 3745 727 3800 ait
762 3745 828 3810 ⁸³,
879 3755 1086 3800 temere
1128 3747 1392 3801 conviciis
1427 3747 1769 3802 insectantur

188 3837 475 3896 Phteniciae
497 3838 810 3908 episcopos,
839 3854 1028 3892 eorum
1053 3854 1378 3893 consensum
1397 3854 1599 3892 novum
1629 3856 1772 3911 sym-

187 3931 367 3988 bolum
422 3931 794 4002 appellantes,
830 3945 993 4002 quem
1028 3931 1106 3984 illi
1136 3931 1347 3984 utiiiter
1375 3941 1432 3986 et
1456 3931 1770 3986 necessario

187 4023 500 4084 ediderunt.
541 4031 604 4077 ut
636 4022 894 4076 nimirum
950 4038 1008 4078 se
1049 4031 1368 4093 purgarent,
1413 4039 1619 4093 eosque
1671 4023 1771 4077 de-

188 4115 514 4180 mulcerent,
533 4113 629 4184 qui
661 4113 809 4182 ipsos
840 4113 1219 4168 Nestorianam
1249 4114 1548 4168 novitatem
1578 4129 1775 4183 appro-

190 4207 316 4262 bare
372 4207 853 4263 existimaverant.
891 4225 909 4257 ›
973 4206 1195 4260 Poterat
1242 4206 1359 4262 haec
1414 4205 1775 4275 reprehensio

190 4298 429 4352 animum
481 4296 826 4352 Theodoreti
857 4312 986 4367 erga
1027 4295 1294 4368 Cyrillum
1323 4299 1434 4368 jam
1468 4299 1592 4366 plus
1617 4311 1776 4365 atquo

191 4387 469 4444 infensum
504 4389 884 4453 exacerbare;
921 4387 1016 4442 sed
1053 4403 1164 4442 sua:
1188 4388 1344 4443 famae
1375 4389 1639 4442 interesse
1674 4404 1776 4442 no-

1868 3209 2038 3270 tibus,
2080 3203 2480 3272 Acephalorum
2507 3216 2727 3260 nomen,
2760 3199 2934 3266 siqua
2954 3195 3213 3250 Liberato
3233 3189 3452 3251 ﬁdes“,

1868 3297 2112 3366 accepit;
2167 3303 2330 3364 atque
2375 3294 2449 3347 ita
2501 3291 2886 3346 Theodoretus
2924 3286 3102 3342 videri
3133 3283 3316 3353 potuit
3343 3281 3454 3350 jam

1868 3404 1980 3442 non
2008 3402 2151 3440 unus
2181 3385 2247 3438 de
2271 3393 2418 3438 secta
2447 3381 2682 3437 Nestorii
2706 3422 2719 3442 ,
2755 3379 2856 3433 sed
2883 3378 3241 3432 factiosorum
3270 3381 3454 3442 caput,

1867 3489 1924 3536 et
1947 3477 2208 3538 Ecclesiae
2231 3476 2675 3546 perturbaturum
2701 3473 2978 3542 princeps.

1943 3573 2071 3627 Scio
2100 3571 2168 3626 de
2191 3569 2403 3640 origine
2425 3566 2668 3621 nominis
2691 3563 3094 3632 Acephalorunt
3124 3573 3230 3614 non
3255 3557 3324 3611 ab
3345 3571 3460 3611 om-

1870 3667 2036 3724 nibus
2053 3665 2310 3722 Liberata
2331 3661 2506 3725 credi,
2532 3659 2628 3716 sed
2655 3657 2886 3713 Leontio
2911 3653 3084 3724 magis
3109 3672 3121 3706 :
3144 3667 3242 3707 eos
3261 3664 3460 3718 nempe

1872 3759 1948 3816 ita
1973 3758 2170 3821 dictos,
2203 3755 2298 3825 qui
2328 3755 2490 3823 longo
2519 3760 2642 3822 post
2666 3760 2936 3820 tempore,
2966 3763 3094 3802 cum
3121 3741 3462 3800 Alexandriae

1874 3849 2272 3921 Eutychianam
2318 3838 2553 3901 haeresin
2593 3849 2994 3913 sequerentur,
3029 3839 3181 3893 velut
3215 3837 3463 3890 Dioscuri

1873 3942 2119 4011 reliquiae
2142 3981 2156 4005 ,
2206 3955 2317 3994 non
2349 3948 2530 3994 tamen
2560 3938 2726 3992 Petro
2751 3935 2941 4004 Μῦςεο
2969 3930 3200 3987 antistiti
3227 3925 3463 3982 civitatis

1874 4034 2228 4090 adherebant
2247 4071 2262 4095 ,
2298 4030 2652 4100 quantumvis
2672 4027 3014 4098 Eutychiana
3042 4033 3100 4077 et
3125 4023 3241 4090 ipse
3269 4019 3464 4074 haeresi

1877 4126 2114 4182 infectus
2152 4133 2320 4179 esset.
2367 4123 2592 4183 Verum,
2645 4128 2704 4173 ut
2745 4116 2978 4171 Leontio
3005 4114 3140 4166 fides
3165 4111 3462 4171 tribuatur,

1876 4232 1998 4284 qua:
2025 4215 2218 4284 procul
2243 4212 2415 4266 dubio
2446 4211 2633 4265 debita
2656 4216 2742 4261 est
2763 4247 2777 4269 ,
2817 4222 2924 4259 non
2955 4202 3220 4256 continuo
3245 4199 3468 4252 videtur

1878 4303 2191 4373 abroganda
2235 4302 2518 4363 Liberato,
2573 4312 2700 4351 cum
2753 4293 2880 4348 iniri
2926 4291 3100 4361 possit
3145 4287 3463 4344 concordia.

1882 4395 2177 4466 Scripserit
2220 4393 2368 4447 enim
2419 4391 2532 4455 ille,
2589 4389 2736 4458 quod
2783 4384 3252 4458 Eutychianorum
3283 4379 3464 4450 parti;

189 4492 360 4547 verat,
393 4484 532 4538 dum
566 4491 763 4537 cuncta
790 4482 1058 4569 principis
1093 4483 1250 4553 jussu
1284 4488 1774 4550 componerentur,
1812 4491 1848 4543 ι)
1883 4491 2006 4552 ίειε,
2056 4487 2204 4558 quod
2242 4485 2600 4540 Orientalium
2641 4479 2866 4536 factioni
2915 4491 3117 4532 nomen
3158 4472 3419 4540 obtigerit
3451 4489 3465 4524 :

191 4577 322 4631 nihil
353 4577 653 4630 turbarum
679 4575 846 4639 ciere,
890 4576 1000 4629 imo
1025 4574 1343 4630 occasiones
1371 4583 1614 4642 captare,
1648 4573 1772 4642 qui-

193 4667 291 4722 bus
320 4677 513 4736 posset
539 4677 636 4719 aut
682 4665 736 4720 in
761 4665 1061 4721 amicitiam
1119 4681 1150 4719 a
1191 4663 1398 4736 Cyrillo
1448 4664 1644 4734 recipi,
1679 4671 1776 4718 aut

192 4768 450 4828 receptus
472 4758 654 4814 videri
684 4776 698 4812 :
738 4760 817 4814 sic
846 4758 994 4812 enim
1021 4757 1403 4828 pertinaciam,
1443 4756 1501 4810 in
1537 4772 1779 4812 renuen-

189 4851 273 4908 dis
295 4853 726 4910 conditionibus
745 4853 1077 4919 concordiae,
1104 4852 1326 4908 valebat
1353 4851 1529 4906 tutius
1559 4851 1647 4910 vel
1681 4867 1779 4906 ex-

188 4958 384 5001 cusare
410 4947 501 5001 vel
536 4956 740 5018 tegere.

255 5037 327 5095 X.
362 5039 591 5096 Accidit
647 5054 774 5094 mox
835 5038 1052 5094 occasio
1105 5046 1414 5108 opportuna
1459 5036 1621 5092 dolo:
1654 5051 1780 5092 nam

189 5130 428 5204 Cyrillus
461 5130 800 5187 laboriosam
830 5130 1215 5186 tractationem
1245 5128 1313 5184 de
1337 5143 1506 5198 capro
1548 5127 1780 5182 emissa-

1883 4592 2117 4651 uterque
2167 4587 2292 4649 apte
2335 4577 2402 4631 ad
2443 4577 2555 4630 vim
2587 4574 2742 4629 vocis
2778 4572 2930 4626 factae
2959 4570 3028 4626 ad
3055 4565 3468 4639 significandam

1885 4683 2110 4737 sectam,
2161 4687 2282 4741 quae
2315 4670 2402 4724 cui
2433 4685 2533 4738 par
2569 4676 2673 4730 est,
2711 4666 2877 4736 capiti
2915 4680 3026 4718 non
3073 4659 3467 4730 conjungitur:

1886 4765 1993 4819 erit
2019 4774 2202 4818 tamen
2226 4761 2469 4817 Liberati
2496 4774 2658 4830 quam
2685 4757 2902 4812 Leontii
2933 4755 3113 4825 potior
3137 4752 3263 4806 inde
3283 4767 3470 4814 causa,

1889 4855 2038 4925 quod
2066 4855 2158 4909 ille
2184 4853 2434 4917 tradidit,
2475 4851 2621 4906 unde
2648 4850 2887 4920 primum
2936 4848 2990 4900 in
3031 4846 3145 4906 hoc.
3163 4853 3277 4897 toto
3301 4856 3472 4911 nego-

1891 4946 1968 4998 tio
2017 4943 2268 4998 auditum
2311 4943 2383 4996 sit
2427 4940 2834 5010 Aeephalorum
2878 4950 3113 4999 nomen;
3163 4934 3288 4997 iste,
3329 4931 3472 4985 unde

1887 5033 2246 5104 Eutycbianis
2287 5032 2565 5087 inhaeserit
2615 5049 2628 5084 :
2682 5016 2994 5099 quanquam
3046 5025 3261 5080 Leontii
3306 5037 3472 5092 quam

1888 5125 2130 5182 Liberati
2163 5125 2348 5180 notior
2374 5132 2458 5178 est
2484 5121 2788 5186 sententia;
2821 5127 3113 5193 propterea
3137 5113 3284 5184 quod
3312 5128 3474 5167 man-

1550 5279 1862 5336 SCilULZlI
1902 5277 2128 5339 NOT/E.

262 5423 304 5455 σι
337 5418 551 5487 Inquit.
582 5418 709 5471 Vid.
747 5427 786 5472 t.
821 5418 912 5482 iV,
943 5417 1104 5487 epist.
1140 5418 1261 5473 176.

1363 5418 1408 5488 ⁶ν¹
1439 5417 1638 5488 lnquit.
1675 5415 1797 5472 Vid.
1823 5416 1871 5488 1.
1904 5431 1963 5488 c.
1996 5415 2160 5488 epist.
2184 5413 2320 5488 172.
2359 5413 2507 5488 Adde
2535 5429 2656 5488 syri,
2703 5429 2754 5474 v,
2795 5420 2903 5488 aet.
2939 5410 2990 5488 5_.

3089 5409 3134 5439 ⁶³
3187 5406 3291 5462 Ait.
3346 5403 3471 5458 Vid.

191 5505 244 5559 p.
283 5505 341 5542 nt
374 5472 875 5560 ConcsEpheaLe.
900 5472 1002 5560 ’δέ
1041 5472 1344 5560 ίθδιίιὶμιὶιτ
1379 5472 1580 5543 Ἶίἀ.ἰ.
1627 5488 1714 5560 iV,
1751 5487 1910 5556 epist.
1945 5472 2076 5560 δῖ-
2109 5485 2154 5518 ⁸⁸
2177 5482 2254 5560 Ne
2292 5484 2482 5554 quievit
2533 5472 2760 5560 quidem.
2788 5477 3249 5560 Quievjtsdonec
3276 5474 3469 5560 deferti-

193 5547 389 5614 dendae
421 5547 655 5612 Diodori
699 5567 755 5612 et
783 5547 1066 5614 Theodori
1117 5547 1397 5613 memoriae
1456 5547 1839 5612 necessitatem
1913 5558 2018 5612 sibi
2064 5547 2369 5625 impositam
2423 5547 2554 5625 esse
2602 5552 2875 5625 crederet.
2932 5551 3065 5605 Erat
3121 5547 3303 5625 enim,-
3334 5552 3472 5598 teste

190 5630 469 5688 Garnerio
503 5633 710 5696 (supra,
740 5645 794 5698 p.
846 5627 992 5694 HO),
1024 5629 1386 5684 amicitiarum
1442 5628 1836 5683 incredibiliter
1889 5614 2196 5698 appetens,
2229 5633 2286 5677 et
2340 5639 2481 5698 eum
2503 5614 3470 5698 jun_x_isset,“constant_eor“retiaqns.

193 5683 238 5732 δ’
271 5700 463 5756 Factio
502 5683 877 5761 eniitit','cazt.
905 5683 1117 5752 Dudum
1149 5683 1178 5752 ἐι
1214 5683 1488 5755 Cotelerio
1513 5698 1741 5768 aliisque
1776 5683 1996 5767 expldsa
2049 5683 2284 5750 651⁷181³
2339 5683 2538 5748 fabula.
2595 5691 2715 5746 Vid.
2791 5691 3007 5760 Dupinii
3066 5685 3304 5740 Biblioth.
3350 5683 3472 5737 Aut.

193 5771 408 5837 «clem,
452 5778 499 5824 t.
548 5769 637 5832 iV,
674 5768 840 5838 p.85.
918 5769 1259 5836 "Breviarii,
1308 5784 1426 5839 cap.
1479 5768 1531 5822 9.
