  <div class='ocr_page' id='page_1' title='image "/cluster/home/n/w/nwhite01/storage/ocr_20150623/84/pst.000005712830/069.png"; bbox 0 0 3954 6294; ppageno 0'>
   <div class='ocr_carea' id='block_1_1' title="bbox 478 241 662 329">
    <p class='ocr_par' dir='ltr' id='par_1_1' title="bbox 478 241 662 329">
     <span class='ocr_line' id='line_1_1' title="bbox 478 241 662 329; baseline 0.005 -1"><span class='ocrx_word' id='word_1_1' title='bbox 478 241 662 329; x_wconf 56' lang='grc' dir='ltr'><strong>ιεθλ</strong></span> 
     </span>
    </p>
   </div>
   <div class='ocr_carea' id='block_1_2' title="bbox 1610 243 2613 313">
    <p class='ocr_par' dir='ltr' id='par_1_2' title="bbox 1610 243 2613 313">
     <span class='ocr_line' id='line_1_2' title="bbox 1610 243 2613 313; baseline -0.013 0"><span class='ocrx_word' id='word_1_2' title='bbox 1610 250 1987 313; x_wconf 73' lang='lat' dir='ltr'><strong>GARNERII</strong></span> <span class='ocrx_word' id='word_1_3' title='bbox 2028 243 2526 310; x_wconf 72' lang='lat' dir='ltr'><strong>DISSERTATIO</strong></span> <span class='ocrx_word' id='word_1_4' title='bbox 2564 243 2613 300; x_wconf 86' lang='grc' dir='ltr'><strong>Ι.</strong></span> 
     </span>
    </p>
   </div>
   <div class='ocr_carea' id='block_1_3' title="bbox 3624 226 3729 297">
    <p class='ocr_par' dir='ltr' id='par_1_3' title="bbox 3624 226 3729 297">
     <span class='ocr_line' id='line_1_3' title="bbox 3624 226 3729 297; baseline 0 -2"><span class='ocrx_word' id='word_1_5' title='bbox 3624 226 3729 297; x_wconf 61' lang='grc'><strong>128</strong></span> 
     </span>
    </p>
   </div>
   <div class='ocr_carea' id='block_1_4' title="bbox 476 341 3725 441">
    <p class='ocr_par' dir='ltr' id='par_1_4' title="bbox 476 341 3725 441">
     <span class='ocr_line' id='line_1_4' title="bbox 476 341 3725 441; baseline -0.011 -14"><span class='ocrx_word' id='word_1_6' title='bbox 476 374 551 427; x_wconf 85' lang='lat' dir='ltr'><strong>sit</strong></span> <span class='ocrx_word' id='word_1_7' title='bbox 571 372 663 428; x_wconf 92' lang='lat' dir='ltr'><strong>diu</strong></span> <span class='ocrx_word' id='word_1_8' title='bbox 682 368 1019 441; x_wconf 81' lang='lat' dir='ltr'><strong>Eutycbiana</strong></span> <span class='ocrx_word' id='word_1_9' title='bbox 1044 364 1205 419; x_wconf 80' lang='lat' dir='ltr'><strong>factio</strong></span> <span class='ocrx_word' id='word_1_10' title='bbox 1234 377 1359 418; x_wconf 90' lang='lat' dir='ltr'><strong>cum</strong></span> <span class='ocrx_word' id='word_1_11' title='bbox 1387 376 1486 416; x_wconf 91' lang='lat' dir='ltr'><strong>suo</strong></span> <span class='ocrx_word' id='word_1_12' title='bbox 1512 359 1762 425; x_wconf 85' lang='lat' dir='ltr'><strong>nomine;</strong></span> <span class='ocrx_word' id='word_1_13' title='bbox 1798 357 2049 413; x_wconf 88' lang='lat' dir='ltr'><strong>Orienta-</strong></span> <span class='ocrx_word' id='word_1_14' title='bbox 2078 363 2121 416; x_wconf 78' lang='grc' dir='ltr'><strong>Α</strong></span> <span class='ocrx_word' id='word_1_15' title='bbox 2150 354 2415 411; x_wconf 86' lang='lat' dir='ltr'><strong>frenatam</strong></span> <span class='ocrx_word' id='word_1_16' title='bbox 2453 348 2743 405; x_wconf 76' lang='lat' dir='ltr'><strong>dimisisti?</strong></span> <span class='ocrx_word' id='word_1_17' title='bbox 2800 348 2957 410; x_wconf 83' lang='lat' dir='ltr'><strong>Vide,</strong></span> <span class='ocrx_word' id='word_1_18' title='bbox 2978 362 3064 413; x_wconf 5' lang='lat' dir='ltr'><strong>pne</strong></span> <span class='ocrx_word' id='word_1_19' title='bbox 3094 344 3221 416; x_wconf 85' lang='lat' dir='ltr'><strong>quis</strong></span> <span class='ocrx_word' id='word_1_20' title='bbox 3251 346 3268 364; x_wconf 80' lang='grc'><strong><em>⁵</em></strong></span> <span class='ocrx_word' id='word_1_21' title='bbox 3302 351 3355 398; x_wconf 84' lang='lat' dir='ltr'><strong>te</strong></span> <span class='ocrx_word' id='word_1_22' title='bbox 3387 341 3725 441; x_wconf 74' lang='lat' dir='ltr'><strong>callidiorem</strong></span> 
     </span>
    </p>
   </div>
   <div class='ocr_carea' id='block_1_5' title="bbox 476 456 1477 525">
    <p class='ocr_par' dir='ltr' id='par_1_5' title="bbox 476 456 1477 525">
     <span class='ocr_line' id='line_1_5' title="bbox 476 456 1477 525; baseline -0.012 -7"><span class='ocrx_word' id='word_1_23' title='bbox 476 464 612 518; x_wconf 88' lang='lat' dir='ltr'><strong>lium</strong></span> <span class='ocrx_word' id='word_1_24' title='bbox 633 462 830 517; x_wconf 88' lang='lat' dir='ltr'><strong>seditio</strong></span> <span class='ocrx_word' id='word_1_25' title='bbox 862 459 1014 513; x_wconf 83' lang='lat' dir='ltr'><strong>brevi</strong></span> <span class='ocrx_word' id='word_1_26' title='bbox 1049 456 1350 525; x_wconf 85' lang='lat' dir='ltr'><strong>composita</strong></span> <span class='ocrx_word' id='word_1_27' title='bbox 1373 462 1477 508; x_wconf 87' lang='lat' dir='ltr'><strong>est.</strong></span> 
     </span>
    </p>
   </div>
   <div class='ocr_carea' id='block_1_6' title="bbox 1080 566 1452 624">
    <p class='ocr_par' dir='ltr' id='par_1_6' title="bbox 1080 566 1452 624">
     <span class='ocr_line' id='line_1_6' title="bbox 1080 566 1452 624; baseline -0.008 -1"><span class='ocrx_word' id='word_1_28' title='bbox 1080 566 1303 624; x_wconf 79' lang='lat' dir='ltr'><strong>CAPUT</strong></span> <span class='ocrx_word' id='word_1_29' title='bbox 1340 566 1452 621; x_wconf 66' lang='grc' dir='ltr'><strong>γυ.</strong></span> 
     </span>
    </p>
   </div>
   <div class='ocr_carea' id='block_1_7' title="bbox 478 654 2050 722">
    <p class='ocr_par' dir='ltr' id='par_1_7' title="bbox 478 654 2050 722">
     <span class='ocr_line' id='line_1_7' title="bbox 478 654 2050 722; baseline -0.006 -3"><span class='ocrx_word' id='word_1_30' title='bbox 478 666 519 720; x_wconf 87' lang='lat'><strong>1.</strong></span> <span class='ocrx_word' id='word_1_31' title='bbox 549 664 654 719; x_wconf 87' lang='lat' dir='ltr'><strong>Pro</strong></span> <span class='ocrx_word' id='word_1_32' title='bbox 680 663 905 721; x_wconf 65' lang='grc' dir='ltr'><strong>Νωογίὶ</strong></span> <span class='ocrx_word' id='word_1_33' title='bbox 932 660 1075 714; x_wconf 81' lang='lat' dir='ltr'><strong>libris</strong></span> <span class='ocrx_word' id='word_1_34' title='bbox 1101 657 1377 711; x_wconf 76' lang='lat' dir='ltr'><strong>combustis</strong></span> <span class='ocrx_word' id='word_1_35' title='bbox 1403 654 1788 722; x_wconf 65' lang='lat' dir='ltr'><strong>substituuntur</strong></span> <span class='ocrx_word' id='word_1_36' title='bbox 1807 662 2050 722; x_wconf 66' lang='lat' dir='ltr'><strong>excerpta</strong></span> 
     </span>
    </p>
   </div>
   <div class='ocr_carea' id='block_1_8' title="bbox 547 718 2051 786">
    <p class='ocr_par' dir='ltr' id='par_1_8' title="bbox 547 718 2051 786">
     <span class='ocr_line' id='line_1_8' title="bbox 547 718 2051 786; baseline -0.007 0"><span class='ocrx_word' id='word_1_37' title='bbox 547 718 610 786; x_wconf 73' lang='lat' dir='ltr'><strong>ea:</strong></span> <span class='ocrx_word' id='word_1_38' title='bbox 642 718 866 785; x_wconf 81' lang='lat' dir='ltr'><strong>Diodoro</strong></span> <span class='ocrx_word' id='word_1_39' title='bbox 897 740 945 782; x_wconf 86' lang='lat' dir='ltr'><strong>et</strong></span> <span class='ocrx_word' id='word_1_40' title='bbox 975 728 1258 783; x_wconf 84' lang='lat' dir='ltr'><strong>Theodoro.</strong></span> <span class='ocrx_word' id='word_1_41' title='bbox 1316 724 1381 779; x_wconf 90' lang='lat' dir='ltr'><strong>ll.</strong></span> <span class='ocrx_word' id='word_1_42' title='bbox 1413 718 1655 777; x_wconf 78' lang='lat' dir='ltr'><strong>Monac/ti</strong></span> <span class='ocrx_word' id='word_1_43' title='bbox 1683 723 1899 778; x_wconf 82' lang='lat' dir='ltr'><strong>Armeni</strong></span> <span class='ocrx_word' id='word_1_44' title='bbox 1931 718 2051 777; x_wconf 76' lang='lat' dir='ltr'><strong>inde</strong></span> 
     </span>
    </p>
   </div>
   <div class='ocr_carea' id='block_1_9' title="bbox 548 792 2050 867">
    <p class='ocr_par' dir='ltr' id='par_1_9' title="bbox 548 792 2050 867">
     <span class='ocr_line' id='line_1_9' title="bbox 548 792 2050 867; baseline -0.007 -12"><span class='ocrx_word' id='word_1_45' title='bbox 548 803 728 856; x_wconf 78' lang='lat' dir='ltr'><strong>turbas</strong></span> <span class='ocrx_word' id='word_1_46' title='bbox 780 808 1006 854; x_wconf 85' lang='lat' dir='ltr'><strong>movent.</strong></span> <span class='ocrx_word' id='word_1_47' title='bbox 1067 797 1158 852; x_wconf 82' lang='lat' dir='ltr'><strong>lli.</strong></span> <span class='ocrx_word' id='word_1_48' title='bbox 1200 793 1510 867; x_wconf 75' lang='lat' dir='ltr'><strong>Cyriliuset</strong></span> <span class='ocrx_word' id='word_1_49' title='bbox 1546 792 1761 867; x_wconf 53' lang='lat' dir='ltr'><strong>Proeliis</strong></span> <span class='ocrx_word' id='word_1_50' title='bbox 1807 801 2050 867; x_wconf 68' lang='lat' dir='ltr'><strong>excerpta</strong></span> 
     </span>
    </p>
   </div>
   <div class='ocr_carea' id='block_1_10' title="bbox 546 862 2093 942">
    <p class='ocr_par' dir='ltr' id='par_1_10' title="bbox 546 862 2093 942">
     <span class='ocr_line' id='line_1_10' title="bbox 546 862 2093 942; baseline -0.008 -16"><span class='ocrx_word' id='word_1_51' title='bbox 546 875 881 942; x_wconf 66' lang='lat' dir='ltr'><strong>impugnant.</strong></span> <span class='ocrx_word' id='word_1_52' title='bbox 921 870 1016 942; x_wconf 70' lang='lat' dir='ltr'><strong>1V.</strong></span> <span class='ocrx_word' id='word_1_53' title='bbox 1042 862 1668 942; x_wconf 52' lang='grc' dir='ltr'><strong>ΤΙζεεοᾴοἱιειιιδΑάιξιξιξτιάίιἶ</strong></span> <span class='ocrx_word' id='word_1_54' title='bbox 1706 863 1772 942; x_wconf 44' lang='lat' dir='ltr'><strong>&#39;V“.</strong></span> <span class='ocrx_word' id='word_1_55' title='bbox 1798 862 2051 942; x_wconf 57' lang='lat' dir='ltr'><strong>Queritur</strong></span> <span class='ocrx_word' id='word_1_56' title='bbox 2074 899 2093 922; x_wconf 84' lang='lat'><strong><em>.</em></strong></span> 
     </span>
    </p>
   </div>
   <div class='ocr_carea' id='block_1_11' title="bbox 545 930 2046 1014">
    <p class='ocr_par' dir='ltr' id='par_1_11' title="bbox 545 930 2046 1014">
     <span class='ocr_line' id='line_1_11' title="bbox 545 930 2046 1014; baseline -0.007 -19"><span class='ocrx_word' id='word_1_57' title='bbox 545 930 972 1014; x_wconf 37' lang='lat' dir='ltr'><strong>gpitd‘vloannem</strong></span> <span class='ocrx_word' id='word_1_58' title='bbox 987 938 1365 1014; x_wconf 70' lang='lat' dir='ltr'><strong>Antiochenam</strong></span> <span class='ocrx_word' id='word_1_59' title='bbox 1383 930 1612 1014; x_wconf 55' lang='lat' dir='ltr'><strong>Cprillus</strong></span> <span class='ocrx_word' id='word_1_60' title='bbox 1636 931 2046 1014; x_wconf 70' lang='lat' dir='ltr'><strong>deTheodoreto.</strong></span> 
     </span>
    </p>
   </div>
   <div class='ocr_carea' id='block_1_12' title="bbox 545 1001 2051 1076">
    <p class='ocr_par' dir='ltr' id='par_1_12' title="bbox 545 1001 2051 1076">
     <span class='ocr_line' id='line_1_12' title="bbox 545 1001 2051 1076; baseline -0.008 -11"><span class='ocrx_word' id='word_1_61' title='bbox 545 1001 632 1067; x_wconf 69' lang='lat' dir='ltr'><strong>VI.</strong></span> <span class='ocrx_word' id='word_1_62' title='bbox 667 1008 768 1076; x_wconf 86' lang='lat' dir='ltr'><strong>Qui</strong></span> <span class='ocrx_word' id='word_1_63' title='bbox 807 1026 862 1062; x_wconf 85' lang='lat' dir='ltr'><strong>se</strong></span> <span class='ocrx_word' id='word_1_64' title='bbox 903 1008 972 1063; x_wconf 84' lang='lat' dir='ltr'><strong>ad</strong></span> <span class='ocrx_word' id='word_1_65' title='bbox 1016 1004 1391 1076; x_wconf 85' lang='lat' dir='ltr'><strong>componendas</strong></span> <span class='ocrx_word' id='word_1_66' title='bbox 1430 1001 1611 1076; x_wconf 63' lang='lat' dir='ltr'><strong>iibros,</strong></span> <span class='ocrx_word' id='word_1_67' title='bbox 1666 1009 1715 1055; x_wconf 87' lang='lat' dir='ltr'><strong>et</strong></span> <span class='ocrx_word' id='word_1_68' title='bbox 1754 1001 2051 1076; x_wconf 68' lang='lat' dir='ltr'><strong>ornandum</strong></span> 
     </span>
    </p>
   </div>
   <div class='ocr_carea' id='block_1_13' title="bbox 545 1069 2050 1151">
    <p class='ocr_par' dir='ltr' id='par_1_13' title="bbox 545 1069 2050 1151">
     <span class='ocr_line' id='line_1_13' title="bbox 545 1069 2050 1151; baseline -0.007 -17"><span class='ocrx_word' id='word_1_69' title='bbox 545 1069 763 1151; x_wconf 56' lang='lat' dir='ltr'><strong>Cyrum,</strong></span> <span class='ocrx_word' id='word_1_70' title='bbox 784 1079 1052 1151; x_wconf 70' lang='lat' dir='ltr'><strong>convertit.</strong></span> <span class='ocrx_word' id='word_1_71' title='bbox 1073 1069 1186 1130; x_wconf 71' lang='grc' dir='ltr'><strong>Ἧι.</strong></span> <span class='ocrx_word' id='word_1_72' title='bbox 1210 1071 1521 1130; x_wconf 69' lang='grc' dir='ltr'><strong>Βεβοηοίιίο</strong></span> <span class='ocrx_word' id='word_1_73' title='bbox 1537 1069 1885 1125; x_wconf 84' lang='lat' dir='ltr'><strong>Armenorum</strong></span> <span class='ocrx_word' id='word_1_74' title='bbox 1902 1071 2050 1140; x_wconf 74' lang='lat' dir='ltr'><strong>cujus</strong></span> 
     </span>
    </p>
   </div>
   <div class='ocr_carea' id='block_1_14' title="bbox 546 1149 1086 1204">
    <p class='ocr_par' dir='ltr' id='par_1_14' title="bbox 546 1149 1086 1204">
     <span class='ocr_line' id='line_1_14' title="bbox 546 1149 1086 1204; baseline -0.006 0"><span class='ocrx_word' id='word_1_75' title='bbox 546 1149 781 1204; x_wconf 69' lang='lat' dir='ltr'><strong>meminit</strong></span> <span class='ocrx_word' id='word_1_76' title='bbox 801 1149 1086 1203; x_wconf 78' lang='lat' dir='ltr'><strong>Baronius.</strong></span> 
     </span>
    </p>
   </div>
   <div class='ocr_carea' id='block_1_15' title="bbox 873 1236 1651 1291">
    <p class='ocr_par' dir='ltr' id='par_1_15' title="bbox 873 1236 1651 1291">
     <span class='ocr_line' id='line_1_15' title="bbox 873 1236 1651 1291; baseline -0.008 0"><span class='ocrx_word' id='word_1_77' title='bbox 873 1242 946 1290; x_wconf 70' lang='lat' dir='ltr'><strong>Ab</strong></span> <span class='ocrx_word' id='word_1_78' title='bbox 979 1252 1107 1291; x_wconf 86' lang='lat' dir='ltr'><strong>anno</strong></span> <span class='ocrx_word' id='word_1_79' title='bbox 1132 1236 1312 1290; x_wconf 82' lang='lat' dir='ltr'><strong>Christi</strong></span> <span class='ocrx_word' id='word_1_80' title='bbox 1335 1238 1429 1286; x_wconf 71' lang='lat' dir='ltr'><strong>tat</strong></span> <span class='ocrx_word' id='word_1_81' title='bbox 1462 1238 1521 1286; x_wconf 86' lang='lat' dir='ltr'><strong>ad</strong></span> <span class='ocrx_word' id='word_1_82' title='bbox 1545 1236 1651 1285; x_wconf 68' lang='grc' dir='ltr'><strong>μθ.</strong></span> 
     </span>
    </p>
   </div>
   <div class='ocr_carea' id='block_1_16' title="bbox 549 1339 2051 1414">
    <p class='ocr_par' dir='ltr' id='par_1_16' title="bbox 549 1339 2051 1414">
     <span class='ocr_line' id='line_1_16' title="bbox 549 1339 2051 1414; baseline -0.009 -10"><span class='ocrx_word' id='word_1_83' title='bbox 549 1348 594 1404; x_wconf 87' lang='grc' dir='ltr'><strong>ι.</strong></span> <span class='ocrx_word' id='word_1_84' title='bbox 630 1347 761 1414; x_wconf 73' lang='lat' dir='ltr'><strong>Quae</strong></span> <span class='ocrx_word' id='word_1_85' title='bbox 786 1345 1164 1401; x_wconf 80' lang='lat' dir='ltr'><strong>intercessisse</strong></span> <span class='ocrx_word' id='word_1_86' title='bbox 1189 1345 1334 1399; x_wconf 88' lang='lat' dir='ltr'><strong>dicta</strong></span> <span class='ocrx_word' id='word_1_87' title='bbox 1355 1354 1459 1407; x_wconf 90' lang='lat' dir='ltr'><strong>est,</strong></span> <span class='ocrx_word' id='word_1_88' title='bbox 1485 1341 1889 1396; x_wconf 86' lang='lat' dir='ltr'><strong>Theodoretum</strong></span> <span class='ocrx_word' id='word_1_89' title='bbox 1909 1339 2051 1392; x_wconf 86' lang='lat' dir='ltr'><strong>inter</strong></span> 
     </span>
    </p>
   </div>
   <div class='ocr_carea' id='block_1_17' title="bbox 476 1431 2052 1508">
    <p class='ocr_par' dir='ltr' id='par_1_17' title="bbox 476 1431 2052 1508">
     <span class='ocr_line' id='line_1_17' title="bbox 476 1431 2052 1508; baseline -0.006 -16"><span class='ocrx_word' id='word_1_90' title='bbox 476 1445 535 1493; x_wconf 90' lang='lat' dir='ltr'><strong>et</strong></span> <span class='ocrx_word' id='word_1_91' title='bbox 564 1436 828 1508; x_wconf 86' lang='lat' dir='ltr'><strong>Cyrillum</strong></span> <span class='ocrx_word' id='word_1_92' title='bbox 850 1476 863 1499; x_wconf 89' lang='lat'><strong>,</strong></span> <span class='ocrx_word' id='word_1_93' title='bbox 912 1436 1222 1490; x_wconf 89' lang='lat' dir='ltr'><strong>litterarum</strong></span> <span class='ocrx_word' id='word_1_94' title='bbox 1270 1433 1611 1489; x_wconf 87' lang='lat' dir='ltr'><strong>consuetudo</strong></span> <span class='ocrx_word' id='word_1_95' title='bbox 1656 1431 1915 1486; x_wconf 89' lang='lat' dir='ltr'><strong>diuturna</strong></span> <span class='ocrx_word' id='word_1_96' title='bbox 1939 1442 2052 1508; x_wconf 85' lang='lat' dir='ltr'><strong>non</strong></span> 
     </span>
    </p>
   </div>
   <div class='ocr_carea' id='block_1_18' title="bbox 477 1506 2050 1594">
    <p class='ocr_par' dir='ltr' id='par_1_18' title="bbox 477 1506 2050 1594">
     <span class='ocr_line' id='line_1_18' title="bbox 477 1506 2050 1594; baseline -0.007 -10"><span class='ocrx_word' id='word_1_97' title='bbox 477 1506 774 1584; x_wconf 29' lang='lat' dir='ltr'><strong>fuitaNam</strong></span> <span class='ocrx_word' id='word_1_98' title='bbox 818 1543 942 1581; x_wconf 89' lang='lat' dir='ltr'><strong>cum</strong></span> <span class='ocrx_word' id='word_1_99' title='bbox 974 1526 1261 1581; x_wconf 88' lang='lat' dir='ltr'><strong>Nestorius</strong></span> <span class='ocrx_word' id='word_1_100' title='bbox 1288 1524 1637 1594; x_wconf 84' lang='lat' dir='ltr'><strong>imperatoris</strong></span> <span class='ocrx_word' id='word_1_101' title='bbox 1664 1521 1921 1576; x_wconf 88' lang='lat' dir='ltr'><strong>mandato</strong></span> <span class='ocrx_word' id='word_1_102' title='bbox 1952 1506 2050 1573; x_wconf 76' lang='lat' dir='ltr'><strong>de-</strong></span> 
     </span>
    </p>
   </div>
   <div class='ocr_carea' id='block_1_19' title="bbox 476 1609 2050 1691">
    <p class='ocr_par' dir='ltr' id='par_1_19' title="bbox 476 1609 2050 1691">
     <span class='ocr_line' id='line_1_19' title="bbox 476 1609 2050 1691; baseline -0.007 -16"><span class='ocrx_word' id='word_1_103' title='bbox 476 1627 725 1691; x_wconf 83' lang='lat' dir='ltr'><strong>portatus</strong></span> <span class='ocrx_word' id='word_1_104' title='bbox 774 1626 920 1674; x_wconf 86' lang='lat' dir='ltr'><strong>esset</strong></span> <span class='ocrx_word' id='word_1_105' title='bbox 966 1619 1025 1672; x_wconf 90' lang='lat' dir='ltr'><strong>in</strong></span> <span class='ocrx_word' id='word_1_106' title='bbox 1068 1617 1285 1682; x_wconf 89' lang='lat' dir='ltr'><strong>Oasim,</strong></span> <span class='ocrx_word' id='word_1_107' title='bbox 1343 1624 1634 1686; x_wconf 85' lang='lat' dir='ltr'><strong>propterea</strong></span> <span class='ocrx_word' id='word_1_108' title='bbox 1690 1613 1848 1682; x_wconf 81' lang='lat'><strong>170</strong></span> <span class='ocrx_word' id='word_1_109' title='bbox 1902 1609 2050 1681; x_wconf 88' lang='lat' dir='ltr'><strong>quod</strong></span> 
     </span>
    </p>
   </div>
   <div class='ocr_carea' id='block_1_20' title="bbox 477 1688 2126 1776">
    <p class='ocr_par' dir='ltr' id='par_1_20' title="bbox 477 1688 2126 1776">
     <span class='ocr_line' id='line_1_20' title="bbox 477 1688 2126 1776; baseline -0.007 -9"><span class='ocrx_word' id='word_1_110' title='bbox 477 1727 510 1767; x_wconf 89' lang='lat' dir='ltr'><strong>e</strong></span> <span class='ocrx_word' id='word_1_111' title='bbox 541 1727 641 1765; x_wconf 86' lang='lat' dir='ltr'><strong>suo</strong></span> <span class='ocrx_word' id='word_1_112' title='bbox 670 1710 1006 1765; x_wconf 82' lang='lat' dir='ltr'><strong>monasterio</strong></span> <span class='ocrx_word' id='word_1_113' title='bbox 1033 1708 1223 1763; x_wconf 83' lang='lat' dir='ltr'><strong>turbas</strong></span> <span class='ocrx_word' id='word_1_114' title='bbox 1257 1709 1556 1762; x_wconf 86' lang='lat' dir='ltr'><strong>amicorum</strong></span> <span class='ocrx_word' id='word_1_115' title='bbox 1577 1721 1680 1776; x_wconf 92' lang='lat' dir='ltr'><strong>ope</strong></span> <span class='ocrx_word' id='word_1_116' title='bbox 1701 1705 2048 1769; x_wconf 84' lang='lat' dir='ltr'><strong>moliebatur,</strong></span> <span class='ocrx_word' id='word_1_117' title='bbox 2087 1688 2126 1742; x_wconf 75' lang='grc' dir='ltr'><strong><em>Β</em></strong></span> 
     </span>
    </p>
   </div>
   <div class='ocr_carea' id='block_1_21' title="bbox 477 1790 2053 1872">
    <p class='ocr_par' dir='ltr' id='par_1_21' title="bbox 477 1790 2053 1872">
     <span class='ocr_line' id='line_1_21' title="bbox 477 1790 2053 1872; baseline -0.002 -15"><span class='ocrx_word' id='word_1_118' title='bbox 477 1816 716 1871; x_wconf 85' lang='lat' dir='ltr'><strong>cumque</strong></span> <span class='ocrx_word' id='word_1_119' title='bbox 745 1804 863 1872; x_wconf 85' lang='lat' dir='ltr'><strong>ejus</strong></span> <span class='ocrx_word' id='word_1_120' title='bbox 890 1800 1017 1855; x_wconf 89' lang='lat' dir='ltr'><strong>libri</strong></span> <span class='ocrx_word' id='word_1_121' title='bbox 1041 1800 1272 1854; x_wconf 79' lang='lat' dir='ltr'><strong>ﬂammis</strong></span> <span class='ocrx_word' id='word_1_122' title='bbox 1295 1790 1867 1869; x_wconf 66' lang='lat' dir='ltr'><strong>arsissent,‘quoniam</strong></span> <span class='ocrx_word' id='word_1_123' title='bbox 1895 1814 1960 1854; x_wconf 81' lang='lat' dir='ltr'><strong>ex</strong></span> <span class='ocrx_word' id='word_1_124' title='bbox 1986 1797 2053 1854; x_wconf 87' lang='lat' dir='ltr'><strong>iis</strong></span> 
     </span>
    </p>
   </div>
   <div class='ocr_carea' id='block_1_22' title="bbox 476 1890 2051 1963">
    <p class='ocr_par' dir='ltr' id='par_1_22' title="bbox 476 1890 2051 1963">
     <span class='ocr_line' id='line_1_22' title="bbox 476 1890 2051 1963; baseline -0.001 -17"><span class='ocrx_word' id='word_1_125' title='bbox 476 1892 722 1963; x_wconf 87' lang='lat' dir='ltr'><strong>quidam,</strong></span> <span class='ocrx_word' id='word_1_126' title='bbox 772 1892 964 1946; x_wconf 90' lang='lat' dir='ltr'><strong>eadem</strong></span> <span class='ocrx_word' id='word_1_127' title='bbox 1007 1906 1130 1945; x_wconf 89' lang='lat' dir='ltr'><strong>cum</strong></span> <span class='ocrx_word' id='word_1_128' title='bbox 1175 1890 1428 1945; x_wconf 88' lang='lat' dir='ltr'><strong>Patribus</strong></span> <span class='ocrx_word' id='word_1_129' title='bbox 1468 1890 1778 1944; x_wconf 88' lang='lat' dir='ltr'><strong>Nestorium</strong></span> <span class='ocrx_word' id='word_1_130' title='bbox 1824 1890 2051 1955; x_wconf 88' lang='lat' dir='ltr'><strong>sentire,</strong></span> 
     </span>
    </p>
   </div>
   <div class='ocr_carea' id='block_1_23' title="bbox 477 1978 2054 2052">
    <p class='ocr_par' dir='ltr' id='par_1_23' title="bbox 477 1978 2054 2052">
     <span class='ocr_line' id='line_1_23' title="bbox 477 1978 2054 2052; baseline -0.001 -18"><span class='ocrx_word' id='word_1_131' title='bbox 477 1981 684 2052; x_wconf 91' lang='lat' dir='ltr'><strong>populo</strong></span> <span class='ocrx_word' id='word_1_132' title='bbox 718 1980 1129 2049; x_wconf 76' lang='lat' dir='ltr'><strong>persuadebunt</strong></span> <span class='ocrx_word' id='word_1_133' title='bbox 1162 1997 1174 2032; x_wconf 89' lang='lat'><strong>:</strong></span> <span class='ocrx_word' id='word_1_134' title='bbox 1205 1981 1323 2033; x_wconf 86' lang='lat' dir='ltr'><strong>visa</strong></span> <span class='ocrx_word' id='word_1_135' title='bbox 1348 1987 1432 2033; x_wconf 91' lang='lat' dir='ltr'><strong>est</strong></span> <span class='ocrx_word' id='word_1_136' title='bbox 1463 1978 1708 2033; x_wconf 73' lang='lat' dir='ltr'><strong>factiosis</strong></span> <span class='ocrx_word' id='word_1_137' title='bbox 1741 1978 2054 2033; x_wconf 89' lang='lat' dir='ltr'><strong>hominibus</strong></span> 
     </span>
    </p>
   </div>
   <div class='ocr_carea' id='block_1_24' title="bbox 477 2068 2052 2140">
    <p class='ocr_par' dir='ltr' id='par_1_24' title="bbox 477 2068 2052 2140">
     <span class='ocr_line' id='line_1_24' title="bbox 477 2068 2052 2140; baseline -0.001 -14"><span class='ocrx_word' id='word_1_138' title='bbox 477 2071 761 2127; x_wconf 81' lang='lat' dir='ltr'><strong>sarcienda</strong></span> <span class='ocrx_word' id='word_1_139' title='bbox 793 2084 915 2125; x_wconf 91' lang='lat' dir='ltr'><strong>cum</strong></span> <span class='ocrx_word' id='word_1_140' title='bbox 952 2071 1162 2125; x_wconf 70' lang='lat' dir='ltr'><strong>fmnore</strong></span> <span class='ocrx_word' id='word_1_141' title='bbox 1187 2071 1418 2140; x_wconf 82' lang='lat' dir='ltr'><strong>jactura.</strong></span> <span class='ocrx_word' id='word_1_142' title='bbox 1470 2070 1604 2123; x_wconf 90' lang='lat' dir='ltr'><strong>Nam</strong></span> <span class='ocrx_word' id='word_1_143' title='bbox 1625 2068 1669 2101; x_wconf 71' lang='grc'><strong>⁸⁸</strong></span> <span class='ocrx_word' id='word_1_144' title='bbox 1699 2085 1800 2140; x_wconf 92' lang='lat' dir='ltr'><strong>pro</strong></span> <span class='ocrx_word' id='word_1_145' title='bbox 1825 2070 2052 2124; x_wconf 86' lang='lat' dir='ltr'><strong>combu—</strong></span> 
     </span>
    </p>
   </div>
   <div class='ocr_carea' id='block_1_25' title="bbox 477 2157 2054 2227">
    <p class='ocr_par' dir='ltr' id='par_1_25' title="bbox 477 2157 2054 2227">
     <span class='ocr_line' id='line_1_25' title="bbox 477 2157 2054 2227; baseline -0.003 -11"><span class='ocrx_word' id='word_1_146' title='bbox 477 2161 580 2216; x_wconf 78' lang='lat' dir='ltr'><strong>stis</strong></span> <span class='ocrx_word' id='word_1_147' title='bbox 603 2160 769 2214; x_wconf 75' lang='lat' dir='ltr'><strong>unius</strong></span> <span class='ocrx_word' id='word_1_148' title='bbox 791 2159 1030 2213; x_wconf 90' lang='lat' dir='ltr'><strong>hominis</strong></span> <span class='ocrx_word' id='word_1_149' title='bbox 1065 2173 1174 2213; x_wconf 90' lang='lat' dir='ltr'><strong>non</strong></span> <span class='ocrx_word' id='word_1_150' title='bbox 1199 2157 1573 2227; x_wconf 87' lang='lat' dir='ltr'><strong>probatissimi</strong></span> <span class='ocrx_word' id='word_1_151' title='bbox 1600 2158 1743 2226; x_wconf 90' lang='lat' dir='ltr'><strong>apud</strong></span> <span class='ocrx_word' id='word_1_152' title='bbox 1766 2172 1955 2212; x_wconf 88' lang='lat' dir='ltr'><strong>omnes</strong></span> <span class='ocrx_word' id='word_1_153' title='bbox 1985 2158 2054 2211; x_wconf 89' lang='lat' dir='ltr'><strong>li-</strong></span> 
     </span>
    </p>
   </div>
   <div class='ocr_carea' id='block_1_26' title="bbox 480 2246 2054 2320">
    <p class='ocr_par' dir='ltr' id='par_1_26' title="bbox 480 2246 2054 2320">
     <span class='ocr_line' id='line_1_26' title="bbox 480 2246 2054 2320; baseline -0.005 -13"><span class='ocrx_word' id='word_1_154' title='bbox 480 2251 597 2308; x_wconf 85' lang='lat' dir='ltr'><strong>bris</strong></span> <span class='ocrx_word' id='word_1_155' title='bbox 646 2252 914 2320; x_wconf 88' lang='lat' dir='ltr'><strong>suppositi</strong></span> <span class='ocrx_word' id='word_1_156' title='bbox 961 2258 1088 2304; x_wconf 91' lang='lat' dir='ltr'><strong>sunt</strong></span> <span class='ocrx_word' id='word_1_157' title='bbox 1126 2250 1240 2312; x_wconf 88' lang='lat' dir='ltr'><strong>alii,</strong></span> <span class='ocrx_word' id='word_1_158' title='bbox 1278 2250 1395 2304; x_wconf 82' lang='lat' dir='ltr'><strong>sive</strong></span> <span class='ocrx_word' id='word_1_159' title='bbox 1426 2263 1566 2319; x_wconf 93' lang='lat' dir='ltr'><strong>quos</strong></span> <span class='ocrx_word' id='word_1_160' title='bbox 1590 2248 1914 2301; x_wconf 86' lang='lat' dir='ltr'><strong>Theodorus</strong></span> <span class='ocrx_word' id='word_1_161' title='bbox 1939 2246 2054 2300; x_wconf 87' lang='lat' dir='ltr'><strong>Mo-</strong></span> 
     </span>
    </p>
   </div>
   <div class='ocr_carea' id='block_1_27' title="bbox 481 2337 2057 2413">
    <p class='ocr_par' dir='ltr' id='par_1_27' title="bbox 481 2337 2057 2413">
     <span class='ocr_line' id='line_1_27' title="bbox 481 2337 2057 2413; baseline -0.003 -15"><span class='ocrx_word' id='word_1_162' title='bbox 481 2352 831 2413; x_wconf 83' lang='lat' dir='ltr'><strong>psuestenus,</strong></span> <span class='ocrx_word' id='word_1_163' title='bbox 863 2342 1101 2397; x_wconf 86' lang='lat' dir='ltr'><strong>Nestorii</strong></span> <span class='ocrx_word' id='word_1_164' title='bbox 1135 2341 1392 2411; x_wconf 80' lang='lat' dir='ltr'><strong>magister</strong></span> <span class='ocrx_word' id='word_1_165' title='bbox 1414 2381 1428 2405; x_wconf 94' lang='lat'><strong>,</strong></span> <span class='ocrx_word' id='word_1_166' title='bbox 1483 2341 1599 2395; x_wconf 83' lang='lat' dir='ltr'><strong>sive</strong></span> <span class='ocrx_word' id='word_1_167' title='bbox 1625 2355 1762 2409; x_wconf 90' lang='lat' dir='ltr'><strong>quos</strong></span> <span class='ocrx_word' id='word_1_168' title='bbox 1787 2337 2057 2394; x_wconf 89' lang='lat' dir='ltr'><strong>Diodorus</strong></span> 
     </span>
    </p>
   </div>
   <div class='ocr_carea' id='block_1_28' title="bbox 479 2432 2055 2504">
    <p class='ocr_par' dir='ltr' id='par_1_28' title="bbox 479 2432 2055 2504">
     <span class='ocr_line' id='line_1_28' title="bbox 479 2432 2055 2504; baseline -0.004 -13"><span class='ocrx_word' id='word_1_169' title='bbox 479 2434 787 2499; x_wconf 85' lang='lat' dir='ltr'><strong>Tarsensis,</strong></span> <span class='ocrx_word' id='word_1_170' title='bbox 815 2434 1184 2504; x_wconf 83' lang='lat' dir='ltr'><strong>Mopsuesteni</strong></span> <span class='ocrx_word' id='word_1_171' title='bbox 1213 2433 1422 2496; x_wconf 87' lang='lat' dir='ltr'><strong>doctor,</strong></span> <span class='ocrx_word' id='word_1_172' title='bbox 1445 2432 1742 2501; x_wconf 84' lang='lat' dir='ltr'><strong>scripserat</strong></span> <span class='ocrx_word' id='word_1_173' title='bbox 1769 2449 1780 2482; x_wconf 91' lang='lat'><strong>:</strong></span> <span class='ocrx_word' id='word_1_174' title='bbox 1805 2440 1883 2494; x_wconf 91' lang='lat' dir='ltr'><strong>ut,</strong></span> <span class='ocrx_word' id='word_1_175' title='bbox 1916 2446 2055 2499; x_wconf 89' lang='lat' dir='ltr'><strong>quo-</strong></span> 
     </span>
    </p>
   </div>
   <div class='ocr_carea' id='block_1_29' title="bbox 481 2522 2052 2596">
    <p class='ocr_par' dir='ltr' id='par_1_29' title="bbox 481 2522 2052 2596">
     <span class='ocr_line' id='line_1_29' title="bbox 481 2522 2052 2596; baseline -0.005 -13"><span class='ocrx_word' id='word_1_176' title='bbox 481 2526 633 2583; x_wconf 83' lang='lat' dir='ltr'><strong>niam</strong></span> <span class='ocrx_word' id='word_1_177' title='bbox 657 2536 889 2596; x_wconf 88' lang='lat' dir='ltr'><strong>uterque</strong></span> <span class='ocrx_word' id='word_1_178' title='bbox 916 2526 1128 2582; x_wconf 85' lang='lat' dir='ltr'><strong>inﬁnita</strong></span> <span class='ocrx_word' id='word_1_179' title='bbox 1153 2533 1272 2579; x_wconf 89' lang='lat' dir='ltr'><strong>erat</strong></span> <span class='ocrx_word' id='word_1_180' title='bbox 1299 2524 1445 2593; x_wconf 89' lang='lat' dir='ltr'><strong>apud</strong></span> <span class='ocrx_word' id='word_1_181' title='bbox 1471 2538 1663 2577; x_wconf 90' lang='lat' dir='ltr'><strong>omnes</strong></span> <span class='ocrx_word' id='word_1_182' title='bbox 1693 2522 1747 2576; x_wconf 90' lang='lat' dir='ltr'><strong>in</strong></span> <span class='ocrx_word' id='word_1_183' title='bbox 1774 2522 2052 2591; x_wconf 79' lang='lat' dir='ltr'><strong>opinione,</strong></span> 
     </span>
    </p>
   </div>
   <div class='ocr_carea' id='block_1_30' title="bbox 482 2614 2057 2688">
    <p class='ocr_par' dir='ltr' id='par_1_30' title="bbox 482 2614 2057 2688">
     <span class='ocr_line' id='line_1_30' title="bbox 482 2614 2057 2688; baseline -0.004 -16"><span class='ocrx_word' id='word_1_184' title='bbox 482 2626 636 2672; x_wconf 80' lang='lat' dir='ltr'><strong>tanto</strong></span> <span class='ocrx_word' id='word_1_185' title='bbox 673 2618 1038 2688; x_wconf 85' lang='lat' dir='ltr'><strong>perniciosius</strong></span> <span class='ocrx_word' id='word_1_186' title='bbox 1062 2616 1207 2670; x_wconf 90' lang='lat' dir='ltr'><strong>idem</strong></span> <span class='ocrx_word' id='word_1_187' title='bbox 1230 2630 1388 2669; x_wconf 92' lang='lat' dir='ltr'><strong>error</strong></span> <span class='ocrx_word' id='word_1_188' title='bbox 1412 2614 1802 2677; x_wconf 87' lang='lat' dir='ltr'><strong>invalesceret,</strong></span> <span class='ocrx_word' id='word_1_189' title='bbox 1852 2621 2057 2682; x_wconf 89' lang='lat' dir='ltr'><strong>quanto</strong></span> 
     </span>
    </p>
   </div>
   <div class='ocr_carea' id='block_1_31' title="bbox 482 2707 1356 2765">
    <p class='ocr_par' dir='ltr' id='par_1_31' title="bbox 482 2707 1356 2765">
     <span class='ocr_line' id='line_1_31' title="bbox 482 2707 1356 2765; baseline -0.006 0"><span class='ocrx_word' id='word_1_190' title='bbox 482 2710 587 2765; x_wconf 88' lang='lat' dir='ltr'><strong>sub</strong></span> <span class='ocrx_word' id='word_1_191' title='bbox 610 2710 868 2763; x_wconf 85' lang='lat' dir='ltr'><strong>nobiiiori</strong></span> <span class='ocrx_word' id='word_1_192' title='bbox 892 2708 1113 2762; x_wconf 91' lang='lat' dir='ltr'><strong>nomine</strong></span> <span class='ocrx_word' id='word_1_193' title='bbox 1142 2707 1356 2761; x_wconf 85' lang='lat' dir='ltr'><strong>lateret.</strong></span> 
     </span>
    </p>
   </div>
   <div class='ocr_carea' id='block_1_32' title="bbox 552 2797 2059 2869">
    <p class='ocr_par' dir='ltr' id='par_1_32' title="bbox 552 2797 2059 2869">
     <span class='ocr_line' id='line_1_32' title="bbox 552 2797 2059 2869; baseline -0.002 -13"><span class='ocrx_word' id='word_1_194' title='bbox 552 2799 619 2856; x_wconf 81' lang='lat' dir='ltr'><strong>ll.</strong></span> <span class='ocrx_word' id='word_1_195' title='bbox 655 2800 833 2869; x_wconf 88' lang='lat' dir='ltr'><strong>Atque</strong></span> <span class='ocrx_word' id='word_1_196' title='bbox 862 2799 991 2854; x_wconf 90' lang='lat' dir='ltr'><strong>hinc</strong></span> <span class='ocrx_word' id='word_1_197' title='bbox 1016 2798 1228 2853; x_wconf 71' lang='lat' dir='ltr'><strong>exstitit</strong></span> <span class='ocrx_word' id='word_1_198' title='bbox 1248 2812 1413 2853; x_wconf 88' lang='lat' dir='ltr'><strong>causa</strong></span> <span class='ocrx_word' id='word_1_199' title='bbox 1439 2798 1770 2851; x_wconf 89' lang='lat' dir='ltr'><strong>tumultuum</strong></span> <span class='ocrx_word' id='word_1_200' title='bbox 1795 2797 1848 2851; x_wconf 91' lang='lat' dir='ltr'><strong>in</strong></span> <span class='ocrx_word' id='word_1_201' title='bbox 1868 2800 2059 2853; x_wconf 87' lang='lat' dir='ltr'><strong>Arme-</strong></span> 
     </span>
    </p>
   </div>
   <div class='ocr_carea' id='block_1_33' title="bbox 485 2889 2054 2960">
    <p class='ocr_par' dir='ltr' id='par_1_33' title="bbox 485 2889 2054 2960">
     <span class='ocr_line' id='line_1_33' title="bbox 485 2889 2054 2960; baseline -0.002 -13"><span class='ocrx_word' id='word_1_202' title='bbox 485 2890 596 2956; x_wconf 84' lang='lat' dir='ltr'><strong>nia,</strong></span> <span class='ocrx_word' id='word_1_203' title='bbox 613 2892 804 2945; x_wconf 88' lang='lat' dir='ltr'><strong>multis</strong></span> <span class='ocrx_word' id='word_1_204' title='bbox 825 2901 1119 2960; x_wconf 89' lang='lat' dir='ltr'><strong>utrumque</strong></span> <span class='ocrx_word' id='word_1_205' title='bbox 1139 2890 1424 2944; x_wconf 89' lang='lat' dir='ltr'><strong>doctorem</strong></span> <span class='ocrx_word' id='word_1_206' title='bbox 1442 2889 1671 2945; x_wconf 79' lang='lat' dir='ltr'><strong>miriﬁce</strong></span> <span class='ocrx_word' id='word_1_207' title='bbox 1686 2890 2054 2955; x_wconf 87' lang='lat' dir='ltr'><strong>laudantibus,</strong></span> 
     </span>
    </p>
   </div>
   <div class='ocr_carea' id='block_1_34' title="bbox 2151 433 3727 506">
    <p class='ocr_par' dir='ltr' id='par_1_34' title="bbox 2151 433 3727 506">
     <span class='ocr_line' id='line_1_34' title="bbox 2151 433 3727 506; baseline -0.008 -7"><span class='ocrx_word' id='word_1_208' title='bbox 2151 444 2448 506; x_wconf 80' lang='lat' dir='ltr'><strong>existimet,</strong></span> <span class='ocrx_word' id='word_1_209' title='bbox 2475 441 2562 496; x_wconf 91' lang='lat' dir='ltr'><strong>bis</strong></span> <span class='ocrx_word' id='word_1_210' title='bbox 2582 441 2843 494; x_wconf 82' lang='lat' dir='ltr'><strong>adversus</strong></span> <span class='ocrx_word' id='word_1_211' title='bbox 2863 439 3211 493; x_wconf 81' lang='lat' dir='ltr'><strong>Theodorum</strong></span> <span class='ocrx_word' id='word_1_212' title='bbox 3231 437 3307 489; x_wconf 85' lang='lat' dir='ltr'><strong>uti</strong></span> <span class='ocrx_word' id='word_1_213' title='bbox 3328 435 3563 505; x_wconf 66' lang='lat' dir='ltr'><strong>iniuriis,</strong></span> <span class='ocrx_word' id='word_1_214' title='bbox 3581 433 3727 504; x_wconf 85' lang='lat' dir='ltr'><strong>quod</strong></span> 
     </span>
    </p>
   </div>
   <div class='ocr_carea' id='block_1_35' title="bbox 2151 525 3725 605">
    <p class='ocr_par' dir='ltr' id='par_1_35' title="bbox 2151 525 3725 605">
     <span class='ocr_line' id='line_1_35' title="bbox 2151 525 3725 605; baseline -0.008 -15"><span class='ocrx_word' id='word_1_215' title='bbox 2151 534 2570 605; x_wconf 81' lang='lat' dir='ltr'><strong>Apollinarium,</strong></span> <span class='ocrx_word' id='word_1_216' title='bbox 2625 539 2680 584; x_wconf 89' lang='lat' dir='ltr'><strong>et</strong></span> <span class='ocrx_word' id='word_1_217' title='bbox 2726 531 2819 600; x_wconf 88' lang='lat' dir='ltr'><strong>qui</strong></span> <span class='ocrx_word' id='word_1_218' title='bbox 2865 546 2951 595; x_wconf 88' lang='lat' dir='ltr'><strong>ea,</strong></span> <span class='ocrx_word' id='word_1_219' title='bbox 2985 545 3106 598; x_wconf 66' lang='lat' dir='ltr'><strong>quae</strong></span> <span class='ocrx_word' id='word_1_220' title='bbox 3135 537 3263 583; x_wconf 88' lang='lat' dir='ltr'><strong>sunt</strong></span> <span class='ocrx_word' id='word_1_221' title='bbox 3295 528 3461 585; x_wconf 84' lang='lat' dir='ltr'><strong>illius.</strong></span> <span class='ocrx_word' id='word_1_222' title='bbox 3488 525 3725 594; x_wconf 78' lang='lat' dir='ltr'><strong>sapiunt,</strong></span> 
     </span>
    </p>
   </div>
   <div class='ocr_carea' id='block_1_36' title="bbox 2152 617 3729 685">
    <p class='ocr_par' dir='ltr' id='par_1_36' title="bbox 2152 617 3729 685">
     <span class='ocr_line' id='line_1_36' title="bbox 2152 617 3729 685; baseline -0.009 -4"><span class='ocrx_word' id='word_1_223' title='bbox 2152 624 2609 681; x_wconf 88' lang='lat' dir='ltr'><strong>sceleratissimos</strong></span> <span class='ocrx_word' id='word_1_224' title='bbox 2639 621 2873 675; x_wconf 88' lang='lat' dir='ltr'><strong>vocavit.</strong></span> <span class='ocrx_word' id='word_1_225' title='bbox 2910 620 2966 675; x_wconf 87' lang='lat' dir='ltr'><strong>Si</strong></span> <span class='ocrx_word' id='word_1_226' title='bbox 2991 621 3095 673; x_wconf 89' lang='lat' dir='ltr'><strong>hoc</strong></span> <span class='ocrx_word' id='word_1_227' title='bbox 3126 626 3358 680; x_wconf 87' lang='lat' dir='ltr'><strong>nonest,</strong></span> <span class='ocrx_word' id='word_1_228' title='bbox 3395 633 3491 670; x_wconf 89' lang='lat' dir='ltr'><strong>cur</strong></span> <span class='ocrx_word' id='word_1_229' title='bbox 3520 617 3729 685; x_wconf 73' lang='lat' dir='ltr'><strong>absono</strong></span> 
     </span>
    </p>
   </div>
   <div class='ocr_carea' id='block_1_37' title="bbox 2153 707 3733 783">
    <p class='ocr_par' dir='ltr' id='par_1_37' title="bbox 2153 707 3733 783">
     <span class='ocr_line' id='line_1_37' title="bbox 2153 707 3733 783; baseline -0.007 -10"><span class='ocrx_word' id='word_1_230' title='bbox 2153 719 2321 781; x_wconf 88' lang='lat' dir='ltr'><strong>dicto,</strong></span> <span class='ocrx_word' id='word_1_231' title='bbox 2372 716 2516 771; x_wconf 86' lang='lat' dir='ltr'><strong>sicut</strong></span> <span class='ocrx_word' id='word_1_232' title='bbox 2545 715 2856 783; x_wconf 86' lang='lat' dir='ltr'><strong>crapulam,</strong></span> <span class='ocrx_word' id='word_1_233' title='bbox 2920 721 3096 765; x_wconf 83' lang='lat' dir='ltr'><strong>tantas</strong></span> <span class='ocrx_word' id='word_1_234' title='bbox 3126 708 3439 780; x_wconf 66' lang='lat' dir='ltr'><strong>huiusmodi</strong></span> <span class='ocrx_word' id='word_1_235' title='bbox 3462 707 3733 767; x_wconf 75' lang='lat' dir='ltr'><strong>adversus</strong></span> 
     </span>
    </p>
   </div>
   <div class='ocr_carea' id='block_1_38' title="bbox 2151 800 3090 877">
    <p class='ocr_par' dir='ltr' id='par_1_38' title="bbox 2151 800 3090 877">
     <span class='ocr_line' id='line_1_38' title="bbox 2151 800 3090 877; baseline -0.013 -12"><span class='ocrx_word' id='word_1_236' title='bbox 2151 825 2277 866; x_wconf 91' lang='lat' dir='ltr'><strong>eum</strong></span> <span class='ocrx_word' id='word_1_237' title='bbox 2302 808 2674 877; x_wconf 90' lang='lat' dir='ltr'><strong>blasphemias</strong></span> <span class='ocrx_word' id='word_1_238' title='bbox 2693 800 2939 860; x_wconf 77' lang='lat' dir='ltr'><strong>eil&#39;udisti</strong></span> <span class='ocrx_word' id='word_1_239' title='bbox 2961 803 3046 855; x_wconf 69' lang='lat'><strong>‘9?</strong></span> <span class='ocrx_word' id='word_1_240' title='bbox 3072 824 3090 853; x_wconf 75' lang='grc' dir='ltr'><strong><em>ι</em></strong></span> 
     </span>
    </p>
   </div>
   <div class='ocr_carea' id='block_1_39' title="bbox 2221 893 3730 969">
    <p class='ocr_par' dir='ltr' id='par_1_39' title="bbox 2221 893 3730 969">
     <span class='ocr_line' id='line_1_39' title="bbox 2221 893 3730 969; baseline -0.01 -9"><span class='ocrx_word' id='word_1_241' title='bbox 2221 904 2286 959; x_wconf 72' lang='grc' dir='ltr'><strong>ν.</strong></span> <span class='ocrx_word' id='word_1_242' title='bbox 2326 905 2402 959; x_wconf 83' lang='lat' dir='ltr'><strong>Ea</strong></span> <span class='ocrx_word' id='word_1_243' title='bbox 2429 902 2736 963; x_wconf 79' lang='lat' dir='ltr'><strong>occasione,</strong></span> <span class='ocrx_word' id='word_1_244' title='bbox 2770 900 2986 969; x_wconf 88' lang='lat' dir='ltr'><strong>opinor,</strong></span> <span class='ocrx_word' id='word_1_245' title='bbox 3012 896 3267 968; x_wconf 83' lang='lat' dir='ltr'><strong>Cyrillus,</strong></span> <span class='ocrx_word' id='word_1_246' title='bbox 3296 895 3436 953; x_wconf 84' lang='lat' dir='ltr'><strong>datis</strong></span> <span class='ocrx_word' id='word_1_247' title='bbox 3465 893 3530 947; x_wconf 89' lang='lat' dir='ltr'><strong>ad</strong></span> <span class='ocrx_word' id='word_1_248' title='bbox 3559 893 3730 953; x_wconf 85' lang='lat' dir='ltr'><strong>Joan-</strong></span> 
     </span>
    </p>
   </div>
   <div class='ocr_carea' id='block_1_40' title="bbox 2151 984 3733 1057">
    <p class='ocr_par' dir='ltr' id='par_1_40' title="bbox 2151 984 3733 1057">
     <span class='ocr_line' id='line_1_40' title="bbox 2151 984 3733 1057; baseline -0.007 -8"><span class='ocrx_word' id='word_1_249' title='bbox 2151 990 2277 1049; x_wconf 85' lang='lat' dir='ltr'><strong>nem</strong></span> <span class='ocrx_word' id='word_1_250' title='bbox 2300 994 2700 1049; x_wconf 80' lang='lat' dir='ltr'><strong>Antiocbenum</strong></span> <span class='ocrx_word' id='word_1_251' title='bbox 2728 990 2951 1053; x_wconf 83' lang='lat' dir='ltr'><strong>litteris,</strong></span> <span class='ocrx_word' id='word_1_252' title='bbox 2975 998 3202 1057; x_wconf 89' lang='lat' dir='ltr'><strong>questus</strong></span> <span class='ocrx_word' id='word_1_253' title='bbox 3226 995 3308 1040; x_wconf 86' lang='lat' dir='ltr'><strong>est</strong></span> <span class='ocrx_word' id='word_1_254' title='bbox 3330 986 3394 1040; x_wconf 86' lang='lat' dir='ltr'><strong>de</strong></span> <span class='ocrx_word' id='word_1_255' title='bbox 3416 984 3733 1047; x_wconf 73' lang='lat' dir='ltr'><strong>Theodore-</strong></span> 
     </span>
    </p>
   </div>
   <div class='ocr_carea' id='block_1_41' title="bbox 2150 1074 3734 1153">
    <p class='ocr_par' dir='ltr' id='par_1_41' title="bbox 2150 1074 3734 1153">
     <span class='ocr_line' id='line_1_41' title="bbox 2150 1074 3734 1153; baseline -0.008 -15"><span class='ocrx_word' id='word_1_256' title='bbox 2150 1092 2223 1140; x_wconf 25' lang='lat' dir='ltr'><strong>to.</strong></span> <span class='ocrx_word' id='word_1_257' title='bbox 2259 1092 2517 1153; x_wconf 87' lang='lat' dir='ltr'><strong>tanquam</strong></span> <span class='ocrx_word' id='word_1_258' title='bbox 2545 1081 2612 1134; x_wconf 90' lang='lat' dir='ltr'><strong>de</strong></span> <span class='ocrx_word' id='word_1_259' title='bbox 2639 1080 2862 1136; x_wconf 86' lang='lat' dir='ltr'><strong>homine</strong></span> <span class='ocrx_word' id='word_1_260' title='bbox 2889 1077 3146 1143; x_wconf 85' lang='lat' dir='ltr'><strong>factioso,</strong></span> <span class='ocrx_word' id='word_1_261' title='bbox 3200 1075 3293 1147; x_wconf 86' lang='lat' dir='ltr'><strong>qui</strong></span> <span class='ocrx_word' id='word_1_262' title='bbox 3325 1090 3433 1131; x_wconf 89' lang='lat' dir='ltr'><strong>non</strong></span> <span class='ocrx_word' id='word_1_263' title='bbox 3460 1074 3734 1143; x_wconf 78' lang='lat' dir='ltr'><strong>ejurasset</strong></span> 
     </span>
    </p>
   </div>
   <div class='ocr_carea' id='block_1_42' title="bbox 2150 1164 3733 1237">
    <p class='ocr_par' dir='ltr' id='par_1_42' title="bbox 2150 1164 3733 1237">
     <span class='ocr_line' id='line_1_42' title="bbox 2150 1164 3733 1237; baseline -0.007 -7"><span class='ocrx_word' id='word_1_264' title='bbox 2150 1175 2387 1230; x_wconf 70' lang='lat' dir='ltr'><strong>Nestor-ii</strong></span> <span class='ocrx_word' id='word_1_265' title='bbox 2432 1175 2764 1235; x_wconf 87' lang='lat' dir='ltr'><strong>societatem,</strong></span> <span class='ocrx_word' id='word_1_266' title='bbox 2816 1170 2911 1225; x_wconf 90' lang='lat' dir='ltr'><strong>sed</strong></span> <span class='ocrx_word' id='word_1_267' title='bbox 2955 1184 3092 1223; x_wconf 87' lang='lat' dir='ltr'><strong>vana</strong></span> <span class='ocrx_word' id='word_1_268' title='bbox 3117 1167 3299 1237; x_wconf 87' lang='lat' dir='ltr'><strong>potius</strong></span> <span class='ocrx_word' id='word_1_269' title='bbox 3322 1167 3501 1235; x_wconf 87' lang='lat' dir='ltr'><strong>specie</strong></span> <span class='ocrx_word' id='word_1_270' title='bbox 3535 1164 3733 1220; x_wconf 50' lang='lat' dir='ltr'><strong>defens</strong></span> 
     </span>
    </p>
   </div>
   <div class='ocr_carea' id='block_1_43' title="bbox 2153 1256 3731 1334">
    <p class='ocr_par' dir='ltr' id='par_1_43' title="bbox 2153 1256 3731 1334">
     <span class='ocr_line' id='line_1_43' title="bbox 2153 1256 3731 1334; baseline -0.006 -12"><span class='ocrx_word' id='word_1_271' title='bbox 2153 1266 2319 1322; x_wconf 91' lang='lat' dir='ltr'><strong>dendi</strong></span> <span class='ocrx_word' id='word_1_272' title='bbox 2345 1265 2653 1334; x_wconf 85' lang='lat' dir='ltr'><strong>magistros,</strong></span> <span class='ocrx_word' id='word_1_273' title='bbox 2691 1261 2942 1330; x_wconf 89' lang='lat' dir='ltr'><strong>discipuli</strong></span> <span class='ocrx_word' id='word_1_274' title='bbox 2965 1258 3267 1313; x_wconf 86' lang='lat' dir='ltr'><strong>doctrinam</strong></span> <span class='ocrx_word' id='word_1_275' title='bbox 3304 1256 3584 1310; x_wconf 88' lang='lat' dir='ltr'><strong>vindicare</strong></span> <span class='ocrx_word' id='word_1_276' title='bbox 3612 1256 3731 1313; x_wconf 84' lang='lat' dir='ltr'><strong>vel-</strong></span> 
     </span>
    </p>
   </div>
   <div class='ocr_carea' id='block_1_44' title="bbox 2149 1345 3735 1424">
    <p class='ocr_par' dir='ltr' id='par_1_44' title="bbox 2149 1345 3735 1424">
     <span class='ocr_line' id='line_1_44' title="bbox 2149 1345 3735 1424; baseline -0.006 -11"><span class='ocrx_word' id='word_1_277' title='bbox 2149 1359 2226 1413; x_wconf 88' lang='lat' dir='ltr'><strong>let</strong></span> <span class='ocrx_word' id='word_1_278' title='bbox 2271 1358 2534 1412; x_wconf 89' lang='lat' dir='ltr'><strong>adversus</strong></span> <span class='ocrx_word' id='word_1_279' title='bbox 2572 1354 2724 1424; x_wconf 83' lang='lat'><strong>171</strong></span> <span class='ocrx_word' id='word_1_280' title='bbox 2762 1352 3019 1407; x_wconf 61' lang='lat' dir='ltr'><strong>Ecclesiae</strong></span> <span class='ocrx_word' id='word_1_281' title='bbox 3054 1349 3396 1405; x_wconf 85' lang='lat' dir='ltr'><strong>sententiam.</strong></span> <span class='ocrx_word' id='word_1_282' title='bbox 3454 1345 3735 1413; x_wconf 59' lang='lat' dir='ltr'><strong>Littera&quot;</strong></span> 
     </span>
    </p>
   </div>
   <div class='ocr_carea' id='block_1_45' title="bbox 2152 1439 3735 1513">
    <p class='ocr_par' dir='ltr' id='par_1_45' title="bbox 2152 1439 3735 1513">
     <span class='ocr_line' id='line_1_45' title="bbox 2152 1439 3735 1513; baseline -0.008 -6"><span class='ocrx_word' id='word_1_283' title='bbox 2152 1452 2230 1507; x_wconf 91' lang='lat' dir='ltr'><strong>sic</strong></span> <span class='ocrx_word' id='word_1_284' title='bbox 2286 1465 2345 1505; x_wconf 88' lang='lat' dir='ltr'><strong>se</strong></span> <span class='ocrx_word' id='word_1_285' title='bbox 2396 1448 2599 1502; x_wconf 89' lang='lat' dir='ltr'><strong>habent</strong></span> <span class='ocrx_word' id='word_1_286' title='bbox 2648 1464 2660 1500; x_wconf 90' lang='lat'><strong>:</strong></span> <span class='ocrx_word' id='word_1_287' title='bbox 2711 1443 3058 1498; x_wconf 69' lang='lat' dir='ltr'><strong>«Arbitratus</strong></span> <span class='ocrx_word' id='word_1_288' title='bbox 3085 1456 3204 1497; x_wconf 91' lang='lat' dir='ltr'><strong>sum</strong></span> <span class='ocrx_word' id='word_1_289' title='bbox 3267 1440 3321 1493; x_wconf 90' lang='lat' dir='ltr'><strong>in</strong></span> <span class='ocrx_word' id='word_1_290' title='bbox 3376 1439 3524 1494; x_wconf 89' lang='lat' dir='ltr'><strong>hunc</strong></span> <span class='ocrx_word' id='word_1_291' title='bbox 3557 1453 3735 1513; x_wconf 84' lang='lat' dir='ltr'><strong>usque</strong></span> 
     </span>
    </p>
   </div>
   <div class='ocr_carea' id='block_1_46' title="bbox 2153 1527 3738 1597">
    <p class='ocr_par' dir='ltr' id='par_1_46' title="bbox 2153 1527 3738 1597">
     <span class='ocr_line' id='line_1_46' title="bbox 2153 1527 3738 1597; baseline -0.009 -1"><span class='ocrx_word' id='word_1_292' title='bbox 2153 1542 2296 1597; x_wconf 90' lang='lat' dir='ltr'><strong>diem</strong></span> <span class='ocrx_word' id='word_1_293' title='bbox 2333 1537 2854 1595; x_wconf 89' lang='lat' dir='ltr'><strong>reverendissimum</strong></span> <span class='ocrx_word' id='word_1_294' title='bbox 2879 1532 3305 1593; x_wconf 89' lang='lat' dir='ltr'><strong>Tbeodoretum,</strong></span> <span class='ocrx_word' id='word_1_295' title='bbox 3337 1527 3600 1597; x_wconf 85' lang='lat' dir='ltr'><strong>depositis</strong></span> <span class='ocrx_word' id='word_1_296' title='bbox 3627 1527 3738 1581; x_wconf 76' lang='lat' dir='ltr'><strong>Ne-</strong></span> 
     </span>
    </p>
   </div>
   <div class='ocr_carea' id='block_1_47' title="bbox 2156 1617 3733 1696">
    <p class='ocr_par' dir='ltr' id='par_1_47' title="bbox 2156 1617 3733 1696">
     <span class='ocr_line' id='line_1_47' title="bbox 2156 1617 3733 1696; baseline -0.012 -10"><span class='ocrx_word' id='word_1_297' title='bbox 2156 1630 2311 1687; x_wconf 90' lang='lat' dir='ltr'><strong>storii</strong></span> <span class='ocrx_word' id='word_1_298' title='bbox 2338 1629 2491 1683; x_wconf 88' lang='lat' dir='ltr'><strong>vanis</strong></span> <span class='ocrx_word' id='word_1_299' title='bbox 2511 1622 2883 1696; x_wconf 90' lang='lat' dir='ltr'><strong>opinionibus,</strong></span> <span class='ocrx_word' id='word_1_300' title='bbox 2911 1619 3180 1674; x_wconf 82' lang='lat' dir='ltr'><strong>maculam</strong></span> <span class='ocrx_word' id='word_1_301' title='bbox 3203 1617 3354 1672; x_wconf 81' lang='lat' dir='ltr'><strong>exiis</strong></span> <span class='ocrx_word' id='word_1_302' title='bbox 3377 1623 3733 1677; x_wconf 85' lang='lat' dir='ltr'><strong>contractam,</strong></span> 
     </span>
    </p>
   </div>
   <div class='ocr_carea' id='block_1_48' title="bbox 2157 1707 3731 1791">
    <p class='ocr_par' dir='ltr' id='par_1_48' title="bbox 2157 1707 3731 1791">
     <span class='ocr_line' id='line_1_48' title="bbox 2157 1707 3731 1791; baseline -0.01 -15"><span class='ocrx_word' id='word_1_303' title='bbox 2157 1721 2406 1791; x_wconf 74' lang='lat' dir='ltr'><strong>exemplo</strong></span> <span class='ocrx_word' id='word_1_304' title='bbox 2429 1716 2895 1773; x_wconf 86' lang='lat' dir='ltr'><strong>sanctissimorum</strong></span> <span class='ocrx_word' id='word_1_305' title='bbox 2920 1711 3150 1769; x_wconf 83' lang='lat' dir='ltr'><strong>aliorum</strong></span> <span class='ocrx_word' id='word_1_306' title='bbox 3172 1711 3487 1781; x_wconf 82' lang='lat' dir='ltr'><strong>praesulum,</strong></span> <span class='ocrx_word' id='word_1_307' title='bbox 3509 1707 3731 1763; x_wconf 85' lang='lat' dir='ltr'><strong>eluisse.</strong></span> 
     </span>
    </p>
   </div>
   <div class='ocr_carea' id='block_1_49' title="bbox 2154 1802 3738 1874">
    <p class='ocr_par' dir='ltr' id='par_1_49' title="bbox 2154 1802 3738 1874">
     <span class='ocr_line' id='line_1_49' title="bbox 2154 1802 3738 1874; baseline -0.009 -6"><span class='ocrx_word' id='word_1_308' title='bbox 2154 1817 2314 1869; x_wconf 85' lang='lat' dir='ltr'><strong>Hunc</strong></span> <span class='ocrx_word' id='word_1_309' title='bbox 2353 1812 2500 1868; x_wconf 90' lang='lat' dir='ltr'><strong>enim</strong></span> <span class='ocrx_word' id='word_1_310' title='bbox 2548 1808 2889 1864; x_wconf 81' lang='lat' dir='ltr'><strong>credideram</strong></span> <span class='ocrx_word' id='word_1_311' title='bbox 2938 1806 3098 1874; x_wconf 84' lang='lat' dir='ltr'><strong>longe</strong></span> <span class='ocrx_word' id='word_1_312' title='bbox 3131 1819 3238 1859; x_wconf 87' lang='lat' dir='ltr'><strong>ase</strong></span> <span class='ocrx_word' id='word_1_313' title='bbox 3259 1802 3738 1871; x_wconf 68' lang='lat' dir='ltr'><strong>removisse,quaa</strong></span> 
     </span>
    </p>
   </div>
   <div class='ocr_carea' id='block_1_50' title="bbox 2156 1891 3738 1976">
    <p class='ocr_par' dir='ltr' id='par_1_50' title="bbox 2156 1891 3738 1976">
     <span class='ocr_line' id='line_1_50' title="bbox 2156 1891 3738 1976; baseline -0.01 -16"><span class='ocrx_word' id='word_1_314' title='bbox 2156 1904 2277 1976; x_wconf 90' lang='lat' dir='ltr'><strong>paci</strong></span> <span class='ocrx_word' id='word_1_315' title='bbox 2321 1902 2645 1963; x_wconf 89' lang='lat' dir='ltr'><strong>obstabant,</strong></span> <span class='ocrx_word' id='word_1_316' title='bbox 2688 1896 3096 1953; x_wconf 89' lang='lat' dir='ltr'><strong>conditionibus</strong></span> <span class='ocrx_word' id='word_1_317' title='bbox 3142 1891 3738 1962; x_wconf 85' lang='lat' dir='ltr'><strong>mutuisqueamelit-</strong></span> 
     </span>
    </p>
   </div>
   <div class='ocr_carea' id='block_1_51' title="bbox 2156 1981 3747 2063">
    <p class='ocr_par' dir='ltr' id='par_1_51' title="bbox 2156 1981 3747 2063">
     <span class='ocr_line' id='line_1_51' title="bbox 2156 1981 3747 2063; baseline -0.009 -16"><span class='ocrx_word' id='word_1_318' title='bbox 2156 1994 2287 2047; x_wconf 86' lang='lat' dir='ltr'><strong>teris</strong></span> <span class='ocrx_word' id='word_1_319' title='bbox 2322 1991 2579 2060; x_wconf 85' lang='lat' dir='ltr'><strong>receptis.</strong></span> <span class='ocrx_word' id='word_1_320' title='bbox 2612 1990 2834 2053; x_wconf 78' lang='lat' dir='ltr'><strong>Verum,</strong></span> <span class='ocrx_word' id='word_1_321' title='bbox 2871 1985 3142 2039; x_wconf 79' lang='lat' dir='ltr'><strong>referente</strong></span> <span class='ocrx_word' id='word_1_322' title='bbox 3173 1984 3259 2053; x_wconf 84' lang='lat' dir='ltr'><strong>pio</strong></span> <span class='ocrx_word' id='word_1_323' title='bbox 3280 1983 3601 2054; x_wconf 76' lang='lat' dir='ltr'><strong>presbytero</strong></span> <span class='ocrx_word' id='word_1_324' title='bbox 3629 1981 3747 2063; x_wconf 37' lang='lat' dir='ltr'><strong>Da:</strong></span> 
     </span>
    </p>
   </div>
   <div class='ocr_carea' id='block_1_52' title="bbox 2155 2074 3743 2151">
    <p class='ocr_par' dir='ltr' id='par_1_52' title="bbox 2155 2074 3743 2151">
     <span class='ocr_line' id='line_1_52' title="bbox 2155 2074 3743 2151; baseline -0.008 -13"><span class='ocrx_word' id='word_1_325' title='bbox 2155 2084 2320 2148; x_wconf 90' lang='lat' dir='ltr'><strong>niele,</strong></span> <span class='ocrx_word' id='word_1_326' title='bbox 2348 2082 2515 2137; x_wconf 88' lang='lat' dir='ltr'><strong>didici</strong></span> <span class='ocrx_word' id='word_1_327' title='bbox 2550 2083 2729 2151; x_wconf 89' lang='lat' dir='ltr'><strong>ipsum</strong></span> <span class='ocrx_word' id='word_1_328' title='bbox 2753 2095 2783 2133; x_wconf 90' lang='lat' dir='ltr'><strong>a</strong></span> <span class='ocrx_word' id='word_1_329' title='bbox 2809 2077 3056 2148; x_wconf 88' lang='lat' dir='ltr'><strong>pristinis</strong></span> <span class='ocrx_word' id='word_1_330' title='bbox 3077 2075 3269 2146; x_wconf 80' lang='lat' dir='ltr'><strong>agendi</strong></span> <span class='ocrx_word' id='word_1_331' title='bbox 3295 2074 3598 2128; x_wconf 87' lang='lat' dir='ltr'><strong>rationibus</strong></span> <span class='ocrx_word' id='word_1_332' title='bbox 3624 2088 3743 2145; x_wconf 73' lang='lat' dir='ltr'><strong>non</strong></span> 
     </span>
    </p>
   </div>
   <div class='ocr_carea' id='block_1_53' title="bbox 2156 2152 3743 2236">
    <p class='ocr_par' dir='ltr' id='par_1_53' title="bbox 2156 2152 3743 2236">
     <span class='ocr_line' id='line_1_53' title="bbox 2156 2152 3743 2236; baseline -0.007 -11"><span class='ocrx_word' id='word_1_333' title='bbox 2156 2171 2470 2234; x_wconf 88' lang='lat' dir='ltr'><strong>recessisse,</strong></span> <span class='ocrx_word' id='word_1_334' title='bbox 2506 2168 2788 2222; x_wconf 74' lang='lat' dir='ltr'><strong>adhaerere</strong></span> <span class='ocrx_word' id='word_1_335' title='bbox 2813 2165 3039 2236; x_wconf 89' lang='lat' dir='ltr'><strong>perinde</strong></span> <span class='ocrx_word' id='word_1_336' title='bbox 3068 2181 3130 2218; x_wconf 87' lang='lat' dir='ltr'><strong>ac</strong></span> <span class='ocrx_word' id='word_1_337' title='bbox 3153 2165 3303 2234; x_wconf 90' lang='lat' dir='ltr'><strong>prius</strong></span> <span class='ocrx_word' id='word_1_338' title='bbox 3336 2162 3571 2217; x_wconf 86' lang='lat' dir='ltr'><strong>Nestorii</strong></span> <span class='ocrx_word' id='word_1_339' title='bbox 3620 2152 3743 2215; x_wconf 54' lang='lat' dir='ltr'><strong>blal</strong></span> 
     </span>
    </p>
   </div>
   <div class='ocr_carea' id='block_1_54' title="bbox 2158 2254 3741 2332">
    <p class='ocr_par' dir='ltr' id='par_1_54' title="bbox 2158 2254 3741 2332">
     <span class='ocr_line' id='line_1_54' title="bbox 2158 2254 3741 2332; baseline -0.008 -16"><span class='ocrx_word' id='word_1_340' title='bbox 2158 2262 2440 2332; x_wconf 90' lang='lat' dir='ltr'><strong>spbemiis,</strong></span> <span class='ocrx_word' id='word_1_341' title='bbox 2466 2270 2523 2316; x_wconf 87' lang='lat' dir='ltr'><strong>et</strong></span> <span class='ocrx_word' id='word_1_342' title='bbox 2566 2267 2751 2330; x_wconf 87' lang='lat' dir='ltr'><strong>aperte</strong></span> <span class='ocrx_word' id='word_1_343' title='bbox 2783 2257 3096 2320; x_wconf 87' lang='lat' dir='ltr'><strong>ostendere,</strong></span> <span class='ocrx_word' id='word_1_344' title='bbox 3144 2272 3199 2311; x_wconf 92' lang='lat' dir='ltr'><strong>se</strong></span> <span class='ocrx_word' id='word_1_345' title='bbox 3236 2270 3413 2323; x_wconf 87' lang='lat' dir='ltr'><strong>neque</strong></span> <span class='ocrx_word' id='word_1_346' title='bbox 3447 2254 3741 2323; x_wconf 71' lang='lat' dir='ltr'><strong>anathema</strong></span> 
     </span>
    </p>
   </div>
   <div class='ocr_carea' id='block_1_55' title="bbox 2156 2343 3738 2422">
    <p class='ocr_par' dir='ltr' id='par_1_55' title="bbox 2156 2343 3738 2422">
     <span class='ocr_line' id='line_1_55' title="bbox 2156 2343 3738 2422; baseline -0.006 -15"><span class='ocrx_word' id='word_1_347' title='bbox 2156 2353 2257 2422; x_wconf 90' lang='lat' dir='ltr'><strong>ipsi</strong></span> <span class='ocrx_word' id='word_1_348' title='bbox 2281 2352 2500 2415; x_wconf 82' lang='lat' dir='ltr'><strong>dixisse,</strong></span> <span class='ocrx_word' id='word_1_349' title='bbox 2528 2366 2709 2420; x_wconf 90' lang='lat' dir='ltr'><strong>neque</strong></span> <span class='ocrx_word' id='word_1_350' title='bbox 2730 2348 3059 2418; x_wconf 89' lang='lat' dir='ltr'><strong>depositioni</strong></span> <span class='ocrx_word' id='word_1_351' title='bbox 3085 2347 3400 2401; x_wconf 87' lang='lat' dir='ltr'><strong>assensisse.</strong></span> <span class='ocrx_word' id='word_1_352' title='bbox 3432 2346 3580 2399; x_wconf 81' lang='lat' dir='ltr'><strong>lianc</strong></span> <span class='ocrx_word' id='word_1_353' title='bbox 3601 2343 3738 2415; x_wconf 87' lang='lat' dir='ltr'><strong>mihi</strong></span> 
     </span>
    </p>
   </div>
   <div class='ocr_carea' id='block_1_56' title="bbox 2157 2424 3741 2511">
    <p class='ocr_par' dir='ltr' id='par_1_56' title="bbox 2157 2424 3741 2511">
     <span class='ocr_line' id='line_1_56' title="bbox 2157 2424 3741 2511; baseline -0.006 -13"><span class='ocrx_word' id='word_1_354' title='bbox 2157 2452 2249 2498; x_wconf 89' lang='lat' dir='ltr'><strong>tua</strong></span> <span class='ocrx_word' id='word_1_355' title='bbox 2273 2444 2529 2499; x_wconf 89' lang='lat' dir='ltr'><strong>sanctitas</strong></span> <span class='ocrx_word' id='word_1_356' title='bbox 2559 2440 2706 2495; x_wconf 83' lang='lat' dir='ltr'><strong>fandi</strong></span> <span class='ocrx_word' id='word_1_357' title='bbox 2736 2448 3063 2511; x_wconf 85' lang='lat' dir='ltr'><strong>potestatem</strong></span> <span class='ocrx_word' id='word_1_358' title='bbox 3089 2438 3272 2501; x_wconf 80' lang='lat' dir='ltr'><strong>faciat,</strong></span> <span class='ocrx_word' id='word_1_359' title='bbox 3312 2436 3582 2506; x_wconf 89' lang='lat' dir='ltr'><strong>siquidem</strong></span> <span class='ocrx_word' id='word_1_360' title='bbox 3611 2424 3741 2489; x_wconf 79' lang='lat' dir='ltr'><strong>cha-</strong></span> 
     </span>
    </p>
   </div>
   <div class='ocr_carea' id='block_1_57' title="bbox 2158 2525 3738 2605">
    <p class='ocr_par' dir='ltr' id='par_1_57' title="bbox 2158 2525 3738 2605">
     <span class='ocr_line' id='line_1_57' title="bbox 2158 2525 3738 2605; baseline -0.008 -16"><span class='ocrx_word' id='word_1_361' title='bbox 2158 2536 2294 2590; x_wconf 89' lang='lat' dir='ltr'><strong>ritas</strong></span> <span class='ocrx_word' id='word_1_362' title='bbox 2313 2544 2471 2605; x_wconf 83' lang='lat' dir='ltr'><strong>urget</strong></span> <span class='ocrx_word' id='word_1_363' title='bbox 2494 2532 2560 2587; x_wconf 89' lang='lat' dir='ltr'><strong>ad</strong></span> <span class='ocrx_word' id='word_1_364' title='bbox 2582 2530 2918 2600; x_wconf 88' lang='lat' dir='ltr'><strong>loquendum</strong></span> <span class='ocrx_word' id='word_1_365' title='bbox 2948 2547 2960 2582; x_wconf 91' lang='lat'>:</span> <span class='ocrx_word' id='word_1_366' title='bbox 2987 2544 3148 2598; x_wconf 85' lang='lat' dir='ltr'><strong>quam</strong></span> <span class='ocrx_word' id='word_1_367' title='bbox 3170 2526 3240 2581; x_wconf 91' lang='lat' dir='ltr'><strong>ob</strong></span> <span class='ocrx_word' id='word_1_368' title='bbox 3258 2538 3481 2581; x_wconf 85' lang='lat' dir='ltr'><strong>causam</strong></span> <span class='ocrx_word' id='word_1_369' title='bbox 3498 2525 3738 2579; x_wconf 87' lang='lat' dir='ltr'><strong>nonnul-</strong></span> 
     </span>
    </p>
   </div>
   <div class='ocr_carea' id='block_1_58' title="bbox 2157 2616 3737 2681">
    <p class='ocr_par' dir='ltr' id='par_1_58' title="bbox 2157 2616 3737 2681">
     <span class='ocr_line' id='line_1_58' title="bbox 2157 2616 3737 2681; baseline -0.006 -1"><span class='ocrx_word' id='word_1_370' title='bbox 2157 2625 2196 2680; x_wconf 88' lang='lat' dir='ltr'><strong>li</strong></span> <span class='ocrx_word' id='word_1_371' title='bbox 2231 2626 2372 2679; x_wconf 84' lang='lat' dir='ltr'><strong>elata</strong></span> <span class='ocrx_word' id='word_1_372' title='bbox 2400 2622 2612 2677; x_wconf 84' lang='lat' dir='ltr'><strong>cervice</strong></span> <span class='ocrx_word' id='word_1_373' title='bbox 2642 2620 2918 2675; x_wconf 87' lang='lat' dir='ltr'><strong>laudabile</strong></span> <span class='ocrx_word' id='word_1_374' title='bbox 2949 2630 3102 2673; x_wconf 89' lang='lat' dir='ltr'><strong>tuum</strong></span> <span class='ocrx_word' id='word_1_375' title='bbox 3134 2618 3444 2681; x_wconf 84' lang='lat' dir='ltr'><strong>consilium,</strong></span> <span class='ocrx_word' id='word_1_376' title='bbox 3480 2619 3536 2670; x_wconf 89' lang='lat' dir='ltr'><strong>in</strong></span> <span class='ocrx_word' id='word_1_377' title='bbox 3568 2616 3737 2671; x_wconf 83' lang='lat' dir='ltr'><strong>rebus</strong></span> 
     </span>
    </p>
   </div>
   <div class='ocr_carea' id='block_1_59' title="bbox 2159 2700 3742 2783">
    <p class='ocr_par' dir='ltr' id='par_1_59' title="bbox 2159 2700 3742 2783">
     <span class='ocr_line' id='line_1_59' title="bbox 2159 2700 3742 2783; baseline -0.006 -14"><span class='ocrx_word' id='word_1_378' title='bbox 2159 2714 2227 2769; x_wconf 89' lang='lat' dir='ltr'><strong>ad</strong></span> <span class='ocrx_word' id='word_1_379' title='bbox 2256 2725 2404 2768; x_wconf 89' lang='lat' dir='ltr'><strong>tuam</strong></span> <span class='ocrx_word' id='word_1_380' title='bbox 2427 2711 2776 2783; x_wconf 87' lang='lat' dir='ltr'><strong>prudentiam</strong></span> <span class='ocrx_word' id='word_1_381' title='bbox 2808 2708 3231 2781; x_wconf 88' lang='lat' dir='ltr'><strong>pertinentibus,</strong></span> <span class='ocrx_word' id='word_1_382' title='bbox 3267 2723 3375 2761; x_wconf 92' lang='lat' dir='ltr'><strong>non</strong></span> <span class='ocrx_word' id='word_1_383' title='bbox 3398 2700 3742 2776; x_wconf 80' lang='lat' dir='ltr'><strong>sequuntur?</strong></span> 
     </span>
    </p>
   </div>
   <div class='ocr_carea' id='block_1_60' title="bbox 2158 2796 3738 2873">
    <p class='ocr_par' dir='ltr' id='par_1_60' title="bbox 2158 2796 3738 2873">
     <span class='ocr_line' id='line_1_60' title="bbox 2158 2796 3738 2873; baseline -0.007 -12"><span class='ocrx_word' id='word_1_384' title='bbox 2158 2805 2288 2869; x_wconf 89' lang='lat' dir='ltr'><strong>Cur,</strong></span> <span class='ocrx_word' id='word_1_385' title='bbox 2321 2805 2492 2859; x_wconf 85' lang='lat' dir='ltr'><strong>instar</strong></span> <span class='ocrx_word' id='word_1_386' title='bbox 2530 2802 2803 2873; x_wconf 88' lang='lat' dir='ltr'><strong>pecudum</strong></span> <span class='ocrx_word' id='word_1_387' title='bbox 2850 2818 2880 2857; x_wconf 88' lang='lat' dir='ltr'><strong>a</strong></span> <span class='ocrx_word' id='word_1_388' title='bbox 2912 2816 3076 2872; x_wconf 80' lang='lat' dir='ltr'><strong>grege</strong></span> <span class='ocrx_word' id='word_1_389' title='bbox 3110 2816 3165 2855; x_wconf 87' lang='lat' dir='ltr'><strong>se</strong></span> <span class='ocrx_word' id='word_1_390' title='bbox 3204 2799 3621 2860; x_wconf 89' lang='lat' dir='ltr'><strong>abducentium,</strong></span> <span class='ocrx_word' id='word_1_391' title='bbox 3659 2796 3738 2852; x_wconf 80' lang='lat' dir='ltr'><strong>nil</strong></span> 
     </span>
    </p>
   </div>
   <div class='ocr_carea' id='block_1_61' title="bbox 2158 2885 3741 2965">
    <p class='ocr_par' dir='ltr' id='par_1_61' title="bbox 2158 2885 3741 2965">
     <span class='ocr_line' id='line_1_61' title="bbox 2158 2885 3741 2965; baseline -0.005 -15"><span class='ocrx_word' id='word_1_392' title='bbox 2158 2895 2267 2950; x_wconf 89' lang='lat' dir='ltr'><strong>nisi</strong></span> <span class='ocrx_word' id='word_1_393' title='bbox 2295 2895 2441 2965; x_wconf 92' lang='lat' dir='ltr'><strong>quod</strong></span> <span class='ocrx_word' id='word_1_394' title='bbox 2462 2895 2599 2949; x_wconf 90' lang='lat' dir='ltr'><strong>libet</strong></span> <span class='ocrx_word' id='word_1_395' title='bbox 2623 2892 3036 2964; x_wconf 80' lang='lat' dir='ltr'><strong>exsequuntur?</strong></span> <span class='ocrx_word' id='word_1_396' title='bbox 3093 2892 3149 2946; x_wconf 91' lang='lat' dir='ltr'><strong>Si</strong></span> <span class='ocrx_word' id='word_1_397' title='bbox 3184 2907 3316 2945; x_wconf 89' lang='lat' dir='ltr'><strong>vera</strong></span> <span class='ocrx_word' id='word_1_398' title='bbox 3339 2899 3467 2944; x_wconf 90' lang='lat' dir='ltr'><strong>sunt</strong></span> <span class='ocrx_word' id='word_1_399' title='bbox 3505 2905 3627 2959; x_wconf 59' lang='lat' dir='ltr'><strong>quae</strong></span> <span class='ocrx_word' id='word_1_400' title='bbox 3654 2885 3741 2943; x_wconf 89' lang='lat' dir='ltr'><strong>di—</strong></span> 
     </span>
    </p>
   </div>
   <div class='ocr_carea' id='block_1_62' title="bbox 485 2980 3745 3079">
    <p class='ocr_par' dir='ltr' id='par_1_62' title="bbox 485 2980 3745 3079">
     <span class='ocr_line' id='line_1_62' title="bbox 485 2980 3745 3079; baseline -0.002 -40"><span class='ocrx_word' id='word_1_401' title='bbox 485 2983 735 3056; x_wconf 84' lang='lat' dir='ltr'><strong>pluribus</strong></span> <span class='ocrx_word' id='word_1_402' title='bbox 759 2991 1056 3051; x_wconf 88' lang='lat' dir='ltr'><strong>utrumque</strong></span> <span class='ocrx_word' id='word_1_403' title='bbox 1086 2981 1383 3052; x_wconf 85' lang='lat' dir='ltr'><strong>impietatis</strong></span> <span class='ocrx_word' id='word_1_404' title='bbox 1407 2983 1786 3053; x_wconf 87' lang='lat' dir='ltr'><strong>arguentibus.</strong></span> <span class='ocrx_word' id='word_1_405' title='bbox 1838 2982 2060 3053; x_wconf 83' lang='lat' dir='ltr'><strong>Exstitit</strong></span> <span class='ocrx_word' id='word_1_406' title='bbox 2086 3023 2128 3079; x_wconf 72' lang='lat' dir='ltr'><strong><em>C</em></strong></span> <span class='ocrx_word' id='word_1_407' title='bbox 2161 2985 2289 3051; x_wconf 89' lang='lat' dir='ltr'><strong>dici,</strong></span> <span class='ocrx_word' id='word_1_408' title='bbox 2338 3001 2423 3041; x_wconf 61' lang='lat' dir='ltr'><strong>na:</strong></span> <span class='ocrx_word' id='word_1_409' title='bbox 2453 2985 2943 3040; x_wconf 87' lang='lat' dir='ltr'><strong>reverendissimus</strong></span> <span class='ocrx_word' id='word_1_410' title='bbox 2971 2983 3059 3037; x_wconf 88' lang='lat' dir='ltr'><strong>ille</strong></span> <span class='ocrx_word' id='word_1_411' title='bbox 3107 2982 3272 3036; x_wconf 87' lang='lat' dir='ltr'><strong>debet</strong></span> <span class='ocrx_word' id='word_1_412' title='bbox 3301 2980 3606 3035; x_wconf 86' lang='lat' dir='ltr'><strong>sanctitatis</strong></span> <span class='ocrx_word' id='word_1_413' title='bbox 3633 2988 3745 3034; x_wconf 66' lang='lat' dir='ltr'><strong>tua:</strong></span> 
     </span>
    </p>
   </div>
   <div class='ocr_carea' id='block_1_63' title="bbox 482 3075 2060 3145">
    <p class='ocr_par' dir='ltr' id='par_1_63' title="bbox 482 3075 2060 3145">
     <span class='ocr_line' id='line_1_63' title="bbox 482 3075 2060 3145; baseline -0.002 -15"><span class='ocrx_word' id='word_1_414' title='bbox 482 3076 648 3130; x_wconf 79' lang='lat' dir='ltr'><strong>etiam</strong></span> <span class='ocrx_word' id='word_1_415' title='bbox 673 3076 1022 3145; x_wconf 88' lang='lat' dir='ltr'><strong>querelarum</strong></span> <span class='ocrx_word' id='word_1_416' title='bbox 1052 3075 1226 3144; x_wconf 84' lang='lat' dir='ltr'><strong>origo,</strong></span> <span class='ocrx_word' id='word_1_417' title='bbox 1266 3090 1403 3144; x_wconf 90' lang='lat' dir='ltr'><strong>quas</strong></span> <span class='ocrx_word' id='word_1_418' title='bbox 1422 3076 1773 3145; x_wconf 86' lang='lat' dir='ltr'><strong>gravissimas</strong></span> <span class='ocrx_word' id='word_1_419' title='bbox 1805 3075 2060 3130; x_wconf 87' lang='lat' dir='ltr'><strong>monachi</strong></span> 
     </span>
    </p>
   </div>
   <div class='ocr_carea' id='block_1_64' title="bbox 483 3164 2061 3237">
    <p class='ocr_par' dir='ltr' id='par_1_64' title="bbox 483 3164 2061 3237">
     <span class='ocr_line' id='line_1_64' title="bbox 483 3164 2061 3237; baseline -0.001 -15"><span class='ocrx_word' id='word_1_420' title='bbox 483 3165 604 3222; x_wconf 72' lang='lat' dir='ltr'><strong>uelo</strong></span> <span class='ocrx_word' id='word_1_421' title='bbox 645 3164 950 3235; x_wconf 68' lang='lat' dir='ltr'><strong>praefervidi</strong></span> <span class='ocrx_word' id='word_1_422' title='bbox 994 3164 1376 3220; x_wconf 78' lang='lat' dir='ltr'><strong>Alexandriam</strong></span> <span class='ocrx_word' id='word_1_423' title='bbox 1420 3166 1487 3219; x_wconf 92' lang='lat' dir='ltr'><strong>ad</strong></span> <span class='ocrx_word' id='word_1_424' title='bbox 1532 3165 1816 3237; x_wconf 85' lang='lat' dir='ltr'><strong>Cyrillum,</strong></span> <span class='ocrx_word' id='word_1_425' title='bbox 1872 3166 2061 3220; x_wconf 90' lang='lat' dir='ltr'><strong>Antio-</strong></span> 
     </span>
    </p>
   </div>
   <div class='ocr_carea' id='block_1_65' title="bbox 486 3255 2062 3329">
    <p class='ocr_par' dir='ltr' id='par_1_65' title="bbox 486 3255 2062 3329">
     <span class='ocr_line' id='line_1_65' title="bbox 486 3255 2062 3329; baseline -0.001 -18"><span class='ocrx_word' id='word_1_426' title='bbox 486 3255 664 3311; x_wconf 73' lang='lat' dir='ltr'><strong>chiam</strong></span> <span class='ocrx_word' id='word_1_427' title='bbox 699 3255 766 3309; x_wconf 87' lang='lat' dir='ltr'><strong>ad</strong></span> <span class='ocrx_word' id='word_1_428' title='bbox 791 3255 1078 3319; x_wconf 79' lang='lat' dir='ltr'><strong>Joannem,</strong></span> <span class='ocrx_word' id='word_1_429' title='bbox 1109 3263 1166 3309; x_wconf 89' lang='lat' dir='ltr'><strong>et</strong></span> <span class='ocrx_word' id='word_1_430' title='bbox 1190 3256 1249 3310; x_wconf 90' lang='lat' dir='ltr'><strong>in</strong></span> <span class='ocrx_word' id='word_1_431' title='bbox 1271 3257 1461 3311; x_wconf 89' lang='lat' dir='ltr'><strong>urbem</strong></span> <span class='ocrx_word' id='word_1_432' title='bbox 1485 3258 1688 3329; x_wconf 82' lang='lat' dir='ltr'><strong>regiam</strong></span> <span class='ocrx_word' id='word_1_433' title='bbox 1711 3256 1779 3312; x_wconf 87' lang='lat' dir='ltr'><strong>ad</strong></span> <span class='ocrx_word' id='word_1_434' title='bbox 1809 3257 2062 3311; x_wconf 86' lang='lat' dir='ltr'><strong>Proclum</strong></span> 
     </span>
    </p>
   </div>
   <div class='ocr_carea' id='block_1_66' title="bbox 487 3345 1494 3402">
    <p class='ocr_par' dir='ltr' id='par_1_66' title="bbox 487 3345 1494 3402">
     <span class='ocr_line' id='line_1_66' title="bbox 487 3345 1494 3402; baseline 0.002 -2"><span class='ocrx_word' id='word_1_435' title='bbox 487 3345 797 3400; x_wconf 63' lang='lat' dir='ltr'><strong>Maximiani</strong></span> <span class='ocrx_word' id='word_1_436' title='bbox 824 3359 1201 3400; x_wconf 81' lang='lat' dir='ltr'><strong>successorem</strong></span> <span class='ocrx_word' id='word_1_437' title='bbox 1226 3347 1494 3402; x_wconf 82' lang='lat' dir='ltr'><strong>tulerunt.</strong></span> 
     </span>
    </p>
   </div>
   <div class='ocr_carea' id='block_1_67' title="bbox 557 3434 2061 3515">
    <p class='ocr_par' dir='ltr' id='par_1_67' title="bbox 557 3434 2061 3515">
     <span class='ocr_line' id='line_1_67' title="bbox 557 3434 2061 3515; baseline 0.001 -25"><span class='ocrx_word' id='word_1_438' title='bbox 557 3436 646 3491; x_wconf 86' lang='lat' dir='ltr'><strong>ll].</strong></span> <span class='ocrx_word' id='word_1_439' title='bbox 679 3434 918 3507; x_wconf 84' lang='lat' dir='ltr'><strong>Cyrillus</strong></span> <span class='ocrx_word' id='word_1_440' title='bbox 961 3436 1228 3492; x_wconf 77' lang='lat' dir='ltr'><strong>adversus</strong></span> <span class='ocrx_word' id='word_1_441' title='bbox 1263 3439 1564 3495; x_wconf 83' lang='lat' dir='ltr'><strong>Diodorum</strong></span> <span class='ocrx_word' id='word_1_442' title='bbox 1615 3447 1671 3495; x_wconf 89' lang='lat' dir='ltr'><strong>et</strong></span> <span class='ocrx_word' id='word_1_443' title='bbox 1710 3437 2061 3515; x_wconf 82' lang='lat' dir='ltr'><strong>Theodorum</strong></span> 
     </span>
    </p>
   </div>
   <div class='ocr_carea' id='block_1_68' title="bbox 486 3528 2063 3602">
    <p class='ocr_par' dir='ltr' id='par_1_68' title="bbox 486 3528 2063 3602">
     <span class='ocr_line' id='line_1_68' title="bbox 486 3528 2063 3602; baseline -0.001 -18"><span class='ocrx_word' id='word_1_444' title='bbox 486 3528 800 3598; x_wconf 73' lang='lat' dir='ltr'><strong>composuit</strong></span> <span class='ocrx_word' id='word_1_445' title='bbox 826 3529 1030 3585; x_wconf 79' lang='lat' dir='ltr'><strong>librum</strong></span> <span class='ocrx_word' id='word_1_446' title='bbox 1047 3570 1063 3595; x_wconf 91' lang='lat'><strong>,</strong></span> <span class='ocrx_word' id='word_1_447' title='bbox 1120 3531 1278 3602; x_wconf 80' lang='lat' dir='ltr'><strong>cujus</strong></span> <span class='ocrx_word' id='word_1_448' title='bbox 1296 3531 1432 3585; x_wconf 85' lang='lat' dir='ltr'><strong>nihil</strong></span> <span class='ocrx_word' id='word_1_449' title='bbox 1456 3538 1704 3591; x_wconf 84' lang='lat' dir='ltr'><strong>remanet</strong></span> <span class='ocrx_word' id='word_1_450' title='bbox 1730 3539 1928 3600; x_wconf 62' lang='lat' dir='ltr'><strong>praeter</strong></span> <span class='ocrx_word' id='word_1_451' title='bbox 1949 3528 2063 3584; x_wconf 82' lang='lat' dir='ltr'><strong>fra-</strong></span> 
     </span>
    </p>
   </div>
   <div class='ocr_carea' id='block_1_69' title="bbox 489 3620 2066 3694">
    <p class='ocr_par' dir='ltr' id='par_1_69' title="bbox 489 3620 2066 3694">
     <span class='ocr_line' id='line_1_69' title="bbox 489 3620 2066 3694; baseline 0.001 -21"><span class='ocrx_word' id='word_1_452' title='bbox 489 3627 709 3691; x_wconf 77' lang='lat' dir='ltr'><strong>gmenta</strong></span> <span class='ocrx_word' id='word_1_453' title='bbox 739 3621 796 3675; x_wconf 91' lang='lat' dir='ltr'><strong>in</strong></span> <span class='ocrx_word' id='word_1_454' title='bbox 819 3621 970 3676; x_wconf 80' lang='lat' dir='ltr'><strong>Actis</strong></span> <span class='ocrx_word' id='word_1_455' title='bbox 999 3622 1204 3691; x_wconf 81' lang='lat' dir='ltr'><strong>quintae</strong></span> <span class='ocrx_word' id='word_1_456' title='bbox 1229 3623 1446 3694; x_wconf 79' lang='lat' dir='ltr'><strong>synodi.</strong></span> <span class='ocrx_word' id='word_1_457' title='bbox 1496 3624 1736 3679; x_wconf 80' lang='lat' dir='ltr'><strong>Joannes</strong></span> <span class='ocrx_word' id='word_1_458' title='bbox 1773 3620 2066 3676; x_wconf 84' lang='lat' dir='ltr'><strong>Theodoro</strong></span> 
     </span>
    </p>
   </div>
   <div class='ocr_carea' id='block_1_70' title="bbox 496 3709 2066 3783">
    <p class='ocr_par' dir='ltr' id='par_1_70' title="bbox 496 3709 2066 3783">
     <span class='ocr_line' id='line_1_70' title="bbox 496 3709 2066 3783; baseline 0.003 -20"><span class='ocrx_word' id='word_1_459' title='bbox 496 3710 647 3765; x_wconf 82' lang='lat' dir='ltr'><strong>visus</strong></span> <span class='ocrx_word' id='word_1_460' title='bbox 679 3720 766 3766; x_wconf 81' lang='lat' dir='ltr'><strong>est</strong></span> <span class='ocrx_word' id='word_1_461' title='bbox 805 3712 971 3782; x_wconf 89' lang='lat' dir='ltr'><strong>paulo</strong></span> <span class='ocrx_word' id='word_1_462' title='bbox 991 3713 1217 3783; x_wconf 74' lang='lat' dir='ltr'><strong>aequior.</strong></span> <span class='ocrx_word' id='word_1_463' title='bbox 1250 3709 1482 3769; x_wconf 77' lang='lat' dir='ltr'><strong>Proetus</strong></span> <span class='ocrx_word' id='word_1_464' title='bbox 1501 3714 1677 3769; x_wconf 90' lang='lat' dir='ltr'><strong>edidit</strong></span> <span class='ocrx_word' id='word_1_465' title='bbox 1705 3713 1772 3768; x_wconf 89' lang='lat' dir='ltr'><strong>ad</strong></span> <span class='ocrx_word' id='word_1_466' title='bbox 1798 3713 2066 3768; x_wconf 73' lang='lat' dir='ltr'><strong>Armenes</strong></span> 
     </span>
    </p>
   </div>
   <div class='ocr_carea' id='block_1_71' title="bbox 489 3800 2066 3875">
    <p class='ocr_par' dir='ltr' id='par_1_71' title="bbox 489 3800 2066 3875">
     <span class='ocr_line' id='line_1_71' title="bbox 489 3800 2066 3875; baseline 0.001 -20"><span class='ocrx_word' id='word_1_467' title='bbox 489 3800 725 3855; x_wconf 81' lang='lat' dir='ltr'><strong>Tomum</strong></span> <span class='ocrx_word' id='word_1_468' title='bbox 755 3801 823 3856; x_wconf 89' lang='lat' dir='ltr'><strong>de</strong></span> <span class='ocrx_word' id='word_1_469' title='bbox 856 3802 981 3867; x_wconf 82' lang='lat' dir='ltr'><strong>ﬁde,</strong></span> <span class='ocrx_word' id='word_1_470' title='bbox 1013 3804 1102 3858; x_wconf 88' lang='lat' dir='ltr'><strong>cui</strong></span> <span class='ocrx_word' id='word_1_471' title='bbox 1128 3804 1413 3875; x_wconf 71' lang='lat' dir='ltr'><strong>subiunxit</strong></span> <span class='ocrx_word' id='word_1_472' title='bbox 1435 3813 1694 3874; x_wconf 81' lang='lat' dir='ltr'><strong>excerpta</strong></span> <span class='ocrx_word' id='word_1_473' title='bbox 1725 3803 1972 3873; x_wconf 70' lang='lat' dir='ltr'><strong>quaedam</strong></span> <span class='ocrx_word' id='word_1_474' title='bbox 1999 3817 2066 3856; x_wconf 76' lang='lat' dir='ltr'><strong>ex</strong></span> 
     </span>
    </p>
   </div>
   <div class='ocr_carea' id='block_1_72' title="bbox 492 3891 2067 3967">
    <p class='ocr_par' dir='ltr' id='par_1_72' title="bbox 492 3891 2067 3967">
     <span class='ocr_line' id='line_1_72' title="bbox 492 3891 2067 3967; baseline 0.001 -20"><span class='ocrx_word' id='word_1_475' title='bbox 492 3891 812 3959; x_wconf 85' lang='lat' dir='ltr'><strong>Theodoro,</strong></span> <span class='ocrx_word' id='word_1_476' title='bbox 849 3895 1020 3950; x_wconf 84' lang='lat' dir='ltr'><strong>tacito</strong></span> <span class='ocrx_word' id='word_1_477' title='bbox 1042 3902 1223 3952; x_wconf 86' lang='lat' dir='ltr'><strong>tamen</strong></span> <span class='ocrx_word' id='word_1_478' title='bbox 1249 3897 1554 3967; x_wconf 83' lang='lat' dir='ltr'><strong>prudenter</strong></span> <span class='ocrx_word' id='word_1_479' title='bbox 1580 3897 1802 3950; x_wconf 89' lang='lat' dir='ltr'><strong>nomine</strong></span> <span class='ocrx_word' id='word_1_480' title='bbox 1844 3912 1857 3945; x_wconf 89' lang='lat'><strong>:</strong></span> <span class='ocrx_word' id='word_1_481' title='bbox 1904 3894 2067 3965; x_wconf 81' lang='lat' dir='ltr'><strong>hujus</strong></span> 
     </span>
    </p>
   </div>
   <div class='ocr_carea' id='block_1_73' title="bbox 489 3982 2065 4054">
    <p class='ocr_par' dir='ltr' id='par_1_73' title="bbox 489 3982 2065 4054">
     <span class='ocr_line' id='line_1_73' title="bbox 489 3982 2065 4054; baseline 0 -16"><span class='ocrx_word' id='word_1_482' title='bbox 489 3982 641 4038; x_wconf 72' lang='lat' dir='ltr'><strong>enim</strong></span> <span class='ocrx_word' id='word_1_483' title='bbox 670 3992 821 4039; x_wconf 88' lang='lat' dir='ltr'><strong>tanta</strong></span> <span class='ocrx_word' id='word_1_484' title='bbox 855 3985 960 4041; x_wconf 85' lang='lat' dir='ltr'><strong>iuit</strong></span> <span class='ocrx_word' id='word_1_485' title='bbox 992 3987 1048 4041; x_wconf 90' lang='lat' dir='ltr'><strong>in</strong></span> <span class='ocrx_word' id='word_1_486' title='bbox 1071 3986 1298 4043; x_wconf 81' lang='lat' dir='ltr'><strong>Oriente</strong></span> <span class='ocrx_word' id='word_1_487' title='bbox 1322 3986 1630 4042; x_wconf 87' lang='lat' dir='ltr'><strong>reverentia</strong></span> <span class='ocrx_word' id='word_1_488' title='bbox 1676 3994 1732 4040; x_wconf 91' lang='lat' dir='ltr'><strong>et</strong></span> <span class='ocrx_word' id='word_1_489' title='bbox 1756 3985 1909 4054; x_wconf 88' lang='lat' dir='ltr'><strong>quasi</strong></span> <span class='ocrx_word' id='word_1_490' title='bbox 1937 4000 2065 4040; x_wconf 88' lang='lat' dir='ltr'><strong>san-</strong></span> 
     </span>
    </p>
   </div>
   <div class='ocr_carea' id='block_1_74' title="bbox 491 4073 2062 4149">
    <p class='ocr_par' dir='ltr' id='par_1_74' title="bbox 491 4073 2062 4149">
     <span class='ocr_line' id='line_1_74' title="bbox 491 4073 2062 4149; baseline 0 -19"><span class='ocrx_word' id='word_1_491' title='bbox 491 4073 672 4139; x_wconf 77' lang='lat' dir='ltr'><strong>ctitas,</strong></span> <span class='ocrx_word' id='word_1_492' title='bbox 734 4085 813 4141; x_wconf 90' lang='lat' dir='ltr'><strong>ut,</strong></span> <span class='ocrx_word' id='word_1_493' title='bbox 855 4090 980 4132; x_wconf 91' lang='lat' dir='ltr'><strong>cum</strong></span> <span class='ocrx_word' id='word_1_494' title='bbox 1023 4079 1304 4149; x_wconf 84' lang='lat' dir='ltr'><strong>religionis</strong></span> <span class='ocrx_word' id='word_1_495' title='bbox 1335 4078 1736 4132; x_wconf 86' lang='lat' dir='ltr'><strong>incrementum</strong></span> <span class='ocrx_word' id='word_1_496' title='bbox 1760 4080 2062 4145; x_wconf 81' lang='lat' dir='ltr'><strong>Optaretur,</strong></span> 
     </span>
    </p>
   </div>
   <div class='ocr_carea' id='block_1_75' title="bbox 491 4167 1911 4237">
    <p class='ocr_par' dir='ltr' id='par_1_75' title="bbox 491 4167 1911 4237">
     <span class='ocr_line' id='line_1_75' title="bbox 491 4167 1911 4237; baseline -0.001 -15"><span class='ocrx_word' id='word_1_497' title='bbox 491 4169 883 4224; x_wconf 79' lang='lat' dir='ltr'><strong>reclamaretur</strong></span> <span class='ocrx_word' id='word_1_498' title='bbox 910 4171 965 4225; x_wconf 91' lang='lat' dir='ltr'><strong>in</strong></span> <span class='ocrx_word' id='word_1_499' title='bbox 992 4171 1225 4226; x_wconf 88' lang='lat' dir='ltr'><strong>ecclesia</strong></span> <span class='ocrx_word' id='word_1_500' title='bbox 1249 4188 1263 4224; x_wconf 91' lang='lat'><strong>:</strong></span> <span class='ocrx_word' id='word_1_501' title='bbox 1306 4169 1458 4223; x_wconf 76' lang='lat' dir='ltr'><strong>Vivat</strong></span> <span class='ocrx_word' id='word_1_502' title='bbox 1483 4167 1741 4223; x_wconf 78' lang='lat' dir='ltr'><strong>Theodori</strong></span> <span class='ocrx_word' id='word_1_503' title='bbox 1760 4168 1911 4237; x_wconf 77' lang='lat' dir='ltr'><strong>ﬁdes.</strong></span> 
     </span>
    </p>
   </div>
   <div class='ocr_carea' id='block_1_76' title="bbox 565 4257 2064 4330">
    <p class='ocr_par' dir='ltr' id='par_1_76' title="bbox 565 4257 2064 4330">
     <span class='ocr_line' id='line_1_76' title="bbox 565 4257 2064 4330; baseline -0.001 -16"><span class='ocrx_word' id='word_1_504' title='bbox 565 4259 650 4314; x_wconf 84' lang='lat' dir='ltr'><strong>IV.</strong></span> <span class='ocrx_word' id='word_1_505' title='bbox 689 4260 838 4330; x_wconf 88' lang='lat' dir='ltr'><strong>Opus</strong></span> <span class='ocrx_word' id='word_1_506' title='bbox 860 4261 1042 4316; x_wconf 83' lang='lat' dir='ltr'><strong>Procli</strong></span> <span class='ocrx_word' id='word_1_507' title='bbox 1067 4262 1304 4317; x_wconf 83' lang='lat' dir='ltr'><strong>Joannes</strong></span> <span class='ocrx_word' id='word_1_508' title='bbox 1344 4260 1400 4313; x_wconf 90' lang='lat' dir='ltr'><strong>in</strong></span> <span class='ocrx_word' id='word_1_509' title='bbox 1428 4274 1525 4314; x_wconf 89' lang='lat' dir='ltr'><strong>sua</strong></span> <span class='ocrx_word' id='word_1_510' title='bbox 1550 4257 1758 4330; x_wconf 87' lang='lat' dir='ltr'><strong>synodo</strong></span> <span class='ocrx_word' id='word_1_511' title='bbox 1790 4258 2064 4328; x_wconf 84' lang='lat' dir='ltr'><strong>probavit.</strong></span> 
     </span>
    </p>
   </div>
   <div class='ocr_carea' id='block_1_77' title="bbox 2162 3073 3216 3143">
    <p class='ocr_par' dir='ltr' id='par_1_77' title="bbox 2162 3073 3216 3143">
     <span class='ocr_line' id='line_1_77' title="bbox 2162 3073 3216 3143; baseline -0.008 -12"><span class='ocrx_word' id='word_1_512' title='bbox 2162 3075 2444 3131; x_wconf 86' lang='lat' dir='ltr'><strong>stimulum</strong></span> <span class='ocrx_word' id='word_1_513' title='bbox 2477 3086 2533 3130; x_wconf 93' lang='lat' dir='ltr'><strong>et</strong></span> <span class='ocrx_word' id='word_1_514' title='bbox 2565 3075 2660 3129; x_wconf 71' lang='lat' dir='ltr'><strong>iras</strong></span> <span class='ocrx_word' id='word_1_515' title='bbox 2679 3076 2899 3129; x_wconf 81' lang='lat' dir='ltr'><strong>aculeos</strong></span> <span class='ocrx_word' id='word_1_516' title='bbox 2919 3073 3216 3143; x_wconf 64' lang='lat' dir='ltr'><strong>experiri.»</strong></span> 
     </span>
    </p>
   </div>
   <div class='ocr_carea' id='block_1_78' title="bbox 2230 3158 3746 3222">
    <p class='ocr_par' dir='ltr' id='par_1_78' title="bbox 2230 3158 3746 3222">
     <span class='ocr_line' id='line_1_78' title="bbox 2230 3158 3746 3222; baseline -0.005 -4"><span class='ocrx_word' id='word_1_517' title='bbox 2230 3162 2319 3219; x_wconf 75' lang='lat' dir='ltr'><strong>VI.</strong></span> <span class='ocrx_word' id='word_1_518' title='bbox 2355 3163 2527 3218; x_wconf 86' lang='lat' dir='ltr'><strong>Porro</strong></span> <span class='ocrx_word' id='word_1_519' title='bbox 2554 3171 2734 3218; x_wconf 83' lang='lat' dir='ltr'><strong>autem</strong></span> <span class='ocrx_word' id='word_1_520' title='bbox 2764 3177 2886 3217; x_wconf 90' lang='lat' dir='ltr'><strong>cum</strong></span> <span class='ocrx_word' id='word_1_521' title='bbox 2907 3169 3156 3217; x_wconf 85' lang='lat' dir='ltr'><strong>cerneret</strong></span> <span class='ocrx_word' id='word_1_522' title='bbox 3183 3158 3580 3222; x_wconf 89' lang='lat' dir='ltr'><strong>Tbeodoretus,</strong></span> <span class='ocrx_word' id='word_1_523' title='bbox 3606 3159 3746 3212; x_wconf 81' lang='lat' dir='ltr'><strong>scri-</strong></span> 
     </span>
    </p>
   </div>
   <div class='ocr_carea' id='block_1_79' title="bbox 2161 3251 3746 3325">
    <p class='ocr_par' dir='ltr' id='par_1_79' title="bbox 2161 3251 3746 3325">
     <span class='ocr_line' id='line_1_79' title="bbox 2161 3251 3746 3325; baseline -0.001 -17"><span class='ocrx_word' id='word_1_524' title='bbox 2161 3253 2271 3323; x_wconf 84' lang='lat' dir='ltr'><strong>ptis</strong></span> <span class='ocrx_word' id='word_1_525' title='bbox 2315 3268 2437 3323; x_wconf 71' lang='lat' dir='ltr'><strong>quae</strong></span> <span class='ocrx_word' id='word_1_526' title='bbox 2479 3253 2719 3309; x_wconf 83' lang='lat' dir='ltr'><strong>diximus</strong></span> <span class='ocrx_word' id='word_1_527' title='bbox 2767 3254 3057 3325; x_wconf 88' lang='lat' dir='ltr'><strong>evulgatis,</strong></span> <span class='ocrx_word' id='word_1_528' title='bbox 3108 3269 3219 3307; x_wconf 92' lang='lat' dir='ltr'><strong>non</strong></span> <span class='ocrx_word' id='word_1_529' title='bbox 3246 3252 3501 3308; x_wconf 82' lang='lat' dir='ltr'><strong>eﬂ&#39;ectum</strong></span> <span class='ocrx_word' id='word_1_530' title='bbox 3533 3268 3655 3307; x_wconf 89' lang='lat' dir='ltr'><strong>esse</strong></span> <span class='ocrx_word' id='word_1_531' title='bbox 3688 3251 3746 3307; x_wconf 90' lang='lat' dir='ltr'><strong>id</strong></span> 
     </span>
    </p>
   </div>
   <div class='ocr_carea' id='block_1_80' title="bbox 2162 3344 3746 3414">
    <p class='ocr_par' dir='ltr' id='par_1_80' title="bbox 2162 3344 3746 3414">
     <span class='ocr_line' id='line_1_80' title="bbox 2162 3344 3746 3414; baseline -0.003 -14"><span class='ocrx_word' id='word_1_532' title='bbox 2162 3344 2548 3400; x_wconf 89' lang='lat' dir='ltr'><strong>commotionis</strong></span> <span class='ocrx_word' id='word_1_533' title='bbox 2580 3344 2726 3414; x_wconf 88' lang='lat' dir='ltr'><strong>quod</strong></span> <span class='ocrx_word' id='word_1_534' title='bbox 2748 3353 3012 3414; x_wconf 88' lang='lat' dir='ltr'><strong>speraret,</strong></span> <span class='ocrx_word' id='word_1_535' title='bbox 3061 3345 3154 3400; x_wconf 87' lang='lat' dir='ltr'><strong>sed</strong></span> <span class='ocrx_word' id='word_1_536' title='bbox 3179 3353 3368 3399; x_wconf 87' lang='lat' dir='ltr'><strong>contra</strong></span> <span class='ocrx_word' id='word_1_537' title='bbox 3404 3360 3492 3399; x_wconf 88' lang='lat' dir='ltr'><strong>res</strong></span> <span class='ocrx_word' id='word_1_538' title='bbox 3515 3353 3746 3399; x_wconf 82' lang='lat' dir='ltr'><strong>cunctas</strong></span> 
     </span>
    </p>
   </div>
   <div class='ocr_carea' id='block_1_81' title="bbox 2161 3435 3735 3506">
    <p class='ocr_par' dir='ltr' id='par_1_81' title="bbox 2161 3435 3735 3506">
     <span class='ocr_line' id='line_1_81' title="bbox 2161 3435 3735 3506; baseline -0.001 -15"><span class='ocrx_word' id='word_1_539' title='bbox 2161 3436 2244 3491; x_wconf 87' lang='lat' dir='ltr'><strong>ire</strong></span> <span class='ocrx_word' id='word_1_540' title='bbox 2264 3436 2530 3506; x_wconf 89' lang='lat' dir='ltr'><strong>pacatius,</strong></span> <span class='ocrx_word' id='word_1_541' title='bbox 2555 3436 2819 3506; x_wconf 78' lang='lat' dir='ltr'><strong>pertaesis,</strong></span> <span class='ocrx_word' id='word_1_542' title='bbox 2845 3442 2904 3489; x_wconf 91' lang='lat' dir='ltr'><strong>ut</strong></span> <span class='ocrx_word' id='word_1_543' title='bbox 2929 3435 3007 3499; x_wconf 82' lang='lat' dir='ltr'><strong>fit,</strong></span> <span class='ocrx_word' id='word_1_544' title='bbox 3037 3435 3422 3490; x_wconf 89' lang='lat' dir='ltr'><strong>diuturnarum</strong></span> <span class='ocrx_word' id='word_1_545' title='bbox 3447 3436 3735 3489; x_wconf 85' lang='lat' dir='ltr'><strong>turbarum</strong></span> 
     </span>
    </p>
   </div>
   <div class='ocr_carea' id='block_1_82' title="bbox 2162 3530 3748 3601">
    <p class='ocr_par' dir='ltr' id='par_1_82' title="bbox 2162 3530 3748 3601">
     <span class='ocr_line' id='line_1_82' title="bbox 2162 3530 3748 3601; baseline 0.001 -18"><span class='ocrx_word' id='word_1_546' title='bbox 2162 3530 2449 3600; x_wconf 90' lang='lat' dir='ltr'><strong>plurimis,</strong></span> <span class='ocrx_word' id='word_1_547' title='bbox 2506 3544 2611 3584; x_wconf 91' lang='lat' dir='ltr'><strong>nec</strong></span> <span class='ocrx_word' id='word_1_548' title='bbox 2648 3530 2755 3600; x_wconf 85' lang='lat' dir='ltr'><strong>jam</strong></span> <span class='ocrx_word' id='word_1_549' title='bbox 2810 3530 2998 3584; x_wconf 84' lang='lat' dir='ltr'><strong>faciles</strong></span> <span class='ocrx_word' id='word_1_550' title='bbox 3035 3533 3156 3601; x_wconf 87' lang='lat' dir='ltr'><strong>ejus</strong></span> <span class='ocrx_word' id='word_1_551' title='bbox 3195 3530 3539 3585; x_wconf 84' lang='lat' dir='ltr'><strong>sermonibus</strong></span> <span class='ocrx_word' id='word_1_552' title='bbox 3583 3546 3748 3584; x_wconf 83' lang='lat' dir='ltr'><strong>aures</strong></span> 
     </span>
    </p>
   </div>
   <div class='ocr_carea' id='block_1_83' title="bbox 2164 3621 3749 3692">
    <p class='ocr_par' dir='ltr' id='par_1_83' title="bbox 2164 3621 3749 3692">
     <span class='ocr_line' id='line_1_83' title="bbox 2164 3621 3749 3692; baseline 0 -16"><span class='ocrx_word' id='word_1_553' title='bbox 2164 3621 2560 3691; x_wconf 70' lang='lat' dir='ltr'><strong>praebentibus,</strong></span> <span class='ocrx_word' id='word_1_554' title='bbox 2599 3628 2771 3676; x_wconf 82' lang='lat' dir='ltr'><strong>totum</strong></span> <span class='ocrx_word' id='word_1_555' title='bbox 2801 3637 2858 3675; x_wconf 90' lang='lat' dir='ltr'><strong>se</strong></span> <span class='ocrx_word' id='word_1_556' title='bbox 2885 3622 3036 3677; x_wconf 90' lang='lat' dir='ltr'><strong>dedit</strong></span> <span class='ocrx_word' id='word_1_557' title='bbox 3063 3622 3457 3692; x_wconf 83' lang='lat' dir='ltr'><strong>componendis</strong></span> <span class='ocrx_word' id='word_1_558' title='bbox 3485 3622 3662 3689; x_wconf 88' lang='lat' dir='ltr'><strong>libris,</strong></span> <span class='ocrx_word' id='word_1_559' title='bbox 3692 3632 3749 3677; x_wconf 80' lang='lat' dir='ltr'><strong>et</strong></span> 
     </span>
    </p>
   </div>
   <div class='ocr_carea' id='block_1_84' title="bbox 2166 3714 3749 3787">
    <p class='ocr_par' dir='ltr' id='par_1_84' title="bbox 2166 3714 3749 3787">
     <span class='ocr_line' id='line_1_84' title="bbox 2166 3714 3749 3787; baseline -0.001 -17"><span class='ocrx_word' id='word_1_560' title='bbox 2166 3714 2339 3770; x_wconf 86' lang='lat' dir='ltr'><strong>sacris</strong></span> <span class='ocrx_word' id='word_1_561' title='bbox 2381 3714 2680 3783; x_wconf 85' lang='lat' dir='ltr'><strong>Scripturis</strong></span> <span class='ocrx_word' id='word_1_562' title='bbox 2716 3714 3145 3785; x_wconf 89' lang='lat' dir='ltr'><strong>interpretandis</strong></span> <span class='ocrx_word' id='word_1_563' title='bbox 3172 3733 3185 3768; x_wconf 93' lang='lat'><strong>:</strong></span> <span class='ocrx_word' id='word_1_564' title='bbox 3212 3731 3322 3786; x_wconf 86' lang='lat' dir='ltr'><strong>quo</strong></span> <span class='ocrx_word' id='word_1_565' title='bbox 3350 3714 3403 3768; x_wconf 93' lang='lat' dir='ltr'><strong>in</strong></span> <span class='ocrx_word' id='word_1_566' title='bbox 3426 3731 3627 3787; x_wconf 83' lang='lat' dir='ltr'><strong>genere</strong></span> <span class='ocrx_word' id='word_1_567' title='bbox 3656 3715 3749 3769; x_wconf 72' lang='lat' dir='ltr'><strong>vix</strong></span> 
     </span>
    </p>
   </div>
   <div class='ocr_carea' id='block_1_85' title="bbox 2166 3805 3745 3877">
    <p class='ocr_par' dir='ltr' id='par_1_85' title="bbox 2166 3805 3745 3877">
     <span class='ocr_line' id='line_1_85' title="bbox 2166 3805 3745 3877; baseline -0.001 -17"><span class='ocrx_word' id='word_1_568' title='bbox 2166 3805 2337 3860; x_wconf 91' lang='lat' dir='ltr'><strong>ullum</strong></span> <span class='ocrx_word' id='word_1_569' title='bbox 2365 3805 2559 3860; x_wconf 88' lang='lat' dir='ltr'><strong>habuit</strong></span> <span class='ocrx_word' id='word_1_570' title='bbox 2586 3806 2952 3877; x_wconf 87' lang='lat' dir='ltr'><strong>superiorem,</strong></span> <span class='ocrx_word' id='word_1_571' title='bbox 3005 3807 3118 3862; x_wconf 87' lang='lat' dir='ltr'><strong>sive</strong></span> <span class='ocrx_word' id='word_1_572' title='bbox 3149 3824 3343 3863; x_wconf 88' lang='lat' dir='ltr'><strong>sensus</strong></span> <span class='ocrx_word' id='word_1_573' title='bbox 3369 3806 3626 3862; x_wconf 86' lang='lat' dir='ltr'><strong>litteralis</strong></span> <span class='ocrx_word' id='word_1_574' title='bbox 3649 3823 3745 3862; x_wconf 78' lang='lat' dir='ltr'><strong>ex-</strong></span> 
     </span>
    </p>
   </div>
   <div class='ocr_carea' id='block_1_86' title="bbox 2166 3895 3747 3969">
    <p class='ocr_par' dir='ltr' id='par_1_86' title="bbox 2166 3895 3747 3969">
     <span class='ocr_line' id='line_1_86' title="bbox 2166 3895 3747 3969; baseline -0.001 -20"><span class='ocrx_word' id='word_1_575' title='bbox 2166 3895 2406 3965; x_wconf 89' lang='lat' dir='ltr'><strong>planatio</strong></span> <span class='ocrx_word' id='word_1_576' title='bbox 2431 3904 2745 3969; x_wconf 87' lang='lat' dir='ltr'><strong>spectetur,</strong></span> <span class='ocrx_word' id='word_1_577' title='bbox 2794 3898 2917 3951; x_wconf 77' lang='lat' dir='ltr'><strong>sive</strong></span> <span class='ocrx_word' id='word_1_578' title='bbox 2947 3895 3190 3951; x_wconf 87' lang='lat' dir='ltr'><strong>brevitas</strong></span> <span class='ocrx_word' id='word_1_579' title='bbox 3211 3938 3224 3961; x_wconf 90' lang='lat'><strong>,</strong></span> <span class='ocrx_word' id='word_1_580' title='bbox 3282 3896 3397 3952; x_wconf 92' lang='lat' dir='ltr'><strong>sive</strong></span> <span class='ocrx_word' id='word_1_581' title='bbox 3423 3896 3747 3951; x_wconf 82' lang='lat' dir='ltr'><strong>elocutionis</strong></span> 
     </span>
    </p>
   </div>
   <div class='ocr_carea' id='block_1_87' title="bbox 2166 3982 3743 4058">
    <p class='ocr_par' dir='ltr' id='par_1_87' title="bbox 2166 3982 3743 4058">
     <span class='ocr_line' id='line_1_87' title="bbox 2166 3982 3743 4058; baseline 0 -17"><span class='ocrx_word' id='word_1_582' title='bbox 2166 3988 2406 4042; x_wconf 88' lang='lat' dir='ltr'><strong>claritas.</strong></span> <span class='ocrx_word' id='word_1_583' title='bbox 2433 3987 2659 4041; x_wconf 85' lang='lat' dir='ltr'><strong>interim</strong></span> <span class='ocrx_word' id='word_1_584' title='bbox 2680 4001 2788 4041; x_wconf 88' lang='lat' dir='ltr'><strong>non</strong></span> <span class='ocrx_word' id='word_1_585' title='bbox 2808 3982 3095 4042; x_wconf 82' lang='lat' dir='ltr'><strong>desinebat</strong></span> <span class='ocrx_word' id='word_1_586' title='bbox 3117 3987 3351 4058; x_wconf 76' lang='lat' dir='ltr'><strong>synodos</strong></span> <span class='ocrx_word' id='word_1_587' title='bbox 3372 3987 3743 4058; x_wconf 82' lang='lat' dir='ltr'><strong>frequentare,</strong></span> 
     </span>
    </p>
   </div>
   <div class='ocr_carea' id='block_1_88' title="bbox 2166 4079 3749 4151">
    <p class='ocr_par' dir='ltr' id='par_1_88' title="bbox 2166 4079 3749 4151">
     <span class='ocr_line' id='line_1_88' title="bbox 2166 4079 3749 4151; baseline 0 -18"><span class='ocrx_word' id='word_1_588' title='bbox 2166 4096 2272 4149; x_wconf 89' lang='lat' dir='ltr'><strong>qua</strong></span> <span class='ocrx_word' id='word_1_589' title='bbox 2294 4087 2445 4150; x_wconf 87' lang='lat' dir='ltr'><strong>parte</strong></span> <span class='ocrx_word' id='word_1_590' title='bbox 2468 4087 2670 4148; x_wconf 86' lang='lat' dir='ltr'><strong>posset,</strong></span> <span class='ocrx_word' id='word_1_591' title='bbox 2692 4087 2853 4149; x_wconf 88' lang='lat' dir='ltr'><strong>atque</strong></span> <span class='ocrx_word' id='word_1_592' title='bbox 2876 4079 3037 4133; x_wconf 84' lang='lat' dir='ltr'><strong>etiam</strong></span> <span class='ocrx_word' id='word_1_593' title='bbox 3065 4079 3293 4133; x_wconf 86' lang='lat' dir='ltr'><strong>consilio</strong></span> <span class='ocrx_word' id='word_1_594' title='bbox 3310 4095 3491 4151; x_wconf 81' lang='lat' dir='ltr'><strong>agere,</strong></span> <span class='ocrx_word' id='word_1_595' title='bbox 3518 4087 3577 4133; x_wconf 93' lang='lat' dir='ltr'><strong>ut</strong></span> <span class='ocrx_word' id='word_1_596' title='bbox 3593 4094 3749 4133; x_wconf 82' lang='lat' dir='ltr'><strong>suam</strong></span> 
     </span>
    </p>
   </div>
   <div class='ocr_carea' id='block_1_89' title="bbox 2169 4168 3745 4239">
    <p class='ocr_par' dir='ltr' id='par_1_89' title="bbox 2169 4168 3745 4239">
     <span class='ocr_line' id='line_1_89' title="bbox 2169 4168 3745 4239; baseline -0.001 -15"><span class='ocrx_word' id='word_1_597' title='bbox 2169 4171 2224 4225; x_wconf 90' lang='lat' dir='ltr'><strong>in</strong></span> <span class='ocrx_word' id='word_1_598' title='bbox 2249 4171 2575 4226; x_wconf 89' lang='lat' dir='ltr'><strong>sententiam</strong></span> <span class='ocrx_word' id='word_1_599' title='bbox 2613 4168 2933 4232; x_wconf 87' lang='lat' dir='ltr'><strong>adduceret,</strong></span> <span class='ocrx_word' id='word_1_600' title='bbox 2963 4185 3104 4239; x_wconf 91' lang='lat' dir='ltr'><strong>quos</strong></span> <span class='ocrx_word' id='word_1_601' title='bbox 3131 4169 3371 4235; x_wconf 85' lang='lat' dir='ltr'><strong>valeret;</strong></span> <span class='ocrx_word' id='word_1_602' title='bbox 3409 4170 3506 4226; x_wconf 88' lang='lat' dir='ltr'><strong>sed</strong></span> <span class='ocrx_word' id='word_1_603' title='bbox 3538 4170 3607 4223; x_wconf 90' lang='lat' dir='ltr'><strong>iis</strong></span> <span class='ocrx_word' id='word_1_604' title='bbox 3630 4186 3745 4223; x_wconf 88' lang='lat' dir='ltr'><strong>ma-</strong></span> 
     </span>
    </p>
   </div>
   <div class='ocr_carea' id='block_1_90' title="bbox 2167 4259 3750 4331">
    <p class='ocr_par' dir='ltr' id='par_1_90' title="bbox 2167 4259 3750 4331">
     <span class='ocr_line' id='line_1_90' title="bbox 2167 4259 3750 4331; baseline 0.001 -17"><span class='ocrx_word' id='word_1_605' title='bbox 2167 4261 2311 4315; x_wconf 84' lang='lat' dir='ltr'><strong>xime</strong></span> <span class='ocrx_word' id='word_1_606' title='bbox 2356 4259 2716 4316; x_wconf 87' lang='lat' dir='ltr'><strong>conciliandis</strong></span> <span class='ocrx_word' id='word_1_607' title='bbox 2763 4260 3040 4325; x_wconf 85' lang='lat' dir='ltr'><strong>studebat,</strong></span> <span class='ocrx_word' id='word_1_608' title='bbox 3092 4261 3185 4330; x_wconf 90' lang='lat' dir='ltr'><strong>qui</strong></span> <span class='ocrx_word' id='word_1_609' title='bbox 3213 4262 3416 4331; x_wconf 86' lang='lat' dir='ltr'><strong>majore</strong></span> <span class='ocrx_word' id='word_1_610' title='bbox 3443 4260 3750 4317; x_wconf 82' lang='lat' dir='ltr'><strong>sanctitatis</strong></span> 
     </span>
    </p>
   </div>
   <div class='ocr_carea' id='block_1_91' title="bbox 493 4343 3747 4425">
    <p class='ocr_par' dir='ltr' id='par_1_91' title="bbox 493 4343 3747 4425">
     <span class='ocr_line' id='line_1_91' title="bbox 493 4343 3747 4425; baseline 0 -21"><span class='ocrx_word' id='word_1_611' title='bbox 493 4349 751 4404; x_wconf 86' lang='lat' dir='ltr'><strong>Probavit</strong></span> <span class='ocrx_word' id='word_1_612' title='bbox 778 4360 835 4406; x_wconf 90' lang='lat' dir='ltr'><strong>et</strong></span> <span class='ocrx_word' id='word_1_613' title='bbox 857 4351 914 4405; x_wconf 89' lang='lat' dir='ltr'><strong>in</strong></span> <span class='ocrx_word' id='word_1_614' title='bbox 934 4350 1187 4423; x_wconf 65' lang='lat' dir='ltr'><strong>Egyptia</strong></span> <span class='ocrx_word' id='word_1_615' title='bbox 1206 4350 1461 4420; x_wconf 81' lang='lat' dir='ltr'><strong>Cyrillus,</strong></span> <span class='ocrx_word' id='word_1_616' title='bbox 1513 4350 1716 4420; x_wconf 78' lang='lat' dir='ltr'><strong>quippe</strong></span> <span class='ocrx_word' id='word_1_617' title='bbox 1744 4351 1859 4404; x_wconf 85' lang='lat' dir='ltr'><strong>suis</strong></span> <span class='ocrx_word' id='word_1_618' title='bbox 1887 4343 2065 4405; x_wconf 86' lang='lat' dir='ltr'><strong>tribus</strong></span> <span class='ocrx_word' id='word_1_619' title='bbox 2099 4362 2139 4413; x_wconf 87' lang='lat' dir='ltr'><strong>D</strong></span> <span class='ocrx_word' id='word_1_620' title='bbox 2169 4352 2311 4408; x_wconf 80' lang='lat' dir='ltr'><strong>fama</strong></span> <span class='ocrx_word' id='word_1_621' title='bbox 2356 4353 2773 4408; x_wconf 87' lang='lat' dir='ltr'><strong>celebrarentur</strong></span> <span class='ocrx_word' id='word_1_622' title='bbox 2823 4369 2834 4404; x_wconf 91' lang='lat'><strong>:</strong></span> <span class='ocrx_word' id='word_1_623' title='bbox 2882 4367 3052 4421; x_wconf 89' lang='lat' dir='ltr'><strong>quare</strong></span> <span class='ocrx_word' id='word_1_624' title='bbox 3095 4361 3151 4405; x_wconf 89' lang='lat' dir='ltr'><strong>et</strong></span> <span class='ocrx_word' id='word_1_625' title='bbox 3176 4351 3432 4421; x_wconf 82' lang='lat' dir='ltr'><strong>frequens</strong></span> <span class='ocrx_word' id='word_1_626' title='bbox 3458 4361 3579 4408; x_wconf 88' lang='lat' dir='ltr'><strong>erat</strong></span> <span class='ocrx_word' id='word_1_627' title='bbox 3606 4344 3747 4425; x_wconf 62' lang='lat' dir='ltr'><strong>apud</strong></span> 
     </span>
    </p>
   </div>
   <div class='ocr_carea' id='block_1_92' title="bbox 492 4439 2064 4502">
    <p class='ocr_par' dir='ltr' id='par_1_92' title="bbox 492 4439 2064 4502">
     <span class='ocr_line' id='line_1_92' title="bbox 492 4439 2064 4502; baseline 0 -7"><span class='ocrx_word' id='word_1_628' title='bbox 492 4440 758 4499; x_wconf 83' lang='lat' dir='ltr'><strong>adversus</strong></span> <span class='ocrx_word' id='word_1_629' title='bbox 803 4442 1155 4496; x_wconf 87' lang='lat' dir='ltr'><strong>Theodorum</strong></span> <span class='ocrx_word' id='word_1_630' title='bbox 1191 4441 1351 4502; x_wconf 86' lang='lat' dir='ltr'><strong>libris</strong></span> <span class='ocrx_word' id='word_1_631' title='bbox 1378 4455 1702 4495; x_wconf 84' lang='lat' dir='ltr'><strong>consonum.</strong></span> <span class='ocrx_word' id='word_1_632' title='bbox 1743 4439 1850 4495; x_wconf 88' lang='lat' dir='ltr'><strong>Sed</strong></span> <span class='ocrx_word' id='word_1_633' title='bbox 1881 4441 2064 4495; x_wconf 88' lang='lat' dir='ltr'><strong>Theo-</strong></span> 
     </span>
    </p>
   </div>
   <div class='ocr_carea' id='block_1_93' title="bbox 495 4532 2067 4602">
    <p class='ocr_par' dir='ltr' id='par_1_93' title="bbox 495 4532 2067 4602">
     <span class='ocr_line' id='line_1_93' title="bbox 495 4532 2067 4602; baseline -0.001 -15"><span class='ocrx_word' id='word_1_634' title='bbox 495 4533 721 4590; x_wconf 87' lang='lat' dir='ltr'><strong>doretus</strong></span> <span class='ocrx_word' id='word_1_635' title='bbox 756 4534 885 4588; x_wconf 88' lang='lat' dir='ltr'><strong>inde</strong></span> <span class='ocrx_word' id='word_1_636' title='bbox 924 4534 1106 4587; x_wconf 89' lang='lat' dir='ltr'><strong>animo</strong></span> <span class='ocrx_word' id='word_1_637' title='bbox 1136 4541 1423 4602; x_wconf 89' lang='lat' dir='ltr'><strong>permotus</strong></span> <span class='ocrx_word' id='word_1_638' title='bbox 1446 4547 1549 4602; x_wconf 88' lang='lat' dir='ltr'><strong>pro</strong></span> <span class='ocrx_word' id='word_1_639' title='bbox 1574 4532 1900 4597; x_wconf 83' lang='lat' dir='ltr'><strong>Theodoro,</strong></span> <span class='ocrx_word' id='word_1_640' title='bbox 1956 4548 2067 4602; x_wconf 90' lang='lat' dir='ltr'><strong>quo</strong></span> 
     </span>
    </p>
   </div>
   <div class='ocr_carea' id='block_1_94' title="bbox 496 4623 2070 4697">
    <p class='ocr_par' dir='ltr' id='par_1_94' title="bbox 496 4623 2070 4697">
     <span class='ocr_line' id='line_1_94' title="bbox 496 4623 2070 4697; baseline -0.001 -18"><span class='ocrx_word' id='word_1_641' title='bbox 496 4627 757 4697; x_wconf 83' lang='lat' dir='ltr'><strong>magistro</strong></span> <span class='ocrx_word' id='word_1_642' title='bbox 804 4641 1022 4695; x_wconf 90' lang='lat' dir='ltr'><strong>semper</strong></span> <span class='ocrx_word' id='word_1_643' title='bbox 1066 4624 1332 4694; x_wconf 84' lang='lat' dir='ltr'><strong>gloriatus</strong></span> <span class='ocrx_word' id='word_1_644' title='bbox 1372 4632 1478 4687; x_wconf 87' lang='lat' dir='ltr'><strong>est,</strong></span> <span class='ocrx_word' id='word_1_645' title='bbox 1531 4631 1643 4678; x_wconf 88' lang='lat' dir='ltr'><strong>tres</strong></span> <span class='ocrx_word' id='word_1_646' title='bbox 1671 4624 1877 4693; x_wconf 89' lang='lat' dir='ltr'><strong>pariter</strong></span> <span class='ocrx_word' id='word_1_647' title='bbox 1898 4623 2070 4678; x_wconf 89' lang='lat' dir='ltr'><strong>libros</strong></span> 
     </span>
    </p>
   </div>
   <div class='ocr_carea' id='block_1_95' title="bbox 496 4715 2069 4788">
    <p class='ocr_par' dir='ltr' id='par_1_95' title="bbox 496 4715 2069 4788">
     <span class='ocr_line' id='line_1_95' title="bbox 496 4715 2069 4788; baseline -0.002 -16"><span class='ocrx_word' id='word_1_648' title='bbox 496 4718 825 4788; x_wconf 77' lang='lat' dir='ltr'><strong>composuit,</strong></span> <span class='ocrx_word' id='word_1_649' title='bbox 877 4725 933 4772; x_wconf 89' lang='lat' dir='ltr'><strong>et</strong></span> <span class='ocrx_word' id='word_1_650' title='bbox 977 4733 1074 4772; x_wconf 90' lang='lat' dir='ltr'><strong>eos</strong></span> <span class='ocrx_word' id='word_1_651' title='bbox 1107 4717 1332 4787; x_wconf 90' lang='lat' dir='ltr'><strong>quidem</strong></span> <span class='ocrx_word' id='word_1_652' title='bbox 1377 4715 1767 4779; x_wconf 90' lang='lat' dir='ltr'><strong>amarulentos,</strong></span> <span class='ocrx_word' id='word_1_653' title='bbox 1803 4715 2069 4786; x_wconf 90' lang='lat' dir='ltr'><strong>quemad-</strong></span> 
     </span>
    </p>
   </div>
   <div class='ocr_carea' id='block_1_96' title="bbox 497 4807 2068 4879">
    <p class='ocr_par' dir='ltr' id='par_1_96' title="bbox 497 4807 2068 4879">
     <span class='ocr_line' id='line_1_96' title="bbox 497 4807 2068 4879; baseline 0 -16"><span class='ocrx_word' id='word_1_654' title='bbox 497 4810 721 4865; x_wconf 90' lang='lat' dir='ltr'><strong>modum</strong></span> <span class='ocrx_word' id='word_1_655' title='bbox 768 4809 1242 4878; x_wconf 65' lang='lat' dir='ltr'><strong>intelligereiioet</strong></span> <span class='ocrx_word' id='word_1_656' title='bbox 1289 4824 1355 4864; x_wconf 86' lang='lat' dir='ltr'><strong>ex</strong></span> <span class='ocrx_word' id='word_1_657' title='bbox 1381 4807 1728 4879; x_wconf 83' lang='lat' dir='ltr'><strong>fragmentis,</strong></span> <span class='ocrx_word' id='word_1_658' title='bbox 1777 4808 1979 4877; x_wconf 87' lang='lat' dir='ltr'><strong>quibus</strong></span> <span class='ocrx_word' id='word_1_659' title='bbox 2012 4808 2068 4863; x_wconf 88' lang='lat' dir='ltr'><strong>in</strong></span> 
     </span>
    </p>
   </div>
   <div class='ocr_carea' id='block_1_97' title="bbox 496 4899 2068 4973">
    <p class='ocr_par' dir='ltr' id='par_1_97' title="bbox 496 4899 2068 4973">
     <span class='ocr_line' id='line_1_97' title="bbox 496 4899 2068 4973; baseline 0 -18"><span class='ocrx_word' id='word_1_660' title='bbox 496 4901 689 4970; x_wconf 87' lang='lat' dir='ltr'><strong>quinta</strong></span> <span class='ocrx_word' id='word_1_661' title='bbox 735 4899 942 4971; x_wconf 84' lang='lat' dir='ltr'><strong>synodo</strong></span> <span class='ocrx_word' id='word_1_662' title='bbox 988 4915 1123 4955; x_wconf 90' lang='lat' dir='ltr'><strong>usus</strong></span> <span class='ocrx_word' id='word_1_663' title='bbox 1161 4900 1285 4964; x_wconf 86' lang='lat' dir='ltr'><strong>fuit,</strong></span> <span class='ocrx_word' id='word_1_664' title='bbox 1331 4901 1399 4954; x_wconf 91' lang='lat' dir='ltr'><strong>ad</strong></span> <span class='ocrx_word' id='word_1_665' title='bbox 1434 4914 1653 4954; x_wconf 88' lang='lat' dir='ltr'><strong>causam</strong></span> <span class='ocrx_word' id='word_1_666' title='bbox 1678 4900 1948 4955; x_wconf 83' lang='lat' dir='ltr'><strong>Theodori</strong></span> <span class='ocrx_word' id='word_1_667' title='bbox 1978 4903 2068 4973; x_wconf 78' lang='lat' dir='ltr'><strong>ju-</strong></span> 
     </span>
    </p>
   </div>
   <div class='ocr_carea' id='block_1_98' title="bbox 497 4987 2075 5059">
    <p class='ocr_par' dir='ltr' id='par_1_98' title="bbox 497 4987 2075 5059">
     <span class='ocr_line' id='line_1_98' title="bbox 497 4987 2075 5059; baseline -0.001 -15"><span class='ocrx_word' id='word_1_668' title='bbox 497 4988 807 5044; x_wconf 86' lang='lat' dir='ltr'><strong>dicaudam.</strong></span> <span class='ocrx_word' id='word_1_669' title='bbox 827 4987 961 5042; x_wconf 87' lang='lat' dir='ltr'><strong>Nam</strong></span> <span class='ocrx_word' id='word_1_670' title='bbox 984 4989 1115 5057; x_wconf 91' lang='lat' dir='ltr'><strong>quid</strong></span> <span class='ocrx_word' id='word_1_671' title='bbox 1140 4989 1391 5044; x_wconf 89' lang='lat' dir='ltr'><strong>acerbius</strong></span> <span class='ocrx_word' id='word_1_672' title='bbox 1409 5004 1477 5042; x_wconf 91' lang='lat' dir='ltr'><strong>eo</strong></span> <span class='ocrx_word' id='word_1_673' title='bbox 1505 5004 1614 5056; x_wconf 92' lang='lat' dir='ltr'><strong>quo</strong></span> <span class='ocrx_word' id='word_1_674' title='bbox 1636 4988 1690 5042; x_wconf 93' lang='lat' dir='ltr'><strong>in</strong></span> <span class='ocrx_word' id='word_1_675' title='bbox 1710 4988 1971 5059; x_wconf 80' lang='lat' dir='ltr'><strong>Cyrillum</strong></span> <span class='ocrx_word' id='word_1_676' title='bbox 1992 4989 2075 5042; x_wconf 78' lang='lat' dir='ltr'><strong>in-</strong></span> 
     </span>
    </p>
   </div>
   <div class='ocr_carea' id='block_1_99' title="bbox 497 5078 2074 5150">
    <p class='ocr_par' dir='ltr' id='par_1_99' title="bbox 497 5078 2074 5150">
     <span class='ocr_line' id='line_1_99' title="bbox 497 5078 2074 5150; baseline 0.001 -18"><span class='ocrx_word' id='word_1_677' title='bbox 497 5079 754 5135; x_wconf 80' lang='lat' dir='ltr'><strong>vehitur?</strong></span> <span class='ocrx_word' id='word_1_678' title='bbox 792 5096 810 5127; x_wconf 73' lang='grc' dir='ltr'><em>α</em></span> <span class='ocrx_word' id='word_1_679' title='bbox 832 5078 972 5145; x_wconf 84' lang='lat' dir='ltr'><strong>Quid</strong></span> <span class='ocrx_word' id='word_1_680' title='bbox 997 5079 1163 5150; x_wconf 86' lang='lat' dir='ltr'><strong>igitur</strong></span> <span class='ocrx_word' id='word_1_681' title='bbox 1183 5096 1383 5134; x_wconf 86' lang='lat' dir='ltr'><strong>novum</strong></span> <span class='ocrx_word' id='word_1_682' title='bbox 1404 5080 1542 5133; x_wconf 84' lang='lat' dir='ltr'><strong>dixit</strong></span> <span class='ocrx_word' id='word_1_683' title='bbox 1563 5079 1901 5141; x_wconf 85' lang='lat' dir='ltr'><strong>Theodorus,</strong></span> <span class='ocrx_word' id='word_1_684' title='bbox 1927 5079 2074 5149; x_wconf 90' lang='lat' dir='ltr'><strong>quod</strong></span> 
     </span>
    </p>
   </div>
   <div class='ocr_carea' id='block_1_100' title="bbox 500 5170 2073 5243">
    <p class='ocr_par' dir='ltr' id='par_1_100' title="bbox 500 5170 2073 5243">
     <span class='ocr_line' id='line_1_100' title="bbox 500 5170 2073 5243; baseline 0.001 -19"><span class='ocrx_word' id='word_1_685' title='bbox 500 5170 669 5224; x_wconf 85' lang='lat' dir='ltr'><strong>tantis</strong></span> <span class='ocrx_word' id='word_1_686' title='bbox 695 5185 822 5224; x_wconf 90' lang='lat' dir='ltr'><strong>eum</strong></span> <span class='ocrx_word' id='word_1_687' title='bbox 847 5172 1207 5243; x_wconf 87' lang='lat' dir='ltr'><strong>blasphemiis</strong></span> <span class='ocrx_word' id='word_1_688' title='bbox 1226 5172 1502 5242; x_wconf 88' lang='lat' dir='ltr'><strong>lapidasti,</strong></span> <span class='ocrx_word' id='word_1_689' title='bbox 1542 5172 1743 5242; x_wconf 88' lang='lat' dir='ltr'><strong>jubens</strong></span> <span class='ocrx_word' id='word_1_690' title='bbox 1770 5172 1849 5226; x_wconf 89' lang='lat' dir='ltr'><strong>illi</strong></span> <span class='ocrx_word' id='word_1_691' title='bbox 1879 5179 1938 5225; x_wconf 91' lang='lat' dir='ltr'><strong>ut</strong></span> <span class='ocrx_word' id='word_1_692' title='bbox 1962 5171 2073 5225; x_wconf 86' lang='lat' dir='ltr'><strong>fre—</strong></span> 
     </span>
    </p>
   </div>
   <div class='ocr_carea' id='block_1_101' title="bbox 502 5259 2072 5333">
    <p class='ocr_par' dir='ltr' id='par_1_101' title="bbox 502 5259 2072 5333">
     <span class='ocr_line' id='line_1_101' title="bbox 502 5259 2072 5333; baseline -0.001 -19"><span class='ocrx_word' id='word_1_693' title='bbox 502 5270 660 5315; x_wconf 88' lang='lat' dir='ltr'><strong>naret</strong></span> <span class='ocrx_word' id='word_1_694' title='bbox 704 5261 967 5333; x_wconf 82' lang='lat' dir='ltr'><strong>linguam,</strong></span> <span class='ocrx_word' id='word_1_695' title='bbox 1018 5263 1240 5333; x_wconf 91' lang='lat' dir='ltr'><strong>quando</strong></span> <span class='ocrx_word' id='word_1_696' title='bbox 1285 5273 1432 5317; x_wconf 92' lang='lat' dir='ltr'><strong>tuam</strong></span> <span class='ocrx_word' id='word_1_697' title='bbox 1471 5263 1586 5332; x_wconf 89' lang='lat' dir='ltr'><strong>ipse</strong></span> <span class='ocrx_word' id='word_1_698' title='bbox 1632 5276 1859 5317; x_wconf 90' lang='lat' dir='ltr'><strong>currere</strong></span> <span class='ocrx_word' id='word_1_699' title='bbox 1893 5260 1967 5314; x_wconf 90' lang='lat' dir='ltr'><strong>ita</strong></span> <span class='ocrx_word' id='word_1_700' title='bbox 1990 5259 2072 5314; x_wconf 82' lang='lat' dir='ltr'><strong>ef-</strong></span> 
     </span>
    </p>
   </div>
   <div class='ocr_carea' id='block_1_102' title="bbox 2170 4443 3748 4514">
    <p class='ocr_par' dir='ltr' id='par_1_102' title="bbox 2170 4443 3748 4514">
     <span class='ocr_line' id='line_1_102' title="bbox 2170 4443 3748 4514; baseline -0.001 -17"><span class='ocrx_word' id='word_1_701' title='bbox 2170 4444 2350 4514; x_wconf 88' lang='lat' dir='ltr'><strong>ipsos,</strong></span> <span class='ocrx_word' id='word_1_702' title='bbox 2399 4452 2456 4498; x_wconf 90' lang='lat' dir='ltr'><strong>et</strong></span> <span class='ocrx_word' id='word_1_703' title='bbox 2500 4443 2792 4513; x_wconf 87' lang='lat' dir='ltr'><strong>asperioris</strong></span> <span class='ocrx_word' id='word_1_704' title='bbox 2835 4443 2962 4497; x_wconf 74' lang='lat' dir='ltr'><strong>vitae</strong></span> <span class='ocrx_word' id='word_1_705' title='bbox 3017 4444 3400 4498; x_wconf 88' lang='lat' dir='ltr'><strong>communione</strong></span> <span class='ocrx_word' id='word_1_706' title='bbox 3442 4453 3748 4499; x_wconf 84' lang='lat' dir='ltr'><strong>ascetarum</strong></span> 
     </span>
    </p>
   </div>
   <div class='ocr_carea' id='block_1_103' title="bbox 2176 4520 3613 4605">
    <p class='ocr_par' dir='ltr' id='par_1_103' title="bbox 2176 4520 3613 4605">
     <span class='ocr_line' id='line_1_103' title="bbox 2176 4520 3613 4605; baseline 0.001 -17"><span class='ocrx_word' id='word_1_707' title='bbox 2176 4535 2407 4597; x_wconf 85' lang='lat' dir='ltr'><strong>animos,</strong></span> <span class='ocrx_word' id='word_1_708' title='bbox 2438 4534 2803 4603; x_wconf 88' lang='lat' dir='ltr'><strong>simpliciores</strong></span> <span class='ocrx_word' id='word_1_709' title='bbox 2827 4549 2990 4603; x_wconf 85' lang='lat' dir='ltr'><strong>quam</strong></span> <span class='ocrx_word' id='word_1_710' title='bbox 3018 4535 3313 4598; x_wconf 87' lang='lat' dir='ltr'><strong>doctiores,</strong></span> <span class='ocrx_word' id='word_1_711' title='bbox 3340 4520 3613 4605; x_wconf 87' lang='lat' dir='ltr'><strong>captabat.</strong></span> 
     </span>
    </p>
   </div>
   <div class='ocr_carea' id='block_1_104' title="bbox 2247 4621 3748 4692">
    <p class='ocr_par' dir='ltr' id='par_1_104' title="bbox 2247 4621 3748 4692">
     <span class='ocr_line' id='line_1_104' title="bbox 2247 4621 3748 4692; baseline 0.001 -17"><span class='ocrx_word' id='word_1_712' title='bbox 2247 4622 2388 4689; x_wconf 85' lang='lat' dir='ltr'><strong>Quin</strong></span> <span class='ocrx_word' id='word_1_713' title='bbox 2429 4621 2594 4676; x_wconf 90' lang='lat' dir='ltr'><strong>etiam</strong></span> <span class='ocrx_word' id='word_1_714' title='bbox 2645 4622 2789 4676; x_wconf 91' lang='lat' dir='ltr'><strong>bona</strong></span> <span class='ocrx_word' id='word_1_715' title='bbox 2826 4622 3086 4677; x_wconf 68' lang='lat' dir='ltr'><strong>Ecclesia:</strong></span> <span class='ocrx_word' id='word_1_716' title='bbox 3138 4624 3194 4677; x_wconf 92' lang='lat' dir='ltr'><strong>in</strong></span> <span class='ocrx_word' id='word_1_717' title='bbox 3230 4638 3395 4692; x_wconf 89' lang='lat' dir='ltr'><strong>opera</strong></span> <span class='ocrx_word' id='word_1_718' title='bbox 3421 4623 3641 4692; x_wconf 87' lang='lat' dir='ltr'><strong>publica</strong></span> <span class='ocrx_word' id='word_1_719' title='bbox 3672 4624 3748 4677; x_wconf 92' lang='lat' dir='ltr'><strong>ci-</strong></span> 
     </span>
    </p>
   </div>
   <div class='ocr_carea' id='block_1_105' title="bbox 2177 4712 3751 4779">
    <p class='ocr_par' dir='ltr' id='par_1_105' title="bbox 2177 4712 3751 4779">
     <span class='ocr_line' id='line_1_105' title="bbox 2177 4712 3751 4779; baseline 0.003 -14"><span class='ocrx_word' id='word_1_720' title='bbox 2177 4712 2334 4775; x_wconf 85' lang='lat' dir='ltr'><strong>vitati</strong></span> <span class='ocrx_word' id='word_1_721' title='bbox 2354 4730 2466 4769; x_wconf 75' lang='lat' dir='ltr'><strong>sua:</strong></span> <span class='ocrx_word' id='word_1_722' title='bbox 2484 4715 2794 4769; x_wconf 89' lang='lat' dir='ltr'><strong>necessaria</strong></span> <span class='ocrx_word' id='word_1_723' title='bbox 2817 4714 3049 4768; x_wconf 89' lang='lat' dir='ltr'><strong>contulit</strong></span> <span class='ocrx_word' id='word_1_724' title='bbox 3074 4731 3087 4766; x_wconf 88' lang='lat'>:</span> <span class='ocrx_word' id='word_1_725' title='bbox 3114 4728 3260 4779; x_wconf 87' lang='lat' dir='ltr'><strong>nam,</strong></span> <span class='ocrx_word' id='word_1_726' title='bbox 3285 4729 3408 4768; x_wconf 91' lang='lat' dir='ltr'><strong>cum</strong></span> <span class='ocrx_word' id='word_1_727' title='bbox 3431 4714 3606 4768; x_wconf 88' lang='lat' dir='ltr'><strong>Nomo</strong></span> <span class='ocrx_word' id='word_1_728' title='bbox 3624 4729 3751 4769; x_wconf 43' lang='lat' dir='ltr'><strong>con.-</strong></span> 
     </span>
    </p>
   </div>
   <div class='ocr_carea' id='block_1_106' title="bbox 2177 4804 3746 4873">
    <p class='ocr_par' dir='ltr' id='par_1_106' title="bbox 2177 4804 3746 4873">
     <span class='ocr_line' id='line_1_106' title="bbox 2177 4804 3746 4873; baseline -0.001 -15"><span class='ocrx_word' id='word_1_729' title='bbox 2177 4805 2283 4859; x_wconf 87' lang='lat' dir='ltr'><strong>suli</strong></span> <span class='ocrx_word' id='word_1_730' title='bbox 2317 4804 2665 4868; x_wconf 82' lang='lat' dir='ltr'><strong>scriberet&quot;,</strong></span> <span class='ocrx_word' id='word_1_731' title='bbox 2722 4805 2999 4858; x_wconf 89' lang='lat' dir='ltr'><strong>recensuit</strong></span> <span class='ocrx_word' id='word_1_732' title='bbox 3023 4804 3284 4873; x_wconf 90' lang='lat' dir='ltr'><strong>porticus,</strong></span> <span class='ocrx_word' id='word_1_733' title='bbox 3339 4804 3536 4873; x_wconf 83' lang='lat' dir='ltr'><strong>pontes</strong></span> <span class='ocrx_word' id='word_1_734' title='bbox 3587 4804 3746 4866; x_wconf 88' lang='lat' dir='ltr'><strong>duos,</strong></span> 
     </span>
    </p>
   </div>
   <div class='ocr_carea' id='block_1_107' title="bbox 2178 4894 3752 4965">
    <p class='ocr_par' dir='ltr' id='par_1_107' title="bbox 2178 4894 3752 4965">
     <span class='ocr_line' id='line_1_107' title="bbox 2178 4894 3752 4965; baseline 0 -16"><span class='ocrx_word' id='word_1_735' title='bbox 2178 4895 2446 4950; x_wconf 68' lang='lat' dir='ltr'><strong>balnazum</strong></span> <span class='ocrx_word' id='word_1_736' title='bbox 2501 4904 2557 4949; x_wconf 91' lang='lat' dir='ltr'><strong>et</strong></span> <span class='ocrx_word' id='word_1_737' title='bbox 2598 4896 2981 4964; x_wconf 72' lang='lat' dir='ltr'><strong>aquaeductum</strong></span> <span class='ocrx_word' id='word_1_738' title='bbox 3031 4912 3043 4947; x_wconf 91' lang='lat'><strong>:</strong></span> <span class='ocrx_word' id='word_1_739' title='bbox 3099 4910 3205 4964; x_wconf 93' lang='lat' dir='ltr'><strong>qua</strong></span> <span class='ocrx_word' id='word_1_740' title='bbox 3256 4895 3310 4949; x_wconf 93' lang='lat' dir='ltr'><strong>in</strong></span> <span class='ocrx_word' id='word_1_741' title='bbox 3352 4894 3752 4965; x_wconf 82' lang='lat' dir='ltr'><strong>magniﬁcentia</strong></span> 
     </span>
    </p>
   </div>
   <div class='ocr_carea' id='block_1_108' title="bbox 2179 4984 3756 5055">
    <p class='ocr_par' dir='ltr' id='par_1_108' title="bbox 2179 4984 3756 5055">
     <span class='ocr_line' id='line_1_108' title="bbox 2179 4984 3756 5055; baseline 0 -16"><span class='ocrx_word' id='word_1_742' title='bbox 2179 4985 2516 5039; x_wconf 87' lang='lat' dir='ltr'><strong>desideraret</strong></span> <span class='ocrx_word' id='word_1_743' title='bbox 2537 4985 2804 5054; x_wconf 88' lang='lat' dir='ltr'><strong>quispiam</strong></span> <span class='ocrx_word' id='word_1_744' title='bbox 2828 4984 3223 5039; x_wconf 79' lang='lat' dir='ltr'><strong>xenodochium</strong></span> <span class='ocrx_word' id='word_1_745' title='bbox 3251 4984 3475 5055; x_wconf 90' lang='lat' dir='ltr'><strong>aliquod</strong></span> <span class='ocrx_word' id='word_1_746' title='bbox 3498 4993 3593 5039; x_wconf 89' lang='lat' dir='ltr'><strong>aut</strong></span> <span class='ocrx_word' id='word_1_747' title='bbox 3614 4985 3756 5039; x_wconf 92' lang='lat' dir='ltr'><strong>basi-</strong></span> 
     </span>
    </p>
   </div>
   <div class='ocr_carea' id='block_1_109' title="bbox 2180 5075 3755 5147">
    <p class='ocr_par' dir='ltr' id='par_1_109' title="bbox 2180 5075 3755 5147">
     <span class='ocr_line' id='line_1_109' title="bbox 2180 5075 3755 5147; baseline -0.002 -17"><span class='ocrx_word' id='word_1_748' title='bbox 2180 5076 2341 5130; x_wconf 88' lang='lat' dir='ltr'><strong>licam</strong></span> <span class='ocrx_word' id='word_1_749' title='bbox 2375 5076 2459 5130; x_wconf 88' lang='lat' dir='ltr'><strong>vel</strong></span> <span class='ocrx_word' id='word_1_750' title='bbox 2490 5075 2882 5129; x_wconf 88' lang='lat' dir='ltr'><strong>monasterium</strong></span> <span class='ocrx_word' id='word_1_751' title='bbox 2903 5117 2916 5140; x_wconf 94' lang='lat'><strong>,</strong></span> <span class='ocrx_word' id='word_1_752' title='bbox 2953 5084 3014 5130; x_wconf 90' lang='lat' dir='ltr'><strong>ut</strong></span> <span class='ocrx_word' id='word_1_753' title='bbox 3035 5076 3359 5131; x_wconf 72' lang='lat' dir='ltr'><strong>Christiana:</strong></span> <span class='ocrx_word' id='word_1_754' title='bbox 3384 5078 3506 5147; x_wconf 90' lang='lat' dir='ltr'><strong>plus</strong></span> <span class='ocrx_word' id='word_1_755' title='bbox 3535 5075 3755 5145; x_wconf 87' lang='lat' dir='ltr'><strong>pietatis</strong></span> 
     </span>
    </p>
   </div>
   <div class='ocr_carea' id='block_1_110' title="bbox 2180 5167 3753 5238">
    <p class='ocr_par' dir='ltr' id='par_1_110' title="bbox 2180 5167 3753 5238">
     <span class='ocr_line' id='line_1_110' title="bbox 2180 5167 3753 5238; baseline -0.002 -15"><span class='ocrx_word' id='word_1_756' title='bbox 2180 5168 2613 5238; x_wconf 89' lang='lat' dir='ltr'><strong>episcopalisque</strong></span> <span class='ocrx_word' id='word_1_757' title='bbox 2641 5168 3001 5237; x_wconf 76' lang='lat' dir='ltr'><strong>providentia:</strong></span> <span class='ocrx_word' id='word_1_758' title='bbox 3023 5169 3269 5223; x_wconf 87' lang='lat' dir='ltr'><strong>elucerct</strong></span> <span class='ocrx_word' id='word_1_759' title='bbox 3312 5187 3325 5218; x_wconf 93' lang='lat'><strong>:</strong></span> <span class='ocrx_word' id='word_1_760' title='bbox 3372 5169 3468 5224; x_wconf 90' lang='lat' dir='ltr'><strong>sed</strong></span> <span class='ocrx_word' id='word_1_761' title='bbox 3499 5168 3585 5223; x_wconf 91' lang='lat' dir='ltr'><strong>bis</strong></span> <span class='ocrx_word' id='word_1_762' title='bbox 3610 5167 3753 5222; x_wconf 82' lang='lat' dir='ltr'><strong>forte</strong></span> 
     </span>
    </p>
   </div>
   <div class='ocr_carea' id='block_1_111' title="bbox 2182 5258 3756 5330">
    <p class='ocr_par' dir='ltr' id='par_1_111' title="bbox 2182 5258 3756 5330">
     <span class='ocr_line' id='line_1_111' title="bbox 2182 5258 3756 5330; baseline -0.001 -18"><span class='ocrx_word' id='word_1_763' title='bbox 2182 5268 2312 5313; x_wconf 89' lang='lat' dir='ltr'><strong>tunc</strong></span> <span class='ocrx_word' id='word_1_764' title='bbox 2336 5259 2596 5327; x_wconf 88' lang='lat' dir='ltr'><strong>temporis</strong></span> <span class='ocrx_word' id='word_1_765' title='bbox 2617 5273 2724 5311; x_wconf 92' lang='lat' dir='ltr'><strong>non</strong></span> <span class='ocrx_word' id='word_1_766' title='bbox 2743 5267 2862 5312; x_wconf 89' lang='lat' dir='ltr'><strong>erat</strong></span> <span class='ocrx_word' id='word_1_767' title='bbox 2876 5274 3013 5328; x_wconf 92' lang='lat' dir='ltr'><strong>opus</strong></span> <span class='ocrx_word' id='word_1_768' title='bbox 3039 5260 3185 5314; x_wconf 91' lang='lat' dir='ltr'><strong>illius</strong></span> <span class='ocrx_word' id='word_1_769' title='bbox 3206 5260 3432 5326; x_wconf 85' lang='lat' dir='ltr'><strong>civitati,</strong></span> <span class='ocrx_word' id='word_1_770' title='bbox 3458 5258 3756 5330; x_wconf 72' lang='lat' dir='ltr'><strong>provinciae</strong></span> 
     </span>
    </p>
   </div>
   <div class='ocr_carea' id='block_1_112' title="bbox 1842 5418 2430 5475">
    <p class='ocr_par' dir='ltr' id='par_1_112' title="bbox 1842 5418 2430 5475">
     <span class='ocr_line' id='line_1_112' title="bbox 1842 5418 2430 5475; baseline -0.003 0"><span class='ocrx_word' id='word_1_771' title='bbox 1842 5418 2161 5475; x_wconf 86' lang='lat' dir='ltr'><strong>SCHULle</strong></span> <span class='ocrx_word' id='word_1_772' title='bbox 2204 5418 2430 5474; x_wconf 64' lang='lat' dir='ltr'><strong>NOTIE.</strong></span> 
     </span>
    </p>
   </div>
   <div class='ocr_carea' id='block_1_113' title="bbox 574 5571 2060 5704">
    <p class='ocr_par' dir='ltr' id='par_1_113' title="bbox 574 5578 2060 5704">
     <span class='ocr_line' id='line_1_113' title="bbox 574 5578 1999 5648; baseline -0.005 -12"><span class='ocrx_word' id='word_1_773' title='bbox 574 5579 618 5612; x_wconf 74' lang='lat'><strong>&quot;</strong></span> <span class='ocrx_word' id='word_1_774' title='bbox 638 5578 809 5645; x_wconf 85' lang='lat' dir='ltr'><strong>Nam,</strong></span> <span class='ocrx_word' id='word_1_775' title='bbox 853 5590 957 5636; x_wconf 88' lang='lat' dir='ltr'><strong>etc.</strong></span> <span class='ocrx_word' id='word_1_776' title='bbox 995 5581 1115 5635; x_wconf 77' lang='lat' dir='ltr'><strong>Vid.</strong></span> <span class='ocrx_word' id='word_1_777' title='bbox 1171 5581 1433 5643; x_wconf 66' lang='lat' dir='ltr'><strong>Liberali...</strong></span> <span class='ocrx_word' id='word_1_778' title='bbox 1488 5595 1605 5648; x_wconf 84' lang='lat' dir='ltr'><strong>cap.</strong></span> <span class='ocrx_word' id='word_1_779' title='bbox 1657 5578 1719 5632; x_wconf 88' lang='lat' dir='ltr'><strong>l0</strong></span> <span class='ocrx_word' id='word_1_780' title='bbox 1761 5578 1999 5633; x_wconf 87' lang='lat' dir='ltr'><strong>Breviar.</strong></span> 
     </span>
     <span class='ocr_line' id='line_1_114' title="bbox 574 5647 2060 5704; baseline -0.002 0"><span class='ocrx_word' id='word_1_781' title='bbox 574 5666 649 5704; x_wconf 76' lang='grc' dir='ltr'><strong>ἰν.</strong></span> <span class='ocrx_word' id='word_1_782' title='bbox 680 5659 783 5704; x_wconf 88' lang='lat' dir='ltr'><strong>etc.</strong></span> <span class='ocrx_word' id='word_1_783' title='bbox 832 5652 950 5704; x_wconf 80' lang='lat' dir='ltr'><strong>Vid.</strong></span> <span class='ocrx_word' id='word_1_784' title='bbox 1007 5663 1045 5704; x_wconf 85' lang='lat' dir='ltr'><strong>t.</strong></span> <span class='ocrx_word' id='word_1_785' title='bbox 1086 5652 1173 5704; x_wconf 80' lang='grc' dir='ltr'><strong>ιν.</strong></span> <span class='ocrx_word' id='word_1_786' title='bbox 1225 5652 1383 5704; x_wconf 84' lang='lat' dir='ltr'><strong>enist.</strong></span> <span class='ocrx_word' id='word_1_787' title='bbox 1437 5651 1558 5704; x_wconf 80' lang='grc'><strong>179.</strong></span> <span class='ocrx_word' id='word_1_788' title='bbox 1670 5647 2060 5702; x_wconf 65' lang='grc' dir='ltr'><strong>τιοίμην-εστ</strong></span> 
     </span>
    </p>
   </div>
   <div class='ocr_carea' id='block_1_114' title="bbox 2165 5571 3445 5704">
    <p class='ocr_par' dir='ltr' id='par_1_114' title="bbox 2166 5571 3445 5704">
     <span class='ocr_line' id='line_1_115' title="bbox 2181 5571 3445 5647; baseline -0.004 -18"><span class='ocrx_word' id='word_1_789' title='bbox 2181 5576 2337 5642; x_wconf 81' lang='lat' dir='ltr'><strong>Quid,</strong></span> <span class='ocrx_word' id='word_1_790' title='bbox 2387 5582 2491 5629; x_wconf 85' lang='lat' dir='ltr'><strong>etc.</strong></span> <span class='ocrx_word' id='word_1_791' title='bbox 2536 5575 2656 5629; x_wconf 84' lang='lat' dir='ltr'><strong>Vid.</strong></span> <span class='ocrx_word' id='word_1_792' title='bbox 2695 5572 2823 5628; x_wconf 83' lang='lat' dir='ltr'><strong>Acta</strong></span> <span class='ocrx_word' id='word_1_793' title='bbox 2863 5573 3053 5647; x_wconf 77' lang='lat' dir='ltr'><strong>synodi</strong></span> <span class='ocrx_word' id='word_1_794' title='bbox 3090 5590 3140 5641; x_wconf 92' lang='lat' dir='ltr'><strong>v,</strong></span> <span class='ocrx_word' id='word_1_795' title='bbox 3176 5573 3336 5628; x_wconf 84' lang='lat' dir='ltr'><strong>collat</strong></span> <span class='ocrx_word' id='word_1_796' title='bbox 3395 5571 3445 5625; x_wconf 71' lang='grc' dir='ltr'><strong>ι.</strong></span> 
     </span>
     <span class='ocr_line' id='line_1_116' title="bbox 2166 5645 3063 5704; baseline -0.009 -3"><span class='ocrx_word' id='word_1_797' title='bbox 2166 5659 2234 5704; x_wconf 81' lang='lat' dir='ltr'><strong>et.</strong></span> <span class='ocrx_word' id='word_1_798' title='bbox 2276 5649 2433 5704; x_wconf 88' lang='lat' dir='ltr'><strong>lbid..</strong></span> <span class='ocrx_word' id='word_1_799' title='bbox 2467 5650 2627 5704; x_wconf 76' lang='lat' dir='ltr'><strong>epist.</strong></span> <span class='ocrx_word' id='word_1_800' title='bbox 2663 5645 2749 5699; x_wconf 87' lang='grc'><strong>81.</strong></span> <span class='ocrx_word' id='word_1_801' title='bbox 2982 5700 2987 5704; x_wconf 96' lang='lat'><em>_</em></span> <span class='ocrx_word' id='word_1_802' title='bbox 3060 5668 3063 5671; x_wconf 96' lang='lat'><strong><em>-</em></strong></span> 
     </span>
    </p>
   </div>
   <div class='ocr_carea' id='block_1_115' title="bbox 1759 5666 3063 5717">
    <p class='ocr_par' dir='ltr' id='par_1_115' title="bbox 1759 5666 3063 5717">
     <span class='ocr_line' id='line_1_117' title="bbox 1759 5666 3063 5717; baseline -0.004 -16"><span class='ocrx_word' id='word_1_803' title='bbox 1759 5666 2234 5705; x_wconf 67' lang='lat' dir='ltr'><strong>.um—scrwcret.</strong></span> <span class='ocrx_word' id='word_1_804' title='bbox 2276 5666 2433 5711; x_wconf 73' lang='lat' dir='ltr'><strong>&quot;)qu</strong></span> <span class='ocrx_word' id='word_1_805' title='bbox 2467 5666 2627 5717; x_wconf 72' lang='lat' dir='ltr'><strong>PplSl.</strong></span> <span class='ocrx_word' id='word_1_806' title='bbox 2664 5666 2749 5699; x_wconf 72' lang='grc' dir='ltr'><strong>δι.</strong></span> <span class='ocrx_word' id='word_1_807' title='bbox 2982 5700 2987 5711; x_wconf 45' lang='grc' dir='ltr'>ι</span> <span class='ocrx_word' id='word_1_808' title='bbox 3060 5668 3063 5671; x_wconf 89' lang='grc'><strong><em>“</em></strong></span> 
     </span>
    </p>
   </div>
   <div class='ocr_carea' id='block_1_116' title="bbox 504 5651 1558 5721">
    <p class='ocr_par' dir='ltr' id='par_1_116' title="bbox 504 5651 1558 5721">
     <span class='ocr_line' id='line_1_118' title="bbox 504 5651 1558 5721; baseline 0.001 -20"><span class='ocrx_word' id='word_1_809' title='bbox 504 5656 649 5717; x_wconf 65' lang='lat' dir='ltr'><strong>tam,</strong></span> <span class='ocrx_word' id='word_1_810' title='bbox 680 5659 783 5707; x_wconf 86' lang='lat' dir='ltr'><strong>etc.</strong></span> <span class='ocrx_word' id='word_1_811' title='bbox 832 5652 950 5707; x_wconf 77' lang='lat' dir='ltr'><strong>V&#39;i’d.</strong></span> <span class='ocrx_word' id='word_1_812' title='bbox 1007 5663 1045 5705; x_wconf 85' lang='lat' dir='ltr'><strong>t.</strong></span> <span class='ocrx_word' id='word_1_813' title='bbox 1086 5652 1173 5715; x_wconf 86' lang='lat' dir='ltr'><strong>IV,</strong></span> <span class='ocrx_word' id='word_1_814' title='bbox 1225 5652 1383 5721; x_wconf 87' lang='lat' dir='ltr'><strong>epist.</strong></span> <span class='ocrx_word' id='word_1_815' title='bbox 1437 5651 1558 5705; x_wconf 80' lang='grc'><strong>179.</strong></span> 
     </span>
    </p>
   </div>
   <div class='ocr_carea' id='block_1_117' title="bbox 3551 5560 3755 5649">
    <p class='ocr_par' dir='ltr' id='par_1_117' title="bbox 3551 5560 3755 5649">
     <span class='ocr_line' id='line_1_119' title="bbox 3551 5560 3755 5649; baseline 0.01 -22"><span class='ocrx_word' id='word_1_816' title='bbox 3551 5568 3600 5649; x_wconf 66' lang='grc' dir='ltr'><strong>το</strong></span> <span class='ocrx_word' id='word_1_817' title='bbox 3646 5560 3755 5629; x_wconf 55' lang='lat' dir='ltr'><strong>tu:</strong></span> 
     </span>
    </p>
   </div>
   <div class='ocr_carea' id='block_1_118' title="bbox 2893 5634 2905 5646">
    <p class='ocr_par' dir='ltr' id='par_1_118' title="bbox 2893 5634 2905 5646">
     <span class='ocr_line' id='line_1_120' title="bbox 2893 5634 2905 5646; baseline 0 0"><span class='ocrx_word' id='word_1_818' title='bbox 2893 5634 2905 5646; x_wconf 59' lang='grc' dir='ltr'>δ</span> 
     </span>
    </p>
   </div>
  </div>
