3954 6294
209 326 310 392 ηδ

1393 337 1755 397 HISTORIA
1792 335 2302 398 THEODORETI.

3361 327 3462 391 126

205 438 389 509 capiti.
453 437 662 493 Deinde
714 440 978 497 conduxit
1026 432 1300 499 medicum
1325 486 1338 508 ,
1400 460 1509 515 quo
1559 446 1784 500 carebat
1813 449 1857 502 A
1885 447 2108 502 Litterae
2133 449 2280 502 enim
2303 446 2479 502 Procli
2530 444 2844 500 referuntur
2886 444 2940 498 in
2971 443 3204 498 concilio
3231 440 3462 496 Chalce-

205 530 462 602 Cyrillus,
497 539 554 586 et
587 531 869 586 basilicam
899 535 1162 603 apostolis
1188 537 1364 592 erexit
1388 547 1574 606 postea
1600 554 1612 589 :
1636 535 1782 605 quod

207 622 260 675 in
285 621 468 691 elogio
490 621 741 676 Jacobi"
771 633 827 676 et
851 625 1160 694 epistolis"
1197 629 1460 696 scriptum
1488 628 1731 697 reliquit.

275 711 386 765 VII.
426 712 674 766 Meminit
712 713 980 769 Baronius
1023 716 1090 770 ad
1125 733 1326 771 annum
1358 719 1782 789 quadringente-

205 801 404 855 simum
442 803 781 856 tricesimum
810 819 1015 858 nonum
1047 807 1226 876 magni
1255 808 1538 877 cujusdam
1565 809 1782 863 concilii

206 907 236 946 a
286 893 487 946 Proclo
542 895 596 946 in
654 894 793 948 urbe
842 896 990 965 regia
1034 899 1232 961 coacti,
1280 899 1348 953 de
1377 915 1486 968 quo
1507 901 1783 969 inquirere

202 996 385 1052 operm
414 984 652 1052 pretium
678 994 782 1049 est,
809 987 1063 1054 quoniam
1083 991 1255 1043 sancti
1271 989 1456 1060 Cyrilli
1479 1007 1566 1044 res
1583 992 1780 1059 agitur,

201 1080 250 1126 et
302 1074 420 1127 odii
467 1090 495 1127 a
531 1073 792 1127 Dioscoro
823 1076 979 1144 172
1016 1076 1071 1130 in
1102 1077 1507 1132 Theodoretum
1534 1079 1781 1148 concepti

203 1162 324 1217 fons
371 1163 578 1232 aperiri
622 1165 841 1219 dicitur.
915 1165 1120 1220 Scribit
1164 1168 1329 1238 igitur
1383 1169 1784 1224 illustrissimus

199 1255 504 1308 cardinalis
543 1271 556 1307 ε
597 1256 645 1308 1.
673 1256 928 1310 Proclum
972 1256 1039 1310 ad
1062 1259 1354 1311 concilium
1382 1275 1638 1312 evocasse
1673 1275 1781 1312 non

199 1345 546 1400 mediocrem
571 1347 953 1417 episcoporum
975 1350 1405 1413 multitudinem,
1431 1360 1491 1404 ut
1511 1367 1622 1404 sua:
1639 1351 1784 1405 sedis

197 1439 453 1508 dignitati
484 1441 818 1498 consuleret.
876 1441 928 1493 2.
968 1442 1026 1495 in
1058 1457 1124 1495 eo
1157 1452 1337 1496 actum
1364 1444 1625 1496 adversus
1653 1443 1782 1497 Ale-

197 1529 488 1583 xandriam
512 1530 769 1584 Ecclesiae
795 1532 1122 1596 molitiones,
1155 1533 1309 1601 quasi
1344 1534 1510 1587 totius
1534 1531 1783 1586 Orienta-

196 1617 265 1673 lis
289 1619 551 1675 Ecclesiae
583 1622 876 1690 primatum
902 1622 1141 1693 Cyrillus
1164 1624 1419 1677 ambiret.
1479 1625 1532 1678 5.
1563 1626 1724 1679 Datas
1751 1641 1780 1679 a

194 1711 438 1765 concilio
457 1712 670 1767 litteras
691 1713 758 1767 ad
780 1714 1208 1769 Alexandrinum
1229 1717 1550 1778 antistitem,
1580 1717 1781 1785 quibus

1889 535 2121 591 donensi
2159 538 2263 591 hoc
2304 537 2464 590 titulo
2511 552 2524 588 :
2581 533 2939 604 ’Λντίγραφον
2970 530 3252 584 συνοδικοῦ
3279 529 3461 600 γράμ-

1894 645 2080 695 ματος.
2139 627 2226 696 Τῷ
2269 627 2568 695 ὁσιωτάτῳ,
2620 625 2714 677 καὶ
2749 621 3167 691 θεοφιλεστάτῳ,
3217 623 3309 673 καὶ
3337 619 3463 672 συλ-

1889 718 2188 787 λειτουργῷ
2215 718 2404 786 Δόμνῳ
2431 715 2672 785 Πρόκλος
2701 717 2757 766 ὲν
2789 713 2980 782 Κυρίῳ
3003 713 3216 782 χαίρειν
3234 713 3301 762 ⁷⁵.

1962 810 2146 863 Potest
2177 817 2358 862 tamen
2401 807 2642 862 suboriri
2673 806 2935 860 nonnulla
2962 805 3211 873 quaestio.
3251 801 3460 868 Quam-

1888 900 2100 962 obrem,
2128 899 2172 953 si
2197 915 2282 953 res
2306 901 2377 952 ita
2400 914 2457 953 se
2479 898 2692 958 habuit,
2720 906 2780 950 ut
2803 896 3060 956 diximus,
3085 892 3465 947 Theodoretus

1889 989 2175 1058 scripserit
2223 987 2596 1042 Antiochenos
2650 985 2804 1054 173
2853 996 3134 1036 assensum
3162 977 3464 1048 praebuisse

1890 1078 2066 1132 Procli
2100 1076 2411 1147 synodicis?
2457 1077 2568 1136 τοῖς
2597 1073 2704 1125 τῶν
2741 1072 2911 1139 ἁγίων
2943 1071 3204 1140 Πατέρων
3242 1067 3464 1119 καύόσιν

1889 1167 2378 1238 ἀκολουθήσαντας.
2406 1167 2516 1221 Cur
2537 1166 2758 1220 eosdem
2782 1163 3155 1217 Antiochenos
3171 1161 3465 1213 Dioscorus

1889 1262 2119 1331 prodita
2141 1276 2254 1313 sua:
2296 1274 2360 1312 ac
2385 1257 2766 1310 Alexandrinae
2790 1255 3046 1309 Ecclesiae
3080 1266 3204 1305 reos
3231 1250 3421 1304 fecerit
3446 1266 3460 1301 :

1889 1362 1945 1407 et
1971 1368 2081 1421 quo
2112 1353 2165 1404 in
2193 1350 2365 1420 gradu
2403 1359 2531 1402 tunc
2559 1348 2825 1416 temporis
2868 1347 3164 1399 Dioscorus
3192 1341 3462 1395 constitu-

1891 1452 1978 1497 tus
2007 1442 2183 1496 esset?
2211 1441 2433 1502 Verum,
2468 1447 2526 1492 ut
2555 1454 2586 1491 a
2618 1447 2893 1506 postremo
2917 1435 3123 1496 ordiar,
3147 1434 3461 1495 Dioscorus,

1889 1551 2012 1590 cum
2051 1533 2407 1588 Antiochenis
2456 1531 2666 1585 crimen
2692 1529 3020 1598 proditionis
3043 1527 3334 1596 objiceret,
3373 1540 3462 1577 re-

1888 1643 2019 1682 cens
2047 1634 2389 1680 successerat
2431 1623 2486 1676 in
2517 1621 2706 1692 Cyrilli
2736 1621 2915 1674 locum
2945 1661 2958 1682 ,
3006 1619 3093 1672 die
3124 1617 3193 1682 28
3220 1614 3463 1672 Januarii

1887 1736 2032 1774 anno
2051 1719 2155 1772 4M
2182 1717 2445 1793 defuncti.
2471 1713 2685 1785 Objecit
2707 1729 2860 1777 vero,
2883 1712 3010 1781 quia
3036 1709 3312 1781 synodicis
3334 1708 3466 1761 Pro-

197 1810 532 1856 moneretur
587 1819 857 1858 canonum
901 1806 1100 1874 prioris
1129 1808 1415 1876 utriusque
1442 1808 1659 1861 concilii
1687 1825 1780 1877 ge-
1819 1798 1856 1855 Β
1888 1809 1955 1863 cli
1989 1808 2190 1861 litteris
2233 1808 2475 1860 Domnus
2501 1805 2814 1858 admonitus
2845 1801 3195 1871 dijudicatam
3219 1798 3464 1852 Athana—

195 1895 409 1947 neralis
460 1894 664 1948 Nicami
723 1903 779 1949 et
808 1895 1398 1966 Constantinopolitani
1445 1917 1456 1950 :
1499 1907 1553 1952 et
1580 1898 1784 1953 NiCﬂilli

195 1985 449 2055 quidem,
485 1987 599 2039 suis
633 1987 874 2057 singulas
903 1987 1170 2043 dimceses
1206 1991 1473 2044 limitibus
1501 2001 1786 2046 contentas

193 2091 315 2131 esse
341 2076 744 2144 praecipientis;
800 2078 1389 2149 Constantinopolitani
1438 2098 1588 2144 vero,
1646 2098 1787 2151 prae-

195 2166 370 2219 sulem
408 2182 567 2220 novae
591 2167 775 2221 Romae
805 2170 1106 2224 secundum
1137 2187 1165 2224 a
1187 2172 1391 2225 veteris
1412 2173 1654 2227 antistite
1684 2190 1784 2242 po-

195 2258 403 2310 nentis.
470 2259 522 2312 4.
569 2259 806 2313 Litteras
856 2261 922 2313 ab
951 2261 1311 2316 Antiochenis
1343 2273 1591 2332 receptas
1615 2264 1784 2318 fuisse

193 2357 247 2401 et
287 2349 612 2402 assensione
641 2349 1006 2404 conﬁrmatas.
1069 2354 1120 2405 5.
1156 2354 1499 2416 Dioscorum,
1535 2355 1628 2422 qui
1653 2362 1785 2409 tunc

193 2441 580 2494 Alexandrina:
625 2442 882 2497 Ecclesiae
905 2444 958 2496 in
1009 2444 1146 2498 urbe
1191 2446 1341 2514 regia
1382 2446 1784 2515 apocrisiarius

191 2539 362 2593 esset,
427 2533 641 2602 magnis
681 2534 896 2589 viribus
941 2535 1257 2601 obstitisse;
1317 2538 1433 2600 sed,
1483 2553 1610 2590 cum
1643 2539 1780 2592 nihil

193 2623 520 2691 proﬁceret,
587 2625 645 2677 in
700 2625 1102 2691 Antiochenos,
1159 2644 1394 2697 quorum
1445 2630 1780 2684 incentorem

194 2714 463 2769 credebat
487 2715 918 2779 Theodoretum,
947 2719 1194 2773 dolorem
1227 2721 1393 2773 animi
1419 2722 1778 2786 convertisse,

193 2821 400 2874 eosque
435 2807 770 2875 proditionis
800 2809 854 2862 in
883 2825 1036 2863 suam
1063 2825 1127 2864 ac
1151 2811 1570 2866 Alexandrinam
1598 2813 1784 2867 Eccle-

196 2898 331 2950 siam
365 2913 683 2953 accusasse.

261 2988 470 3041 Verum
505 2998 564 3042 ut
595 2989 886 3055 Duronius,
947 2993 1293 3047 auctoritatis
1330 3009 1443 3048 sua:
1481 3002 1777 3064 momento,

196 3080 443 3150 potuerit
464 3081 680 3134 Binium
709 3091 1049 3152 caeterosque
1072 3084 1435 3138 conciliorum
1457 3085 1781 3139 collectores

194 3186 249 3224 1i
273 3188 434 3225 suam
459 3175 783 3227 sententiam
821 3175 1125 3241 adducere;
1181 3191 1300 3228 eam
1333 3184 1512 3229 tamen
1547 3177 1780 3231 curiosis

195 3264 274 3318 rei
301 3263 738 3333 indagatoribus,
768 3266 859 3319 vix
885 3281 948 3320 ac
976 3282 1044 3321 ne
1068 3267 1160 3320 vix
1174 3267 1396 3336 quidem
1421 3267 1774 3335 persuaserit.

194 3352 328 3409 Nam
359 3354 695 3408 Theodoreti
723 3357 956 3424 epistola
979 3356 1066 3420 86,
1113 3372 1218 3425 qua
1243 3372 1350 3410 una
1375 3357 1566 3418 utitur,
1606 3357 1657 3410 id
1690 3373 1777 3410 re-

193 3445 311 3517 ipsa
347 3463 456 3499 non
480 3446 747 3511 continet,
777 3447 922 3516 quod
953 3447 1216 3502 cardinali
1250 3447 1430 3500 visum
1457 3457 1567 3513 est;
1601 3463 1778 3517 neque

195 3538 343 3593 ullus
385 3539 623 3607 scriptor
663 3539 799 3592 tanti
829 3539 1035 3608 negotii
1065 3539 1316 3592 meminit
1343 3557 1356 3592 :
1383 3556 1561 3609 neque
1589 3540 1777 3611 Cyrilli

193 3629 467 3682 modestia
525 3637 631 3682 tam
676 3630 1039 3684 ambitiosum.
1061 3631 1352 3686 consilium
1385 3630 1529 3686 ferre
1561 3633 1775 3702 potuit;

193 3736 376 3790 neque
408 3721 721 3776 Christiana
752 3723 992 3778 charitas
1026 3723 1373 3777 sanctissimo
1401 3723 1620 3776 vinculo
1651 3740 1778 3778 san-

191 3812 475 3866 ctissimos
500 3815 763 3882 przesules
791 3817 1047 3870 Proclum
1068 3824 1123 3870 et
1146 3816 1409 3886 Cyrillum
1435 3818 1774 3882 devincicns,

191 3913 302 3957 tam
351 3904 673 3974 injuriosam
717 3907 1045 3962 sententiam
1089 3908 1274 3962 dicere
1318 3909 1533 3975 valuit;
1598 3925 1778 3978 neque

190 3994 419 4048 tandem
449 3996 559 4050 ulla
585 4012 704 4051 sese
736 4013 799 4052 ea
826 4006 1146 4067 tempestate
1173 3999 1400 4054 dederat
1431 4001 1646 4054 occasio
1674 4001 1780 4054 hoc

191 4085 260 4141 de
283 4088 411 4157 jure
445 4089 770 4157 praesidendi
795 4092 1044 4147 conciliis
1071 4092 1367 4147 Orientalis
1386 4094 1645 4148 Ecclesiae
1667 4095 1780 4148 dis-

193 4180 453 4247 ceptandi
487 4198 498 4232 :
531 4195 653 4251 quae
679 4182 782 4235 tria
812 4184 1117 4252 posteriora
1149 4201 1274 4238 cum
1301 4194 1449 4240 certa
1477 4186 1637 4249 sint,‘
1662 4186 1778 4254 pri-

193 4283 347 4322 mum
379 4286 492 4324 non
520 4287 718 4342 magno
739 4274 959 4343 negotio
992 4275 1048 4329 in
1076 4277 1398 4330 recensione
1427 4275 1671 4345 epistolae
1691 4275 1776 4340 86,

193 4360 538 4417 conﬁcietur.
576 4383 592 4414 ι
617 4364 784 4428 Scito,
811 4365 1051 4430 domine,
1076 4366 1218 4421 hanc
1236 4368 1388 4420 illum
1416 4367 1777 4436 (Dioscorum)

1888 1898 1953 1953 sii
1976 1897 2296 1951 Pcrrhensis
2319 1910 2537 1948 causam
2563 1890 2942 1962 rccognoverit
2968 1907 2980 1942 :
3000 1903 3109 1957 quo
3129 1887 3274 1940 facto
3290 1885 3462 1938 videri

1886 1989 2066 2058 potuit
2106 1987 2401 2057 primatum
2453 1986 2649 2038 Proclo
2691 1982 2996 2036 concedere
3021 2021 3034 2044 ,
3095 1977 3367 2047 siquidem
3404 1986 3464 2032 ut

1885 2081 2116 2151 privatis
2142 2079 2342 2133 litteris
2364 2091 2589 2131 monere
2617 2076 2686 2131 de
2709 2073 2886 2130 cilicio
2910 2071 3070 2127 amici
3095 2080 3198 2134 est,
3235 2070 3307 2123 ita
3334 2085 3461 2140 syn-

1887 2173 2082 2234 odicis,
2102 2171 2424 2241 superioris.
2453 2170 2570 2224 Jam
2595 2185 2745 2232 vero,
2770 2182 2892 2222 cum
2916 2165 3285 2220 Alexandrina
3307 2163 3464 2218 sedes

1886 2262 2124 2318 secunda
2147 2261 2315 2314 fuerit
2339 2268 2462 2329 post
2485 2260 2805 2320 Romanam,
2831 2255 3171 2311 Antiochena
3201 2263 3322 2323 post
3341 2255 3462 2306 Ale-

1884 2352 2205 2406 xandrinam
2250 2351 2432 2412 tertia,
2487 2349 2651 2418 idque
2681 2357 2956 2403 servatum
2989 2345 3152 2400 fuerit
3191 2347 3301 2415 jam
3334 2344 3462 2398 inde

1885 2458 1914 2497 a
1943 2443 2138 2512 primis
2165 2441 2426 2496 Ecclesiae
2451 2440 2790 2510 temporibus
2816 2453 2831 2491 :
2856 2435 3459 2504 Constant-inopolitana

1885 2547 2079 2588 recens
2120 2531 2448 2595 constituta,
2497 2531 2541 2585 si
2571 2530 2872 2585 secundum
2900 2530 3081 2583 locum
3111 2534 3312 2589 teneat,
3338 2527 3460 2595 jus-

1884 2637 1989 2692 que
2037 2622 2210 2691 ipsius
2259 2622 2364 2675 hac
2407 2622 2462 2675 in
2506 2629 2658 2690 parte
2702 2631 3064 2689 agnoscatur;
3122 2631 3347 2671 necesse
3378 2621 3463 2670 est

1886 2724 2178 2784 utramque
2205 2715 2368 2769 aliam
2393 2714 2579 2768 sedem
2607 2712 3028 2783 patriarchalem
3063 2709 3319 2778 deprimi.

2473 2825 2698 2880 CAPUT
2729 2825 2868 2879 V’lll.

1883 2917 1924 2972 l.
1975 2916 2174 2972 Joanni
2221 2917 2540 2971 Antiocheno
2587 2917 2814 2969 succedit
2857 2914 3110 2967 Domum.
3169 2912 3235 2966 Il.
3263 2909 3463 2979 Cyrillo

1955 2987 2319 3041 Alexandrino
2338 2987 2637 3039 Dioscorus.
2682 2984 2769 3038 lll.
2794 2982 2995 3053 Cyrillo
3015 2991 3219 3053 mortuo
3239 2980 3464 3034 insultat

1954 3057 2322 3118 Theodoretus,
2359 3072 2460 3108 non
2485 3064 2690 3107 tantum
2717 3050 2902 3106 litteris
2924 3052 3060 3104 datis
3089 3051 3155 3104 ad
3177 3050 3461 3102 Damnum.

1953 3126 2044 3182 1V.
2088 3125 2190 3178 Sed
2217 3127 2373 3177 etiam
2401 3126 2644 3177 concione
2668 3123 2843 3176 habita
2866 3121 3174 3176 Antiochiw.
3324 3119 3464 3192 _Eam_

1960 3197 2020 3250 ob
2047 3212 2154 3248 rem
2189 3194 2328 3247 male
2359 3195 2525 3247 audit.
2583 3193 2670 3246 Vl.
2722 3192 2788 3246 Et
2818 3192 2879 3245 ab
2912 3193 3230 3259 imperatore
3249 3189 3466 3259 jubetur

1955 3283 2008 3319 se
2039 3267 2304 3319 continere
2331 3263 2486 3334 Cyro.
2528 3262 2832 3334 VlLAParct
2863 3257 3032 3334 multa
3058 3257 3286 3328 questus.
3326 3257 3460 3312 VH].

1959 3336 2243 3389 Eranisten
2272 3331 2554 3402 componit.
2609 3332 2699 3386 1X.
2729 3331 2882 3402 Apud
2911 3331 3213 3402 Dioscorum
3246 3345 3464 3381 accusa-

1958 3415 2064 3459 tur.
2127 3404 2193 3458 Χ.
2225 3399 2414 3458 Scribit
2468 3402 2744 3465 Flaviano,
2778 3399 2884 3470 'qui
2914 3399 3462 3470 Proclogsuccesser‘at,

1958 3485 2136 3545 petens
2159 3491 2307 3545 opem
2331 3475 2577 3528 adversus
2604 3467 2928 3545 Dioscorum.
2973 3470 3062 3522 XI.
3089 3467 3266 3545 Ef/jcit
3289 3477 3344 3519 ut
3366 3467 3463 3545 ρο-

1958 3538 2112 3598 innus
2156 3538 2384 3614 legatum
2412 3546 2583 3597 mittat
2621 3544 2690 3594 ad
2711 3544 3104 3611 imperatorem.
3156 3538 3347 3608 Legato
3374 3538 3467 3591 dat

1959 3615 2160 3669 litteras
2192 3614 2259 3668 ad
2287 3616 2583 3683 Optimatcs.

2291 3717 2362 3766 Al)
2386 3731 2512 3765 anno
2534 3714 2712 3766 Christi
2737 3715 2823 3763 ΗΟ
2847 3717 2903 3763 ad
2927 3715 2953 3761 ,ί
2967 3715 3035 3761 Π.

1955 3822 1996 3875 l.
2036 3821 2336 3874 lnclinante
2365 3837 2508 3874 anno
2533 3819 2735 3874 Christi
2764 3818 3307 3888 quadringentesimo
3330 3831 3466 3884 qua-

1886 3912 2228 3982 dragesimo,
2286 3921 2380 3965 aut
2425 3913 2609 3981 potius
2638 3913 2860 3965 ineunte
2896 3911 2989 3978 qui
3017 3909 3285 3977 sequitur,
3321 3908 3465 3961 diem

1885 4013 2192 4058 extremum
2237 4004 2435 4058 clausit
2473 4004 2740 4065 Joannes,
2798 4015 3082 4072 postquam
3114 3999 3468 4054 Antiochense

1886 4096 2144 4150 Ecclesia:
2192 4111 2367 4149 annos
2413 4095 2677 4148 tredecim
2727 4103 2871 4148 totos
2898 4093 2966 4145 ab
3011 4092 3163 4144 obitu
3191 4090 3466 4143 Theodori

1885 4187 2216 4257 priefuisset.
2281 4185 2548 4238 Defuncto
2591 4182 2858 4236 successit
2900 4182 3142 4233 Domnus
3188 4195 3252 4231 ex
3281 4192 3468 4231 sorore

1886 4293 2077 4346 nepos,
2120 4277 2204 4330 vir
2256 4285 2317 4329 ut
2340 4275 2522 4328 dubia:
2551 4273 2697 4335 ﬁdei,
2733 4272 2810 4326 sic
2835 4269 3199 4338 imprudentis
3225 4267 3464 4332 consilii,

1887 4368 2162 4436 variatque
2178 4366 2433 4428 fortunte,
2452 4373 2509 4417 et
2529 4364 2761 4417 infelicis
2777 4361 2961 4415 sortis.
2979 4360 3114 4414 Nam
3135 4376 3256 4413 cum
3275 4375 3464 4429 pacem

193 4451 466 4507 adversus
499 4471 600 4510 nos
630 4457 1139 4526 pusillanimitatem
1175 4475 1386 4528 gerere,
1421 4474 1488 4512 ex
1517 4474 1626 4526 quo
1650 4473 1780 4528 syn-
1815 4480 1856 4536 ο
1886 4461 1955 4513 ab
1984 4456 2258 4512 avunculo
2281 4456 2641 4526 compositam
2686 4470 2796 4508 non
2831 4451 3174 4507 sanctissime
3197 4455 3469 4504 servasset

194 4542 376 4598 odicis
393 4546 593 4601 vestris
626 4547 728 4602 sub
754 4549 1225 4605 beatae-memoriae
1249 4550 1443 4603 Proclo
1471 4549 1629 4604 factis
1655 4566 1782 4604 san-

193 4644 419 4690 ctorum
457 4636 678 4692 Patrum
716 4639 919 4709 regulis
950 4640 1280 4696 inhaerentes
1306 4642 1641 4695 assensimus
1675 4660 1686 4694 :
1722 4657 1784 4696 ac

196 4728 270 4783 de
295 4727 408 4782 hoc
433 4744 532 4782 nos
554 4731 722 4785 semel
755 4741 918 4801 atque
943 4733 1143 4787 iterum
1174 4733 1510 4802 increpasse,
1547 4734 1700 4803 quasi
1728 4741 1785 4787 et

194 4817 696 4886 Antiochenorum,
723 4830 784 4876 ut
810 4821 903 4887 ait,
929 4829 984 4876 et
1003 4820 1496 4876 Alexandrinorum
1520 4823 1641 4894 jura
1661 4838 1787 4892 pro-

195 4908 526 4964 diderimus.
559 4929 577 4960 ι

274 4999 423 5066 Quas
445 5017 578 5056 vero
621 5003 1005 5059 Theodoretus
1031 5005 1320 5076 synodicas
1351 5005 1454 5060 sub
1477 5006 1672 5060 Proclo
1699 5005 1782 5059 fa~

198 5101 322 5147 etas
349 5091 844 5165 Constantinopoli,
894 5105 950 5151 et
976 5097 1045 5152 ab
1069 5096 1430 5151 Antiochenis
1456 5098 1784 5167 approbatas

197 5194 509 5248 memorat,
570 5202 681 5240 non
722 5187 875 5251 alias,
917 5187 1132 5256 opinor,
1179 5203 1340 5256 quam
1387 5202 1510 5256 quae
1537 5187 1591 5241 in
1619 5203 1780 5243 causa

199 5274 488 5330 Athanasii
538 5278 943 5333 Perrhenorum
971 5278 1215 5348 episcopi
1265 5277 1528 5333 confectae
1557 5288 1685 5333 sunt
1726 5279 1781 5332 in

197 5366 460 5432 concilio,
493 5369 639 5424 unde
664 5371 888 5426 Proclus
912 5361 978 5424 ad
1000 5371 1272 5424 Domuum
1293 5385 1354 5424 ea
1378 5370 1444 5424 de
1466 5384 1524 5423 re
1542 5369 1780 5439 scripsit.

1887 4553 2218 4624 (incertum,
2269 4566 2366 4604 sua
2406 4558 2622 4617 sponte,
2668 4564 2737 4601 an
2777 4545 3109 4601 Theodoreti
3142 4540 3466 4609 instinctu),

1884 4644 2149 4712 visusque
2175 4647 2325 4696 esset
2373 4639 2672 4694 amicitiam
2698 4638 2886 4709 Cyrilli
2913 4637 3221 4707 negligere,
3258 4635 3310 4689 in
3339 4635 3466 4688 Ale-

1883 4734 2280 4790 xandrinorum
2309 4731 2669 4786 oﬂ‘ensionem
2695 4729 2950 4792 incurrit,
2984 4743 3091 4796 qua
3119 4725 3465 4796 postmodum

1887 4821 1944 4880 in
1967 4840 2220 4897 apertum
2247 4824 2432 4878 odium
2461 4822 2872 4884 exardescente,
2900 4836 2929 4872 a
2953 4817 3262 4873 latrocinali
3283 4816 3468 4870 conci-

1891 4916 1965 4970 lio
1993 4914 2276 4985 Ephesino
2308 4929 2412 4967 una
2443 4928 2567 4966 cum
2598 4911 2948 4965 Theodoreto
2981 4909 3045 4962 de
3070 4908 3198 4961 sede
3224 4906 3468 4977 dejectus

1890 5015 2003 5071 est,
2039 5014 2095 5061 et
2121 5021 2359 5061 mcerore
2383 5004 2666 5059 confectus
2696 5003 2926 5057 interiit.

1961 5095 2184 5151 Occulta
2231 5094 2358 5148 facti
2401 5109 2565 5148 causa
2592 5101 2705 5157 est;
2747 5103 2997 5160 apertum
3030 5098 3206 5144 tamen
3235 5087 3377 5140 hanc
3412 5086 3465 5140 in

1891 5203 2006 5243 rem
2042 5187 2214 5242 sancti
2241 5185 2520 5256 Euthymii
2548 5183 2894 5238 vaticinium.
2933 5182 3143 5235 Domno
3171 5178 3282 5243 ille,
3317 5191 3465 5240 cum,

1889 5279 2107 5333 deserto
2131 5276 2458 5347 jampridem
2491 5272 2846 5335 monasterio,
2881 5269 3228 5324 Antiochiam
3256 5273 3468 5336 peteret

1890 5368 2206 5424 ambitionis
2225 5367 2413 5431 ductu,
2445 5364 2754 5436 praedixit"
2777 5362 2894 5418 fore
2925 5382 2942 5412 ι
2976 5369 3034 5415 ut
3057 5359 3312 5415 avunculi
3347 5357 3471 5428 qui-

1543 5523 1859 5580 SCllULZlI
1902 5522 2132 5579 NOTAE.

279 5657 322 5730 ’ξ
351 5660 412 5714 In
437 5659 571 5730 eleg.
611 5661 726 5716 Jac.
759 5663 904 5728 Vid.,
942 5675 981 5718 t.
1021 5664 1110 5730 Ill,

203 5721 250 5752 ν.
279 5664 416 5752 131'!
437 5664 738 5752 “29:3”:
757 5664 918 5752 Yidr.
942 5675 981 5718 ίο
1021 5664 1215 5752 Πινηρτ
1241 5664 1377 5752 1.34:”
1405 5681 1518 5752 53¢

230 5726 250 5750 ⁵
279 5727 435 5784 Conc.
477 5726 684 5796 (Ἡραία,
716 5742 818 5788 act.
859 5726 944 5789 id.

1655 5664 1700 5695 τι.
1725 5663 1779 5732 ΕΙ

1904 5661 1996 5716 llis.
2035 5664 2156 5718 Vid.
2191 5671 2229 5717 t.
2258 5664 2348 5727 iV,
2389 5661 2549 5732 epist.
2584 5661 2670 5724 29,
2728 5658 2816 5724 42,
2856 5657 2940 5723 45,
2989 5659 3076 5722 79,
3123 5654 3220 5710 “'5
3255 5669 3307 5709 ct
3346 5649 3462 5711 H5.

1022 5735 1065 5766 ⁷⁸
1099 5733 1377 5789 Prwdia‘it.
1416 5734 1472 5788 In
1522 5734 1623 5787 Vit.
1666 5733 1721 5787 S.
1761 5733 2057 5806 Euthymii.
