3954 6294
498 284 601 359 1‘2?

1621 294 1999 359 GARNERII
2039 297 2537 362 D‘lSSERTATIO
2576 302 2619 361 I.

3641 305 3743 372 128

497 405 927 503 dent—obtineret
950 407 1158 473 sedem,
1184 409 1282 465 sed
1306 423 1426 471 eam
1450 409 1556 503 ipsi
1578 422 1769 468 rursus
1787 414 2073 469 auferrent
2099 422 2141 481 Α
2172 413 2426 483 pluribus
2464 415 2614 471 enim
2666 413 2791 471 ﬁdei
2826 415 3097 485 pacisque
3120 414 3437 503 amantibus
3478 418 3631 473 velle
3654 419 3737 474 Vis-

502 497 663 568 νη
690 499 818 553 mali
844 498 1096 555 homines
1123 504 1287 570 altius
1312 498 2075 575 praestigiatores,.postquam

497 589 567 644 ab
595 589 706 645 illis
731 589 887 658 prius
913 605 1025 661 prae
1050 591 1362 661 ignorantia
1389 594 1651 650 seductus
1673 607 1840 657 esset.
1873 616 1897 663 »Α

567 679 632 733 Il.
656 680 949 736 Eﬂluxerat
966 681 1081 737 fere
1102 684 1529 752 quadriennium
1552 688 1621 742 ab
1648 688 1803 744 obitu
1822 688 2071 755 Joannis,

497 785 624 829 cum
664 771 754 825 die
796 787 940 826 nona
977 774 1128 833 Junii
1179 776 1434 847 migravit
1475 778 1544 835 ad
1563 794 1795 849 superos
1815 779 2070 851 Cyrillus,

499 870 787 932 postquam
842 863 1281 945 Alexandrinam
1310 870 1615 927 Ecclesiam
1670 873 1894 942 triginta
1934 872 2077 928 duos

500 966 676 1008 annos
705 954 959 1010 rexisset.
998 956 1177 1015 Flevit.
1200 958 1466 1033 Egypt“
1489 962 1802 1031 praesulatu,
1830 962 2075 1019 Ecclesia

500 1044 801 1109 doctorem,
818 1046 969 1102 orbis
985 1048 1165 1103 virum
1180 1050 1484 1105 constantis
1501 1050 1648 1116 ﬁdei,
1669 1052 1852 1122 magni
1873 1051 2065 1117 animi,

500 1135 831 1194 eruditionis
867 1139 1105 1205 eximite,
1154 1141 1374 1199 invictae
1418 1142 1636 1211 pietatis
1686 1143 1742 1197 in
1770 1143 2074 1209 Christum,

500 1226 795 1298 singularis
833 1246 964 1301 erga
993 1232 1282 1302 Deiparam
1309 1233 1508 1301 studii;
1561 1250 1686 1290 eum
1711 1235 1947 1305 denique
1980 1235 2075 1305 qui

500 1327 687 1388 posset
717 1320 1059 1378 conﬁdenter
1088 1339 1351 1393 vereque,
1383 1333 1522 1380 teste
1546 1325 1707 1391 ctelo,
1742 1326 1927 1382 dicere
1950 1342 2077 1382 cum

501 1407 762 1477 Apostolo
789 1426 803 1463 :
831 1409 1017 1467 Certus
1043 1430 1182 1477 sum,
1215 1414 1353 1484 quod
1380 1430 1546 1484 neque
1574 1433 1736 1480 mors,
1761 1433 1925 1487 neque
1945 1417 2075 1481 vita,

503 1514 669 1569 neque
692 1499 904 1571 Angeli,
930 1518 1095 1572 neque
1122 1504 1485 1576 Principatus,
1517 1522 1684 1577 neque
1715 1507 1959 1571 Virtutes,
1983 1524 2079 1562 ne—

502 1604 603 1659 que
641 1591 920 1657 instantia,
971 1611 1137 1664 neque
1174 1596 1380 1665 futura,
1414 1614 1581 1668 neque
1609 1598 1883 1668 fortitudo,
1914 1616 2079 1670 neque

503 1679 752 1749 altitudo,
788 1700 954 1754 neque
987 1688 1331 1756 profundum,
1368 1705 1534 1759 neque
1566 1699 1812 1743 creatura
1841 1690 1951 1743 alia
1980 1706 2077 1760 ρο-

2174 508 2429 575 debetur,
2464 511 2551 564 vel
2582 509 2635 564 in
2667 508 2910 579 synodis,
2947 523 3085 577 quos
3106 507 3366 577 Frequens
3391 524 3492 564 suo
3510 510 3750 565 consilio

2173 600 2431 670 cogebat,
2485 601 2744 670 pristinas
2772 599 2962 655 turbas
2982 598 3257 665 excitare;
3319 600 3407 654 vel
3428 603 3596 655 etiam
3623 602 3739 656 elo-

2174 692 2396 761 quentia
2432 701 2488 747 et
2525 693 2851 748 auctoritate
2884 698 3213 759 prostratam
3241 691 3474 746 haeresin
3504 692 3731 762 erigere.

2244 780 2546 847 VLQuare,
2568 789 2689 849 post
2709 780 2837 833 anni
2864 778 3063 847 integri
3082 778 3425 847 patientiam,
3446 780 3742 849 imperator

2176 871 2469 929 Antiochia
2504 872 2780 926 abstinere
2818 870 3195 925 turbulentum
3232 870 3525 925 hominem
3555 872 3740 942 jussit,

2175 963 2399 1031 suisque
2434 963 2708 1032 parochiis
2731 962 2814 1017 sic
2857 968 3117 1028 tanquam
3158 960 3397 1015 honesto
3434 975 3651 1016 carcere
3683 978 3740 1016 se

2175 1051 2481 1105 continere.
2516 1050 2652 1104 Rem
2685 1059 2876 1103 narrat
2906 1048 3288 1103 Theodorctus
3312 1048 3433 1116 ipse
3457 1049 3511 1103 in
3546 1049 3742 1105 litteris

2176 1142 2244 1198 ad
2269 1140 2569 1197 Eusebium
2612 1140 2839 1210 Ancyra:
2863 1141 3202 1209 episcopum.
3249 1159 3268 1191 ι
3294 1136 3394 1206 Qui
3435 1140 3739 1205 Marcionis,

2176 1235 2357 1304 inquit
2376 1233 2449 1297 "°,
2464 1243 2522 1289 et
2545 1231 2819 1288 Valentini
2850 1240 2908 1287 et
2930 1232 3181 1295 “arietis.
3212 1231 3553 1300 aliorumque
3585 1233 3744 1287 Ι)υὼ

2180 1334 2356 1385 tarum
2379 1323 2613 1378 haeresin
2639 1323 2743 1379 hac
2764 1330 2948 1381 nostra
2967 1330 3288 1392 tempestate
3301 1329 3585 1385 renovant,
3602 1337 3742 1391 aegre

2178 1415 2414 1471 ferentes
2444 1414 2674 1472 haeresi):
2696 1430 2727 1468 a
2757 1429 2842 1468 me
2877 1429 3029 1469 suam
3077 1421 3263 1483 aperte
3303 1413 3594 1477 confutari,
3648 1414 3742 1469 im-

2178 1506 2447 1577 peratoris
2466 1521 2628 1561 aures
2662 1506 3060 1561 circumvenire
3089 1488 3269 1559 cretati
3296 1504 3747 1569 sunt,ha2retieos

2178 1612 2279 1651 nos
2301 1596 2657 1666 appellantes,
2688 1605 2743 1651 et
2762 1610 2933 1649 unum
2965 1595 3253 1653 Dominum
3278 1603 3524 1650 nostrum
3561 1595 3743 1651 Iesum

2178 1685 2481 1749 Christum,
2509 1685 2859 1739 incarnatum
2891 1685 3062 1739 Deum
3094 1684 3335 1739 Verbum
3361 1683 3418 1737 in
3440 1683 3581 1738 duos
3610 1684 3749 1738 ﬁlios

503 1772 625 1827 terit
658 1788 751 1827 nos
776 1752 1029 1844 separare
1060 1752 1380 1833 seueritate
1402 1752 1519 1846 Dei,
1550 1795 1666 1847 qua:
1693 1788 1767 1833 est
1793 1780 1849 1833 in
1874 1752 2077 1835 Christo
2111 1752 2149 1806 Β
2180 1776 2426 1831 dividere
2466 1776 2886 1829 calumniantes.
2919 1774 3025 1829 Sed
3067 1773 3255 1841 verbis
3303 1773 3438 1837 suis,
3474 1781 3533 1829 ut
3562 1789 3747 1842 spera-

501 1861 627 1918 Jesu
658 1863 881 1919 Domino
907 1877 1085 1920 nostra
1110 1866 1150 1921 ³.

572 1951 662 2007 Ill.
718 1954 822 2010 Ubi
868 1957 1109 2025 primum
1168 1959 1367 2013 mortis
1408 1960 1638 2015 nuntius
1698 1960 1756 2023 in
1799 1958 2081 2016 Orientem

505 2042 707 2103 venit.
748 2044 1037 2102 continere
1063 2063 1122 2103 se
1155 2063 1267 2103 non
1293 2050 1475 2119 potuit
1500 2051 1907 2116 Theodoretus,
1946 2052 2082 2121 quin

505 2137 710 2206 scripto
742 2138 925 2192 statim
959 2148 1256 2197 testaretur
1302 2143 1473 2199 animi
1498 2145 1589 2207 sui
1617 2160 1858 2201 sensum.
1921 2144 2085 2201 Dedit

507 2226 675 2297 igitur
696 2228 968 2284 Domno”
988 2230 1296 2289 Antiochiae
1316 2235 1575 2304 episeopo
1590 2236 1899 2306 epistolam,
1918 2250 2083 2305 quam

505 2331 608 2386 ego
626 2317 732 2386 ipsi
756 2320 943 2374 malim
964 2336 1088 2379 cum
1111 2323 1347 2385 concilio
1364 2327 1607 2395 generali
1635 2326 1900 2392 tribuere,
1918 2342 2082 2396 quam

508 2408 596 2463 vel
640 2409 960 2480 ahjudieare
989 2428 1114 2469 cum
1144 2413 1412 2482 Baronio,
1458 2417 1544 2473 vel
1572 2420 1585 2436 ‘
1609 2432 1735 2471 cum
1765 2419 1886 2473 aliis
1916 2435 2085 2475 vanas

509 2496 582 2551 ob
606 2513 801 2554 causas
822 2511 1131 2570 suspectam
1159 2502 1382 2560 habere.
1414 2505 1507 2559 Illa
1528 2522 1658 2561 vero
1682 2522 1806 2561 cum
1830 2508 1990 2577 plena
2011 2508 2084 2563 sit

509 2586 753 2642 collecta:
797 2603 865 2642 ex
910 2590 1074 2660 longo
1122 2599 1366 2661 tempore
1406 2593 1555 2659 bilis,
1608 2596 1849 2650 ostendit
1872 2606 2083 2667 aperte,

507 2693 796 2748 quousque
827 2679 1014 2734 eﬂ'erri
1038 2683 1213 2751 possit
1254 2691 1349 2737 aut
1373 2683 1555 2741 furere
1584 2685 1768 2754 potius
1802 2686 1960 2743 illusa
1994 2702 2084 2743 re-

507 2764 640 2837 ligio
667 2787 678 2821 :
709 2767 878 2823 habet
900 2769 1047 2823 enim
1082 2771 1228 2826 unde
1256 2773 1435 2827 valeat
1456 2788 1644 2827 creare
1675 2775 1956 2830 horrorem
1984 2777 2084 2830 im-

506 2860 791 2931 potentiae,
843 2877 949 2931 qua
990 2878 1168 2917 czecus
1204 2864 1355 2918 zelus
1386 2865 1589 2935 abripit
1614 2866 1905 2937 aliquando
1936 2868 2087 2923 viros

508 2950 689 3021 magni
713 2946 936 3020 quidem
963 2952 1153 3016 animi,
1186 2953 1283 3009 sed
1314 2955 1595 3009 commoti.
2052 2948 2059 2953 ’

572 3042 668 3098 ιν.
705 3043 895 3112 Neque
921 3058 1054 3098 vero
1083 3044 1369 3113 scripsisse
1392 3053 1685 3100 contentus
1708 3054 1818 3114 est;
1856 3047 1949 3102 sed
1977 3048 2081 3101 im-

2182 1862 2333 1928 bant,
2366 1878 2474 1917 non
2501 1871 2937 1933 persuaserunt:
2964 1878 3134 1932 quare
3177 1862 3442 1933 scriptum
3480 1874 3567 1918 est
3596 1879 3749 1918 (τοη

2181 1951 2537 2006 monitorium
2605 1950 3143 2023 magniﬁcentissimo
3226 1960 3286 2005 et
3355 1953 3750 2021 gloriosissimo

2181 2043 2441 2115 magistro
2494 2042 2729 2097 militum
2778 2041 3013 2105 consuli,
3068 2040 3293 2109 haeresis
3341 2042 3749 2099 accusationem

2181 2134 2386 2188 nullam
2412 2132 2722 2196 continens,
2755 2132 2849 2187 sed
2865 2133 2998 2186 alias
3028 2132 3288 2201 quasdam
3311 2147 3521 2197 causas,
3548 2147 3749 2200 easque

2183 2223 2362 2279 falsas.
2394 2221 2642 2292 Synodos
2672 2222 2819 2276 enim
2866 2222 3088 2276 aiebant
3118 2237 3205 2276 me
3256 2221 3571 2291 frequentes
3605 2222 3740 2290 ataui

2182 2313 2529 2370 Antiochiam
2560 2327 2883 2378 convocare,
2908 2320 2963 2366 et
2984 2328 3049 2367 ea
3085 2329 3143 2368 re
3176 2312 3381 2369 oﬁ‘endi
3417 2314 3748 2376 nonnullos;

2183 2406 2413 2474 proinde
2446 2406 2728 2476 quiescere
2752 2421 2840 2460 me
2869 2413 3146 2475 oportere,
3174 2413 3230 2459 et
3247 2393 3574 2477 commissas
3616 2404 3752 2468 mihi

2185 2497 2458 2553 Ecclesias
2491 2497 2820 2567 gubernare.
2843 2495 2957 2551 Hoc
2981 2496 3148 2567 igitur
3174 2505 3400 2551 ostenso
3440 2495 3575 2549 mihi
3600 2511 3751 2550 com-

2183 2590 2501 2655 monitorio,
2516 2590 2798 2645 decretum
2817 2590 2966 2644 velut
2980 2590 3251 2646 bonorum
3262 2589 3467 2643 fontem
3482 2588 3714 2657 arripui.
3726 2608 3745 2639 ι

2251 2685 2740 2741 Commonitorium
2765 2684 2881 2754 ipsa
2904 2683 3251 2753 imperatoris
3280 2697 3468 2747 manu,
3494 2682 3632 2741 tanti
3668 2696 3765 2737 res.

2181 2785 2321 2840 erat,
2357 2784 2639 2839 exaratum
2690 2774 2861 2830 fuisse
2906 2780 3367 2843 testatur:quare
3403 2773 3485 2828 rei
3508 2772 3753 2828 insolen~

2185 2867 2315 2920 tiam
2354 2867 2607 2932 miratus,
2635 2882 2701 2920 ex
2724 2866 2976 2920 Anatolio
3007 2865 3239 2935 patricio
3270 2864 3471 2919 litteris
3501 2864 3754 2919 sciscita-

2185 2966 2273 3012 tus
2298 2963 2404 3021 est,
2439 2972 2570 3011 num
2602 2972 2743 3011 vana
2764 2956 2911 3012 foret
2935 2971 3034 3011 sua
3067 2956 3275 3011 fraudis
3295 2956 3556 3026 suspicio.
3598 2941 3756 3011 (Ve-

2185 3055 2341 3110 strae,
2369 3045 2586 3117 inquit,
2618 3046 2957 3105 excellentia:
2989 3046 3352 3102 indicavimus
3389 3047 3757 3101 commonito-

506 3142 703 3205 potens
750 3134 920 3188 animi
972 3133 1247 3190 advolavit
1296 3135 1560 3191 continuo
1610 3136 1975 3203 Antiochiam,
2029 3147 2085 3192 et
2115 3133 2153 3146 ν
2186 3138 2328 3192 rium
2358 3139 2519 3203 nobis
2543 3139 2849 3199 ostendisse
2877 3138 3079 3193 Rufum
3117 3140 3371 3194 comitem
3401 3139 3758 3209 magniﬁcem

507 3224 836 3297 praesidente
884 3226 1114 3291 Domno,
1164 3226 1486 3282 concionem
1524 3226 1719 3283 habuit
1766 3226 1825 3282 in
1855 3228 2082 3283 ecclesia

507 3317 752 3386 epistola:
797 3317 1070 3388 parem".
1134 3318 1345 3373 «Nemo
1377 3320 1488 3388 jam
1533 3318 1832 3380 neminem,
1882 3318 2080 3386 inquit,

513 3408 894 3478 blasphemare
922 3409 1203 3477 compellit
1236 3428 1249 3462 :
1288 3410 1379 3464 ubi
1410 3418 1558 3476 sunt,
1591 3411 1684 3480 qui
1710 3409 1919 3471 dicunt,
1954 3409 2083 3478 quia

511 3497 657 3552 Deus
700 3505 804 3562 est,
867 3498 961 3568 qui
1017 3496 1311 3553 crucifixus
1338 3507 1463 3567 est;
1512 3516 1621 3555 non
1652 3509 1736 3554 est
1790 3497 2085 3554 crucifixus

513 3587 678 3650 Deus,
721 3587 816 3648 sed
859 3588 1024 3641 homo
1074 3589 1430 3644 cruciﬁxus"
1485 3599 1568 3646 est
1610 3591 1771 3646 Jesus
1812 3588 2081 3644 Christus.

512 3678 660 3733 Deus
689 3688 872 3733 autem
930 3680 1196 3748 templum
1218 3696 1386 3751 suum
1439 3697 1509 3736 ex
1549 3681 1752 3735 Davide
1777 3680 2083 3744 suscitavit,

513 3770 657 3826 sicut
680 3770 824 3826 idem
848 3771 1020 3825 David
1050 3780 1175 3827 ante
1205 3774 1488 3842 praedixit;
1528 3773 1693 3827 homo
1730 3780 1955 3844 generat
1988 3772 2087 3826 ho-

513 3860 750 3926 minem;
786 3870 984 3915 natura
1014 3862 1293 3935 quidem"9
1328 3863 1501 3918 Filius
1528 3864 1621 3917 Dei
1651 3872 1736 3917 est
1776 3861 1919 3917 Deus
1948 3862 2084 3916 Ver-

513 3949 645 4004 bum
672 3990 686 4015 ,
742 3949 996 4006 Christus
1024 3967 1156 4005 vero
1211 3962 1296 4007 est
1332 3952 1476 4006 ﬁlius
1501 3952 1750 4016 Davidis;
1787 3950 1883 4005 sed
1916 3950 2089 4007 Filius

514 4040 611 4097 Dei
646 4043 909 4115 templum
945 4060 1054 4097 non
1079 4053 1183 4098 est.
1220 4042 1513 4101 Contentio
1541 4030 1808 4114 ultrajam
1838 4058 1945 4097 non
1967 4052 2085 4098 est:

514 4134 618 4191 sub
646 4150 756 4189 uno
781 4135 914 4204 jugo
938 4116 1134 4190 Oriens
1158 4143 1214 4191 et
1238 4135 1503 4207 [Egyptus
1524 4142 1921 4199 convenerunt,
1946 4148 2090 4188 mor-

516 4234 609 4281 tua
633 4235 716 4281 est
740 4225 965 4292 invidia,
995 4235 1050 4282 et
1076 4229 1394 4297 consepulta
1417 4228 1495 4281 illi
1521 4227 1780 4281 haeresis:
1800 4227 1911 4298 jam
1933 4228 2088 4300 quie-

514 4325 694 4380 scunt,
730 4317 823 4386 qui
847 4332 1069 4386 passum
1091 4317 1261 4372 Deum
1288 4316 1607 4387 praedicant,
1638 4335 1656 4367 ι
1694 4324 1803 4371 etc.

2186 3230 2477 3295 tissimum,
2503 3230 2861 3306 imperatoria
2894 3246 3061 3286 manu
3089 3240 3391 3295 exaratum,
3429 3247 3538 3300 quo
3568 3231 3760 3285 fortis-

2184 3321 2323 3377 simo
2356 3322 2617 3392 magistro
2664 3321 2901 3376 militum
2948 3320 3321 3391 praecipiebat,
3349 3330 3409 3375 ut
3454 3320 3761 3390 prudenter

2183 3411 2429 3481 sciteque
2464 3420 2684 3466 curaret
2726 3427 2828 3466 nos
2871 3411 2999 3482 Cyri
3041 3412 3364 3478 consistere,
3396 3429 3498 3469 nec
3527 3412 3598 3467 ad
3625 3413 3760 3468 alias

2184 3500 2438 3556 civitates
2471 3499 2780 3568 proﬁcisci,
2818 3509 2877 3552 ut
2902 3499 2994 3568 qui
3051 3500 3290 3571 synodos
3343 3499 3562 3557 assidue
3611 3497 3758 3568 apud

2186 3589 2529 3646 Antiochiam
2565 3604 2909 3659 cogeremus,
2936 3598 2991 3645 et
3018 3590 3354 3647 orthodoxos
3387 3590 3756 3645 turbarcmus.

2185 3678 2342 3733 Nunc
2388 3678 2573 3735 indico
2617 3693 2704 3732 me
2751 3678 2917 3749 regiis
2955 3679 3279 3735 obsecutum
3324 3678 3522 3733 litteris
3556 3678 3769 3749 Cyrum.

2186 3771 2423 3835 venisse,
2444 3786 2508 3826 ac
2530 3770 2727 3827 diebus
2760 3786 2855 3826 sex
2872 3780 3152 3841 septemve
3177 3771 3486 3833 transactis,
3508 3772 3677 3826 misso
3692 3771 3760 3825 ad

2187 3875 2273 3917 me
2317 3860 2671 3917 devotissimo
2707 3861 3029 3930 Euphronio
3060 3862 3437 3932 magistriano,
3465 3862 3760 3934 ﬂagitasse,

2189 3961 2250 4011 ut
2290 3953 2501 4022 scripto
2527 3952 2842 4018 conﬁterer,
2876 3954 3151 4008 exhibitas
3171 3954 3305 4009 mihi
3331 3953 3510 4024 regias
3548 3953 3764 4008 litteras

2187 4045 2377 4101 fuisse.
2406 4045 2519 4116 Ego
2567 4062 2699 4101 vero
2755 4047 2860 4101 hoc
2906 4047 3072 4101 etiam
3131 4046 3265 4111 feci,
3297 4055 3352 4100 et
3394 4045 3623 4115 promisi
3675 4060 3775 4103 me.

2187 4137 2333 4207 apud
2379 4135 2581 4208 Cyrum
2622 4145 2679 4193 et
2719 4138 2776 4192 in
2822 4138 2925 4192 hac
2957 4137 3176 4207 regione
3230 4152 3673 4209 permansurum,
3706 4147 3763 4190 et

2190 4229 2464 4299 pascendo
2495 4228 2646 4301 gregi
2698 4228 2835 4284 mihi
2887 4230 3178 4307 commisso
3220 4229 3578 4284 inhaesurum.
3612 4228 3763 4296 Rogo

2191 4319 2378 4389 itaque
2404 4319 2867 4391 magniﬁcentiam
2898 4328 3081 4385 tuam,
3112 4329 3367 4389 accurate
3397 4327 3459 4372 ut
3484 4319 3760 4389 exquirat,

583 4404 648 4461 V.
683 4406 832 4461 Fecit
858 4408 949 4463 illa
984 4417 1099 4479 tum
1125 4408 1374 4477 epistola,
1409 4422 1530 4477 quae
1567 4407 1724 4478 175
1749 4408 1914 4485 vulgo
1933 4406 2084 4462 edita
2120 4430 2159 4484 ο
2188 4423 2256 4467 et-
2275 4429 2343 4467 an
2361 4428 2492 4468 vere
2525 4413 2644 4469 haec
2669 4413 2744 4467 ita
2774 4412 3039 4482 imperata
3075 4412 3217 4478 sint,
3255 4418 3312 4467 et
3334 4425 3496 4481 quam
3529 4409 3601 4467 ob
3630 4425 3762 4468 catt-

512 4507 625 4563 est;
665 4508 778 4553 tum
812 4501 1026 4568 concio,
1062 4516 1185 4569 quae
1221 4497 1288 4553 ad
1320 4500 1645 4553 immensam
1673 4498 1741 4552 de
1763 4513 1917 4552 more
1945 4498 2089 4567 mul—

515 4588 804 4646 titudinem
846 4591 1064 4658 habita,
1118 4599 1180 4646 ut
1219 4589 1597 4645 Theodoretus
1632 4590 1687 4643 in
1719 4589 2086 4665 suspicionem

514 4683 894 4751 consensionis
922 4699 1046 4741 cum
1077 4682 1332 4738 Nestorio
1361 4682 1596 4747 venerit,
1629 4681 1785 4752 quasi
1817 4678 2089 4736 divideret

513 4773 794 4829 Christum
823 4766 887 4829 in'
902 4775 1041 4831 duos
1067 4775 1229 4839 ﬁlios,
1256 4789 1490 4844 quorum
1518 4774 1656 4828 alter
1680 4773 2086 4841 sitcruciﬁxus,

513 4865 655 4921 alter
706 4877 985 4923 mortuum
1026 4865 1390 4922 suscitaverit.
1429 4865 1581 4921 Fecit
1621 4865 1789 4943 etiam
1832 4876 1895 4921 ut
1940 4866 2086 4936 apud

516 4956 904 5025 imperatorem
928 4955 1225 5026 impietatis
1252 4971 1316 5011 ac
1337 4955 1624 5012 seditionis
1652 4971 1780 5010 reus
1799 4965 2083 5028 ageretur:

598 5106 615 5149 ι
658 5106 813 5166 nom.
839 5124 951 5175 vm,
982 5108 1071 5176 ss,
1097 5107 1186 5162 39.

2191 4520 2327 4561 sam.
2366 4524 2383 4558 ι

2268 4595 2428 4665 176
2450 4593 2620 4660 Quale
2658 4610 2791 4650 vero
2818 4594 3015 4659 fuerit,
3038 4592 3349 4664 quibusque
3393 4592 3579 4648 verbis
3620 4592 3762 4651 scri-

2193 4691 2371 4756 ptum,
2414 4684 2596 4754 legere
2650 4684 2781 4740 licet
2832 4685 2889 4740 in
2943 4683 3176 4754 epistola
3220 4682 3290 4737 ad
3335 4681 3693 4760 Eutrcchium
3721 4683 3763 4711 θ’

2193 4775 2531 4846 ρι’δέΐθοιυῐη.
2566 4794 2584 4826 ι
2614 4774 2859 4845 Relegati
2885 4790 2949 4828 ac
2970 4772 3370 4843 circumscripti
3392 4772 3537 4844 Cyro
3552 4787 3763 4831 sumus.

2194 4865 2239 4919 si
2268 4880 2457 4920 verum
2493 4873 2575 4920 est
2611 4866 3109 4929 commonitorium,
3136 4863 3284 4933 quod
3324 4863 3550 4917 victoris
3594 4862 3767 4931 ipsius

2195 4956 2422 5028 Augusti
2465 4972 2630 5013 manu
2671 4956 2939 5028 scripturn
2989 4955 3193 5027 ferunt,
3229 4963 3286 5012 et
3320 4955 3405 5010 ita
3451 4970 3509 5010 se
3556 4954 3762 5010 habet:

1860 5204 2173 5283 SCHULle
2213 5225 2440 5282 Now.

591 5339 881 5413 "Damno.
912 5340 1018 5413 _Ad
1075 5340 1340 5413 Joannem
1388 5342 1787 5413 Antiochenam
1857 5346 2040 5413 potius
2098 5344 2259 5401 hanc‘
2298 5341 2598 5413 epistolam
2624 5338 2927 5413 scripsisset
2960 5339 3368 5413 dicitur._Cum
3418 5347 3605 5413 autem
3650 5337 3769 5413 innec

521 5409 800 5482 inscriptio
825 5409 956 5482 satis
975 5419 1166 5482 aperte
1185 5412 1376 5481 prodat
1400 5412 1605 5465 νοθείαν
1629 5414 1789 5482 hujus
1819 5406 2080 5482 epistolae,
2104 5406 2398 5467 Garnerius
2430 5410 2712 5464 substituit
2734 5406 3167 5482 nomen_Domni.
3188 5408 3373 5462 Exstat
3396 5408 3622 5476 cpistola
3655 5406 3766 5461 illa.

526 5488 567 5531 t.
599 5479 687 5552 IV,
721 5494 774 5547 p.
816 5479 980 5552 £562.
1010 5477 1024 5481 ⁷
1047 5481 1092 5513 "
1131 5477 1384 5552 Epistulae
1428 5499 1631 5551 parem.
1668 5477 1923 5545 Omnino,
1951 5491 2069 5538 tum
2099 5488 2452 5552 argumento1
2501 5488 2617 5552 tum
2666 5477 2866 5552 votisig.

2920 5479 3052 5545 Quae
3113 5488 3418 5548 sequuntur
3433 5517 3448 5539 ,
3508 5489 3767 5548 expressa

523 5545 1325 5632 suntjuxtavcrsioncmyarii
1348 5545 1688 5632 Mc'rcatoris:
1714 5552 1849 5605 Vide
1878 5568 2063 5632 supra,
2090 5567 2142 5632 p.
2165 5545 2259 5632 in.
2284 5620 2297 5632 _
2336 5550 2381 5582 ⁷⁸
2412 5548 2749 5632 (ξνξιεὶίζ“εδεῖ
2781 5545 2905 5632 Hinc
2943 5545 3207 5632 addenda
3245 5548 3486 5632 fuerunt.
3529 5549 3609 5632 ﬂ"

525 5612 1101 5693 quidcm,etc._l_’aulo
1129 5621 1415 5693 aliterleg.
1453 5636 1638 5693 supra,
1675 5621 1713 5674 Ι.
1754 5638 1811 5693 5-.
1840 5689 1852 5693 Α
1878 5620 1923 5653 ⁸ο
1945 5612 2670 5693 InquitLVidtiepistaﬁgi,
2736 5626 2775 5671 t.
2822 5618 2909 5684 iV,
2948 5635 3004 5691 ρ.
3047 5618 3199 5693 liii.
3276 5618 3319 5649 ⁸⁸
3383 5615 3583 5687 luquit.
3646 5612 3763 5673 Vid.

523 5687 684 5757 epist.
727 5692 813 5755 79,
845 5697 882 5743 t.
920 5689 1006 5756 IV,
1044 5707 1096 5760 p.
1132 5691 1284 5745 H55.
1363 5687 1406 5723 ⁸³
1439 5687 1533 5743 Μ
1562 5688 1715 5742 Eutr.
1754 5689 1874 5742 Vid.
1927 5687 2086 5760 cpiSt.
2122 5690 2211 5756 80,
2242 5700 2278 5745 t.
2320 5687 2412 5756 IV,
2446 5706 2497 5760 p.
2534 5690 2684 5746 “5'5.
2876 5696 2881 5699 '
