3954 6294
202 344 289 408 129

1323 338 1687 402 HISTORIA
1721 334 2229 400 THEODORETI.

3314 342 3416 407 130

199 455 443 524 Quoniam
467 455 550 508 ille
580 453 822 508 civitatis
853 453 1001 509 illius
1034 455 1326 524 episcopus
1365 453 1585 508 assidue
1609 464 1738 503 con-
1775 451 1815 504 A
1846 455 1952 503 tam
1982 465 2312 520 posuerunt,
2341 456 2493 522 quasi
2530 455 2584 508 in
2617 455 2756 509 duos
2789 453 2938 510 ﬁlios
2966 454 3242 510 Christum
3274 455 3416 510 divi-

199 554 366 618 gregat
417 544 668 614 synodos,
708 545 1000 613 turbatque
1036 560 1100 598 ea
1150 561 1206 598 re
1256 544 1620 605 orthodoxos,
1673 541 1742 597 da

198 652 396 708 operam
428 636 750 705 congruenti
771 636 1148 691 moderatione
1170 653 1233 692 ac
1260 636 1571 706 prudentia,
1605 644 1664 689 ut
1697 635 1743 689 is

197 728 320 800 Cyro
348 743 401 783 se
437 726 736 790 contineat,
777 742 878 782 nec
901 727 968 781 ad
1007 728 1167 782 aliam
1202 729 1476 781 civitatem
1521 724 1741 795 profici-

200 830 379 874 scatur.
412 839 429 869 ι

259 913 357 966 Vll.
385 913 439 966 ln
474 911 834 966 domesticum
861 911 994 966 illud
1017 911 1294 974 exsilium,
1327 911 1470 965 sicut
1505 911 1620 979 ipse
1659 909 1739 962 lo-

197 1003 382 1070 quitur.
418 1002 626 1069 ejectus
673 1011 758 1055 est
800 1017 946 1055 anno
997 1001 1119 1063 445,
1152 1017 1263 1069 quo
1322 1016 1467 1054 asino
1517 1000 1742 1069 gerebat

197 1091 514 1144 consulatum
545 1090 770 1144 Nemus.
797 1090 907 1144 Etsi
951 1088 1286 1158 autem.pra:
1322 1106 1379 1145 se
1412 1090 1582 1144 ferret
1610 1105 1740 1143 con-

197 1181 427 1234 stantiam
461 1181 627 1234 animi
665 1181 717 1234 in
747 1181 849 1235 hac
879 1182 1219 1246 calamitate,
1253 1183 1526 1236 neminem
1557 1190 1740 1234 tamen

196 1285 289 1323 non
335 1269 623 1333 invocavit,
678 1270 824 1325 unde
860 1279 1110 1338 speraret
1157 1271 1466 1324 auxilium:
1515 1285 1638 1324 nam
1687 1277 1739 1323 et

192 1361 421 1415 Anatolio
443 1362 490 1391 ⁸³
509 1361 765 1430 patricio,
791 1370 847 1414 et
867 1361 1164 1418 Eutrechio
1190 1360 1467 1431 praefecto,
1490 1369 1547 1415 et
1569 1361 1742 1415 Nomo

195 1453 380 1514 consuli
399 1452 821 1512 lamentabilitcr
836 1459 1063 1519 questus
1079 1461 1184 1514 est,
1209 1468 1266 1505 se
1306 1451 1550 1508 inaudita
1579 1467 1742 1506 causa

193 1545 503 1609 damnatum,
537 1560 663 1598 cum
687 1561 754 1598 ne
782 1544 1106 1598 incendiarii
1142 1544 1366 1612 quidem
1398 1553 1561 1613 atque
1575 1543 1742 1597 effos-

193 1651 327 1690 sorcs
368 1637 767 1705 sepulcrorum,
794 1636 903 1688 imo
953 1648 1010 1689 et
1058 1635 1344 1703 parricidae
1387 1635 1738 1696 damnentur,

193 1728 483 1796 priusquam
507 1727 577 1780 ad
615 1727 887 1796 objcetum
920 1727 1128 1780 crimen
1160 1726 1538 1794 responderint
1566 1743 1577 1778 :
1609 1726 1740 1795 quin

191 1827 237 1871 et
269 1819 520 1888 synodum
540 1820 926 1886 episc0porum
959 1817 1075 1886 cogi
1109 1816 1366 1884 postulat,
1396 1814 1488 1870 sed
1524 1830 1736 1877 eorum,

191 1911 270 1977 qui
297 1909 557 1976 judicium
597 1909 739 1962 ferre
773 1909 985 1977 possint
1029 1909 1096 1962 de
1146 1908 1414 1970 doctrina,
1439 1916 1495 1962 et
1535 1909 1588 1960 in
1632 1921 1738 1976 qua

193 2003 516 2070 magistratus
575 2002 952 2070 pronuntient,
1007 2013 1128 2070 qua:
1181 1999 1584 2068 disputantium
1644 1999 1742 2054 do-

191 2096 348 2144 ctrina
377 2093 692 2161 apostolicae
715 2092 1046 2146 conformior
1083 2093 1172 2146 sit.
1205 2090 1286 2145 Ad
1325 2091 1443 2146 haec
1480 2092 1740 2144 innocen-

193 2185 305 2238 tiam
341 2202 486 2239 suarn
519 2185 872 2255 deprrcdicat,
892 2200 1128 2253 suosque
1157 2201 1260 2254 pro
1291 2183 1396 2238 ﬁde
1429 2185 1646 2238 labores
1679 2197 1742 2237 ac

189 2277 353 2331 eﬂicax
402 2278 452 2331 in
485 2278 765 2332 haereticis
810 2277 1200 2332 convertendis
1231 2277 1496 2341 studimn,
1525 2291 1739 2330 necnon

190 2369 295 2422 vita:
316 2370 379 2423 ab
409 2371 573 2424 initio
596 2380 730 2424 acta:
756 2371 1121 2440 integritatem
1145 2387 1159 2434 ;
1203 2373 1220 2391 ⁶
1247 2368 1482 2436 denique
1524 2368 1738 2421 infracti

187 2459 325 2510 malis
337 2459 500 2511 animi
529 2457 836 2512 ﬁrmitatem
859 2466 1129 2512 sustentat
1146 2457 1553 2526 exspectatione
1571 2455 1739 2510 divini

183 2548 374 2616 judieii,
399 2550 465 2602 ad
494 2550 645 2618 quod
681 2549 1044 2613 adversarios,
1073 2550 1188 2604 sive
1210 2549 1304 2618 qui
1326 2558 1604 2613 accusant,
1627 2549 1740 2604 sive

185 2634 267 2702 qui
286 2634 568 2702 damnant,
589 2645 687 2692 aut
707 2637 873 2694 etiam
897 2638 1156 2694 damnare
1176 2638 1381 2702 sinunt,
1405 2639 1742 2696 confidenter

186 2735 318 2780 sitat.

244 2817 369 2872 Vlll.
400 2819 466 2874 Ut
503 2835 710 2888 aegrum
749 2821 990 2874 animum
1027 2821 1316 2886 solaretur,
1351 2837 1492 2891 opus
1515 2837 1739 2891 compa-

185 2909 297 2970 suit,
326 2912 409 2964 cui
451 2927 658 2965 nomen
699 2912 826 2965 fecit
857 2912 1127 2968 Eranistar
1151 2929 1246 2967 seu
1275 2912 1646 2983 Polymorphi.
1675 2913 1740 2970 in

186 3000 277 3056 hoc
301 3002 343 3032 ⁸⁵
363 3005 500 3057 mira
533 3005 766 3072 quadam
789 3014 906 3059 arte
929 3006 1217 3060 consilium
1241 3007 1551 3061 dissimulat
1574 3024 1586 3059 :
1611 3021 1740 3059 nam

1843 545 2022 606 sisset,
2052 555 2107 599 et
2131 547 2434 600 latitantem
2465 548 2520 600 in
2544 547 2733 602 Cilicia
2755 548 3139 603 Nestorianum
3171 565 3416 605 errorem

1842 637 2199 705 propalasset.
2224 637 2281 691 ld
2305 640 2549 693 criminis
2571 649 2629 693 ut
2653 642 3016 710 propulsaret,
3037 641 3247 696 litteras
3268 642 3421 697 dedit

1841 726 2102 779 Dioscoro
2129 728 2174 758 ⁸⁵
2209 727 2264 781 in
2311 727 2426 783 haec
2459 730 2623 782 verba
2655 747 2666 781 :
2710 748 2726 779 ‹
2765 731 2890 785 llaec
2914 730 3156 784 scribere
3198 741 3422 787 coaetus

1842 821 1984 880 sum,
2010 835 2134 872 eum
2181 822 2492 876 sanctitatis
2538 831 2643 877 tuac
2675 823 2890 877 litteras
2913 824 3167 893 legissem
3211 825 3278 878 ad
3321 826 3419 879 Dei

1841 913 2273 968 amantiSsimum
2345 917 2863 986 sanctissimumque
2938 918 3415 988 archiepiscopum

1842 1004 2120 1060 dominum
2146 1009 2416 1062 Domnum
2447 1011 2699 1078 scriptas.
2727 1010 2785 1062 In
2821 1010 2928 1064 illis
2957 1011 3103 1062 enim
3142 1010 3245 1063 hoc
3273 997 3418 1063 inter

1843 1105 2037 1150 caetera
2058 1099 2460 1163 continebatur,
2487 1100 2749 1170 quosdam
2776 1101 2840 1154 ad
2876 1103 3164 1155 maximam
3201 1102 3416 1162 urbem,

1843 1204 1965 1257 quae
1990 1205 2018 1243 a
2048 1192 2333 1246 sanctitate
2363 1203 2453 1246 tua
2485 1195 2713 1263 regitur,
2749 1211 2870 1247 cum
2905 1197 3204 1256 venissent,
3251 1211 3417 1247 accu-

1843 1295 1991 1335 sasse
2031 1297 2150 1339 nos.
2181 1285 2334 1351 quasi
2369 1285 2421 1337 in
2471 1284 2608 1339 duos
2660 1271 2799 1339 lilios
2842 1286 3209 1340 divideremus
3248 1303 3418 1339 unum

1841 1372 2132 1428 Dominum
2185 1386 2431 1430 nostrum
2487 1378 2669 1431 Jesum
2711 1379 2990 1432 Christum
3034 1397 3045 1431 :
3082 1378 3244 1448 idque
3291 1396 3415 1433 cum

1841 1465 1985 1532 apud
2011 1465 2354 1520 Antiochiam
2376 1468 2790 1530 dissereremus,
2812 1471 2901 1522 ubi
2937 1471 3118 1523 multae
3141 1469 3417 1540 myriades

1843 1554 2155 1610 auditorum
2185 1558 2250 1611 ad
2274 1559 2590 1613 concionem
2621 1571 3017 1615 convenerunt.
3046 1562 3113 1615 At
3146 1578 3245 1630 ego
3297 1563 3420 1618 illos

1842 1645 2372 1716 quidemdcploravi,
2393 1652 2485 1719 qui
2513 1651 2856 1706 manifestam
2876 1653 3202 1706 calumniam
3235 1663 3417 1709 texere

1775 1784 1814 1839 Β
1845 1738 1960 1790 ausi
1995 1748 2161 1791 sunt:
2209 1740 2357 1793 dolui
2409 1759 2560 1808 vero,
2606 1754 2661 1798 et
2708 1744 2946 1815 ignosce,
2995 1746 3243 1807 Domine,
3289 1745 3417 1816 quia

1841 1844 2032 1882 vocem
2067 1832 2319 1899 exprimit
2367 1833 2542 1896 dolor,
2573 1836 2716 1905 quod
2767 1835 2896 1888 mihi
2945 1851 3131 1889 aurem
3188 1836 3416 1890 alteram

1839 1927 1932 1973 tua
1960 1921 2259 1974 secundum
2291 1923 2460 1976 Deum
2488 1925 2752 1993 perfectio
2793 1925 3054 1994 integram
3083 1940 3189 1975 non
3237 1939 3417 1977 reser-

1839 2012 2017 2075 vavit;
2041 2012 2134 2066 sed
2160 2013 2226 2066 iis
2254 2029 2373 2082 qua:
2399 2013 2535 2068 falso
2559 2015 2625 2068 ab
2651 2015 2757 2069 illis
2784 2015 2928 2068 dicta
2953 2023 3100 2072 sunt,
3131 2012 3290 2066 fidem
3317 2014 3414 2067 ha-

1842 2101 1980 2154 buit.
2025 2121 2042 2150 ι

1912 2194 2114 2248 Habuit
2171 2211 2301 2249 vero
2358 2197 2756 2252 Alexandrinus
2810 2199 3024 2254 clericis
3072 2216 3138 2255 eo
3203 2203 3417 2258 facilius

1842 2284 2026 2348 fidem,
2067 2302 2176 2355 quo
2227 2288 2381 2356 pejus
2428 2288 2609 2342 animo
2652 2300 2769 2343 erat
2828 2305 2954 2358 erga
3008 2291 3415 2347 Theodoretum

1842 2377 2070 2432 aﬂ‘ectus
2097 2396 2110 2431 :
2138 2394 2263 2432 enm
2315 2379 2458 2432 enim
2508 2381 2712 2434 sciebat
2757 2380 2961 2453 Cyrillo
2989 2384 3187 2452 passim
3214 2385 3418 2438 calum-

1841 2465 2004 2529 niari,
2029 2468 2199 2521 totius
2223 2467 2515 2523 Orientalis
2545 2469 2800 2526 dimeesis
2825 2472 3116 2542 prmsulum
3141 2475 3418 2530 mentibus

1841 2571 1979 2626 pene
2017 2557 2309 2621 dominari,
2342 2557 2396 2611 in
2443 2573 2568 2612 suas
2613 2569 2794 2628 partes
2829 2563 3204 2619 sanctissimos
3251 2582 3418 2634 quos-

1841 2660 1948 2716 que
1995 2649 2310 2712 monachos,
2353 2649 2550 2718 partim
2577 2650 2701 2704 vitae
2749 2653 3037 2708 sanctitate
3073 2662 3128 2707 et
3155 2655 3418 2710 doctrinm

1843 2734 2002 2799 fama,
2026 2741 2224 2805 partim
2255 2739 2566 2806 eloquentia
2593 2740 2645 2793 in
2673 2741 3050 2805 concionihus,
3080 2745 3416 2814 laudumque

1841 2825 1996 2894 quasi
2022 2825 2355 2892 adulatione,
2384 2828 2436 2881 in
2467 2829 2694 2882 historia
2726 2830 3021 2898 Philothei,
3059 2835 3307 2888 traxisse.
3335 2834 3417 2890 Ad

1841 2914 1957 2968 haec
1983 2925 2212 2970 noverat
2243 2916 2410 2970 fuisse
2437 2916 2794 2973 Antiochenis
2828 2929 3127 2984 auctorem,
3158 2933 3216 2974 ut
3243 2923 3420 2975 tribu-

1843 3012 1951 3058 tam
2019 3005 2631 3075 Constantinopolitanm
2686 3009 2799 3062 sedi
2852 3025 2881 3062 a
2925 3011 3162 3064 secunda
3211 3013 3418 3082 synodo

186 3109 291 3147 cum
320 3112 414 3164 per
445 3097 836 3165 dialogismum
861 3097 918 3150 in
939 3098 1358 3166 Apollinaristas
1379 3098 1662 3167 disputare
1681 3112 1739 3151 se
1766 3107 1812 3168 (ι
1843 3095 2096 3150 secundae
2123 3105 2254 3164 post
2272 3097 2572 3150 Romanam
2622 3099 2769 3152 sedis
2811 3101 3222 3170 praerogativam
3251 3119 3417 3172 agno-

184 3183 339 3255 tingit,
368 3187 633 3259 Cyrillum
666 3203 854 3242 revera
880 3197 935 3243 et
964 3188 1276 3244 Catholieos
1301 3189 1602 3258 impugnat,
1631 3187 1745 3240 imo

184 3276 466 3332 doctrinam
495 3279 740 3334 Nestorii
765 3278 1254 3343 demonstratione,
1287 3286 1348 3332 ut
1377 3279 1494 3346 ipse
1518 3278 1744 3346 quidem

183 3365 420 3436 loquitur,
453 3369 786 3423 conﬁrmare
822 3369 1032 3424 nititur.
1068 3369 1276 3423 Laudat
1307 3368 1526 3438 quidem
1571 3367 1741 3438 Cyril-

182 3457 278 3510 lum
321 3461 370 3512 in
411 3461 635 3529 dialogo
663 3461 927 3524 secundo,
955 3461 1053 3514 sed
1099 3460 1333 3530 maligna
1358 3459 1539 3514 laude.
1566 3459 1738 3524 Quem

179 3552 309 3604 enim
343 3555 558 3607 sciebat
596 3554 664 3606 ab
703 3551 959 3607 erunibus
990 3551 1178 3606 audire
1208 3552 1373 3605 unius
1410 3549 1736 3620 bypostasis,

183 3642 226 3693 id
249 3652 346 3706 est,
372 3655 429 3698 ut
450 3646 618 3714 vulgo
637 3645 937 3707 ferebatur,
963 3644 1126 3697 unius
1145 3653 1356 3696 natura:
1374 3642 1736 3706 defensorem,

181 3735 310 3790 hunc
344 3747 606 3806 tanquam
627 3736 1030 3792 inconfusionis
1051 3735 1265 3790 hostem
1290 3735 1549 3803 praedicat
1573 3750 1586 3786 :
1612 3748 1739 3787 nam

179 3827 500 3892 prudentum
543 3827 748 3895 judicio
784 3825 1033 3880 convinci
1060 3841 1217 3893 posse
1242 3841 1307 3878 ex
1345 3839 1411 3877 eo
1434 3822 1740 3877 arbitraba—

178 3926 258 3970 tur
278 3919 449 3988 egisse
476 3920 760 3981 Proteum,
785 3918 838 3972 id
877 3925 982 3980 est,
1011 3926 1104 3971 aut
1139 3931 1361 3970 errores
1389 3915 1518 3968 olim
1546 3914 1738 3969 defen-

177 4007 327 4073 disse,
360 4018 418 4064 et
457 4008 808 4079 postmodum
861 4009 1127 4077 ejurasse,
1163 4015 1258 4060 aut
1294 4005 1486 4060 iisdem
1527 4014 1738 4074 tempo-

175 4098 316 4153 ribus
339 4099 642 4170 pugnantia
669 4100 934 4156 locutum.
963 4099 1140 4166 Atque
1173 4098 1336 4151 etiam
1367 4097 1483 4151 haec
1510 4097 1738 4150 fortasse

174 4201 325 4241 causa
373 4188 498 4253 fuit,
540 4203 639 4243 cur
683 4187 836 4256 operi
884 4187 1282 4256 Polymorphus
1325 4185 1736 4246 inscriberetur,

175 4291 481 4347 quanquam
510 4286 570 4330 et
593 4278 762 4331 altera
794 4292 914 4331 esse
953 4276 1148 4345 potuit,
1184 4293 1288 4345 qua
1332 4291 1440 4330 non
1487 4275 1741 4328 adversa-

177 4368 280 4421 rius
317 4379 558 4430 tantum,
594 4370 692 4423 scd
727 4369 868 4424 liber
904 4369 1019 4438 ipse
1048 4369 1453 4438 appellaretur:
1483 4366 1739 4435 quoniam

1849 3195 2066 3242 scerent
2099 3204 2110 3239 :
2151 3195 2380 3240 noverat
2421 3188 2584 3242 etiam
2616 3199 3000 3258 Opportunum,
3031 3192 3292 3247 exsistere
3317 3209 3412 3248 oc-

1847 3280 2118 3334 casionem
2145 3281 2376 3333 nocendi
2405 3280 2634 3345 homini,
2663 3299 2823 3350 quem
2855 3286 3199 3353 imperatoris
3221 3286 3417 3343 otl‘ensi

1848 3371 1928 3425 ira
1973 3379 2415 3440 persequeretur,
2452 3373 2734 3442 jussioque
2771 3374 3039 3428 inclusum
3092 3379 3247 3446 quasi
3295 3392 3416 3432 car-

1847 3477 1972 3516 cere
2021 3469 2253 3523 tenerct,
2294 3470 2456 3529 atque
2503 3461 2638 3515 adeo
2681 3462 2996 3517 defensione
3043 3465 3415 3521 interdiceret.

1846 3553 2024 3619 Quare
2055 3553 2196 3607 datis
2237 3554 2301 3606 ad
2339 3553 2607 3606 Domuum
2639 3554 2866 3622 ejusque
2896 3555 3163 3625 synodum
3194 3557 3414 3620 litteris,

1847 3655 2076 3716 questus
2110 3654 2194 3700 est
2221 3646 2461 3715 graviter
2504 3644 2570 3697 de
2607 3643 2820 3698 Cilicia:
2853 3647 3146 3715 episcopis,
3189 3647 3417 3717 ipsoque

1848 3736 2170 3790 nominatim
2226 3733 2649 3794 Theodoreto,a
2701 3747 2810 3801 quo
2859 3748 2983 3786 cum
3036 3733 3245 3786 litteras
3268 3749 3418 3788 acce-

1846 3829 2034 3896 pisset,
2065 3824 2242 3896 magni
2280 3824 2446 3878 animi
2479 3823 2918 3891 calumniamque
2943 3823 3279 3893 indignantis
3301 3824 3418 3892 ple-

1846 3936 1964 3984 nas,
1999 3933 2065 3972 eo
2089 3933 2263 3986 usque
2287 3916 2643 3970 exacerbatus
2673 3923 2776 3974 est,
2813 3923 2871 3967 ut
2898 3916 3096 3983 ipsum,
3128 3914 3257 3969 licet
3281 3931 3419 3983 prte-

1846 4011 2018 4064 sulem
2062 4008 2288 4062 alterius
2341 4006 2610 4068 dimeesis,
2657 4005 2708 4057 in
2754 4005 2999 4057 Ecclesia
3048 4004 3414 4058 Alexandrina

1845 4117 2011 4156 ausus
2042 4101 2114 4155 sit
2159 4099 2503 4154 anathemate
2530 4097 2697 4150 ferire
2735 4113 2746 4147 :
2780 4111 2888 4148 non
2933 4095 3076 4164 quod
3106 4096 3414 4150 exercuerit

1846 4195 1912 4248 de
1946 4193 2289 4246 Theodoreto
2317 4189 2604 4260 judicium,
2629 4187 2721 4256 qui
2756 4187 2946 4239 fuisset
2977 4201 3245 4239 canonum
3275 4187 3413 4240 into-

1845 4285 2090 4337 lerabilis
2112 4288 2492 4348 contemptus;
2525 4278 2619 4332 sed
2655 4276 2848 4330 callide
2873 4275 3190 4340 monachos,
3223 4277 3316 4345 qui
3346 4294 3412 4333 ex

1845 4373 2069 4430 Oriente
2099 4378 2414 4424 accusatum
2436 4374 2722 4427 venerant,
2757 4363 2808 4416 in
2836 4363 3123 4418 ecclesiam
3160 4365 3409 4432 induxit;

173 4459 366 4514 striata:
399 4462 582 4516 instar
627 4461 878 4530 imaginis
907 4461 1085 4515 varias
1148 4474 1247 4528 pro
1277 4460 1430 4513 vario
1477 4457 1742 4511 intuentis
1771 4457 1818 4514 D
1844 4478 2142 4534 eorumque
2172 4462 2331 4531 178
2357 4467 2472 4513 arte
2513 4459 2586 4512 ita
2611 4457 2904 4511 concitavit
2929 4457 3211 4526 populum,
3238 4466 3297 4511 ut
3330 4466 3414 4511 tu-

172 4565 385 4622 aspectu
413 4557 625 4610 formas
656 4556 899 4611 exhibet.
932 4556 1130 4611 Verum
1158 4555 1260 4608 hac
1283 4553 1350 4608 de
1369 4568 1431 4606 re
1462 4553 1516 4604 in
1545 4567 1736 4606 recen-

171 4644 318 4700 sione
343 4646 476 4700 libri
523 4647 792 4715 prolixius
815 4646 1012 4716 agitur.
1391 4644 1394 4646 ⁷

240 4734 396 4804 177
429 4735 524 4788 ιχ.
552 4735 673 4789 Non
703 4744 911 4790 tantum
941 4735 1084 4805 apud
1112 4735 1504 4804 imperatorem
1527 4735 1736 4804 ipsum-

169 4839 270 4892 que
303 4827 562 4884 Proclum
596 4829 758 4898 regis:
783 4829 936 4886 urbis
977 4829 1293 4898 episcopum
1337 4829 1737 4898 expostulatum

167 4928 245 4971 est
271 4919 339 4972 de
366 4919 736 4984 Thcodoreto,
769 4921 862 4974 sed
892 4921 1034 4991 apud
1059 4920 1488 4974 Alexandrinum
1517 4936 1737 4990 quoque

169 5005 511 5076 Dioscornm;
539 5011 608 5065 ad
631 5027 796 5081 quem
822 5026 948 5066 cum
994 5011 1355 5066 accessissent
1393 5012 1582 5066 clerici
1612 5011 1736 5080 qui-

166 5099 290 5154 dam
334 5102 670 5168 Osdroenes,
722 5104 1086 5160 anathematis
1141 5103 1412 5158 sententia
1457 5119 1487 5157 a
1529 5104 1738 5159 Damno

168 5193 431 5258 percussi,
479 5194 854 5258 Thcodoreto,
882 5195 1077 5274 Domni
1129 5195 1307 5249 amico
1348 5194 1634 5264 singulari,
1682 5194 1739 5247 in

165 5284 393 5340 crimine
437 5288 655 5344 nefario
700 5287 1019 5342 concionem
1053 5287 1110 5341 in
1156 5286 1311 5341 obitu
1337 5285 1528 5354 Cyrilli
1577 5287 1737 5340 habi-

1845 4555 2154 4612 multuatim
2208 4552 2496 4607 anathema
2544 4549 2889 4602 Theodoreto
2955 4550 3408 4622 conclamaretur.

1845 4646 2166 4702 Tumultum
2197 4658 2329 4697 vero
2360 4640 2557 4710 prarsul
2605 4654 2714 4691 non
2759 4638 2924 4691 modo
2961 4654 3069 4692 non
3128 4641 3409 4708 repressit,

1845 4740 1940 4794 sed
1969 4747 2120 4793 stans
2143 4737 2197 4788 in
2235 4734 2431 4786 throno
2458 4725 2918 4784 conclamantlum
2945 4728 3102 4782 fidem
3134 4729 3407 4782 laudavit:

1846 4847 1947 4887 nec
1975 4845 2041 4884 eo
2067 4834 2379 4886 contentus,
2407 4820 2936 4889 Constantinopolim
2971 4821 3288 4890 episc0pum
3337 4821 3414 4875 le-

1843 4922 2010 4994 gavit,
2058 4918 2150 4988 qui
2208 4916 2276 4970 de
2317 4911 2690 4968 Orientalibus
2720 4912 3128 4980 expostularct,
3181 4918 3236 4964 et
3285 4911 3411 4965 facti

1843 5016 2107 5070 adversus
2134 5008 2536 5064 Theodoretum
2571 5006 2840 5059 rationem
2867 5003 3139 5057 redderet.

1914 5105 1982 5158 X.
2018 5104 2156 5156 Dum
2181 5102 2296 5154 haec
2318 5104 2582 5169 geruntur
2607 5096 2670 5159 “,
2711 5101 2805 5149 aut
2832 5093 2996 5163 paulo
3026 5102 3172 5154 ante,
3206 5106 3273 5145 ex
3309 5091 3412 5148 hac

1773 5185 1786 5188 ’
1844 5197 1956 5249 vita
2007 5191 2242 5247 decessit
2301 5189 2557 5252 Proclus,
2605 5186 2691 5240 vir
2745 5183 2991 5254 apprime
3035 5182 3338 5238 catholicus
3386 5201 3404 5236 ι

1844 5284 2088 5344 succedit
2118 5283 2172 5336 in
2214 5280 2397 5336 sedem
2423 5279 2577 5333 urbis
2614 5279 2773 5348 regim
2816 5273 3126 5337 Flavianus,
3165 5273 3410 5345 martyrii

1507 5453 1679 5510 SCHL1
1694 5451 1820 5506 ιλιι
1863 5448 2091 5504 NOTAE.

232 5606 280 5684 ’ξ
308 5567 582 5684 Anatolio,
620 5622 727 5668 etc.
759 5613 880 5668 Vid.
922 5614 1082 5684 epist.
1120 5615 1206 5680 79,
1243 5613 1333 5678 80,
1370 5613 1460 5684 81,
1489 5614 1577 5669 9|.
1671 5613 1716 5644 ⁸⁸
1749 5611 1812 5665 1η
1851 5611 1964 5684 Igoc,
1998 5617 2104 5662 etc.
2134 5603 2389 5684 Eamdem
2412 5601 2604 5684 tibiam
2639 5599 2863 5684 inll‘at‘in
2893 5597 3114 5684 disi},
3137 5614 3186 5684 c.
3215 5597 3270 5684 6ζ
3288 5597 3402 5684 ι

167 5675 287 5756 ﬁed
316 5682 529 5756 nemini
576 5699 726 5752 vanae
775 5700 905 5756 sua;
939 5675 1263 5756 conjectnrte
1295 5675 1602 5756 veritatem
1650 5680 1980 5756 persuadere
2035 5675 2231 5756 potuit.

2323 5675 2368 5705 "
2402 5672 2670 5726 Dioscoro.
2722 5669 2842 5725 Vid.
2892 5679 2930 5723 t.
2990 5668 3092 5734 IV,
3139 5683 3195 5739 p.
3247 5669 3398 5724 Hii.

166 5746 207 5777 "
249 5749 388 5803 Dum
425 5753 535 5805 ha’c
566 5749 840 5824 geruntur.
874 5743 1090 5810 Scilicet
1115 5769 1257 5809 anno
1281 5754 1403 5816 M7,
1445 5761 1505 5806 ut
1550 5755 1603 5806 in
1643 5743 1882 5824 margine
1912 5743 2123 5803 monuit
2170 5743 2488 5801 Garnerius.
