3954 6294
458 326 469 343 ς
482 276 581 343 131

1607 271 1988 335 GARNEPJI
2026 267 2527 333 DISSEBTATIO
2565 271 2616 329 Ι.

3637 264 3741 333 132

478 395 661 466 palma
682 394 905 453 futurus
924 395 1148 450 nobilis.
1180 394 1260 449 Ad
1283 394 1433 448 hunc
1454 391 1859 456 Theodoretus,
1883 404 2048 460 quem
2084 395 2124 447 Α
2147 401 2365 452 errore,
2387 387 2556 451 hunc,
2581 384 2648 440 ad
2658 384 2957 440 monitione
2989 392 3328 456 contempta,
3353 385 3633 442 Obstinate
3656 403 3749 444 re-

480 486 587 541 sibi
622 486 986 542 faventiorem
1018 486 1213 540 Proclo
1243 484 1520 554 sperabat,
1561 483 1715 543 dedit
1751 483 1966 538 litteras
1994 483 2064 546 ",

439 575 869 645 gratulator-ias
911 575 1172 644 primum,
1218 588 1346 627 mox
1395 570 1821 642 deprecatorias,
1868 568 2069 638 quibus

484 664 811 733 imploraret
840 678 1025 732 opem,
1054 671 1401 733 peteretque,
1436 678 1508 717 ne
1547 662 1835 717 audiretur
1867 659 2070 714 missus

486 752 543 806 in
573 753 769 807 urbem
804 753 1010 822 regiam
1036 768 1066 805 a
1092 753 1357 808 Dioscoro
1394 753 1709 823 episcOpus,
1732 750 1829 820 qui
1858 758 1915 804 et
1938 762 2071 804 cau-

468 834 569 899 sas
617 844 751 898 dicti
796 845 1143 899 Alexandria:
1174 844 1229 899 in
1257 845 1669 900 Theodoretum
1700 843 2071 899 anathematis

477 941 799 1003 exponeret,
842 943 900 988 et
928 936 1320 1006 imperatorem
1360 936 1582 1006 gravius
1611 943 1854 1006 urgeret.
1895 953 1915 985 ‹
1945 936 2072 990 Dio-

481 1042 697 1091 scorus,
745 1028 929 1097 inquit
974 1028 1043 1095 3”,
1100 1030 1568 1085 calumniantibus
1617 1045 1781 1084 aures
1825 1030 2067 1093 tradens,

480 1132 597 1171 rem
627 1134 921 1189 aggressus
943 1128 1047 1185 est,
1075 1137 1196 1190 quae
1220 1120 1370 1175 credi
1402 1122 1717 1177 nullatenus
1745 1131 1933 1191 queat,
1964 1121 2071 1177 nisi

487 1216 686 1263 testem
731 1210 962 1265 haberet
998 1212 1320 1266 Ecclesiam.
1370 1213 1519 1267 Tulit
1569 1215 1717 1268 enim
1767 1214 1926 1279 illos,
1975 1212 2073 1284 qui

491 1300 653 1355 nobis
676 1302 693 1320 '
709 1301 1000 1356 anathema
1019 1302 1296 1368 dicebant,
1322 1284 1664 1375 surgensque
1689 1313 1744 1359 et
1764 1305 2074 1360 acclamans

482 1391 705 1446 illorum
738 1408 905 1447 voces
937 1393 1287 1448 conﬁrmavit
1314 1413 1326 1448 :
1356 1396 1426 1449 ad
1474 1395 1591 1450 haec
1624 1396 1839 1465 aliquos
1867 1412 1937 1451 ex
1959 1396 2073 1452 Deo

484 1483 827 1538 charissimis
852 1484 1130 1554 episcopis
1150 1485 1204 1539 in
1237 1486 1431 1541 urbem
1456 1486 1662 1556 regiam
1689 1487 1860 1551 misit,
1892 1495 1955 1542 ut
1986 1503 2077 1543 ac-

484 1575 754 1643 cepimus,
794 1575 1030 1645 majores
1069 1592 1299 1646 sperans
1327 1586 1521 1632 contra
1560 1592 1662 1632 nos
1689 1577 1957 1633 tumultus
1982 1593 2077 1633 ex-

485 1667 754 1721 citandos.
794 1686 812 1718 ι
1072 1670 1075 1675 ’

555 1756 645 1810 XI.
674 1757 878 1811 Eodem
904 1766 1228 1828 argumento
1245 1760 1466 1829 scripsit
1487 1759 1532 1790 ⁸⁸
1557 1759 1739 1814 Tauro
1757 1768 1815 1814 et
1843 1759 2069 1815 Floren-

487 1848 565 1901 tio
597 1849 865 1918 patriciis,
898 1849 1170 1918 Lupicino
1207 1851 1470 1920 magistro
1510 1849 1842 1916 oﬂiciorum,
1869 1851 2070 1906 Eutre-

486 1939 613 1993 chio
654 1940 939 2009 praefecto,
967 1949 1022 1995 et
1065 1940 1319 1997 Anatolio
1358 1942 1608 2011 patricio.
1653 1942 1883 2013 Scripsit
1927 1944 1973 1975 ὀ
2014 1944 2073 1998 in

485 2031 735 2086 eamdem
760 2035 1090 2088 sententiam
1121 2034 1187 2087 ad
1217 2019 1359 2087 alios
1381 2035 1546 2087 etiam
1572 2035 1782 2103 plures,
1814 2035 1929 2090 sive
1957 2050 2074 2090 ma-

487 2133 699 2193 gnates,
726 2123 839 2179 sive
869 2125 1187 2195 episcopos,
1214 2125 1329 2180 sive
1380 2125 1548 2183 etiam
1603 2126 1845 2183 illustres
1887 2127 2075 2183 diaco-

489 2215 666 2269 nissas
689 2215 845 2280 duas,
868 2225 925 2270 ut
946 2232 1014 2271 ne
1035 2216 1319 2273 videretur
1342 2216 1540 2272 famam
1566 2233 1719 2274 suam
1745 2220 2071 2290 neglexisse,

490 2320 652 2372 quam
681 2303 946 2372 integram
971 2304 1237 2373 priestari,
1254 2304 1481 2373 putabat
1501 2304 1760 2360 Ecclesiae
1783 2305 2070 2361 interesse.

490 2391 633 2460 Quin
667 2402 721 2447 et
754 2394 927 2463 ipsius
955 2395 1192 2463 impulsu
1232 2395 1480 2449 Domnus
1519 2395 1899 2450 Antiochenus
1924 2395 2075 2451 misit

493 2498 593 2539 sua
622 2500 688 2537 ex
719 2484 941 2539 dioecesi
975 2489 1285 2556 episcopos,
1319 2486 1411 2555 qui
1451 2486 1613 2540 simul
1639 2493 1697 2540 et
1742 2487 2075 2542 Theodoreti

493 2574 862 2644 patrocinium
916 2576 1280 2645 susciperent,
1330 2583 1386 2629 et
1448 2575 1653 2631 illatam
1705 2576 2077 2633 Orientalibus

492 2662 830 2721 Nestorianaa
886 2664 1111 2719 hmresis
1160 2664 1489 2719 calumniam
1535 2664 1829 2729 diluerent,
1863 2672 1919 2719 et
1964 2673 2075 2721 tota

494 2768 661 2823 epum
703 2755 758 2808 vi
805 2770 862 2809 se
912 2764 1253 2825 Oppone-rent
1300 2755 1542 2810 Dioscori
1593 2756 1849 2819 ausibus,
1886 2756 2078 2812 alienat

497 2843 754 2900 dimcesis
781 2845 833 2899 in
861 2846 984 2916 jura
1009 2846 1322 2899 involantis.

1109 2953 1336 3009 CAPUT
1367 2954 1461 3009 IX.

2168 479 2432 533 tinuerat.

2238 571 2304 625 ll.
2334 572 2467 626 Erat
2497 572 2780 647 Eutyches
2818 571 3245 626 archimandrita
3275 571 3619 627 celeberrimi
3655 588 3749 629 Cll-

2164 661 2383 731 jusdam
2415 663 2471 717 in
2501 665 2638 719 urbe
2683 663 2831 735 regia
2871 662 3209 727 monasterii,
3238 661 3332 733 qui
3376 662 3507 718 olim
3557 664 3749 719 Nesto-

2171 754 2339 809 rianee
2364 755 2558 811 haeresi
2585 754 2944 826 proﬂiganda:
2964 769 3077 808 non
3110 753 3443 809 mediocrem
3474 770 3597 810 cum
3620 771 3753 811 san-

2171 854 2263 899 cto
2289 845 2557 901 Dalmatio
2583 854 2808 901 navarat
2828 859 3071 915 operam.
3110 844 3498 900 Partiebantur
3526 844 3604 900 illi
3637 845 3751 901 duo

2172 937 2428 992 monachi
2469 939 2853 999 auctoritatem
2876 937 3048 1004 aula;
3078 945 3135 991 et
3161 944 3427 1006 quantum
3453 936 3755 993 Dalmatius

2173 1030 2321 1099 apud
2361 1031 2749 1099 imperatorem
2803 1037 3031 1100 propter
3067 1031 3372 1085 sanctitatis
3412 1030 3750 1100 opinionem,

2173 1127 2387 1173 tantum
2417 1120 2692 1191 Eutyches
2716 1119 2860 1189 apud
2902 1119 3302 1191 Chrysaphium
3330 1120 3543 1189 imperii
3570 1120 3754 1174 admi-

2172 1210 2431 1276 nistrum,
2459 1226 2729 1281 suumque
2760 1211 2815 1264 in
2854 1210 3131 1281 baptismo
3164 1220 3500 1280 susceptum,
3523 1216 3754 1282 propter

2175 1302 2558 1371 cognationem
2582 1301 2917 1371 spiritualem
2948 1302 3184 1356 valebat.
3214 1301 3458 1371 Uterque
3479 1316 3614 1355 vero
3648 1301 3753 1356 fuit

2180 1392 2592 1449 addictissimus
2645 1392 2850 1464 Cyrillo
2891 1410 2905 1445 :
2949 1406 3075 1447 nam
3126 1393 3212 1447 vir
3263 1391 3749 1462 prudentissimus,

2173 1494 2536 1556 praeterquam
2575 1484 2724 1555 quod
2767 1500 2866 1555 pro
2895 1484 3001 1540 llde
3043 1484 3245 1539 acriter
3274 1484 3569 1555 pugnabat,
3603 1484 3751 1553 quod

2174 1575 2282 1630 fuit
2320 1575 2455 1631 viris
2498 1576 2660 1631 bonis
2705 1576 3042 1632 incentivum
3089 1577 3157 1632 ad
3218 1591 3495 1641 amorem,
3551 1575 3752 1632 litteris

2176 1668 2293 1723 suis
2321 1667 2717 1722 monachorum
2739 1668 2893 1722 urbis
2931 1667 3094 1739 regiae
3112 1669 3322 1739 Patres,
3347 1682 3486 1737 quos
3523 1676 3753 1722 noverat

2174 1758 2232 1813 in
2267 1759 2391 1812 aula
2425 1758 2679 1829 religiosa
2710 1758 2848 1813 nihil
2875 1772 2986 1812 non
3013 1773 3201 1828 posse,
3238 1762 3292 1812 in
3328 1765 3536 1828 partem
3567 1757 3753 1812 consi-

2171 1850 2375 1904 liorum
2402 1858 2459 1904 et
2484 1865 2678 1920 pugnae
2706 1865 2931 1915 vocans,
2951 1850 3152 1904 mirum
3189 1857 3457 1920 quantum
3485 1850 3590 1904 sibi
3618 1865 3753 1905 con-

2171 1941 2473 1995 ciliaverat.
2505 1941 2578 1996 Ut
2605 1949 2786 1994 autem
2812 1940 2937 2013 ﬁdei
2961 1942 3131 2006 zelus,
3166 1941 3524 2010 virorumque
3566 1941 3756 1996 docto-

2174 2046 2298 2084 rum
2353 2045 2524 2094 amor,
2555 2030 2599 2084 si
2644 2030 2865 2099 quando
2913 2029 3168 2085 inciderit
3214 2031 3268 2084 in
3309 2031 3562 2086 homines
3597 2032 3753 2088 valde

2174 2120 2383 2187 bonos,
2425 2136 2522 2176 eos
2573 2121 2757 2175 reddit
2805 2121 2998 2177 faciles
3040 2121 3220 2192 decipi
3274 2137 3304 2177 a
3354 2124 3755 2180 veteratoribus

2172 2213 2433 2283 pietatem
2472 2212 2719 2267 mentitis
2741 2229 2754 2277 ;
2779 2212 2859 2267 sic
2880 2212 3166 2285 Eutychen
3185 2215 3482 2283 prepensio
3503 2215 3557 2267 in
3580 2213 3757 2285 Cyril-

2172 2305 2308 2369 lum,
2332 2304 2595 2360 etodium
2621 2304 2882 2367 Nestorii,
2904 2305 3190 2359 monachis
3210 2305 3461 2360 Armenis
3488 2305 3755 2378 Cyrillum

2175 2412 2317 2467 pene
2361 2395 2738 2460 ado‘rantibus,
2790 2396 3103 2450 Nestorium
3150 2398 3304 2452 velut
3343 2397 3495 2453 orbis
3546 2407 3755 2468 pestem

2175 2483 2610 2547 exsecrantibus,
2635 2483 2730 2537 sed
2759 2483 3081 2552 Apollinarii
3115 2485 3304 2539 morbo
3336 2485 3569 2551 allectis,
3593 2501 3758 2542 aures

2175 2574 2419 2642 praebere
2453 2574 2738 2643 compulit,
2765 2589 2830 2629 ac
2854 2576 3202 2630 sermonibus
3227 2575 3386 2631 ﬁdem
3412 2576 3563 2631 dare.

2251 2663 2481 2733 Propter
2517 2663 2809 2719 nonnullas
2848 2665 3017 2734 igitur
3059 2664 3246 2736 Cyrilli
3288 2665 3588 2721 sententias
3615 2666 3756 2721 male

2179 2758 2507 2825 intellectas,
2532 2759 2747 2813 somnio
2780 2758 3013 2813 similem
3035 2757 3165 2812 fecit
3190 2757 3441 2823 hmresin,
3481 2766 3577 2812 aut
3604 2759 3759 2815 facta:

2175 2849 2364 2919 potius
2389 2848 2458 2903 ab
2499 2848 2757 2903 Armenis
2786 2848 3071 2902 monachis
3098 2863 3299 2903 nomen
3342 2848 3516 2905 dedit.
3540 2849 3755 2915 Aiebat,

2179 2948 2241 2993 ut
2278 2937 2482 3003 ferunt,
2511 2938 2648 2993 duas
2688 2937 2855 2993 fuisse
2887 2938 3109 3007 quidem
3136 2947 3263 2993 ante
3294 2939 3552 2993 unionem
3598 2948 3758 2993 natu-

494 3042 540 3100 1.
572 3043 842 3123 "Synodus
867 3116 878 3123 .
920 3043 1377 3123 Constantinopoli
1451 3047 1702 3123 adversus
1783 3046 2071 3123 Eutychen.

2184 3044 2289 3094 ras,
2313 3029 2411 3085 sed
2454 3030 2523 3084 ab
2558 3029 2809 3085 unitione
2847 3045 3012 3083 unum
3061 3045 3347 3084 remanere
3401 3031 3456 3084 in
3502 3028 3754 3089 Christo:

570 3115 635 3185 l_l.
668 3115 793 3179 Quis
862 3116 1023 3185 ipsius
1077 3115 1396 3171 errorylll.
1450 3117 1753 3170 Damnatur
1811 3115 2075 3173 obnitente

568 3183 894 3258 Chrysaphio
921 3187 1170 3258 eurum/io.
1200 3186 1287 3240 IV.
1318 3186 1550 3258 Laborat
1578 3187 1923 3258 Theodoretus
1947 3204 2072 3258 pro-

572 3262 690 3328 pter
716 3256 1102 3328 ordinationem
1130 3255 1575 3328 Irenccidigami.
1612 3257 1675 3311 V.
1707 3255 1966 3310 Indicitur
1990 3274 2076 3328 sy-

572 3323 741 3397 nodus
781 3325 1055 3397 Ephesina
1096 3340 1153 3397 ll.
1183 3325 1266 3379 VI.
1313 3323 1462 3397 Vetat
1497 3323 2078 3397 imperatortneads'it

570 3392 936 3466 Theudor-etus.
968 3394 1078 3466 VII.
1109 3394 1180 3447 De
1183 3395 1548 3466 lactropolitis
1570 3392 1956 3466 EgyptiVIlI.
1981 3397 2077 3451 In-

575 3414 936 3447 ιηεοαυι-ριιιδ.
977 3414 1078 3447 vn.
1109 3414 1180 3447 ue
1203 3414 1548 3465 mctrOpOttttS
1570 3414 1672 3466 mg
1747 3414 1804 3449 ιι.
1832 3414 1956 3450 vm.
1981 3414 2077 3451 1n-

575 3462 854 3517 dictionem
885 3479 1021 3532 (egre
1054 3464 1149 3532 fert
1179 3464 1546 3519 Theodoretus.
1568 3414 1757 3529 IX,
1778 3466 2078 3520 Damnatur

571 3532 839 3606 familiis
866 3534 938 3606 in
965 3534 1183 3606 synodo,
1217 3535 1273 3587 in
1306 3552 1412 3605 qua
1456 3534 1593 3606 fiunt
1619 3537 1796 3589 omnia
1828 3553 1920 3606 per
1952 3539 2074 3593 vim.

573 3600 666 3676 ζμ
693 3600 819 3676 XII.
844 3603 974 3676 Acta
996 3600 1252 3676 rescindit
1275 3600 1491 3676 sanctus
1527 3605 1648 3676 Leo,
1681 3607 1773 3676 qui
1804 3600 1983 3660 scribit
2011 3608 2081 3661 ad

574 3671 912 3744 Theodosium
936 3672 997 3744 de
1017 3674 1213 3743 synodo
1230 3674 1556 3744 abroganda.
1573 3671 1711 3728 Xlll'.
1734 3675 2079 3732 Theodoretns

575 3739 811 3814 appellat
844 3739 1474 3814 sedent'_apostolic?un,
1537 3744 1838 3814 legatosque
1897 3749 2075 3802 mittit.

575 3757 646 3807 ap
686 3757 811 3794 euat
871 3757 1043 3795 sedem
1101 3757 1474 3812 aposmttcam,
1537 3757 1838 3814 legatosque
1897 3757 2075 3802 mittit.

571 3757 713 3864 Χιῗῐ.
741 3810 875 3864 Petit
936 3812 1243 3879 facultatem
1270 3815 1427 3883 179
1480 3815 1576 3868 sibi
1616 3816 1734 3868 dari
1764 3816 1922 3868 eundi
1971 3816 2081 3869 Ro-

574 3896 739 3955 mam,
766 3891 859 3935 aut
896 3883 965 3935 ad
989 3885 1386 3955 monasterium.
1542 3884 1843 3955 Imperator
1871 3886 2083 3955 repellit

573 3951 1068 4023 petitionemsancti
1093 3953 1295 4006 Leonis.
1319 3953 1458 4008 XVI.
1483 3951 1765 4006 Pulcheria
1797 3951 1953 4023 fratri
1976 3973 2081 4010 non

573 4018 794 4074 obsistit.
826 4020 986 4075 XVII.
1027 4023 1371 4081 Theodoretus
1400 4039 1456 4077 se
1504 4033 1561 4083 et,
1583 4018 2081 4080 amicos'consortes

571 4087 796 4143 solatur.
834 4090 1022 4146 XVIII.
1069 4091 1261 4146 Scribit
1307 4092 1599 4147 Historiam
1645 4091 2079 4151 ecclesiasticam.

907 4204 982 4253 Ab
1006 4219 1134 4254 anno
1161 4202 1341 4256 Christi
1370 4204 1462 4253 419
1483 4205 1544 4254 ad
1567 4205 1680 4254 1151.

569 4307 613 4363 l.
643 4306 844 4364 Coacta
872 4318 957 4364 est
993 4310 1215 4365 interim
1250 4309 1721 4381 Constantinopoli
1759 4327 1788 4366 a
1820 4312 2081 4367 Flaviano

2177 3119 2299 3188 ejus
2324 3134 2545 3174 carnem
2572 3135 2684 3175 non
2710 3135 2833 3176 esse
2860 3130 3063 3175 nostrae
3088 3121 3635 3181 consubstantialem,
3659 3119 3755 3176 sed

2177 3211 2319 3267 caelo
2342 3211 2570 3281 lapsam,
2615 3227 2715 3281 per
2747 3212 2989 3283 Virginis
3020 3220 3239 3267 uterum
3272 3213 3555 3267 transiisse
3586 3213 3754 3267 veluti

2177 3312 2277 3369 per
2300 3303 2546 3357 canalem
2566 3342 2581 3367 ,
2617 3310 2675 3356 et
2695 3302 2771 3356 ita
2806 3303 2862 3355 in
2895 3303 3073 3356 lucem
3099 3301 3367 3371 prodiisse
3394 3321 3408 3356 :
3445 3319 3566 3372 qua:
3595 3317 3755 3359 causa

2178 3389 2306 3456 fuit,
2330 3401 2391 3446 ut
2417 3408 2446 3446 a
2473 3391 2661 3466 Leone
2695 3393 2888 3462 Magno
2915 3394 2960 3425 ”
2996 3393 3274 3449 diceretur
3305 3394 3465 3464 180
3492 3395 3545 3448 in
3570 3409 3755 3449 veram

2181 3481 2417 3552 Virginis
2460 3470 2890 3549 maternitatem,
2940 3485 3170 3555 perinde
3223 3500 3288 3540 ac
3320 3486 3626 3552 Nestorius,
3674 3502 3757 3541 er-

2182 3585 2355 3643 rasse.
2394 3570 2601 3627 Verum
2669 3572 2910 3627 hominis
2964 3574 3289 3645 desipientis
3343 3576 3412 3631 ab
3463 3583 3644 3641 aetate,
3703 3586 3759 3632 et

2181 3662 2358 3732 ignari
2391 3678 2493 3733 per
2528 3678 2609 3729 se,
2630 3673 2688 3719 et
2712 3682 2742 3719 a
2773 3666 3263 3739 praestigiatoribus
3285 3668 3537 3722 Armenis
3556 3667 3755 3733 delusi,

2180 3760 2239 3807 et
2274 3754 2391 3809 suis
2436 3755 2654 3811 duobus
2697 3758 2983 3814 monachis
3021 3758 3384 3813 Constantino
3430 3767 3487 3813 et
3538 3759 3757 3815 Eleusio

2182 3845 2427 3909 creduli,
2462 3846 2671 3916 opinio,
2702 3864 2805 3904 nec
2853 3865 2962 3904 una
3012 3849 3150 3914 fuit,
3184 3865 3288 3905 nec
3335 3860 3614 3916 constans,
3660 3850 3756 3907 sed

2182 3938 2607 4003 commutabilis,
2639 3947 2804 4009 prout
2836 3942 3174 3996 contranium
3198 3940 3460 4011 quiddam
3490 3942 3578 3997 vel
3613 3940 3758 4012 obji-

2183 4038 2428 4095 ceretur,
2464 4032 2551 4085 vel
2572 4031 2737 4085 etiam
2768 4033 3071 4088 diceretur.

2249 4121 2340 4176 Ill.
2369 4123 2669 4179 Damnatus
2695 4133 2779 4179 est
2806 4140 2836 4178 a
2860 4124 3101 4178 Flaviani
3125 4123 3354 4195 synodo,
3385 4122 3755 4194 nequidquam

2183 4214 2471 4270 obtinente
2513 4214 2855 4287 Chrysaphio
2904 4215 3182 4279 eunucho,
3226 4230 3390 4285 quem
3432 4214 3615 4270 minus
3644 4214 3756 4269 Eu-

2187 4305 2368 4376 tychis
2406 4320 2580 4369 amor,
2603 4321 2767 4375 quam
2819 4306 3058 4361 Flaviani
3098 4305 3285 4360 odium
3326 4306 3574 4376 urgebat.
3599 4304 3759 4361 Dam—
3859 4362 3867 4373 .

505 4398 768 4470 synodus,
808 4415 929 4468 quae
984 4401 1334 4471 consignatur
1378 4399 1597 4456 Zenone
1628 4410 1685 4456 et
1726 4401 2079 4457 Postumiano
2109 4417 2161 4475 υ
2185 4397 2467 4451 nationem
2496 4407 2807 4453 consecutae
2838 4406 2969 4452 sunt
2989 4397 3180 4463 turbae,
3199 4405 3426 4467 propter
3446 4412 3585 4467 quas
3612 4405 3758 4467 post-

505 4503 647 4544 ooss:
682 4505 755 4543 IV.
787 4489 867 4544 Id.
892 4490 1156 4544 Novemb.
1184 4490 1304 4544 Non
1347 4489 1452 4545 fuit
1505 4490 1736 4546 fortasse
1778 4491 2079 4557 ordinaria,

506 4579 601 4634 sed
624 4587 685 4635 ut
716 4580 920 4636 habent
942 4589 1082 4645 acta,
1109 4580 1229 4651 ὲνδη
1240 4580 1435 4651 μοῦσα,
1461 4597 1529 4637 ex
1556 4583 1625 4636 iis
1650 4597 1846 4651 nempe
1870 4583 2087 4652 episco-

506 4669 612 4740 pis,
637 4671 733 4740 qui
778 4673 979 4741 reperti
1028 4680 1157 4726 sunt
1199 4672 1256 4726 in
1299 4673 1589 4728 comitatu.
1615 4674 1787 4733 Erant
1836 4689 1970 4729 vero
2015 4675 2084 4730 de

508 4776 661 4817 more
708 4761 951 4832 plurimi.
998 4761 1353 4817 Occasionem
1396 4763 1440 4794 ⁹¹
1487 4763 1743 4832 cogendae
1786 4763 1916 4818 fecit
1961 4773 2079 4820 orta

509 4853 739 4922 quaestio
787 4854 929 4909 inter
960 4853 1302 4909 Florentium
1363 4853 1615 4909 Sardium
1669 4853 1991 4921 antistitem,
2028 4864 2084 4911 et

510 4942 649 5000 duos
681 4944 803 5016 ejus
831 4944 1131 5015 provinciae
1175 4945 1464 5015 episcopos
1483 4945 1747 5001 Joannem
1794 4954 1852 5000 et
1890 4945 2074 5001 Cossi-

510 5035 664 5090 nium
697 5053 710 5089 :
743 5052 847 5105 qua
881 5035 1040 5093 facile
1080 5034 1250 5101 ﬁnita,
1280 5034 1484 5090 actum‘
1505 5043 1610 5100 est,
1649 5044 1943 5092 accusante
1974 5037 2085 5092 Eu-

515 5124 668 5179 sebio
694 5125 923 5196 Dorylaei
948 5124 1228 5194 cpisc0po,
1252 5124 1319 5178 de
1346 5124 1591 5194 Eutyche
1619 5126 1958 5196 presbytero,
1988 5128 2082 5196 qui

513 5213 713 5283 sepius
743 5214 811 5269 ab
839 5213 1075 5267 Eusebio
1113 5214 1286 5269 amice
1327 5213 1640 5269 admonitus
1675 5214 1742 5270 de
1777 5217 2086 5288 abjiciendo

2188 4487 2412 4542 modum
2462 4488 2798 4543 latrocinalis
2841 4488 3078 4557 primum
3130 4488 3370 4559 synodus
3417 4482 3693 4557 Ephesina
3727 4502 3756 4541 α

2191 4579 2522 4643 Theodosio,
2564 4580 2763 4634 deinde
2809 4580 3272 4635 Chalcedonensis
3323 4581 3664 4636 mcumenica
3729 4596 3757 4633 a

2191 4670 2484 4735 Marciano,
2513 4670 3116 4741 Constantinopolitana
3157 4676 3175 4691 ‘
3208 4670 3446 4742 denique
3492 4672 3758 4743 generalis

2191 4762 2431 4817 secunda
2479 4762 2641 4832 longo
2689 4770 2814 4832 post
2841 4770 3083 4832 tempore
3130 4776 3159 4816 a
3209 4762 3519 4818 Iustiniano
3573 4771 3756 4819 coacta

2188 4861 2290 4907 est.

2261 4948 2350 5003 IV.
2401 4950 2625 5005 Interim
2660 4950 3041 5006 Theodoretus
3081 4949 3555 5022 Constantinopoli
3622 4950 3759 5005 male

2190 5040 2468 5106 audiebat,
2489 5058 2596 5096 non
2629 5050 2838 5096 tantum
2862 5042 3127 5097 doctrinae
3147 5040 3312 5098 causa
3341 5043 3758 5112 turbarumque.

2191 5147 2329 5200 quas
2359 5131 2561 5207 ciebat,
2593 5132 2687 5186 sed
2720 5132 2882 5186 etiam
2931 5143 3158 5203 promer
3203 5133 3609 5189 ordinationem
3654 5133 3761 5189 Ire—

2192 5222 2293 5275 naei
2319 5222 2541 5292 digami.
2585 5222 2709 5276 Fuit
2756 5223 2994 5279 Irenzeus
3022 5239 3209 5280 comes
3254 5226 3382 5292 ille,
3410 5227 3568 5297 cujus
3620 5224 3761 5281 inter

1839 5369 2152 5426 SCIlULZII
2194 5372 2426 5431 ΝΟΤΛΕ.

599 5481 644 5513 ⁸⁷
679 5478 926 5552 Litteras.
956 5480 1273 5552 Vid._epist.
1314 5498 1351 5535 ιι
1397 5491 1451 5538 et
1505 5485 1591 5547 86,
1642 5493 1680 5538 t.
1712 5486 1797 5539 IV.

517 5550 677 5620 epist.
712 5551 780 5605 88
812 5550 901 5603 9|.

1904 5486 1949 5518 es
1984 5485 2181 5555 lnquit.
2223 5486 2345 5542 vsa.
2402 5498 2438 5542 t.
2496 5491 2582 5555 1v,

1011 5552 1056 5583 νο
1081 5550 1322 5625 Scripsit,
1356 5564 1461 5609 etc.
1495 5555 1610 5625 νίς.
1648 5564 1687 5608 ι.
1729 5555 1819 5625 tv,
1848 5557 2007 5625 epist.
2045 5550 2267 5611 95-103.

2614 5507 2668 5566 ρ.
2737 5492 2892 5545 uss.
2984 5493 3040 5566 is}
3068 5494 3308 5566 Scripsit.
3374 5495 3597 5566 νεαρ.
3667 5494 3753 5558 tv,

2370 5560 2410 5592 ”
2450 5557 2804 5622 Occasionem,
2842 5570 2948 5618 etc.
2982 5563 3102 5619 Vid.
3147 5557 3269 5622 A'ct.
3302 5578 3456 5620 conc.
3491 5557 3759 5620 Constane

521 5620 862 5706 tinqpolitani
900 5622 1103 5677 inserta
1162 5620 1311 5677 Actis
1351 5639 1502 5679 conc.
1558 5620 2042 5679 Chalcedonensis.
2118 5626 2162 5656 ”
2204 5626 2266 5679 (it
2306 5648 2336 5681 α
2368 5629 2537 5684 Leana
2591 5639 2693 5685 etc.
2749 5620 2867 5685 Vid.
2908 5634 3108 5689 Leonis
3150 5620 3223 5687 7M.
3256 5635 3562 5706 epistolam,
3597 5644 3634 5687 t.
3669 5631 3755 5699 IV,

521 5705 575 5760 ρ.
615 5691 747 5745 1195
777 5707 931 5763 seqq.
