3954 6294
189 310 284 376 133

1335 307 1698 375 HISTORIA
1733 314 2241 378 ἹἩΕΟΠΟΗΕΤῘ.

3347 323 3448 384 134

187 419 457 490 agendum
491 417 559 472 de
619 417 829 488 synodo
867 415 1142 486 Ephesius
1191 419 1395 471 mentio
1441 420 1562 481 fuit,
1608 421 1771 474 homo
1803 429 1842 480 Α
1873 425 1964 491 qui
2001 426 2092 478 sub
2122 426 2282 496 ipsius
2317 428 2560 496 degerent
2594 430 2816 492 dicet-esi,
2851 441 2898 483 et
2929 431 3047 485 aliis
3088 432 3329 487 similiter
3359 438 3450 489 de-

189 521 410 584 propter
439 510 727 580 perfidiam
768 510 1087 579 imperatori
1124 511 1352 573 invisus,
1383 511 1475 578 qui
1503 511 1769 580 dignitate

189 599 404 662 comitis
437 605 707 674 privatus,
734 613 790 659 et
829 605 1040 674 eiectus
1078 605 1220 667 aula,
1266 604 1318 657 in
1358 604 1637 658 Orientem
1685 621 1769 659 se-

191 707 425 754 cesserat
448 698 593 767 apud
619 713 732 754 sum
759 697 1014 751 factionis
1053 697 1276 751 amicos.
1305 697 1602 751 Ordinatus
1627 709 1708 752 est
1739 713 1768 751 a

191 789 537 843 Theodoreto
566 788 858 858 episcopus
891 787 1041 858 Tyri,
1085 804 1393 856 quanquam
1429 806 1532 842 non
1568 801 1673 842 tam
1699 790 1769 843 ob

191 882 458 936 secundas
489 898 617 936 suas
645 881 885 950 nuptias,
916 896 1080 949 quam
1125 880 1194 933 ob
1243 890 1554 950 suspectam
1606 883 1768 936 fidem

191 984 242 1027 et
287 971 524 1027 Nestorii
579 973 829 1042 pertinax
878 971 1122 1025 studium
1181 971 1436 1041 indignus
1487 981 1627 1037 erat,
1675 972 1767 1042 qui

191 1065 489 1120 Ecclesium
523 1065 689 1118 ullam
723 1073 955 1132 regeret,
998 1066 1171 1116 multo
1197 1064 1377 1116 minus
1401 1063 1618 1134 Tyriam
1652 1081 1768 1118 me-

192 1158 523 1228 tropolitano
544 1158 672 1227 jure
706 1157 945 1209 nobilem
986 1173 996 1208 :
1035 1171 1204 1224 quare
1235 1156 1585 1225 imperatoris
1613 1158 1770 1227 jussu

193 1253 243 1304 in
292 1251 546 1305 ordinem
588 1249 837 1304 redactus
875 1257 993 1311 est,
1027 1263 1089 1300 ac
1142 1249 1324 1317 patrio
1359 1249 1476 1302 solo
1529 1249 1770 1302 circum-

190 1343 449 1411 scriptus.

259 1434 412 1490 Fecit
465 1443 528 1488 ea
587 1441 712 1496 res,
757 1441 815 1487 ut
858 1434 1240 1496 Theodoretus
1289 1433 1556 1502 penderet
1602 1431 1769 1486 animi

188 1525 410 1589 dubius,
439 1523 572 1594 quid
615 1532 738 1593 post
786 1523 1147 1593 dejectionem
1194 1523 1380 1576 Irenrei
1420 1533 1604 1594 ageret
1648 1541 1659 1575 :
1702 1539 1771 1582 an

189 1617 473 1671 ordinaret
509 1617 739 1670 alterum
763 1657 776 1678 ,
805 1616 1086 1684 profectus
1139 1615 1374 1684 Tyrum;
1407 1630 1475 1667 an
1526 1630 1583 1668 se
1629 1615 1771 1686 Cyro

187 1709 520 1772 contineret,
553 1716 611 1761 ut
658 1715 778 1761 erat
815 1708 1037 1778 jussus,
1088 1706 1417 1774 viduamque
1475 1707 1602 1777 Tyri
1672 1708 1771 1762 Ec-

188 1802 410 1856 clesiam
467 1801 828 1870 relinqueret.
870 1799 1136 1868 Utrinque
1181 1799 1500 1867 perplexum
1548 1799 1770 1854 videbat

187 1893 493 1962 negotium,
517 1906 639 1945 cum
669 1899 862 1944 neutra
902 1905 1028 1958 pars
1074 1887 1277 1940 invidia
1311 1897 1552 1952 careret,
1580 1900 1634 1942 et
1657 1889 1772 1941 ani-

186 2001 310 2040 mus
364 1995 547 2038 tamen
593 1984 646 2037 in
673 1984 961 2047 Irenaeum,
988 1979 1345 2036 consiliorum
1392 1981 1520 2035 olim
1561 1981 1774 2051 adjuto-

187 2092 322 2138 rem,
356 2075 746 2145 propenderct.

256 2155 319 2223 ν.
350 2168 577 2222 Interim
603 2169 646 2198 ”
678 2165 1006 2236 Cbrysapbii
1047 2165 1290 2220 eunuchi
1319 2165 1553 2225 artibus,
1585 2162 1768 2217 Eudo-

188 2261 398 2328 xiaaque
447 2259 670 2328 reginae,
704 2258 962 2312 muliebri
999 2257 1056 2312 in
1111 2257 1425 2312 Flavianum
1470 2254 1772 2308 Pulcliericc

187 2353 460 2407 faventem
491 2352 620 2410 odio
649 2351 850 2405 factum
880 2359 984 2415 est,
1009 2350 1281 2404 utuxoria
1307 2348 1567 2401 facilitate
1589 2345 1770 2399 Theo-

185 2445 377 2499 dosius
401 2445 668 2516 Eutycbis
692 2459 910 2497 causam
944 2443 1260 2512 recognosci
1288 2442 1470 2503 vellet,
1501 2439 1772 2507 simulque

187 2534 254 2587 de
303 2534 568 2588 Flaviano
613 2533 804 2586 haberi
839 2532 1129 2602 judicium.
1169 2530 1224 2584 ld
1270 2545 1402 2583 vero
1437 2528 1618 2580 aiebat
1661 2541 1772 2596 prae

189 2625 447 2678 illusione
495 2622 550 2676 id
590 2623 767 2692 ipsum
812 2637 967 2686 esse,
1026 2620 1174 2690 quod
1226 2619 1556 2687 Ephesinam
1610 2617 1771 2669 fidem

190 2714 397 2769 ﬁrmari
429 2732 442 2767 :
469 2729 638 2783 quare
665 2712 810 2782 quod
827 2712 1150 2782 jamdudum
1178 2718 1493 2778 susceperat
1519 2707 1774 2778 cogendas

188 2808 380 2879 synodi
409 2807 764 2862 (ecumenica:
789 2805 1104 2867 consilium,
1128 2804 1568 2872 deposueratque
1595 2800 1770 2870 gravi-

192 2901 294 2954 bus
335 2899 405 2953 de
433 2900 634 2961 causis,
676 2898 970 2966 resumpsit
1015 2897 1255 2959 tandem,
1283 2894 1658 2965 synodumque
1704 2893 1769 2947 ad

189 2991 464 3046 Kalendas
511 2989 739 3059 Augusti
798 2989 1000 3057 Ephesi
1047 2986 1452 3048 celebrandam,
1510 2985 1772 3038 Dioscoro

193 3084 424 3152 prteside
467 3084 678 3136 indixit.

261 3176 423 3230 Missa
445 3175 492 3206 ’⁵
517 3183 603 3244 est
650 3175 964 3229 evocatoria
988 3173 1196 3228 sanctio
1234 3172 1302 3227 ad
1327 3187 1519 3227 omnes
1547 3185 1770 3240 magna-

194 3283 316 3320 rum
379 3267 596 3322 sedium
653 3267 948 3330 antistites,
988 3266 1040 3320 id
1070 3275 1177 3330 est,
1214 3265 1284 3319 ad
1326 3273 1574 3319 sanctum
1630 3263 1771 3317 Leo-

193 3374 319 3412 nem
366 3359 576 3422 Romae,
607 3359 764 3427 181
805 3359 1126 3412 Dioscorum
1157 3356 1530 3419 Alexandriae,
1558 3355 1771 3409 Flavia-

192 3464 324 3502 num
349 3447 923 3518 Constantinopoleos,
961 3449 1231 3502 Domnum
1261 3447 1584 3508 Antiochiae,
1610 3447 1774 3502 Juve-

192 3541 376 3594 nalem
436 3540 940 3610 Hierosolymorum
999 3539 1320 3608 episcOpum
1375 3554 1388 3590 :
1447 3537 1633 3600 missa,
1685 3537 1773 3590 in-

193 3645 380 3697 quam,
430 3629 630 3699 partim
685 3628 899 3688 eadem,
924 3628 968 3682 si
1019 3627 1158 3681 ratio
1200 3627 1469 3681 habeatur
1511 3627 1772 3696 prwcipui

194 3719 438 3789 negotii;
473 3719 668 3787 partim
699 3719 937 3783 diversa,
973 3719 1017 3772 si
1049 3718 1303 3788 specialia
1352 3718 1600 3787 quaedam
1651 3733 1773 3771 mo-

194 3811 306 3865 nita
338 3819 396 3866 et
421 3811 572 3880 jussa
597 3820 932 3880 spectantur.
963 3811 1019 3864 Id
1046 3811 1367 3880 intelligitur
1387 3827 1453 3864 ex
1481 3811 1618 3864 actis
1640 3826 1773 3864 con-

194 3903 328 3956 cilii.
364 3901 623 3955 Eamdem
671 3901 1032 3966 demonstrat,
1077 3900 1225 3970 quod
1255 3909 1378 3969 post
1425 3901 1621 3954 lectam
1646 3917 1773 3954 san-

193 3996 442 4050 ctionum
502 4009 700 4058 unam,
739 3993 1132 4048 Constantinus
1181 3993 1401 4047 concilii
1451 3995 1778 4049 secretarius

193 4086 360 4150 dixit,
391 4085 573 4138 eodem
609 4094 788 4138 tenore
813 4085 1069 4154 scriptunt
1105 4100 1213 4137 esse
1252 4084 1372 4137 aliis
1403 4085 1773 4138 reverendissi-

196 4178 296 4231 mis
327 4178 600 4246 episcopis,
624 4186 678 4229 ut
710 4177 766 4229 in
802 4176 1064 4246 synodum
1093 4177 1444 4229 convenirent.
1476 4175 1773 4229 Diversita-

197 4278 310 4324 lem
357 4269 620 4333 ostendit,
669 4269 814 4339 quod
853 4277 1013 4323 antea
1069 4267 1288 4337 legitur,
1329 4267 1517 4321 haberi
1579 4281 1774 4334 nempe

197 4374 310 4429 prae
347 4359 601 4412 manibus
653 4359 720 4410 τὰ
751 4357 868 4410 θεῖα.
900 4357 1205 4426 Γράμματα
1249 4356 1318 4408 τὰ
1342 4357 1608 4426 διαφόρως
1637 4357 1775 4438 ἀξιο-

1869 531 1978 567 cem
2009 519 2204 569 sanctis
2235 520 2506 588 episcopis,
2537 537 2778 574 sermone
2808 534 2853 574 et
2888 525 2990 576 vita
3021 527 3244 588 ornatis,
3276 529 3366 594 qui
3398 529 3452 580 in

1871 609 2109 662 doctrina
2157 621 2204 663 et
2258 614 2474 665 scientia
2529 625 2682 668 recta:
2729 625 2887 686 atque
2931 617 3288 671 immaculata!
3327 619 3454 688 ﬁdei

1871 701 2014 774 apud
2052 711 2260 756 cunctos
2299 707 2605 768 eminerent,
2645 710 2894 776 proximis
2938 709 3193 764 Kalendis
3231 713 3455 781 Augusti

1871 794 2136 862 Ephesu'm
2175 797 2448 848 convenire
2498 797 2788 864 festinaret.
2834 799 2969 854 Cum
3022 802 3213 855 eodem
3267 812 3455 857 tenore

1871 886 2137 954 scriptum
2173 887 2244 940 sit
2278 897 2328 940 ct
2367 889 2490 941 aliis
2521 889 2813 959 episcopis,
2853 892 2909 944 id
2943 908 3010 945 eo
3049 907 3212 947 sensu
3249 894 3454 948 intelli—

1871 977 2109 1047 gendum
2140 981 2328 1048 procul
2361 980 2531 1034 dubio
2572 991 2677 1044 est,
2719 999 2830 1053 quo
2865 984 3146 1052 pertinere
3178 987 3356 1054 potuit
3385 985 3453 1041 ad

1872 1070 2138 1139 singulos,
2174 1087 2370 1142 nempe
2421 1083 2480 1126 ut
2520 1074 2611 1143 qui
2645 1077 3020 1144 metropolitas
3059 1076 3286 1131 haberet
3327 1093 3454 1147 pro-

1871 1162 1991 1232 prie
2033 1161 2242 1226 dictos,
2298 1174 2358 1218 ut
2391 1165 2798 1230 Antiochenus,
2839 1182 2935 1221 eos
2985 1169 3311 1234 adduceret;
3357 1171 3458 1238 qui

1873 1262 2107 1316 careret,
2139 1255 2539 1325 praecipuarum
2587 1258 2872 1312 civitatum
2917 1261 3244 1329 prtesulibus
3281 1262 3452 1315 comi-

1874 1342 2119 1397 tantibus
2155 1345 2388 1399 veniret.

1943 1433 2052 1488 Vll.
2095 1435 2434 1490 Evocatorize
2471 1438 2573 1492 ista
2612 1438 2994 1510 interpretatio
3028 1443 3228 1498 evertit
3263 1443 3459 1500 funda—

1873 1532 2141 1588 mentum,
2172 1540 2284 1594 quo
2321 1541 2477 1579 suam
2520 1535 2775 1581 astruunt
2819 1530 3160 1597 opinionem,
3199 1531 3292 1602 qui
3338 1547 3456 1586 me-

1873 1617 2162 1686 tropolitas
2195 1617 2414 1686 proprie
2442 1619 2619 1672 dictos
2654 1619 2740 1673 bis
2772 1623 3112 1690 temporibus
3142 1623 3196 1677 in
3230 1624 3457 1679 dioecesi

1873 1708 2186 1779 Aigyptiaca
2213 1709 2379 1764 fuisse
2403 1711 2616 1780 aliquos
2646 1713 2912 1768 scribunt.
2940 1713 3295 1783 Metropolitae
3324 1731 3456 1785 pro-

1874 1800 1991 1868 prie
2013 1800 2294 1865 dicuntur,
2325 1817 2436 1855 non
2460 1803 2553 1872 qui
2580 1804 2977 1872 prmcipuarum
3003 1805 3220 1858 urbium
3245 1807 3458 1874 episco-

1874 1900 2060 1960 patum
2102 1902 2314 1961 gerant,
2357 1893 2454 1947 sed
2496 1895 2590 1962 qui
2632 1897 2969 1949 convocandi
3014 1913 3125 1951 suae
3165 1897 3457 1967 provinciae

1873 1984 2128 2048 concilii,
2174 1985 2577 2054 exercendique
2625 1985 2691 2039 de
2739 1987 3002 2055 subjectis
3051 1987 3324 2057 episcopis
3363 1990 3454 2059 ju-

1873 2073 2003 2126 dicii
2050 2073 2141 2141 jus
2188 2073 2493 2128 obtineant.
2537 2075 2672 2129 Nam
2727 2076 2941 2130 tametsi
2989 2078 3272 2140 noverim,
3313 2077 3458 2132 inter

1872 2161 2121 2216 eruditos
2155 2162 2211 2216 in
2243 2165 2677 2218 controversiam
2708 2165 2913 2229 vocari,
2944 2181 3013 2218 an
3042 2167 3194 2219 solus
3219 2166 3454 2220 Alexan-

1873 2252 2068 2306 drinus
2096 2253 2187 2322 jus
2213 2254 2461 2319 haberet,
2493 2256 2640 2324 quod
2672 2256 2879 2310 dictum
2909 2265 3012 2321 est,
3035 2257 3235 2326 aliique
3265 2272 3457 2312 omnes

1875 2345 2043 2397 totius
2078 2345 2410 2416 Egyptiaca:
2451 2346 2708 2400 dioecesis
2747 2351 3008 2417 praesules
3047 2364 3207 2417 pares
3242 2349 3455 2418 aliqua-

1874 2444 2033 2490 tenus
2073 2445 2287 2502 essent;
2339 2439 2585 2492 noverim
2635 2440 2844 2507 pariter
2887 2455 3054 2509 super
3095 2456 3158 2494 ea
3206 2456 3265 2496 re
3309 2442 3458 2494 viros

1873 2525 2012 2580 duos
2056 2527 2272 2597 egregie
2317 2527 2508 2581 doctos
2557 2529 2774 2597 scriptis
2806 2544 3116 2599 pugnasse:
3153 2530 3326 2584 dicam
3373 2538 3487 2584 ιδι-

1874 2634 2022 2683 men,
2061 2620 2264 2688 quibus
2314 2619 2619 2673 rationibus
2663 2619 2934 2674 adductus
2974 2620 3097 2686 sim,
3139 2620 3207 2675 ad
3244 2622 3455 2692 negati-

1873 2727 1994 2764 vam
2032 2723 2241 2780 partem
2280 2710 2702 2765 defendendam.

1942 2805 2322 2858 Animadverti
2357 2806 2536 2874 primo
2564 2806 2617 2858 in
2644 2805 2922 2875 prioribus
2945 2813 3182 2875 quatuor
3209 2805 3457 2860 conciliis

1872 2896 2246 2960 (ecuuienicis,
2281 2898 2481 2966 quibus
2515 2898 2891 2952 interfuerunt
2929 2898 3069 2952 bene
3101 2898 3257 2952 multi
3295 2897 3458 2968 Egy-

1873 2986 1992 3054 ptii,
2017 2989 2484 3056 metropolitarum
2501 2988 2879 3058 IEgyptiorum
2918 2989 3120 3041 nullam
3152 2988 3270 3041 fieri
3299 3003 3454 3041 men-

1799 3109 1844 3170 ο
1877 3077 2110 3140 tionem,
2143 3079 2231 3130 ubi
2269 3080 2496 3132 maxime
2522 3080 2687 3141 solet,
2721 3095 2919 3146 nempe
2942 3079 2996 3131 in
3026 3079 3454 3148 subscriptioni-

1875 3168 1978 3222 bus
2006 3187 2017 3220 :
2050 3170 2251 3222 nullam
2278 3169 2531 3222 similiter
2556 3169 2609 3222 in
2635 3169 2908 3238 Ephesiae
2943 3169 3255 3223 Latrocinio
3283 3188 3295 3222 :
3328 3169 3458 3224 nul-

1872 3259 1980 3314 lam
2007 3261 2060 3313 in
2087 3260 2335 3313 conciliis
2362 3261 2518 3329 182
2549 3259 2983 3329 provincialibus
3012 3261 3065 3314 in
3087 3260 3323 3332 Egypto
3359 3261 3454 3316 ha-

1874 3351 2003 3405 bitis
2040 3369 2051 3403 :
2090 3352 2294 3405 nullam
2346 3353 2400 3404 in
2443 3353 2660 3416 litteris,
2696 3353 2812 3406 sive
2849 3353 3158 3416 Athanasii,
3203 3353 3317 3407 sive
3348 3353 3455 3424 Cy-

1873 3443 1981 3496 rilli
2039 3443 2106 3496 ad
2147 3458 2260 3497 suae
2299 3444 2594 3512 provincia:
2629 3444 2943 3514 episcopos;
2981 3445 3180 3500 deinde
3227 3459 3322 3499 eos
3361 3445 3456 3514 qui

1874 3543 2248 3588 memorantur
2279 3551 2309 3588 a
2343 3535 2663 3589 recentioris
2682 3535 2784 3588 aevi
2824 3535 3206 3604 scriptoribus,
3245 3537 3260 3554 ‘
3295 3535 3456 3589 insti-

1875 3636 2023 3682 tutos
2060 3643 2167 3680 non
2194 3617 2314 3681 esse
2339 3635 2462 3681 ante
2503 3627 2796 3680 Justiniani
2821 3627 3169 3696 imperatoris
3190 3635 3453 3696 tempora.

1875 3720 1988 3774 lmo
2016 3720 2162 3788 quod
2190 3718 2256 3772 ad
2318 3735 2434 3772 rem
2468 3728 2793 3788 praesentem
2839 3718 2988 3782 facit,
3029 3735 3059 3772 a
3109 3719 3327 3772 nemine
3371 3734 3460 3771 re-

1876 3811 2179 3864 centiorum
2241 3811 2614 3878 metropolitas
2655 3810 2846 3863 decem
2898 3809 3182 3878 appellari,
3229 3809 3323 3864 sed
3371 3807 3458 3863 vel

1877 3910 2009 3966 tres,
2053 3901 2289 3972 [EgyptL
2331 3901 2712 3970 Pentapoleos,
2738 3910 2792 3954 et
2816 3901 3042 3972 Libyes;
3078 3902 3163 3954 vel
3187 3908 3330 3965 octo,
3367 3899 3456 3953 vel

1876 3995 1945 4048 ad
1981 4011 2255 4048 summum
2287 4010 2503 4048 novem.
2545 3995 2744 4048 Verum
2780 3991 2848 4047 de
2884 3994 2968 4046 his
3000 3995 3285 4048 hactenus.

1947 4087 2083 4142 Vill.
2119 4087 2316 4142 Audita
2351 4075 2866 4156 indictione'synodi
2897 4086 3279 4140 Theodoretus
3299 4087 3458 4142 haesit

1876 4179 2142 4233 attonitus
2184 4196 2196 4230 :
2241 4178 2500 4232 credebat
2548 4178 2695 4230 enim
2741 4177 3126 4244 imperatorem
3165 4178 3456 4233 consilium

1877 4270 1947 4324 de
1979 4271 2277 4325 indictione
2321 4269 2545 4323 omnino
2586 4269 2928 4337 deposuisse,
2971 4285 3037 4322 ex
3069 4285 3180 4338 quo
3208 4271 3458 4325 reconci-

1878 4362 2041 4417 liatus
2062 4369 2182 4414 erat
2205 4376 2327 4430 cum
2356 4359 2630 4423 Flaviano,
2658 4358 3000 4413 abalienatus
3028 4361 3207 4415 fuerat
3237 4370 3459 4431 propter

195 4450 485 4512 σταλέντα,
539 4465 723 4504 sacras
771 4448 1012 4504 Litteras
1052 4464 1177 4503 cum
1220 4447 1529 4502 differentia
1559 4448 1770 4502 missas.
1806 4476 1850 4530 ι)
1881 4455 2172 4510 indicatam
2211 4451 2510 4506 Pulcheriae
2546 4451 2905 4515 molitionem,
2934 4451 3002 4506 de
3034 4452 3148 4522 ipsa
3177 4453 3230 4507 in
3271 4453 3458 4509 diaco-

272 4541 360 4595 Ἣ.
419 4541 710 4595 Prohibuit
771 4541 1091 4611 imperator,
1145 4556 1212 4594 ne
1277 4541 1660 4595 admitteretur
1721 4543 1776 4596 in

193 4647 520 4688 consessum
555 4632 955 4694 Tbeodorctus,
983 4633 1159 4686 donec
1196 4631 1453 4686 concordi
1497 4632 1664 4686 totius
1695 4648 1782 4703 sy-

193 4723 334 4779 nodi
383 4725 657 4780 sententia
700 4725 1077 4779 admittendus
1126 4725 1426 4778 diceretur.
1467 4723 1778 4779 Observan-

191 4816 335 4870 dum
381 4830 512 4870 vero
559 4816 612 4870 id
653 4817 908 4886 praecepti
959 4815 1187 4886 singulis
1233 4815 1610 4868 sanctionibus
1649 4830 1778 4870 con-

193 4906 370 4962 tineri
405 4923 420 4960 :
454 4910 768 4964 continetur
819 4923 883 4962 ea
924 4916 1106 4970 certe,
1153 4922 1274 4974 qua:
1320 4906 1388 4959 ad
1437 4906 1777 4969 Dioscorum,

189 5013 434 5068 qumque
472 4999 540 5052 ad
577 4999 897 5053 Iuvenalem
927 5006 982 5052 et
1013 4996 1359 5050 Thalassium
1386 4996 1453 5050 de
1485 4997 1783 5066 praesiden-

193 5092 279 5146 tia
314 5091 515 5161 scripta
553 5101 668 5156 est;
705 5106 806 5145 nec
843 5088 1072 5144 dubium
1111 5087 1244 5158 quin
1285 5088 1407 5142 aliis
1441 5088 1678 5154 duabus,
1712 5091 1777 5144 ad

192 5183 444 5238 Iseonem
475 5191 533 5237 et
572 5183 910 5237 Flavianum.

269 5273 564 5328 Mandabat
593 5275 637 5305 "
676 5290 806 5344 ergo
840 5274 1136 5342 imperator
1166 5272 1446 5339 Dioscoro,
1475 5282 1532 5328 ut
1557 5278 1779 5346 sumptis

191 5382 378 5420 secum
423 5369 598 5421 decent
635 5366 1072 5421 recerendissimis
1116 5365 1456 5435 metropolitis
1505 5369 1778 5438 episcom's.

1877 4549 2081 4602 nissam
2128 4543 2456 4607 ordinanda,
2491 4552 2549 4598 et
2593 4560 2624 4598 a
2675 4543 2912 4614 publicis
2959 4546 3124 4599 rebus
3169 4562 3266 4615 per
3318 4546 3458 4600 hanc

1876 4646 2052 4691 artem
2101 4633 2433 4689 removenda
2475 4652 2489 4687 :
2522 4649 2692 4703 quare
2737 4634 2887 4688 velut
2922 4650 3095 4704 augur
3134 4635 3328 4699 futuri,
3365 4646 3459 4691 aut

1877 4727 2212 4782 conscientia
2256 4726 2440 4794 potius
2478 4725 2792 4790 instinctus,
2832 4728 3055 4796 scripsit
3085 4728 3296 4782 Domno
3338 4730 3456 4797 epi-

1877 4820 2094 4884 stolam,
2126 4834 2233 4888 qua
2277 4828 2333 4873 et
2373 4819 2447 4873 rei
2494 4819 2799 4883 historiam,
2833 4828 2889 4873 et
2919 4820 3080 4873 animi
3118 4821 3198 4873 sui
3236 4821 3459 4891 aegritu—

1879 4911 2064 4966 dinem
2097 4927 2223 4980 erga
2257 4909 2519 4980 Cyrillum
2561 4913 2787 4980 ejusque
2837 4925 3209 4966 successorem
3252 4912 3454 4981 prodit.

1887 5023 1904 5054 ι
1944 5003 2221 5066 Cessasse,
2265 5003 2440 5072 inquit
2471 5004 2538 5066 ",
2581 5003 2756 5056 tristia
2807 5003 3163 5071 speravimus,
3201 5019 3324 5057 cum
3371 5003 3456 5057 in-

1881 5097 2156 5150 dicassent
2203 5096 2362 5149 nobis
2409 5096 2652 5165 quidam,
2700 5095 3022 5149 exstinctam
3077 5111 3195 5149 esse
3235 5094 3456 5150 victoris

1881 5187 2224 5255 imperatoris
2269 5187 2435 5239 animi
2494 5187 2912 5256 :egritudincm,
2945 5186 3252 5254 factamque
3313 5187 3456 5240 inter

1883 5278 2177 5348 ipsummet
2215 5287 2270 5331 et
2303 5278 2412 5331 Deo
2445 5277 2826 5330 charissimmn
2860 5276 3177 5345 episcopum
3211 5277 3458 5331 reconci-

1883 5371 2193 5433 liationem;
2247 5384 2308 5423 ac
2358 5369 2543 5439 synodi
2593 5367 2810 5436 quidem
2863 5368 3304 5424 convocationem
3362 5368 3458 5422 de—

1542 5528 1854 5586 SCHULZII
1899 5531 2125 5586 NOTAE.

272 5665 325 5698 “
353 5667 596 5728 Interim,
615 5674 720 5718 etc.
748 5664 867 5719 Vid.
900 5665 1029 5719 Acta
1059 5678 1214 5718 conc.
1240 5662 1452 5722 Chalc.,
1479 5671 1616 5730 part.
1666 5681 1702 5716 ι.

1779 5667 1821 5697 ’³³
1879 5667 2188 5728 Hissa,cte.
2241 5668 2358 5720 Vid.
2405 5671 2567 5722 (Ione.
2619 5669 2896 5733 (Ihalccd.,
2949 5669 3126 5728 act.l,

188 5738 404 5809 Ephes.
441 5735 764 5791 Latrocinii.
838 5737 883 5766 θ’
916 5733 1222 5795 Mandabat,
1262 5742 1366 5784 etc.
1409 5732 1464 5783 In
1498 5749 1646 5785 saera
1692 5735 1754 5787 ad
1799 5738 2115 5792 Dioscorum

3195 5669 3247 5723 in
3305 5670 3455 5726 Actis

2234 5740 2275 5766 °‘
2311 5736 2508 5807 Inquit.
2541 5741 2684 5800 \'id.,
2729 5749 2856 5792 tom.
2907 5741 2992 5800 IV,
3023 5739 3181 5806 epist.
3214 5741 3332 5794 ΗΞ.
