3954 6294
438 267 621 397 ,ω’

1559 312 1940 378 GARNERII
1972 308 2473 374 DBSERTATIO
2509 309 2537 371 Ι
2545 358 2558 370 .

3614 301 3717 368 136

464 436 1027 508 siisse,Ecclesiarum
1076 448 1207 490 vero
1252 445 1440 502 pacem
1484 428 1735 486 rediisse.
1775 429 1885 486 Sed
1917 443 2040 501 quae
2068 427 2115 487 Α
2140 423 2318 480 oculis
2352 431 2745 494 usurpaverat;
2781 422 2876 478 sed
2911 423 3076 479 etiam
3112 422 3309 477 litteris
3341 421 3599 479 rescitum
3633 433 3717 481 est

474 531 637 588 modo
673 546 705 585 a
755 529 1041 585 sanctitate
1090 535 1183 581 tua
1226 523 1430 593 scripta
1474 530 1622 585 sunt,
1664 521 1904 594 graviter
1939 535 2044 578 nos

474 625 873 681 contristarunt
902 638 915 674 :
946 618 1087 673 nihil
1126 616 1274 673 enim
1322 615 1454 671 boni
1494 630 1562 670 ex
1600 615 1801 685 iactata
1835 612 2044 687 synodo

475 722 792 783 exspectare
843 710 1002 771 licet,
1053 706 1163 762 nisi
1209 704 1525 760 misericors
1578 703 1844 759 Dominus
1886 700 2046 759 solita

479 812 641 858 utens
693 799 1055 871 providentia,
1099 798 1537 853 turbulentorum
1582 791 1889 851 daemonum
1926 810 2044 850 nsa-

478 895 666 951 chinas
719 893 981 948 destruat.
1022 911 1043 943 ι
1108 891 1246 946 Tum
1300 888 1603 961 interjeetis
1654 888 1931 943 nonnullis
1976 887 2046 943 de

476 984 677 1040 infelici
705 984 853 1039 exitu
892 984 1133 1054 plurium
1162 983 1494 1054 synodorum
1528 1000 1542 1035 :
1579 999 1598 1031 ι
1644 981 1771 1036 Hac
1802 982 2046 1047 intuens,

474 1081 531 1128 et
567 1074 762 1129 similia
784 1073 1157 1143 prospiciens,
1194 1072 1377 1128 infelix
1412 1072 1591 1127 anima
1629 1087 1746 1126 mea
1785 1074 2043 1143 suspirat,

476 1166 757 1237 lugetque,
792 1164 930 1220 nihil
967 1173 1287 1234 exspectans
1334 1164 1463 1219 boni
1507 1179 1523 1217 :
1560 1180 1739 1234 neque
1774 1161 1920 1220 enim
1961 1165 2046 1221 in-

476 1257 645 1313 situm
678 1256 735 1310 in
772 1256 1063 1309 duodecim
1093 1256 1369 1324 capitibus
1399 1270 1669 1310 venenum
1698 1265 1922 1321 norunt,
1954 1258 2049 1327 qui

477 1349 702 1402 aliarum
730 1354 859 1401 sunt
884 1346 1234 1411 dioecesium;
1269 1345 1364 1400 sed
1397 1347 1537 1416 ejus,
1568 1346 1664 1416 qui
1695 1346 1789 1401 illa
1807 1346 2046 1417 scripsit,

478 1438 780 1495 claritatem
805 1436 1171 1503 attendentes,
1209 1437 1339 1491 nihil
1364 1436 1647 1493 sinistrum
1674 1437 2046 1507 suspicantur,

479 1535 539 1591 et
574 1527 669 1597 qui
718 1529 838 1599 ejus
884 1527 999 1583 sedi
1049 1527 1330 1590 successit,
1369 1528 1572 1593 onmia,
1608 1530 1826 1598 opinor,
1848 1540 2047 1594 movet,

482 1627 543 1674 ut
569 1620 741 1675 altera
772 1618 981 1690 synodo
1013 1620 1105 1674 illa
1137 1618 1426 1674 conﬁrmet
1453 1635 1466 1672 :
1502 1619 1595 1689 qui
1627 1620 1779 1674 enim
1812 1635 1912 1690 pro
1945 1621 2052 1674 im-

480 1712 635 1781 perio
668 1728 843 1781 nuper
871 1711 979 1764 ista
1003 1711 1242 1781 scripsit,
1274 1719 1332 1765 et
1366 1710 1434 1765 iis
1465 1711 1559 1780 qui
1590 1712 1939 1781 acquiescere
1966 1711 2055 1768 his

481 1804 718 1866 nollent,
755 1792 1044 1858 anathema
1068 1803 1233 1867 dixit,
1266 1803 1429 1872 quid,
1459 1803 1760 1873 praesidem
1798 1805 2052 1872 concilio,

482 1912 590 1955 non
623 1896 782 1965 aget?
812 1895 881 1949 At
910 1896 1072 1958 scito,
1110 1895 1352 1957 domine,
1394 1897 1673 1951 neminem
1712 1912 1928 1962 eorum,
1957 1898 2055 1967 qui

483 1987 701 2043 insitam
730 1987 787 2041 in
818 1986 906 2040 bis
934 1986 1168 2041 haeresin
1193 1995 1417 2050 norunt,
1450 1987 1748 2042 adductum
1778 1989 1864 2053 iri,
1897 1997 1958 2044 ut
1991 2004 2056 2044 ea

484 2079 728 2149 recipiat,
764 2078 1015 2147 quamvis
1047 2077 1212 2148 duplo
1246 2079 1779 2148 pluresdecernant.
1819 2101 1838 2134 ι
1877 2082 2057 2152 Pergit

483 2180 672 2239 postea
706 2169 949 2223 animum
981 2168 1179 2224 efferre
1219 2169 1277 2223 in
1320 2170 1577 2240 capitula.
1614 2171 1673 2225 id
1707 2180 1887 2225 autem
1930 2187 2055 2227 cum

482 2274 630 2315 anno
664 2258 767 2312 “9
806 2259 1030 2313 ineunte
1070 2259 1392 2328 contigerit,
1435 2259 1616 2329 magni
1661 2261 1830 2314 refert
1869 2261 2060 2316 obser-

484 2364 660 2411 vasse,
689 2348 757 2402 ad
788 2348 1223 2418 perspiciendam
1258 2348 1589 2404 Theodoreti
1618 2359 1879 2414 moment,
1914 2353 2062 2421 ejus-

484 2454 594 2509 que
625 2438 681 2491 in
720 2440 992 2493 sententia
1039 2439 1108 2494 de
1144 2439 1403 2510 capitulis
1436 2441 1796 2495 constantiam
1836 2449 1933 2496 aut
1961 2458 2061 2512 po-

487 2530 597 2585 tius
632 2530 1008 2600 pertinaciam.

557 2620 648 2674 ιχ.
687 2620 1079 2677 Convencrunt
1120 2621 1285 2693 igitur
1322 2623 1598 2694 Ephesum
1641 2626 1885 2695 undique
1922 2639 2063 2695 prae-

488 2713 636 2768 sules
674 2728 799 2767 cum
837 2714 1012 2769 tribus
1061 2715 1207 2770 sedis
1250 2717 1561 2786 apostolicae
1602 2718 1811 2788 legatis,
1845 2717 2063 2772 Juliano

487 2804 766 2874 episcupo,
819 2804 1029 2858 Renato
1075 2805 1417 2876 presbytero,
1454 2814 1511 2860 et
1551 2807 1736 2861 Hiiaro
1780 2807 2010 2861 diacono
2043 2821 2059 2857 :

493 2895 860 2950 interfuerunt
908 2897 1174 2966 majorum
1220 2897 1433 2951 aedium
1482 2898 1757 2953 antistites
1804 2905 2058 2967 quatuor,

490 2984 787 3041 Dioscorus
837 2986 1235 3050 Alexandrinae,
1276 2988 1517 3043 Domnus
1552 2987 1925 3051 Antiochense,
1962 2991 2062 3045 Ju-

2142 513 2540 572 essecrandum
2593 522 2649 569 et
2694 513 2990 569 nefandum
3038 510 3283 569 Dioscuri
3332 511 3565 579 facinus,
3606 530 3717 584 quo

2144 628 2339 683 nempe
2370 628 2437 667 eo
2477 627 2653 682 usque
2692 611 2926 667 vesaniae
2957 611 3245 680 prolapsus
3270 618 3374 672 est,
3405 616 3465 663 ut
3494 623 3716 664 excom-

2144 704 2530 761 municationis
2593 702 2922 758 sententiam
2948 743 2962 767 ,
3028 702 3206 757 tribus
3262 708 3385 771 post
3448 700 3716 772 synodum

2145 797 2357 864 diebus,
2396 797 2452 852 in
2490 797 2731 852 Leonem
2775 796 2952 866 ipsum
2993 794 3221 859 diceret,
3263 792 3419 863 quasi
3462 792 3718 849 omnibus

2145 889 2474 961 patriarcbis
2500 887 2721 953 attritis,
2748 887 2900 943 solus
2929 885 3197 941 dominari
3220 884 3405 940 vellet.

2216 980 2333 1036 ΧΠ.
2358 981 2538 1047 Quare
2567 993 2814 1035 summus
2839 978 3083 1049 pontifex
3108 979 3163 1031 in
3189 978 3417 1048 synodo,
3443 992 3563 1047 quae
3588 984 3721 1031 tunc

2148 1076 2217 1131 de
2260 1072 2412 1131 more
2447 1091 2504 1129 ιιι
2530 1075 2644 1129 Kal.
2679 1072 2936 1129 Octobris
2988 1079 3338 1135 convenerat,
3382 1071 3646 1126 rescindit
3672 1071 3720 1105 "

2149 1178 2266 1223 acta
2309 1167 2614 1238 Ephesina;
2661 1165 2947 1238 Eutychen
2998 1179 3124 1219 cum
3169 1163 3429 1217 Dioscoro
3474 1161 3717 1226 damnat,

2150 1277 2341 1317 omnes
2369 1275 2471 1330 pro
2505 1260 2612 1314 fide
2641 1274 2831 1329 passos
2853 1272 3004 1313 suam
3033 1257 3090 1312 in
3112 1253 3552 1311 communionem
3584 1251 3723 1308 reci-

2150 1354 2253 1425 pit,
2297 1361 2354 1408 et
2405 1352 2706 1422 apostolico
2750 1350 2937 1420 vigore
2995 1364 3110 1404 rem
3163 1346 3420 1404 Ecclesiae
3467 1344 3722 1400 afflictam

2152 1445 2392 1501 restituit
2431 1462 2444 1497 :
2485 1443 2803 1521 litterasque
2840 1440 2935 1495 dat
2965 1454 3033 1495 ex
3079 1438 3308 1510 synodo,
3346 1436 3530 1491 idibus
3560 1432 3725 1490 Octo-

2151 1537 2288 1599 bris,
2325 1536 2392 1591 ad
2435 1536 2841 1607 imperatorem,
2878 1531 2947 1586 ad
2974 1528 3361 1592 ‘Pulcheriam,
3400 1527 3467 1581 ad
3514 1524 3725 1582 Flaviae

2152 1646 2304 1694 num,
2339 1628 2408 1684 ad
2456 1624 3121 1694 Constantinopolitanum
3167 1618 3398 1682 cl’erum,
3433 1617 3501 1672 ad
3547 1616 3729 1672 archi-

2155 1719 2473 1773 mandritas.
2508 1715 2694 1772 Vetuit
2726 1715 2772 1747 ⁹⁹
2812 1728 2976 1784 porro
3009 1719 3127 1767 acta
3161 1708 3454 1781 propalari,
3486 1705 3663 1762 donec
3690 1719 3725 1760 a

2156 1808 2464 1863 Theodosio
2521 1805 2846 1875 rescriptum
2892 1803 3055 1858 foret.
3101 1799 3322 1855 Litteris
3372 1798 3516 1853 enim
3564 1794 3725 1851 enixe

2153 1900 2383 1971 petierat
2424 1898 2824 1955 mcumenicum
2871 1894 3161 1949 concilium
3206 1892 3347 1946 intra
3385 1889 3523 1944 ﬁnes
3558 1888 3729 1944 Italia:

2154 1994 2293 2063 cogi,
2332 2006 2442 2061 quo
2491 1991 2741 2059 ipsemet,
2775 1986 2991 2057 cognita
3041 1984 3388 2057 judicataque
3437 1980 3728 2035 turbarum

2154 2100 2349 2145 causa,
2394 2098 2525 2154 pace
2576 2096 2766 2136 omnes
2813 2079 3086 2133 Ecclesias
3144 2076 3392 2132 donaret.
3437 2072 3665 2128 Verum.
3695 2084 3727 2125 a

2155 2175 2466 2231 Theodosio
2491 2173 2785 2242 repulsam,
2804 2186 2834 2225 a
2858 2169 3146 2225 Pulcheria
3169 2167 3381 2222 nullum
3404 2174 3726 2235 reSponsum

2156 2268 2366 2336 accepit
2400 2284 2414 2321 :
2448 2262 2839 2335 ingemiscebat
2873 2262 3018 2316 enim
3066 2260 3121 2314 in
3168 2257 3448 2313 Hebdomo
3475 2254 3729 2323 religiosa

2155 2358 2418 2428 Augusta,
2452 2359 2467 2377 ‘
2504 2363 2579 2420 et,
2625 2362 2688 2409 ut
2726 2361 2887 2407 erant
2910 2363 3177 2421 tempora,
3213 2348 3468 2405 Ecclesiae
3507 2343 3729 2400 calami-

2158 2458 2297 2504 tates
2322 2448 2428 2518 piis
2455 2447 2697 2516 quidem,
2732 2443 2828 2500 sed
2860 2443 3115 2498 inanibus
3146 2442 3400 2514 iacrymis
3432 2452 3725 2513 prosequen

2158 2543 2336 2598 batur.

2228 2633 2328 2687 Vix
2354 2648 2384 2686 a
2419 2630 2636 2700 scriptis
2660 2627 2858 2684 litteris
2888 2628 3089 2682 mensis
3113 2640 3255 2680 unus
3283 2623 3584 2686 emuxerat,
3602 2636 3729 2676 cum

2158 2720 2575 2777 Valentinianus
2616 2720 2933 2789 imperator,
2971 2717 3358 2773 comitantibus
3398 2724 3569 2769 matre
3608 2713 3735 2768 Pia-

2162 2813 2304 2869 cidia
2336 2820 2392 2867 et
2422 2811 2666 2868 Eudoxia
2701 2811 2951 2879 cunjuge,
2985 2810 3208 2863 Romam
3240 2808 3496 2862 Ravenna
3525 2805 3734 2876 ample-

2162 2904 2359 2959 ctendw
2398 2902 2663 2973 religionis
2696 2917 2858 2954 causa
2895 2900 3064 2954 venit.
3093 2898 3413 2953 lmminehat
3442 2897 3587 2951 enim
3630 2912 3733 2950 an-

2164 2994 2503 3050 niversarios
2538 2991 2697 3063 134
2730 2991 2848 3047 dies
2885 2989 3246 3045 dedicationis
3285 2988 3521 3043 basilica
3547 2985 3733 3041 Sancti

491 3076 699 3130 venalis
755 3076 1275 3146 Hieroiosymitanaa,
1313 3087 1369 3132 et
1420 3079 1709 3133 Flavianus
1754 3079 2063 3135 Constanti-
2088 3091 2131 3151 ο
2165 3088 2308 3142 Petri
2333 3105 2347 3152 ;
2374 3102 2482 3155 quo
2510 3094 2755 3153 tempore
2790 3084 3108 3152 frequentes
3135 3082 3524 3137 concursiones
3551 3078 3606 3132 in
3632 3077 3743 3133 Ur-

492 3165 851 3235 nopolitanae;
888 3165 982 3221 sed
1018 3167 1108 3221 hic
1144 3176 1204 3221 ut
1235 3183 1363 3223 reus
1402 3177 1633 3233 tantum,
1668 3171 1871 3240 quippe
1907 3172 2065 3241 cujus

492 3266 611 3312 acta
658 3257 713 3310 in
758 3256 1062 3328 Eutychen,
1100 3259 1257 3329 133
1294 3259 1519 3328 ipsaque
1557 3260 1690 3315 fides
1723 3261 1790 3315 ad
1835 3277 2063 3317 examen

497 3349 737 3403 vocanda
763 3358 925 3404 esset.
953 3350 1140 3405 Adfuit
1162 3351 1435 3422 Eutyches
1462 3368 1591 3408 cum
1610 3354 1734 3409 aliis
1760 3355 2063 3420 monachis,

495 3456 735 3513 quorum
779 3440 889 3515 dux
938 3442 1229 3497 Barsumas
1268 3460 1282 3496 :
1330 3444 1695 3513 praesidebant
1754 3447 2065 3511 Dioscorus,

497 3533 811 3587 Thalassius
841 3542 897 3588 et
923 3534 1220 3590 Juvenalis.
1259 3534 1400 3602 Quid
1445 3537 1634 3607 plura?
1663 3539 1850 3593 datum
1887 3540 2069 3594 conci-

500 3623 573 3678 lio
627 3624 840 3679 initium
896 3624 985 3679 die
1038 3625 1247 3681 decima
1298 3626 1553 3698 Augusti,
1615 3629 1739 3685 finis
1784 3630 2070 3699 impositus

500 3713 863 3780 duodecima;
904 3714 1102 3770 reiecta
1158 3716 1371 3782 triduo,
1429 3734 1550 3787 quae
1598 3718 2068 3788 Constantinopoli

506 3805 792 3859 Flavianus
840 3815 958 3859 acta
1018 3805 1365 3874 confecerat;
1425 3809 1717 3879 absolutus,
1764 3810 2067 3881 Eutyches;

504 3895 789 3950 damnatus
812 3896 1098 3952 Flavianus
1124 3907 1180 3952 et
1204 3899 1259 3953 in
1286 3899 1535 3954 exsilium
1562 3901 1779 3969 pulsus;
1805 3901 2069 3970 episcopi,

505 3983 788 4039 intentatis
821 3986 1010 4055 jugulo
1056 3987 1268 4056 gladiis,
1322 3988 1377 4042 in
1425 4004 1562 4057 pura
1598 3989 1793 4044 charta
1830 3990 2072 4045 subscri-

506 4077 635 4132 bere
669 4078 872 4145 coacti;
904 4079 1153 4150 dejectus
1195 4097 1226 4141 a
1264 4082 1460 4135 throno
1512 4082 1773 4146 Domnus,
1810 4097 1934 4136 cum
1967 4082 2076 4136 Eu-

2167 3179 2289 3233 bem
2332 3177 2551 3233 ﬁebant.
2590 3176 2895 3231 Voluerunt
2927 3188 3125 3244 nempe
3160 3169 3548 3243 religiosissimi
3580 3166 3738 3238 prin-

2167 3270 2318 3338 cipes
2362 3266 2567 3338 templis
2598 3274 2902 3321 sanctorum
2934 3266 3268 3335 praesentiam
3296 3278 3449 3317 suam
3475 3260 3736 3324 exhibere,

2166 3361 2501 3431 sacrilegium
2530 3374 2640 3413 esse
2671 3359 2797 3424 rati,
2826 3358 2871 3411 si
2903 3355 3213 3410 calumniam
3243 3353 3476 3407 ordinem
3505 3350 3739 3420 denega-

2168 3458 2301 3502 rent.

2236 3536 2400 3604 Quid,
2438 3536 2784 3591 occasionem
2813 3541 3006 3589 nactus
3033 3530 3295 3603 pontifex,
3327 3546 3450 3587 cum
3481 3530 3741 3601 Augustis

2171 3608 2612 3695 tribus’egerit,
2663 3632 2855 3695 narrat
2902 3623 3197 3692 imperator
3243 3621 3361 3691 ipse
3402 3620 3458 3674 in
3514 3620 3628 3675 suis
3670 3618 3741 3674 ad

2170 3716 2540 3771 Theodosium
2573 3715 2788 3770 litteris.
2834 3731 2852 3764 ‹
2891 3712 3027 3768 Cum
3062 3711 3423 3774 advenissem,
3456 3709 3653 3780 inquit,
3682 3708 3740 3764 in

2170 3810 2366 3864 urbem
2394 3809 2618 3863 Romam
2649 3807 2716 3860 ad
2739 3805 3087 3860 Divinitatem
3119 3802 3459 3873 placandam,
3487 3799 3742 3871 sequenti

2171 3898 2261 3955 die
2309 3898 2378 3953 ad
2426 3898 2709 3952 basilicam
2745 3894 2977 3965 apostoli
3028 3893 3174 3948 Petri
3219 3891 3482 3962 processi,
3521 3899 3578 3945 et
3630 3890 3745 3945 illic

2171 3999 2296 4061 post
2320 3989 2683 4044 venerabilem
2710 3996 2925 4042 noctem
2949 3984 3058 4040 diei
3088 3984 3341 4054 apostoli,
3362 3991 3417 4038 et
3444 3999 3475 4037 a
3498 3984 3743 4038 Romano

2172 4083 2451 4152 episcopo,
2484 4090 2541 4135 et
2581 4081 2650 4135 ab
2679 4080 2799 4134 aliis
2822 4094 2945 4135 cum
2976 4093 3044 4133 eo
3081 4091 3147 4131 ex
3185 4076 3414 4130 diversis
3444 4072 3746 4145 provinciis

506 4170 654 4224 sebio
701 4170 954 4241 Dorylaai,
992 4171 1287 4227 Sabiniano
1332 4173 1573 4238 Perrhte,
1614 4174 1708 4228 [ba
1741 4174 1980 4237 Edessa,
2012 4187 2078 4229 ac
2175 4176 2517 4246 congregatis
2567 4182 2788 4245 rogatus
2823 4187 2943 4228 sum
2987 4170 3227 4225 scribere
3258 4178 3452 4223 vestra:
3492 4181 3747 4222 mansue-

506 4259 852 4317 Theodoretu
924 4260 1049 4332 Cyri
1118 4265 1427 4337 episcopis;
1506 4267 1771 4338 Evagrius
1850 4268 2079 4339 dejectis
2177 4264 2354 4319 tudini
2396 4264 2466 4318 de
2506 4262 2631 4317 ﬁde.
2676 4281 2694 4313 ›
2734 4263 2872 4317 Tum
2920 4259 3253 4321 admonens,
3297 4272 3404 4327 qua
3453 4255 3747 4311 devotione

506 4351 822 4422 Aquilinum
862 4354 1012 4425 Bybli
1050 4365 1328 4423 accenset;
1365 4359 1646 4429 coniectus
1694 4359 1751 4413 in
1800 4374 2077 4415 carcerem
2179 4355 2405 4429 deberet
2449 4355 2768 4409 intemerata
2822 4351 3057 4422 propria:
3098 4347 3467 4405 venerationis
3511 4344 3748 4414 dignitas

507 4442 808 4510 Eusebius;
858 4445 1148 4500 Flavianus
1197 4425 1570 4516 deportandus
1616 4449 1853 4505 militum
1890 4432 2076 4506 manui
2108 4430 2151 4484 Ῑ)
2180 4425 2340 4503 beato
2375 4425 2538 4502 i’etro
2570 4446 2641 4501 ab
2677 4443 3100 4515 imperatoribus
3137 4439 3469 4504 conservari,
3508 4456 3528 4489 ‹
3559 4447 3749 4507 quate-

507 4534 768 4599 traditus;
805 4534 987 4588 omnia
1014 4537 1166 4590 velut
1206 4536 1262 4590 in
1303 4537 1608 4594 latrocinali
1639 4542 1876 4597 tumultu
1903 4551 2075 4613 gesta,

508 4627 653 4680 unde
680 4627 843 4681 etiam
871 4628 1077 4698 synodo
1106 4628 1309 4685 factum
1343 4629 1544 4687 infame
1576 4647 1797 4689 nomen.

2178 4553 2283 4593 nus
2327 4537 2678 4593 beatissimus
2724 4537 2979 4591 Romanae
3016 4532 3255 4589 civitatis
3288 4531 3611 4601 episcopus,
3658 4527 3748 4582 cui

2179 4630 2547 4701 principatum
2573 4628 2859 4683 sacerdotii
2885 4642 3053 4697 super
3075 4639 3265 4680 omnes
3287 4622 3585 4693 antiquitas
3613 4634 3749 4674 con-

579 4714 647 4769 Χ.
690 4714 905 4772 Hilarus
942 4717 987 4750 ’⁷
1031 4718 1336 4789 legatorum
1380 4735 1543 4787 unus,
1580 4737 1705 4777 cum
1750 4724 1845 4779 diu
1879 4724 2081 4781 frustra
2181 4722 2330 4787 tulit,
2359 4722 2538 4776 locum
2574 4720 2773 4775 habeat
2804 4733 2869 4773 ac
2899 4717 3208 4773 facultatem
3243 4714 3312 4769 de
3342 4713 3448 4767 fide
3477 4720 3537 4767 et
3562 4724 3749 4766 sacer-

513 4807 773 4864 Dioscoro
821 4820 1210 4882 repugnasset,
1253 4812 1494 4868 Leonem
1537 4828 1806 4871 summum
1859 4817 2083 4887 pontiﬂ-
2185 4814 2409 4870 dotibus
2436 4811 2706 4883 judicare,
2747 4829 2764 4861 ι
2813 4807 3029 4879 pergit:
3073 4824 3093 4857 ‹
3119 4804 3294 4876 Hujus
3321 4802 3402 4858 rei
3442 4794 3639 4872 gratia,
3670 4814 3754 4854 se-

515 4914 634 4955 cem
669 4902 978 4959 moniturus
1007 4903 1175 4976 fugit;
1212 4905 1505 4972 incertum,
1538 4907 1672 4977 quid
1710 4922 1891 4979 opera
1918 4926 2087 4967 nam.
2186 4905 2428 4960 cundnm
2457 4902 2857 4959 solemnitatem
2890 4898 3269 4960 conciliorum,
3293 4894 3753 4963 Constantinum—
3782 4948 3791 4953 ,

516 4990 588 5045 rit
637 4991 884 5048 Julianus
902 4982 929 5060 ;’
976 4994 1219 5050 Renatus
1271 5005 1422 5052 certe
1481 5010 1692 5054 summa
1753 5000 2083 5057 confidentia
2186 4997 2388 5052 litanus
2417 4996 2711 5066 episcopus
2751 5006 2877 5049 eum
2919 4989 3233 5063 appellavit,
3270 4993 3499 5059 propter
3525 4990 3755 5040 conten.

516 5082 729 5139 obstitit
774 5085 965 5157 synodi
1005 5086 1415 5159 malignantium
1453 5089 1691 5159 praesidi,
1725 5098 1781 5146 et
1808 5090 1934 5148 inde
1969 5092 2084 5148 lau—
2190 5088 2414 5151 tionem,
2438 5101 2561 5156 quae
2588 5093 2706 5139 orta
2733 5090 2818 5139 est
2836 5082 2905 5138 de
2928 5082 3052 5137 fide.
3082 5079 3221 5135 Huic
3246 5078 3434 5146 itaque
3459 5069 3756 5145 postulanti

516 5175 642 5230 dem
672 5192 702 5231 a
729 5192 941 5233 summo
974 5179 1230 5248 pontiﬁce
1253 5181 1573 5250 promeruit.
2189 5190 2247 5236 et
2277 5180 2583 5252 conjuranti
2607 5178 2834 5233 salutem
2857 5182 3101 5230 nostram
3122 5183 3488 5233 communem,
3515 5176 3759 5221 annuere

589 5265 680 5320 XI.
715 5268 836 5324 Non
885 5278 1095 5325 tantum
1142 5270 1392 5336 Hilarus,
1459 5286 1584 5327 cum
1616 5273 1842 5328 Romam
1883 5288 2081 5344 perve-
2191 5285 2303 5325 non
2348 5269 2579 5341 negavi,
2634 5274 2909 5338 quatenus
2959 5264 3029 5320 ad
3080 5272 3231 5319 tuam
3284 5255 3757 5316 mansuetudinem

519 5356 712 5423 uisset,
734 5360 917 5415 retulit
952 5360 1021 5417 ad
1053 5369 1300 5416 sanctum
1326 5361 1563 5417 Leonem
1587 5362 1656 5418 de
1690 5379 1750 5419 re
1783 5370 1894 5419 tota
1922 5378 2085 5434 quam
2193 5376 2367 5418 meam
2394 5362 2716 5432 petitionem
2744 5361 3071 5431 ingererent,
3091 5363 3155 5411 ut
3180 5353 3476 5426 pmdictus
3502 5348 3762 5407 sacerdos

1864 5513 2180 5573 SCHULZII
2220 5517 2453 5574 NOTAE.

594 5626 638 5699 ξ’
664 5626 902 5699 Hilarus,
929 5635 1040 5699 etc.
1070 5627 1192 5683 Vid.
1226 5628 1400 5699 Epist.
1454 5629 1510 5683 S.
1558 5629 1776 5690 Leonis.
1815 5630 1908 5689 2i,
1933 5631 2023 5687 25.
2058 5631 2151 5697 26,
2179 5632 2248 5688 27
2283 5642 2340 5689 et
2388 5633 2479 5687 29.

525 5626 638 5730 "5'
664 5626 902 5710 Hilarus,
929 5635 1043 5730 e‘tc:l
1070 5627 1192 5730 Vlid.
1226 5628 1400 5711 Epist.
1454 5629 1510 5683 S.
1531 5629 1776 5711 .Lconis.
1815 5630 1908 5689 2i.
1933 5631 2023 5687 25.

618 5705 745 5730 una
803 5706 890 5730 nln
990 5713 1004 5730 ι
1191 5714 1221 5730 ιι
1275 5708 1413 5730 haec.
1472 5699 1543 5730 οι.
1589 5709 1638 5730 ιιι
1696 5700 1765 5730 ορ
1845 5709 1931 5730 Αρι-

2179 5632 2248 5688 27
2283 5642 2340 5689 et
2388 5633 2479 5687 29.
2593 5634 2639 5665 ’⁸
2663 5631 2951 5687 Rescindit.
3001 5628 3119 5686 Vid.
3146 5628 3186 5684 Ι.
3220 5640 3272 5683 c.
3303 5623 3465 5694 epist.
3489 5619 3643 5676 22et
3669 5618 3757 5673 Β.

581 5696 767 5765 Vetuit,
803 5706 909 5753 etc.
942 5697 1066 5752 Vid.
1113 5699 1150 5752 l.
1191 5714 1241 5753 c.
1273 5696 1436 5769 epist.
1472 5699 1545 5752 25
1588 5709 1644 5753 et
1696 5700 1787 5764 26,
1844 5709 1952 5755 etc.
