3954 6294
213 307 294 370 1737
1336 313 1700 375 HISTORIA
1738 315 2244 378 THEODORETI.

3323 323 3424 388 138

209 423 518 495 congregatis
551 439 613 478 ex
650 425 796 479 omni
829 425 961 481 orbe
995 425 1158 482 etiam
1191 429 1418 499 reliquis
1449 432 1747 487 sacerdoti—
1776 440 1818 494 Λ
1850 435 2154 489 remedium
2195 435 2265 489 ab
2295 449 2361 489 eo
2391 433 2685 505 acciperet,
2711 434 2800 490 cui
2830 434 3036 504 primas
3079 434 3132 489 in
3168 439 3422 495 omnibus

210 519 297 571 bus
328 518 457 570 intra
481 516 704 580 Italiam,
732 518 879 571 omni
907 520 1224 590 prmjudicio
1247 522 1520 587 submoto,
1546 540 1574 578 a
1603 525 1747 593 prin-

207 608 332 676 cipio
372 622 576 659 onmem
619 621 859 672 causam,
894 624 1016 678 quae
1061 613 1315 677 vertitur,
1353 613 1582 668 sollicita
1619 631 1747 684 pro—

206 699 398 753 batione
426 713 775 767 cognoscens,
801 701 1124 754 sententiam
1157 702 1314 769 ferat,
1342 719 1504 773 quam
1536 704 1670 760 ﬁdes
1691 714 1747 758 et

206 790 326 844 ratio
354 805 487 843 vene
518 789 820 844 divinitatis
850 794 1179 860 expostulat.
1209 815 1226 845 ι

262 880 694 950 Cougressionem
746 882 1023 951 pontiﬁcis
1075 901 1199 939 cum
1258 885 1586 957 imperatore
1633 890 1748 945 suis

201 987 307 1026 cum
347 971 611 1040 adjunctis
654 972 894 1027 Placidia
947 978 1163 1030 curiose
1203 987 1425 1031 narrat:
1472 999 1489 1029 ι
1523 979 1658 1034 Cum
1691 981 1744 1035 in

203 1064 304 1133 ipso
330 1063 566 1133 ingressu
595 1063 834 1120 civitatis
857 1065 1093 1135 antiquze
1128 1067 1269 1123 hanc
1306 1085 1491 1123 curam
1527 1071 1748 1126 habuis-

199 1171 380 1217 semus,
409 1165 465 1207 ut
498 1156 704 1210 cultum
733 1155 1054 1212 beatissimo
1083 1160 1245 1233 Petro
1275 1162 1522 1230 apostolo
1555 1164 1748 1217 redde-

201 1262 380 1306 remus,
412 1245 462 1300 in
509 1246 627 1316 ipso
670 1247 950 1302 adorando
987 1249 1142 1304 altari
1183 1252 1459 1323 martyris,
1493 1270 1748 1309 reveren-

198 1337 428 1394 dissimus
451 1338 559 1392 Leo
587 1338 878 1409 episcopus
899 1341 1181 1410 paululum
1210 1358 1267 1400 se
1293 1353 1418 1414 post
1443 1347 1746 1400 orationem

200 1430 442 1491 retinens,
486 1438 710 1499 propter
751 1429 1076 1487 catholicam
1119 1434 1281 1489 ﬁdem
1327 1436 1473 1506 apud
1520 1453 1620 1492 nos
1653 1438 1749 1492 de-

199 1517 350 1580 ﬂevit,
377 1519 549 1588 ipsum
575 1519 826 1574 similiter
847 1538 1120 1577 summum
1156 1527 1552 1594 apostolorum,
1584 1544 1746 1597 quem

197 1625 326 1665 nunc
351 1627 518 1681 nuper
545 1611 878 1678 adieramus,
913 1624 1107 1670 testem
1141 1616 1426 1687 objiciens,
1462 1620 1749 1690 episcopo-

194 1717 300 1756 rum
337 1703 684 1758 multitudine
720 1703 1152 1776 circumseptus,
1173 1722 1313 1777 quos
1339 1724 1403 1762 ex
1436 1709 1748 1764 innumera-

193 1785 375 1846 bilibus
420 1791 734 1848 civitatibus
777 1793 980 1858 Italiie,
1028 1812 1129 1866 pro
1174 1797 1482 1868 principatu
1540 1800 1747 1871 proprii

192 1884 304 1948 loci,
335 1900 424 1938 seu
472 1885 737 1956 dignitate
787 1886 1029 1958 collegit,
1081 1898 1137 1942 et
1181 1890 1365 1944 verbis
1410 1890 1748 1960 permiscens

191 1976 447 2046 lacrymas,
483 1978 1024 2040 adcommunionem
1057 1981 1142 2034 sui
1175 1980 1337 2037 ﬁctus
1370 1992 1588 2038 nostros
1610 1999 1748 2054 quo-

189 2085 281 2137 que
303 2065 528 2140 gemitus
561 2071 902 2140 provocavit,
937 2091 954 2122 ›
986 2080 1092 2126 etc.

251 2155 424 2214 Tantis
457 2161 719 2231 precibus
750 2162 886 2217 nihil
919 2162 1150 2218 indulsit
1177 2163 1542 2231 Theodosius,
1573 2181 1746 2234 usque

187 2249 306 2305 adeo
332 2245 655 2323 Chrysaphii
685 2253 896 2308 artibus
930 2253 1292 2320 illudebatur;
1334 2254 1445 2308 imo
1472 2270 1575 2309 nec
1601 2255 1746 2310 aliud

189 2358 487 2411 responsum
541 2343 731 2410 dedit,
781 2360 946 2414 quam
996 2361 1106 2415 quo
1155 2345 1471 2399 Flavianum
1521 2347 1748 2400 turbata:

185 2431 419 2486 Ecclesiae
451 2434 661 2488 invidia
689 2443 964 2496 oneraret,
993 2435 1263 2504 velletque
1282 2435 1406 2505 jure
1437 2434 1748 2504 depositqu

185 2516 336 2577 credi.
393 2524 657 2579 Nondum
712 2524 1091 2580 sanctissimus
1135 2525 1260 2580 ﬁdei
1313 2524 1571 2580 defensor
1635 2527 1750 2596 glo-

185 2615 314 2669 rioso
355 2614 457 2671 ﬁne
499 2617 650 2671 diem
691 2618 992 2682 clauserat;
1032 2617 1126 2672 sed
1156 2618 1405 2690 Hypaepis
1440 2619 1494 2672 in
1528 2617 1748 2671 civitate

184 2705 346 2776 Lydia:
369 2709 682 2773 exsulabat,
709 2709 800 2763 ubi
826 2719 947 2778 post
975 2726 1069 2764 sex
1089 2727 1117 2764 a
1140 2709 1481 2779 depositione
1510 2725 1746 2773 menses,

183 2812 268 2852 seu
308 2800 734 2872 superveniente
780 2810 990 2865 morte,
1031 2817 1123 2855 seu
1170 2801 1412 2873 ingesta,
1458 2801 1752 2856 defunctus

184 2901 276 2946 εει.

244 2982 373 3039 XIII.
404 2986 549 3039 Dum
573 2985 687 3039 ha-c
715 2993 1004 3055 geruntur,
1029 2983 1432 3049 Thcodoretus,
1459 2994 1747 3056 postquam

185 3088 236 3127 se
260 3077 569 3146 depositum
597 3077 808 3141 didicit,
838 3077 1080 3131 decrevit
1111 3077 1174 3130 ad
1211 3077 1394 3131 sedem
1431 3076 1587 3147 185
1618 3093 1748 3147 apo-

183 3168 432 3232 stolicam,
463 3169 577 3223 hoc
604 3175 708 3231 est,
732 3167 798 3221 ad
824 3167 1214 3230 Ecclesiarum,
1244 3185 1365 3238 qua:
1401 3169 1452 3221 in
1485 3178 1598 3222 toto
1621 3177 1750 3222 sunt

185 3258 324 3322 orbe,
351 3259 730 3329 principatum
770 3258 1010 3321 mittere,
1045 3258 1138 3328 qui
1187 3273 1342 3312 suam
1380 3273 1599 3312 causam
1628 3274 1752 3328 age-

185 3358 294 3404 rent
327 3365 509 3405 coram
553 3351 701 3420 justo
730 3349 902 3404 sancti
941 3348 1142 3403 Leonis
1174 3348 1459 3401 tribunali.
1495 3348 1570 3402 Ea
1606 3348 1752 3419 lega-

184 3440 318 3495 tione
343 3441 517 3496 functi
547 3449 674 3495 sunt
700 3439 1076 3510 chorepiscopi
1107 3441 1236 3505 duo,
1267 3439 1563 3494 Abramius
1588 3449 1750 3509 atque

184 3529 465 3601 Hypatius,
520 3547 646 3587 cum
697 3531 894 3603 Alypio
941 3531 1330 3586 monachorum
1378 3531 1752 3601 Euphratesiae

181 3627 425 3678 exarcho.
473 3625 719 3679 Litteras
750 3624 828 3677 illi
864 3623 1202 3686 detulerunt,
1224 3623 1427 3692 quibus
1457 3621 1525 3678 ad
1566 3623 1751 3679 sedem

179 3715 530 3781 apostolicam
567 3713 951 3768 Theodoretus
985 3712 1323 3776 recurrebat,
1357 3731 1373 3762 ι
1411 3720 1472 3766 ut
1503 3728 1623 3782 qua:
1656 3712 1754 3766 ha-

180 3801 342 3867 beret,
374 3805 562 3875 inquit
587 3807 628 3869 ¹,
652 3803 1041 3868 Ecclesiarum,
1073 3818 1194 3873 qua:
1221 3802 1276 3856 in
1306 3810 1418 3858 toto
1449 3811 1574 3858 sunt
1596 3804 1749 3868 orbe,

179 3895 577 3966 principatum,
625 3897 812 3951 multis
862 3895 1208 3961 nominibus,
1261 3904 1424 3966 alque
1482 3895 1586 3950 hoc
1627 3907 1751 3952 ante

179 3983 371 4046 omnia,
402 3985 556 4054 quod
585 3985 654 4038 ab
681 3983 938 4039 haeretica
967 3984 1090 4039 tabe
1117 3985 1377 4040 immunis
1403 3986 1620 4051 mansit,
1649 4001 1754 4040 nec

180 4073 313 4128 ullus
337 4075 622 4129 contraria
663 4075 909 4129 sentiens
940 4075 994 4128 in
1035 4075 1130 4129 illa
1165 4076 1328 4141 sedit,
1366 4077 1461 4130 sed
1495 4077 1752 4148 apostoli-

178 4181 286 4220 cam
333 4170 571 4238 gratiam
616 4169 884 4238 integram
933 4169 1300 4222 conservavit.
1339 4189 1356 4219 ι

241 4257 312 4312 De
339 4275 575 4314 recursu
601 4259 932 4313 Theodoreti
970 4260 1039 4313 ad
1071 4260 1254 4314 sedem
1281 4261 1632 4331 apostolicam
1657 4277 1754 4315 no-

176 4347 388 4403 vissime
429 4349 841 4405 contenderunt
883 4350 1119 4422 theologi
1165 4351 1294 4415 duo,
1343 4353 1456 4406 suis
1495 4352 1755 4421 operibus

1850 533 2037 579 tenere
2068 525 2347 580 convenit.
2374 545 2393 577 ι
2429 525 2481 579 2.
2513 525 2651 584 Cum
2679 525 3000 580 damnatum
3031 538 3094 579 se
3122 535 3180 580 et
3206 526 3425 598 deposi-

1849 624 1962 670 tum
2018 616 2219 686 injuria
2266 624 2614 686 quereretur,
2652 617 2898 686 petiisse,
2934 627 2997 672 ut
3044 619 3426 676 sanctissimus

1847 715 1904 761 et
1965 707 2319 762 beatissimus
2373 708 2560 762 Roma:
2626 708 3076 778 archiepiscopus
3127 711 3424 780 apostolica

1848 807 2118 868 potestate
2177 806 2448 861 uteretur,
2501 808 2556 854 et
2611 809 2930 869 querentem
2984 803 3306 872 praeciperet
3355 804 3424 858 ad

1848 906 2008 945 suum
2053 891 2349 946 concilium
2395 891 2672 946 advolare.
2717 891 2771 944 5.
2819 893 3152 957 Postulasse,
3189 903 3250 948 ut
3280 895 3427 964 judi-

1847 985 1994 1040 cium
2025 1000 2093 1039 ex
2121 984 2343 1054 scriptis
2378 984 2829 1038 constitueretur.
2862 985 2915 1038 4.
2949 984 3157 1038 Misisse
3196 994 3307 1039 tres
3348 987 3428 1040 lea

1847 1084 2029 1144 gatos,
2076 1075 2172 1144 qui
2215 1074 2462 1128 absentis
2509 1082 2691 1145 partes
2723 1082 2978 1144 egerent.
3019 1074 3071 1128 5.
3109 1073 3425 1131 Institutum

1848 1167 2014 1220 fuisse
2037 1161 2328 1236 judicium,
2355 1166 2500 1234 quod
2525 1165 2987 1220 Chalcedonensis
3014 1166 3273 1236 synodus,
3300 1167 3428 1222 licet

1847 1255 2129 1308 nonnullis
2163 1254 2323 1308 initio
2355 1253 2742 1318 renitentibus,
2784 1261 2972 1308 secuta
3003 1253 3092 1308 sit.
3126 1253 3178 1308 6.
3222 1255 3428 1309 Reddi—

1846 1353 1958 1398 tam
1991 1345 2178 1399 sedem
2215 1343 2446 1408 homini,
2479 1359 2642 1412 quem
2689 1343 2931 1414 synodus
2963 1343 3270 1414 dejecisset.
3303 1344 3429 1401 Haec

1847 1445 2031 1489 autem
2078 1437 2124 1489 si
2165 1436 2438 1506 appellare
2461 1435 2704 1506 judieem
2749 1450 2857 1490 non
2897 1444 3000 1502 est,
3031 1435 3164 1506 quid
3206 1437 3427 1491 tandem

1845 1532 1961 1583 est?

1917 1622 2052 1676 XIV.
2087 1621 2319 1690 Scripsit
2341 1620 2533 1675 eodem
2575 1620 2688 1676 fere
2728 1628 2975 1691 tempore
2999 1621 3018 1640 ‘
3047 1619 3430 1676 Theodoretus

1847 1712 1914 1766 ad
1962 1711 2275 1767 Anatolium
2331 1711 2622 1780 patricium
2670 1711 2710 1774 ³,
2759 1727 2869 1780 quo
2913 1718 3148 1780 patrono
3193 1711 3428 1766 maxime

1851 1803 2128 1865 utebatur,
2162 1803 2320 1856 enixe
2355 1809 2630 1872 precatus,
2663 1810 2724 1857 ut
2756 1803 2824 1857 ab
2854 1802 3186 1872 imperatore
3215 1803 3433 1858 obtine-

1849 1904 1935 1949 ret
1955 1893 2057 1948 sibi
2089 1893 2401 1948 facultatem
2430 1892 2570 1953 ﬁeri,
2589 1894 2676 1947 vel
2695 1893 2861 1947 eundi
2885 1893 3112 1948 Romam
3132 1893 3200 1948 ad
3227 1893 3428 1948 summi

1849 1983 2124 2053 pontiﬁcis
2153 1982 2446 2052 judicium,
2492 1984 2576 2040 vel
2627 1999 2685 2038 se
2735 1983 2802 2037 ad
2853 1983 3246 2037 monasterium
3290 1986 3434 2039 reci-

1849 2071 2056 2140 piendi,
2077 2071 2221 2139 quod
2245 2081 2464 2124 centum
2487 2081 2542 2126 et
2559 2071 2749 2142 viginti
2774 2071 3194 2142 millibusCyro,
3213 2081 3436 2142 septua-

1848 2165 1996 2234 ginta
2022 2164 2264 2233 quinque
2293 2164 2604 2227 Antiochia,
2633 2164 2874 2233 Apamea
2904 2164 3082 2219 tribus
3106 2165 3319 2231 aberat.

1919 2254 2060 2309 Sunt
2113 2255 2207 2324 qui
2262 2263 2490 2324 putent,
2544 2263 2803 2309 neutrum
2855 2254 3179 2323 impetrasse
3239 2256 3430 2319 illum,

1848 2345 2172 2400 obﬁrmante
2213 2346 2560 2415 imperatoris
2598 2345 2840 2400 animum
2879 2344 3230 2416 Chrysaphio
3261 2364 3275 2399 :
3308 2362 3434 2415 pro-

1849 2437 2086 2492 babilius
2121 2447 2301 2492 tamen
2337 2444 2442 2499 est,
2477 2450 2602 2490 eum
2637 2451 2763 2491 cum
2809 2435 3156 2506 imperatoris
3183 2437 3345 2492 venia
3375 2437 3433 2491 in

1850 2528 2244 2584 monasterium
2295 2528 2622 2591 secessisse,
2678 2526 2736 2581 in
2787 2541 2966 2596 eoque
3019 2526 3186 2581 vitam
3239 2526 3434 2596 procul

1851 2622 2088 2677 tumultu
2121 2621 2463 2690 negotiisque
2495 2619 2752 2686 duxisse;
2785 2618 2840 2674 id
2870 2620 3018 2676 enim
3067 2620 3204 2688 ipse,
3241 2619 3287 2675 si
3322 2632 3434 2674 non

1849 2719 2038 2782 aperte
2071 2711 2333 2774 declarat,
2378 2710 2560 2764 innuit
2583 2709 2604 2742 ⁸
2635 2717 2784 2764 certe
2829 2709 2885 2765 in
2924 2709 3125 2764 litteris
3161 2706 3228 2762 ad
3265 2707 3450 2762 Audi-

1849 2805 2025 2860 berim
2058 2811 2116 2857 et
2141 2802 2385 2872 Apellam
2424 2808 2549 2872 post
2582 2800 2902 2855 latrocinale
2940 2798 3235 2855 concilium
3267 2798 3433 2862 datis,

1851 2897 1905 2950 in
1957 2896 2158 2966 quibus
2198 2895 2266 2948 de
2313 2909 2414 2948 suo
2464 2894 2806 2960 aliorum-que
2850 2891 2938 2947 sui
2976 2889 3373 2946 studiosiorum
3403 2905 3436 2944 e

1849 2989 2071 3043 civitate
2101 2987 2346 3041 discessu
2383 2986 2653 3053 loquitur.
2685 2983 2846 3053 186
2882 2980 3065 3037 Innuit
3090 2982 3112 3012 ⁵
3134 2991 3191 3035 et
3227 2981 3281 3034 in
3319 2979 3437 3050 epi-

1858 3081 1994 3134 stola
2028 3080 2093 3134 ad
2134 3092 2450 3133 (nconomos
2483 3076 2741 3131 Ecclesiae
2768 3090 2901 3138 suae,
2944 3073 3437 3144 presbyterumque

1859 3170 2227 3232 Theodotum,
2261 3167 2463 3237 quibus
2485 3166 2686 3220 absens
2708 3165 2823 3220 haec
2847 3163 3039 3218 scribit
3070 3181 3084 3216 :
3118 3181 3136 3213 ‹
3165 3161 3277 3232 Ego
3303 3177 3439 3230 quo-

1858 3280 1964 3334 que
1999 3264 2020 3294 ⁶
2054 3263 2466 3317 incumbentem
2515 3258 2690 3314 deﬂeo
2735 3257 3136 3321 calamitatem,
3192 3263 3250 3310 et
3301 3253 3440 3309 mihi

1858 3370 1989 3409 sane
2023 3354 2292 3425 gratulor,
2337 3351 2434 3422 qui
2474 3365 2543 3405 ex
2586 3349 2914 3404 tumultibus
2943 3347 3238 3412 evaserim,
3276 3345 3442 3402 mihi-

1857 3463 1964 3517 que
1996 3455 2145 3517 grata
2175 3445 2325 3498 fruar
2357 3442 2776 3513 tranquillitate,
2810 3460 2827 3492 »
2861 3450 2967 3495 etc.
3005 3440 3124 3494 Non
3165 3438 3439 3494 absimilia

1859 3544 1988 3592 sunt
2039 3551 2160 3604 qua:
2199 3533 2268 3588 ad
2309 3532 2616 3602 Longinum
2650 3529 3139 3586 archimandritam
3185 3527 3440 3582 Dolichos

1857 3624 2077 3694 scripsit
2122 3623 2182 3676 ἐ
2222 3641 2240 3673 ι
2285 3621 2748 3678 Communicastis
2804 3619 3154 3691 passionibus
3197 3619 3438 3683 nostris,

1859 3725 1974 3770 tum
2021 3730 2120 3785 per
2165 3714 2377 3768 litteras
2408 3713 2776 3777 consolantes,
2810 3723 2926 3768 tum
2967 3713 3248 3766 mittentes
3283 3727 3442 3766 reve-

1859 3805 2214 3860 rendissimos
2239 3820 2304 3858 ac
2327 3803 2772 3874 religiosissimos
2800 3802 3112 3857 lllatthteum
3129 3810 3185 3856 et
3207 3801 3439 3858 Isacium

1859 3897 2148 3959 diaconos;
2198 3895 2564 3964 audietisque,
2614 3903 2697 3950 sat
2740 3895 2885 3959 scio,
2928 3910 2959 3948 a
3001 3895 3151 3965 justo
3193 3893 3386 3948 Judice
3425 3911 3436 3946 :

1858 3988 1923 4043 In
1953 4005 2162 4042 carcere
2194 4005 2362 4052 eram,
2405 3997 2454 4041 ct
2482 3987 2692 4041 venistis
2715 3986 2785 4039 ad
2816 3997 2980 4051 mem,
3019 4005 3038 4037 ι
3083 3994 3190 4040 etc.

1929 4080 2044 4134 XV.
2086 4081 2218 4136 Utut
2264 4095 2323 4134 se
2367 4095 2454 4133 res
2483 4078 2672 4141 habet,
2712 4076 2822 4131 Leo
2857 4087 3005 4131 certe
3045 4092 3075 4130 a
3107 4075 3437 4138 Theodosio,

1859 4172 2038 4240 quoad
2072 4173 2352 4242 negotium
2387 4168 2752 4240 congregandi
2787 4167 2843 4221 in
2881 4168 3032 4222 Italia
3063 4166 3304 4230 concilii,
3331 4183 3439 4222 una
3473 4229 3476 4232 Α

1861 4278 1983 4317 cum
2019 4246 2402 4317 Valentiniano
2450 4261 2779 4329 imperatore
2828 4266 2884 4312 et
2929 4257 3187 4328 Augustis
3225 4257 3440 4313 duabus

1861 4368 2053 4424 passus
2087 4361 2171 4406 est
2211 4353 2485 4421 repulsam
2520 4348 2781 4420 :negavit
2817 4349 2966 4403 enim
2997 4364 3136 4418 Opus
3170 4362 3289 4402 esse
3330 4348 3438 4402 ulla

177 4439 381 4494 nobiles
411 4459 425 4493 ε
458 4442 600 4496 alter
635 4441 946 4512 confugisse
985 4451 1194 4497 tantum
1243 4443 1362 4497 vult
1397 4449 1653 4512 tanquam
1684 4443 1751 4497 ad
1786 4483 1834 4542 ο
1862 4445 2090 4518 synodo,
2127 4460 2228 4498 nec
2274 4444 2473 4513 Ephesi
2515 4442 2813 4513 quidquam
2862 4450 3043 4496 actum
3091 4441 3310 4512 injuria,
3341 4441 3437 4523 sed
3473 4496 3475 4500 ,

173 4532 521 4599 praesidium;
570 4533 740 4597 alter,
789 4535 1088 4604 appellasse
1134 4535 1284 4588 velut
1330 4535 1592 4606 judiccm.
1643 4535 1751 4590 Sua

173 4632 295 4676 sunt
347 4625 574 4693 utrique
624 4635 974 4695 argumenta,
1035 4626 1239 4695 quibus
1286 4626 1378 4680 ille
1424 4635 1749 4696 potestatem

172 4716 524 4781 apostolicam
561 4731 814 4772 coercere
849 4717 1020 4772 videri
1066 4727 1251 4788 queat,
1296 4719 1398 4773 iste
1432 4721 1748 4775 extendere.

237 4804 449 4870 Li-tem,
499 4817 558 4861 ut
603 4825 690 4864 res
737 4819 894 4874 sunt,
943 4811 1268 4866 invidiosam
1317 4811 1601 4876 dirimere,
1651 4829 1753 4867 nec

169 4906 353 4952 nostra
389 4899 647 4965 interest,
683 4917 860 4972 neque
902 4912 987 4957 est
1025 4903 1260 4957 animus.
1306 4901 1468 4958 Certe
1493 4907 1511 4935 ¹
1540 4913 1754 4958 constat

170 4983 608 5055 Theodoretum,
651 4991 696 5044 si
743 4991 921 5062 ipsum
968 4993 1244 5058 audimus,
1282 4994 1304 5047 I
1339 5011 1352 5046 :
1397 5012 1415 5044 ‹
1450 4993 1528 5048 Ad
1565 4993 1751 5048 sedem

168 5079 532 5144 apostolicam
586 5083 925 5147 accurrisse,
963 5094 1024 5138 ut
1065 5084 1434 5138 Ecclesiarum
1479 5084 1756 5140 ulceribus

232 5244 272 5273 ⁵³
300 5236 504 5291 Matth.
532 5253 656 5302 xxv,
695 5238 783 5292 36.

1860 4536 2174 4592 substitutis
2211 4535 2263 4588 in
2309 4536 2489 4589 locum
2537 4533 2888 4605 indignorum
2933 4533 3278 4602 dignioribus
3316 4531 3437 4601 epi-

1860 4630 2042 4698 scopis
2089 4643 2313 4697 regnare
2353 4627 2406 4680 in
2446 4627 2690 4682 Ecclesia
2731 4626 3079 4682 concordiam
3131 4634 3185 4680 et
3233 4623 3434 4679 verita-

1862 4728 1992 4775 tem.
2047 4719 2241 4790 Operae
2288 4719 2525 4788 pretium
2571 4729 2655 4775 est
2687 4719 2950 4774 exhibere
2987 4717 3296 4786 epistolam,
3331 4731 3438 4784 qua

1861 4812 2157 4882 respondet
2192 4811 2604 4876 Valentiniano;
2637 4810 2824 4880 prodit
2853 4810 3000 4864 enim
3034 4821 3318 4877 quousque
3344 4821 3440 4858 eu-

1861 4904 2028 4959 nuchi
2061 4901 2274 4958 artibus
2300 4901 2569 4956 abductus
2599 4901 2651 4954 in
2679 4915 2922 4955 errorem
2960 4905 3109 4954 esset
3135 4914 3147 4948 :
3183 4894 3438 4966 prwfatus

1859 4995 2025 5065 igitur
2057 5010 2178 5065 quae
2209 4992 2518 5047 humanitas
2547 4992 2723 5045 solet:
2757 5008 2777 5042 ‹
2811 4990 2956 5044 Nihil
2988 4986 3156 5048 aliud,
3191 4984 3368 5054 inquit
3391 4983 3435 5046 ⁸,

1857 5085 2144 5148 volumus,
2193 5100 2353 5154 quam
2416 5090 2758 5137 sacramenta
2811 5091 3038 5152 paterna
3081 5097 3178 5148 per
3213 5092 3438 5132 succes-

1511 5354 1834 5410 SCHULZII
1877 5353 2106 5410 ΝΟΤᾹΞ.

235 5443 250 5472 ¹
284 5442 500 5514 Inquil.
532 5443 655 5499 Vid.
700 5452 741 5497 t.
786 5445 875 5509 IV,
908 5445 1070 5514 epist.
1105 5442 1202 5498 115
1230 5454 1285 5498 et
1313 5445 1435 5498 116.
1511 5446 1532 5475 ¹
1565 5444 1735 5509 Certe,
1761 5457 1866 5500 etc.
1898 5446 2021 5500 Vid.
2059 5445 2220 5514 epist.
2266 5444 2472 5506 citatas
2499 5451 2571 5514 iet
2606 5442 2922 5514 Actaconc.
2972 5435 3232 5514 Chalced.
3263 5503 3277 5514 _
3307 5435 3439 5514 'hAri

164 5513 325 5565 Anat.

164 5593 378 5637 natum.

165 5667 354 5724 [suam
409 5654 800 5710 scholasticum
852 5654 1136 5724 desumpta
1191 5664 1338 5709 sunt.

163 5721 460 5785 Chalccd.,
507 5735 649 5794 part.
697 5739 734 5776 ι.

496 5819 764 5878 ΡΑῖιιοι..
811 5819 925 5879 Gn.
975 5818 1285 5878 LXXXIV.

411 5514 494 5568 id.
561 5524 600 5568 t.
644 5514 729 5576 IV,
766 5515 927 5583 epist.
969 5515 1094 5569 ns.

1195 5514 1447 5589 flim‘uit,
1487 5524 1603 5589 etc.
1639 5517 1767 5589 Vid.
1805 5517 1966 5589 epist.
2010 5514 2136 5589 II4_
2153 5524 2208 5569 ct
2249 5516 2374 5580 115,
2414 5523 2455 5568 t.
2497 5514 2584 5567 IV.
2635 5514 2776 5589 Add.
2823 5514 2972 5589 epist;

466 5585 487 5614 ⁵
518 5573 725 5646 lnnuit,
756 5573 862 5638 etc.
904 5584 1026 5637 Vid.
1086 5594 1124 5638 t.
1154 5584 1242 5647 IV,
1266 5573 1444 5654 epist;
1480 5585 1600 5647 106,
1631 5587 1732 5640 107
1755 5597 1812 5640 et
1838 5573 1957 5640 I46.
2040 5587 2061 5618 ⁶
2090 5585 2202 5656 Ego
2235 5573 2461 5653 quoque,
2497 5593 2602 5637 etc.
2635 5581 2759 5636 llaec
2791 5573 3050 5646 ex'epist.
3081 5577 3201 5637 124,
3233 5573 3298 5627 ad
3327 5573 3428 5626 Ma-

466 5654 800 5710 :holasticum
852 5654 1136 5724 desumpta
1191 5664 1338 5709 sunt.
1442 5655 1460 5683 ⁷
1491 5654 1730 5724 Scripsit.
1769 5657 1889 5710 Vid.
1956 5668 1993 5709 t.
2046 5657 2133 5719 IV,
2165 5655 2328 5724 epist.
2371 5656 2490 5708 151.
2588 5654 2609 5684 ⁸
2637 5651 2834 5722 Inquit.
2902 5646 3024 5702 Vid.
3089 5647 3221 5700 Actu
3272 5657 3428 5697 conc.

2153 5524 2208 5569 ct
2249 5503 2455 5580 “5,1.
2497 5513 2584 5567 1v.
2637 5511 2776 5566 Add.
2823 5510 2984 5580 epist.
3035 5507 3174 5580 tto,
3211 5503 3297 5580 ad_
3326 5505 3434 5580 ne-

2588 5651 2834 5722 8Inquit.
2902 5646 3024 5702 Vid.
3089 5647 3221 5700 Actu
3272 5657 3428 5697 conc.

3070 5809 3103 5870 5
