3954 6294
519 331 627 398 139

1649 328 2023 388 GARNERH
2065 326 2559 392 DISSERTATIO
2600 334 2646 392 I.

3667 338 3768 406 110

521 446 729 500 sionem
782 442 941 498 nobis
977 439 1175 496 tradita
1209 439 1596 494 inviolabiliter
1624 441 1889 495 custodiri
1922 459 1934 493 :
1967 456 2095 510 pro-
2130 450 2166 502 Α
2199 458 2305 511 quc
2341 453 2714 512 paupertatem
2735 445 2911 513 plenis
2937 462 3192 501 curarum
3220 445 3429 502 divitiis
3466 459 3759 520 antepona-

518 544 646 604 pter
680 534 826 587 hanc
858 548 1100 595 causam,
1139 532 1397 600 quoniam
1438 531 1701 600 quosdam
1735 533 2093 601 cognovimus

520 626 900 681 sanctissimas
950 621 1227 678 Ecclesias
1288 621 1512 675 nocibili
1570 620 1812 678 novitate
1849 621 2090 683 turbare,

519 716 785 787 synodum
835 712 1180 768 decrevimus
1236 712 1437 781 Ephesi
1498 711 1643 778 ﬁeri;
1695 714 1755 768 in
1805 713 2092 781 praesentia

518 805 719 874 quippe
746 802 1332 858 reverendissimorum
1354 803 1753 873 episcoporum,
1772 818 1894 856 cum
1921 804 2091 858 multa

514 896 769 952 libertate
805 909 870 950 ac
908 895 1121 965 integra
1155 893 1410 957 veritate,
1440 899 1496 947 et
1534 892 1742 963 indigni
1785 894 2091 948 sacerdotio

514 987 709 1041 remoti
735 994 884 1050 sunt,
914 993 971 1041 et
991 986 1086 1056 qui
1108 985 1339 1056 judicati
1362 992 1492 1039 sunt
1514 999 1634 1039 esse
1652 984 1824 1054 digni,
1852 987 2088 1055 suscepti

512 1084 670 1140 sunt;
705 1075 845 1130 nihil
893 1074 1171 1147 igitur‘ab
1211 1074 1297 1129 his
1337 1073 1675 1128 contrarium
1723 1075 1923 1144 regula:
1962 1075 2089 1131 ﬁdei

510 1174 607 1221 aut
639 1166 869 1237 justiti-aa
904 1165 1107 1222 factum
1141 1178 1262 1221 esse
1301 1165 1683 1235 cognovimus;
1721 1167 1901 1222 omnis
1955 1183 2089 1222 con-

511 1256 685 1311 tentio
731 1270 889 1311 sacro
928 1256 1140 1326 judicio
1185 1255 1492 1310 examinata
1522 1263 1625 1310 est.
1671 1256 1960 1317 Flavianus
1988 1273 2089 1311 au-

514 1355 655 1410 tem,
706 1345 802 1415 qui
844 1360 973 1400 reus
1026 1345 1283 1400 inventus
1353 1353 1439 1400 est
1495 1344 1740 1400 laesibilis
1798 1346 2085 1410 novitatis,

511 1436 751 1492 debitam
770 1450 987 1507 poenam
1020 1436 1260 1507 recepit;
1294 1445 1349 1490 et
1384 1436 1488 1491 hoc
1520 1446 1749 1502 remoto,
1784 1437 1962 1492 omnis
1984 1454 2088 1507 pax

508 1538 564 1583 et
584 1528 761 1584 omnis
781 1528 1074 1583 concordia
1104 1538 1296 1601 regnat
1316 1529 1370 1583 in
1396 1529 1673 1593 Ecclesiis,
1698 1539 1751 1584 et
1774 1529 1910 1583 nihil
1936 1530 2086 1586 aliud

507 1634 670 1688 quam
706 1619 908 1675 veritas
937 1618 1104 1688 viget.
1142 1637 1160 1670 ι

578 1728 715 1785 XVI.
757 1728 899 1796 Quid
951 1729 1171 1786 interim
1219 1727 1541 1783 Pulcheria?
1587 1729 2085 1802 Quantumcunque

2195 548 2339 588 "IIIS.
2372 554 2390 585 ι

2268 647 2363 702 [lis
2399 658 2450 705 ct
2475 648 2595 703 aliis
2635 649 2978 704 sustentabat
3009 652 3251 707 animum
3271 656 3382 727 jam
3433 657 3597 711 malis
3631 657 3763 712 edo-

2196 735 2388 788 mitum
2408 777 2421 799 ,
2451 745 2505 790 ct
2543 753 2572 790 a
2602 737 2834 807 pristino
2888 753 3078 795 errore
3125 758 3320 815 magna
3355 760 3422 799 ex
3454 748 3610 816 parte
3640 764 3764 803 cor-

2194 836 2423 881 rectum.
2460 828 2711 885 Errorem
2744 846 2874 886 vero
2902 833 3003 888 etsi
3029 833 3247 889 erudita
3296 836 3635 905 professione
3673 840 3762 895 lit—

2193 918 2332 973 teris
2367 919 2433 973 ad
2480 920 2828 977 Timotheum
2857 926 2895 956 ”
2953 925 3273 996 episcopum
3327 929 3548 999 scriptis
3587 931 3762 1001 reipsa

2194 1017 2453 1073 revocat,
2497 1026 2785 1069 revocasse
2824 1022 3006 1070 tamen
3050 1017 3225 1071 videri
3271 1034 3379 1072 non
3414 1021 3569 1087 vult;
3626 1018 3761 1078 adeo

2193 1094 2413 1150 difﬁcile
2442 1106 2527 1152 est
2551 1102 2912 1171 magnanimis
2943 1104 2958 1121 ‘
2983 1102 3362 1171 pmnitentiam
3387 1103 3564 1159 fateri.

2263 1188 2343 1243 Ad
2382 1189 2756 1248 discutiendas
2800 1194 3006 1249 erroris
3062 1195 3293 1252 nebulas
3342 1197 3575 1252 multum
3624 1199 3763 1255 lucis

2191 1282 2425 1336 Contulit
2478 1285 2706 1354 epistola
2758 1287 2935 1341 sancti
2980 1287 3182 1343 Leonis
3225 1289 3291 1344 ad
3348 1290 3665 1347 Flavianum
3694 1297 3762 1348 de

2191 1371 2567 1431 incarnatione
2602 1392 2617 1429 :
2645 1392 2766 1431 eam
2809 1378 2957 1433 enim
2985 1379 3029 1411 ¹¹
3073 1381 3474 1444 Theodoretus,
3509 1385 3642 1438 dum
3676 1396 3759 1439 at-

2190 1464 2395 1518 tentius
2418 1466 3275 1542 perlegeret,distinctionemque
3300 1481 3620 1531 naturarum
3649 1490 3762 1530 am-

2188 1548 2639 1628 barum,‘quibus
2685 1559 2939 1616 Christus
2970 1572 3205 1631 constat,
3245 1573 3434 1636 aperte
3473 1566 3759 1637 praedicari

2188 1644 2688 1714 animadverteret,
2742 1664 2896 1705 suam
2935 1652 3040 1707 sibi
3085 1668 3211 1708 cum
3254 1654 3555 1711 Christiani
3604 1657 3759 1713 orbis

2190 1736 2447 1805 magistro
2472 1740 2893 1794 consensionem
2924 1744 3248 1811 gratulatus,
3298 1744 3352 1801 id
3383 1745 3584 1812 effecit,
3635 1748 3757 1819 opi-

506 1821 868 1876 inclinaretur
918 1820 976 1875 in
1020 1830 1209 1891 partes
1251 1822 1450 1876 summi
1495 1822 1798 1892 pontiﬁcis,
1847 1824 2082 1881 volentis
2117 1804 2157 1858 Β
2185 1804 2306 1893 nor,
2351 1829 2498 1898 quod
2545 1830 2839 1901 aliquando
2868 1804 3186 1902 praestitisse
3219 1845 3431 1893 certum
3460 1847 3590 1894 est:
3643 1804 3760 1912 epi-

503 1914 845 1968 mcumenico
872 1912 1108 1968 concilio
1139 1911 1489 1968 latrocinium
1524 1914 1860 1984 Ephesinum
1893 1931 2084 1971 emen-

503 1998 650 2065 dari;
682 2016 858 2073 eoque
891 2001 1132 2057 ferretur
1164 2002 1362 2072 partim
1398 2003 1598 2059 Leonis
1628 2005 1845 2067 litteris,
1881 2007 2079 2077 partim

500 2088 827 2165 Chrysaphii
867 2091 1016 2155 odio,
1048 2094 1245 2162 partim
1285 2099 1479 2160 sponte
1524 2107 1643 2155 sua,
1675 2102 1730 2146 et
1763 2091 1888 2148 ﬁdei
1928 2093 2075 2159 zelo;

504 2182 724 2238 nolebat
750 2192 933 2240 tamen
964 2197 1052 2238 res
1074 2181 1386 2239 Orientales
1415 2182 1469 2237 in
1498 2181 1795 2239 Occidente
1824 2183 1930 2254 agi,
1962 2190 2076 2239 tum

503 2280 561 2327 ut
609 2281 929 2342 parceer
981 2273 1204 2328 Patrum
1251 2272 1417 2328 maris
1462 2272 1865 2343 impatientiam
1916 2287 2079 2327 vexa-

500 2364 668 2430 tioni;
710 2372 824 2417 tum
875 2379 945 2419 ne
978 2361 1282 2419 Orientalis
1319 2362 1555 2431 imperii,
1590 2362 1935 2432 seniorisque
1967 2365 2077 2417 Au-

500 2455 646 2525 gusti
689 2456 944 2527 majestas
978 2454 1340 2520 minueretur,
1386 2462 1502 2509 tum
1548 2453 1787 2524 denique
1823 2468 1895 2509 ne
1941 2469 2077 2524 pra:-

498 2557 645 2603 essct
676 2548 934 2613 Placidia,
960 2547 1047 2602 cui
1090 2546 1342 2602 muliebri
1376 2546 1724 2602 aemulatione
1758 2561 1899 2616 pene
1930 2544 2072 2600 invi-

499 2639 714 2701 debat;
747 2654 917 2710 quare
966 2639 1167 2694 maluit
1219 2647 1458 2694 mentem
1508 2646 1725 2711 tegere,
1773 2653 1843 2693 ne
1886 2636 2074 2693 fratris

497 2728 740 2784 animum
778 2729 1166 2800 suspiciosum,
1203 2743 1306 2784 nec
1345 2728 1479 2783 satis
1498 2743 1720 2800 aequum
1761 2725 1939 2783 sorori
1978 2741 2074 2781 an-

496 2828 669 2890 geret,
701 2835 769 2875 eo
810 2820 1112 2889 pmsertim
1152 2826 1421 2889 tempore,
1451 2832 1562 2888 quo
1584 2833 1726 2889 aegra
1760 2816 2072 2873 valetudine

496 2914 775 2977 utebatur,
801 2926 905 2967 nec
942 2910 1037 2967 diu
1069 2911 1321 2967 victurus
1349 2910 1523 2967 videri
1549 2919 1786 2983 poterat.

522 3034 525 3037 '
570 3025 725 3096 187
757 3023 1167 3079 XVllJnterim
1198 3021 1581 3077 Theodoretus
1628 3022 1986 3078 Sabinianum
2014 3031 2070 3078 et

2183 1920 2337 1975 stolae
2359 1922 2558 1976 summi
2585 1922 2864 1993 pontiﬁcis
2888 1925 3172 1997 subjunxit
3210 1944 3320 1983 non
3345 1944 3499 1985 suam
3543 1940 3755 1988 tantum

2182 2010 2672 2082 subscriptionem,
2697 2014 2843 2085 quod
2875 2017 3058 2073 minus
3073 2018 3398 2087 videbatur;
3449 2022 3545 2077 sed
3569 2038 3633 2078 ea
3671 2023 3756 2078 in-

2180 2114 2348 2169 super
2401 2103 2711 2159 testimonia
2754 2121 2875 2176 quae
2923 2122 2991 2162 ex
3037 2108 3350 2167 Occidentis
3404 2110 3753 2186 Orientisque

2178 2189 2434 2247 Patribus
2484 2203 2611 2249 ante
2656 2205 2893 2265 quatuor
2942 2214 3116 2256 annos
3171 2202 3486 2275 collegerat,
3540 2221 3751 2278 suoque

2178 2280 2414 2353 dialogo,
2446 2284 2537 2353 qui
2569 2285 2894 2343 lnconfusus
2931 2289 3270 2360 inscribitur,
3302 2295 3568 2353 adversus
3616 2314 3751 2354 con-

2176 2372 2447 2429 fusionem
2505 2376 2888 2447 imperitorum
2947 2383 3347 2441 monachorum
3405 2386 3748 2455 inseruerat,

2176 2479 2286 2534 quo
2308 2466 2714 2538 subscriptores
2737 2485 2923 2526 secum
2959 2472 3279 2541 adduceret,
3321 2477 3579 2536 Ecclesia:
3614 2497 3752 2552 prat-

2175 2555 2545 2611 stantissimos
2570 2559 2878 2634 magistros.

2247 2664 2398 2721 Hauc
2424 2669 2672 2724 eamdem
2713 2672 3000 2742 epistolam
3032 2676 3339 2735 certissimo
3367 2695 3468 2735 suo
3514 2692 3748 2753 patrono

2173 2754 2426 2812 Anatolio
2452 2759 2685 2827 patricio
2710 2763 3243 2835 Constantinopolim
3274 2771 3576 2827 transmisit
3600 2787 3747 2828 :non

2174 2842 2365 2912 utique
2433 2847 2659 2913 nudam,
2703 2849 2847 2904 sicut
2886 2865 3148 2922 venerat;
3183 2857 3315 2926 quid
3352 2859 3498 2913 enim
3552 2860 3748 2917 fuisset

2173 2949 2332 3005 opus,
2362 2953 2485 2992 cum
2552 2939 2608 2993 in
2644 2941 2779 2996 urbe
2821 2945 2966 3016 regia
2992 2955 3267 3003 tereretur
3296 2951 3541 3006 omnium
3570 2954 3749 3008 mani-

2170 3029 2316 3083 bus?
2341 3031 2502 3102 188
2530 3032 2626 3087 sed
2658 3034 3007 3104 testimoniis,
3039 3056 3158 3109 quae
3186 3026 3320 3109 dixi,
3368 3043 3591 3099 Patrum
3625 3062 3749 3101 mu-

493 3116 664 3182 Ibam,
687 3116 1039 3187 seipsumque
1066 3114 1268 3170 litteris
1291 3113 1592 3180 solabatur,
1619 3122 1676 3169 et
1722 3114 1880 3184 quasi
1911 3114 2065 3169 frue—
2097 3137 2138 3192 ο
2169 3121 2362 3187 nitam,
2389 3133 2449 3178 ut
2473 3125 2633 3180 fidem
2656 3142 2809 3182 suam
2836 3130 3079 3200 apertius
3105 3133 3442 3190 ostenderet.
3482 3155 3499 3184 ε
3534 3137 3744 3192 Rerum

493 3210 656 3277 batur
671 3208 1111 3264 adversariorum
1128 3208 1229 3271 ira,
1250 3206 1302 3260 in
1327 3207 1396 3261 iis
1415 3222 1672 3278 magnum
1698 3207 1922 3277 quidem
1940 3206 2066 3261 ﬁdei

493 3299 758 3363 studium,
812 3313 1172 3370 magnamque
1201 3298 1425 3354 honoris
1462 3306 1517 3352 et
1566 3296 1712 3353 sedis
1755 3297 2060 3367 despicien-

495 3390 625 3445 tiam
648 3388 1009 3460 praeferebat;
1034 3390 1129 3445 sed
1158 3389 1428 3460 prodebat
1470 3398 1659 3444 tamen
1690 3389 1955 3455 indolem,
1985 3389 2069 3444 in-

491 3480 771 3551 situmque
797 3480 982 3535 animo
1000 3481 1244 3535 dolorem
1270 3498 1286 3535 :
1317 3481 1674 3551 quamobrem
1698 3479 2063 3536 Sabinianum

490 3572 668 3628 amice
691 3572 892 3643 arguit,
944 3572 1087 3642 quod
1123 3573 1271 3628 sedis
1300 3588 1497 3628 amore
1524 3588 1591 3628 eo
1642 3589 1701 3628 se
1741 3573 2061 3644 abiecisset,

490 3681 600 3735 quo
627 3664 1033 3735 magnanimum
1052 3679 1163 3718 non
1185 3666 1425 3720 deceret.
1462 3684 1480 3717 ‹
1503 3664 1867 3720 Sanctitatem
1889 3674 2060 3729 tuam,

490 3755 666 3824 inquit
694 3756 736 3819 ’,
759 3753 1016 3809 laudibus
1029 3755 1221 3820 extuli,
1243 3770 1367 3810 cum
1395 3754 1721 3810 invidiosam
1743 3755 2061 3811 cathedram

488 3846 750 3918 reliquit;
778 3862 900 3917 quae
931 3847 1079 3902 enim
1106 3847 1422 3903 veneranda
1455 3847 1587 3902 olim
1623 3857 1764 3910 erat.
1807 3864 1956 3903 nunc
1979 3848 2060 3904 fa-

486 3950 574 3996 cta
594 3950 679 3996 est
701 3940 955 4007 ridicula,
982 3940 1233 3997 venalem
1256 3941 1460 4011 quippe
1491 3940 1640 3994 illam
1678 3955 1779 3995 nos
1804 3940 2057 3997 fecimus.

485 4032 712 4088 Miratus
738 4047 860 4089 sum
886 4038 1093 4096 autem‘,
1118 4041 1409 4103 postquam
1439 4031 1693 4101 cognovi,
1750 4039 1803 4085 te
1842 4031 1913 4085 ad
1941 4045 2057 4095 eos,

483 4126 579 4195 qui
607 4125 1242 4197 ejecerint,accurrisse.
1270 4123 1405 4177 Nam
1437 4122 1773 4177 contrarium
1797 4133 1849 4177 te
1880 4123 2058 4178 facere

480 4218 793 4288 oportebat,
818 4223 879 4271 ut
913 4225 1133 4288 rogatus
1161 4214 1534 4287 gubernacula
1564 4214 1827 4279 retinere,
1859 4214 2059 4286 guber-

480 4310 759 4366 nationem
782 4308 1082 4380 refugeres,
1102 4317 1362 4378 tanquam
1397 4307 1637 4385 inimicis
1662 4307 1821 4363 factis
1852 4308 1940 4373 iis,
1961 4309 2054 4379 qui

480 4401 536 4456 in
568 4400 761 4456 eadem
810 4400 937 4455 navi
975 4406 1122 4454 sunt.
1163 4418 1180 4449 ›
1223 4398 1293 4453 Ει
1316 4408 1506 4469 postea
1536 4399 1604 4454 de
1639 4415 1734 4456 se:
1774 4420 1791 4451 ι
1829 4400 1943 4470 Ego
1978 4399 2056 4455 fa-

2169 3219 2438 3280 omnium,
2473 3216 2651 3287 inquit
2682 3218 2746 3283 ¹³,
2800 3230 2983 3275 rector
3028 3232 3084 3277 et
3117 3224 3433 3281 moderator
3477 3226 3746 3284 Dominus

2168 3304 2448 3376 patefecit,
2484 3315 2540 3363 et
2576 3312 3006 3380 apostolicorum
3050 3322 3369 3371 nostrorum
3423 3318 3743 3390 dogmatum

2166 3402 2475 3469 veritatem,
2512 3413 2569 3460 et
2586 3406 2803 3474 iactata:
2863 3406 2918 3461 in
2952 3423 3053 3463 nos
3092 3409 3380 3465 calumniae
3420 3410 3738 3467 falsitatem.

2166 3491 2405 3558 Etenim,
2430 3510 2551 3562 quae
2580 3510 2609 3548 a
2632 3495 2743 3549 Deo
2773 3497 3101 3554 charissimo
3129 3509 3185 3555 et
3218 3502 3564 3557 sanctis'simo
3618 3518 3741 3557 ma-

2165 3597 2284 3652 gnte
2314 3583 2499 3639 Romae
2527 3585 2941 3657 archiepiscopo
2976 3589 3203 3645 domino
3234 3590 3415 3647 Leone
3450 3592 3518 3648 ad
3540 3605 3745 3650 sanctae

2165 3673 2445 3729 memoria:
2477 3674 2795 3729 Flavianum
2827 3678 3072 3749 aliosque
3097 3681 3243 3751 apud
3270 3679 3546 3752 Ephesum
3604 3701 3742 3740 con-

2164 3770 2413 3831 gregatos
2438 3763 2643 3833 scripta
2670 3774 2821 3828 sunt,
2846 3782 2971 3822 cum
3003 3768 3072 3824 iis
3094 3770 3315 3839 penitus
3360 3773 3739 3840 consentiunt,

2164 3867 2287 3922 qum
2319 3868 2420 3907 nos
2448 3854 2533 3909 vel
2559 3857 3013 3927 conscripsimus,
3036 3861 3123 3915 vel
3165 3862 3221 3916 in
3249 3862 3512 3921 Ecclesiis
3541 3882 3742 3938 perpe-

2163 3951 2258 3998 tuo
2289 3944 2600 4004 docuimus.
2628 3947 2899 4016 Quocirca
2931 3954 3095 4009 simul
3119 3970 3184 4010 ac
3226 3972 3321 4012 eas
3348 3958 3563 4015 litteras
3606 3960 3738 4033 legi,

2162 4037 2460 4108 benignum
2511 4041 2804 4096 Dominum
2850 4044 3091 4112 laudavi,
3135 4047 3281 4118 quod
3305 4048 3581 4107 Ecclesias
3626 4067 3741 4109 non

2159 4143 2389 4198 prorsus
2415 4131 2743 4199 deseruerit,
2775 4135 2870 4191 sed
2902 4147 3067 4192 rectae
3138 4139 3403 4197 doctrinae
3444 4143 3738 4200 scintillam

2159 4222 2416 4286 servarit,
2444 4225 2528 4278 vel
2554 4225 2743 4294 potius
2775 4242 2886 4282 non
2909 4228 3227 4298 scintillam,
3263 4233 3359 4288 sed
3412 4233 3588 4290 facem
3614 4252 3734 4292 ma-

2158 4310 2383 4377 ximam,
2412 4329 2534 4383 qua:
2565 4315 2757 4371 orbem
2779 4326 3053 4374 terrarum
3072 4322 3381 4379 accendere
3424 4335 3481 4381 et
3524 4327 3735 4384 illumi-

2158 4418 2289 4459 nare
2318 4407 2509 4475 possit.
2549 4426 2567 4459 ι
2605 4408 2743 4463 Tum
2777 4420 2903 4480 post
2929 4412 3206 4469 laudatam
3263 4419 3580 4486 apostolica:
3618 4422 3737 4491 epi-

477 4502 625 4547 etam
650 4492 704 4545 in
729 4505 815 4545 me
844 4490 1103 4561 injuriam
1133 4490 1286 4544 velut
1317 4491 1566 4544 divinum
1592 4490 1921 4546 beneﬁcium
1957 4508 2054 4547 ex-
2089 4487 2131 4542 ἰ)
2159 4497 2313 4551 stolae
2359 4498 2665 4555 doctrinam
2701 4517 2826 4557 cum
2858 4502 3115 4559 Patribus
3148 4522 3444 4563 consonam
3477 4529 3489 4564 :
3524 4531 3542 4563 ‹
3592 4511 3732 4569 Cum

475 4583 620 4654 cepi,
667 4598 779 4637 non
805 4598 935 4638 sane
967 4582 1196 4653 gratiam
1221 4582 1432 4639 habens
1471 4583 1685 4653 injuria:
1714 4585 2053 4652 auctoribus,

474 4674 609 4745 (quo
644 4673 793 4729 enim
821 4681 1000 4744 pacto,
1034 4671 1333 4729 fratricidis
1379 4683 1437 4729 et
1480 4672 1638 4729 ’Caini
1689 4685 1902 4745 partem
1934 4693 2051 4732 am-

474 4763 703 4835 plexis?)
733 4764 828 4820 sed
874 4765 1164 4821 Dominum
1188 4781 1370 4821 meum
1400 4766 1656 4822 laudibus
1678 4767 1935 4835 efferens,
1957 4771 2052 4841 qui

473 4873 560 4913 me
590 4857 847 4931 injuriam
879 4859 1206 4929 patientium
1254 4869 1399 4915 sorte
1431 4859 1686 4932 dignatus
1712 4872 1813 4917 est.
1850 4882 1868 4915 ι
1902 4862 2048 4919 ibam

472 4932 603 5005 vero
643 4949 928 5021 alloquens
976 4948 1273 5005 Sabiniano
1326 4952 1774 5022 generosiorem:
1812 4971 1831 5004 ι
1868 4952 2045 5009 Ceda-

471 5057 615 5104 mus,
631 5040 709 5097 ait
742 5043 807 5108 ¹⁰,
839 5043 1285 5113 peremptoribus
1313 5043 1577 5097 honorem
1628 5053 1685 5098 et
1708 5043 1952 5110 delicias,
1988 5054 2045 5100 et

468 5132 618 5189 sedis
657 5135 1073 5206 pmogativam
1124 5142 1180 5189 et
1228 5135 1455 5205 gloriam
1507 5135 1803 5202 infelicem,
1838 5145 2049 5193 tantum

470 5222 836 5282 inbereamus
860 5226 1190 5299 evangelicis
1212 5226 1580 5299 dogmatibus,
1613 5236 1668 5283 et
1694 5244 1819 5283 cum
1843 5230 1975 5294 illis,
2003 5229 2047 5284 si

468 5330 606 5386 Opus
636 5323 740 5382 est,
768 5317 988 5388 quidvis
1003 5333 1263 5388 asperum
1293 5319 1657 5390 perferamus,
1684 5320 2048 5377 laudabilem-

2156 4587 2246 4643 his
2279 4590 2479 4645 litteris
2503 4592 2641 4648 meis
2667 4595 2943 4665 copulavi,
2976 4602 3057 4662 ut,
3083 4613 3207 4652 cum
3234 4599 3431 4671 legerit
3483 4605 3735 4675 magniﬁ-

2154 4681 2335 4735 centia
2361 4691 2474 4748 tua,
2507 4698 2696 4739 eorum
2731 4687 3074 4754 recordetur,
3111 4705 3233 4759 quae
3256 4705 3287 4744 a
3325 4693 3488 4747 nobis
3516 4695 3572 4748 in
3624 4697 3730 4751 Ec-

2152 4772 2320 4827 clesia
2348 4774 2546 4844 saepius
2573 4784 2702 4831 sunt
2746 4776 2913 4843 dicta,
2943 4788 3001 4834 et
3042 4782 3460 4839 consensionem
3508 4786 3731 4857 dogma-

2157 4871 2273 4917 tum
2303 4876 2582 4935 agnoscat.
2630 4887 2648 4919 ι
2700 4866 2964 4924 Eamdem
3015 4887 3234 4943 quoque
3284 4890 3385 4944 per
3420 4876 3632 4947 legatos
3659 4877 3727 4933 ad

2151 4963 2406 5010 sanctum
2460 4957 2723 5024 Leonem,
2766 4961 2820 5015 id
2852 4970 2956 5027 est,
2981 4963 3048 5018 ad
3093 4981 3410 5036 supremum
3460 4969 3725 5039 iudicem,

2150 5046 2311 5119 cujus
2341 5048 2585 5105 tribunal
2649 5053 2983 5122 appellabat,
3018 5056 3213 5112 iisdem
3265 5060 3598 5117 testimoniis
3625 5078 3724 5117 au-

2151 5149 2296 5195 ctam
2330 5142 2561 5208 remisit,
2590 5144 2743 5200 velut
2769 5146 3125 5206 ineluctabile
3172 5166 3353 5207 causae
3380 5168 3490 5208 suae
3522 5153 3726 5210 instru-

2150 5239 2400 5285 mentum
2457 5241 2907 5305 momentumque
2950 5238 3355 5307 gravissimum.
3394 5240 3538 5307 Quid
3575 5241 3722 5296 enim

2147 5321 2430 5393 potentius
2451 5324 2781 5395 graviusque
2807 5327 2997 5383 afferat
3029 5330 3300 5401 quispiam
3325 5331 3391 5387 ad
3435 5347 3549 5388 sum
3597 5332 3722 5388 ﬁdei

1797 5521 2112 5578 SCHULZII
2149 5520 2379 5579 NOTAE.

532 5676 770 5753 unguii.
812 5678 938 5753 vis.
978 5687 1045 5753 t._
1077 5679 1354 5753 IV,‘epist.
1392 5679 1525 5753 tas.
1584 5678 2024 5753 _f°_Ait.‘Vi_d_._l.
2059 5695 2118 5753 c.
2134 5680 2298 5750 epist.
2338 5681 2459 5738 tas.
2542 5683 2582 5715 ιι
2616 5682 2699 5739 Ad
2727 5683 2948 5740 Timoth.
2992 5683 3115 5743 Vid.
3146 5684 3310 5753 epist.
3344 5686 3466 5743 131.
3508 5687 3551 5720 ιι
3580 5687 3720 5746 Eam

459 5751 618 5813 enim,
667 5757 772 5805 etc.
810 5749 1120 5820 Vid.-epist.
1158 5750 1258 5805 156
1302 5758 1360 5806 et
1386 5749 1503 5805 121.
1570 5750 1625 5784 ³³
1648 5749 1849 5820 Inquit.
1875 5750 1995 5807 Vid.
2035 5749 2195 5823 epist.
2240 5753 2358 5810 121.
