3954 6294
224 340 312 408 ll!

1376 348 1737 408 HISTORIA
1775 345 2282 406 TIIEODORETI.

3359 342 3459 407 142

222 459 508 531 puritatem
569 458 927 528 probandam,
982 473 1145 527 quam
1201 461 1616 514 consensionem
1662 473 1786 512 cum
1820 466 1858 518 Α
1889 473 1949 512 es
1980 475 2010 512 e
2063 459 2320 528 iusserat.
2367 456 2531 512 Suam
2583 465 2638 512 et
2675 456 2840 511 totius
2897 455 3154 511 Ecclesia:
3183 455 3462 513 catholica

221 549 577 605 sanctissimis
603 549 1044 617 doctissimisquc
1097 547 1336 603 Orientis
1367 547 1787 616 Occidentisque

222 643 489 705 Patribus,
520 642 724 711 quibus
755 643 904 696 velut
937 641 989 694 in
1012 641 1280 712 synodum
1325 642 1530 696 coactis
1581 639 1787 696 Christi

221 732 455 788 vicarius
479 731 808 802 pnesideat?
836 731 970 797 Quis
999 749 1029 785 a
1065 733 1336 786 catholica
1363 732 1593 785 veritate
1631 731 1790 785 aber-

223 833 319 887 ret,
352 833 579 878 secutus
600 824 790 886 duces,
824 823 1112 888 llilarium,
1139 823 1521 885 Athanasium,
1555 823 1786 875 Ambro-

220 917 378 980 sium,
438 916 827 985 Augustinum,
876 915 1349 986 Chrysostomum,
1401 913 1787 982 Theophilum,

219 1005 643 1068 Nalianzenum,
679 1005 963 1066 Basilium,
995 1004 1282 1076 Cyrillum,
1332 1013 1388 1056 et
1417 1003 1655 1056 Leonem
1684 1003 1792 1055 Ma-

218 1097 424 1166 gnum?
453 1097 573 1150 lluc
607 1096 805 1150 adduci
837 1105 1060 1164 possent
1114 1094 1400 1164 Augustini
1445 1095 1612 1147 verba
1664 1108 1788 1147 cum

217 1190 433 1245 Juliano
475 1189 807 1258 disputantis
844 1189 884 1218 "
919 1206 931 1240 :
969 1207 985 1236 ‹
1031 1188 1086 1240 Si
1111 1204 1177 1242 ex
1207 1187 1340 1240 orbe
1367 1196 1481 1240 toto
1509 1185 1794 1255 episcopa-

218 1279 284 1332 lis
307 1278 555 1349 synodus
581 1286 1026 1347 congregaretur,
1061 1277 1285 1339 mirum,
1335 1277 1378 1329 si
1427 1284 1653 1344 possent
1682 1275 1793 1328 illic

217 1370 372 1424 facile
399 1370 594 1424 sedere
618 1377 697 1422 tot
733 1368 902 1431 docti,
940 1384 1148 1438 graves.
1189 1367 1382 1431 sancti,
1439 1367 1792 1436 veritatisque

221 1461 478 1516 acerrimi
515 1459 855 1516 defensores.
887 1480 904 1511 ι

288 1551 479 1607 XVIII.
504 1553 608 1607 Per
636 1551 691 1605 id
723 1561 939 1621 tempus
973 1553 1228 1606 llistorize
1253 1552 1642 1606 ecclesiastica:
1698 1559 1794 1605 aut

218 1644 631 1714 componendae,
658 1645 805 1714 quod
861 1646 1036 1714 magis
1084 1661 1228 1703 reor,
1273 1653 1368 1698 aut
1394 1646 1584 1698 saltem
1615 1644 1794 1698 absol-

217 1738 410 1792 venda:
437 1751 496 1790 se
525 1735 698 1790 dedit.
755 1735 870 1798 Illa,
920 1744 980 1788 ut
1011 1736 1238 1805 ipsemet
1270 1735 1492 1799 fatetur,
1551 1734 1791 1803 quinque

1892 553 2334 606 communionem
2363 551 2621 605 omnibus
2646 567 2675 604 a
2696 551 2956 605 Dioscoro
2977 549 3323 604 anathemate
3340 566 3464 620 per-

1891 642 2067 696 cussis
2098 642 2409 710 impertitus
2446 651 2564 695 erat
2595 659 2606 694 :
2637 650 2805 710 utque
2833 656 2898 694 ea
2949 639 3158 694 firmius
3185 640 3465 695 constabio

1891 731 2148 794 lirentur,
2173 741 2227 786 et
2251 732 2318 785 de
2355 732 2473 800 ipso
2507 732 2766 786 Dioscoro
2793 732 3093 786 solemnius
3122 731 3464 800 quaestioha-

1895 827 2138 888 berctur,
2174 824 2406 894 petierat
2449 824 2518 877 ab
2543 823 2871 893 imperatore
2920 822 3251 888 Theodosio,
3297 824 3467 877 totius

1893 917 2044 971 orbis
2071 916 2364 969 concilium
2423 916 2476 968 in
2507 915 2660 968 ltalia
2717 913 2858 984 cogi,
2894 913 2983 968 cui
3013 922 3179 983 caput
3211 913 3468 968 Ecclesiae

1892 1022 1990 1076 per
2018 1023 2076 1061 se
2102 1006 2441 1076 prtesidcrct.
2496 1007 2810 1060 Frustratus
2857 1020 2974 1075 spe,
3023 1021 3132 1059 non
3197 1005 3468 1061 contraxit

1892 1099 2172 1164 animum;
2205 1099 2299 1152 sed
2333 1099 2598 1153 infractus
2627 1099 2804 1161 malis,
2833 1097 3088 1160 tentavit,
3115 1097 3160 1152 si
3191 1114 3296 1166 qua
3345 1113 3469 1168 pos-

1892 1199 1978 1243 set
2006 1189 2110 1251 via,
2156 1190 2222 1242 ad
2259 1189 2494 1243 oﬂicimn
2536 1189 2797 1244 reducere
2831 1189 3140 1258 episcopos,
3171 1189 3316 1256 quia
3339 1187 3469 1242 Dio-

1892 1295 2049 1335 scoro
2073 1297 2172 1350 per
2194 1281 2299 1335 vim
2335 1281 2786 1351 tyrannidcmque
2807 1279 3017 1334 seducti
3043 1287 3221 1332 erant.

1967 1372 2028 1424 ll.
2056 1371 2196 1426 Dum
2214 1372 2267 1426 in
2287 1387 2354 1426 eo
2375 1381 2461 1425 est
2491 1372 2555 1435 ",
2580 1371 2881 1425 adveniunt
2910 1377 3219 1439 opportune
3239 1383 3270 1422 a
3292 1368 3473 1423 Theo-

1895 1463 2089 1516 doreto
2116 1462 2299 1532 legati,
2337 1461 2430 1532 qui
2465 1469 2755 1525 testentur,
2789 1461 2844 1515 in
2868 1459 3090 1515 Oriente
3129 1474 3302 1529 usque
3333 1459 3472 1514 adeo

1895 1552 2129 1616 turbari,
2183 1561 2243 1606 ut
2277 1551 2404 1605 ﬁdei
2467 1567 2556 1605 res
2585 1567 2692 1605 non
2721 1559 2905 1620 posset
2941 1550 3165 1605 aliunde
3199 1565 3362 1620 quam
3401 1551 3471 1604 ab

1894 1641 2188 1696 Occidente
2219 1642 2432 1696 restitui
2466 1660 2479 1695 :
2510 1643 2600 1696 vix
2631 1658 2920 1712 superesse
2949 1641 3198 1697 veritatis
3234 1657 3470 1714 cvange-

1901 1735 2022 1788 ticze
2059 1734 2373 1798 scintillam,
2398 1749 2498 1790 nec
2524 1751 2682 1804 posse
2703 1737 3033 1790 exstinctum
3057 1735 3240 1805 iubar,
3275 1734 3378 1789 nisi
3403 1735 3472 1789 de

217 1838 272 1883 et
292 1837 522 1883 centum
555 1843 827 1881 annorum
858 1837 1074 1896 tempus
1116 1825 1526 1896 complectitur,
1556 1826 1625 1878 ab
1673 1825 1789 1878 Arii
1831 1797 1869 1850 Β
1902 1822 2160 1877 Romana:
2199 1823 2453 1879 Ecclesiae
2477 1824 2704 1890 lumine,
2736 1825 3002 1880 accendi:
3052 1825 3331 1895 implorari
3383 1841 3472 1879 se-
3521 1860 3523 1863 -

215 1920 442 1974 vesania
477 1918 769 1988 ineipiens,
804 1918 1171 1986 desinensque
1220 1916 1276 1969 in
1329 1917 1479 1970 obitu
1515 1913 1791 1969 Theodori

216 2023 270 2065 et
300 2009 601 2074 Theodoti,
642 2010 746 2064 hoc
792 2019 896 2072 est,
925 2009 994 2062 ab
1051 2023 1194 2063 anno
1239 2007 1584 2062 Constantini
1616 2007 1792 2077 Magni

217 2104 438 2157 decimo
466 2103 722 2172 septimo,
750 2103 843 2170 qui
874 2100 1075 2155 Christi
1109 2100 1234 2162 5:732,
1271 2099 1337 2153 ad
1375 2099 1666 2154 Theodosii
1695 2099 1796 2154 Ju-

219 2194 397 2247 nioris
422 2207 629 2246 annum
659 2191 1006 2254 vicesimum,
1043 2191 1138 2259 qui
1167 2189 1372 2245 Christi
1404 2190 1525 2244 H7.
1553 2189 1613 2242 In
1648 2189 1797 2242 hunc

221 2285 472 2338 laborem
506 2282 765 2337 incubuit
789 2281 1116 2351 Apameensi
1161 2280 1495 2334 monasterio
1527 2279 1792 2340 inclusus,

218 2377 330 2430 sive
355 2383 422 2429 ut
451 2389 732 2430 aerumnas
767 2374 980 2428 falleret
1006 2373 1360 2427 contentione
1407 2371 1608 2426 mentis
1633 2387 1647 2435 ;
1678 2370 1794 2424 sive

219 2478 277 2522 ut
303 2467 630 2537 patientiam
654 2465 924 2521 solaretur
947 2477 1262 2519 sanctorum
1284 2464 1352 2518 ab
1384 2462 1605 2517 Arianis
1631 2476 1796 2516 vexa-

220 2567 401 2613 torum
436 2557 725 2626 exemplo;
759 2559 874 2610 sive
895 2565 954 2610 ut
986 2571 1087 2610 suo
1102 2556 1323 2619 sreculo,
1351 2555 1630 2625 ingeniosa
1657 2568 1795 2622 qua-

219 2643 342 2698 dam
371 2645 658 2714 allegoria,
717 2644 985 2713 obiiceret
1015 2643 1376 2713 precedentis
1412 2643 1795 2704 imitationem,

219 2752 326 2804 quo
359 2738 554 2792 Ariani
583 2737 813 2808 grassati
838 2745 966 2790 sunt
992 2735 1257 2791 adversus
1291 2735 1417 2789 fidei
1460 2734 1795 2797 defensores,

221 2839 276 2883 et
301 2829 555 2883 sobolem
591 2836 944 2899 pepererunt,
985 2838 1046 2882 ut
1074 2829 1177 2898 ipsi
1231 2827 1453 2897 quidem
1483 2827 1796 2892 videbatur,

220 2935 340 2990 quia
363 2920 519 2974 sanis
538 2919 886 2989 dogmatibus
911 2929 1044 2974 tunc
1075 2918 1366 2974 obsisteret
1397 2937 1409 2971 :
1433 2933 1624 2972 verum
1650 2933 1713 2970 ea
1731 2917 1800 2970 de

225 3030 278 3068 re
309 3011 598 3082 capiosius
651 3012 707 3065 in
744 3011 1064 3066 recensione
1095 3010 1356 3082 Operum,
1408 3011 1499 3065 ubi
1531 3009 1802 3080 allegoriae

223 3103 556 3176 mysterium
584 3103 882 3174 explicatui

761 3215 922 3286 139
953 3214 1177 3271 CAPUT
1203 3217 1268 3270 x.

227 3308 263 3362 ι.
295 3308 520 3378 Lrgatio
576 3307 880 3360 Theodoreti
910 3305 1134 3378 Romani
1169 3309 1328 3378 venit.
1387 3308 1451 3362 ll.
1486 3306 1715 3361 Auditur
1772 3326 1806 3363 α

290 3376 484 3434 sancto
520 3378 688 3431 Leone
738 3378 790 3429 in
817 3377 1033 3446 synodo.
1065 3376 1152 3430 Ill.
1201 3377 1460 3432 Iudicium
1508 3393 1571 3430 ea:
1599 3380 1807 3446 scriptis

291 3458 591 3503 exercetur.
653 3445 1077 3518 IVLAp’ostolica
1132 3451 1392 3502 sententia
1459 3445 1807 3518 Theodoretus

295 3518 612 3573 absolvitur.
640 3517 704 3570 V.
726 3517 806 3589 _E:c
836 3517 1033 3587 synodo
1082 3534 1315 3589 summus
1351 3519 1583 3589 pontifex
1610 3517 1805 3588 legatos

287 3586 809 3658 Constantinopolim
828 3586 1006 3658 mittit
1039 3587 1109 3640 ad
1138 3586 1468 3658 probandam
1499 3586 1735 3658 Anatolii
1759 3601 1808 3643 et

295 3660 533 3713 aliorum
562 3655 854 3728 ﬁdem)”.
890 3655 1145 3723 Deferunt
1179 3656 1340 3728 legati
1375 3655 1653 3728 epistolam
1679 3677 1810 3712 san-

297 3733 370 3783 cti
401 3725 586 3782 Leonis
629 3728 695 3780 ad
726 3726 1058 3798 Flavianum,
1083 3725 1337 3798 tanquam
1380 3725 1662 3798 fermulam
1684 3729 1806 3798 ﬁdei

297 3802 367 3853 ab
393 3799 632 3851 omnibus
661 3797 1103 3850 subscribendum.
1130 3797 1241 3850 VII.
1261 3797 1609 3852 Tthdoretus
1624 3799 1804 3854 Abun-

299 3872 389 3922 dio
425 3868 698 3938 legationis
735 3867 957 3936 principi
986 3866 1178 3919 scribit.

889 3961 1030 4006 Anno
1054 3957 1158 4008 ιεςο.

302 4063 344 4115 1.
375 4062 480 4127 Qui
507 4061 833 4132 legationem
865 4059 1196 4118 Theodoreti
1217 4060 1465 4125 obibant,
1494 4062 1803 4124 Abramius,

231 4149 500 4220 llvpatius
523 4157 581 4204 et
611 4149 860 4221 Alypius,
889 4149 1217 4204 immensum
1248 4149 1353 4204 iter
1380 4151 1608 4204 Romam
1633 4166 1806 4220 usque

228 4239 371 4310 Cyro
398 4239 632 4310 ingressi
661 4248 788 4293 sunt
808 4239 1055 4294 terrestri
1083 4239 1169 4292 via
1205 4256 1218 4292 :
1248 4255 1355 4308 qua
1401 4241 1549 4294 enim
1581 4239 1685 4293 alia
1708 4256 1805 4309 po-

231 4331 469 4385 tuissent
524 4345 589 4385 ea
638 4339 979 4399 tempestate,
1006 4331 1141 4385 mari
1186 4346 1382 4400 nempe
1429 4333 1615 4385 clauso
1643 4340 1808 4400 atque

233 4422 554 4476 hiemante?
594 4421 859 4488 Quocirca
905 4437 1014 4477 non
1071 4421 1331 4476 videntur
1365 4429 1490 4476 ante
1560 4422 1804 4476 Februa-

1903 1914 1986 1968 dis
2030 1914 2338 1982 apostolica:
2385 1915 2643 1979 tribunal,
2685 1924 2942 1986 tanquam
2995 1916 3217 1971 unicum
3269 1926 3474 1970 vexatae

1902 2006 2120 2074 pietatis
2147 2005 2450 2075 perfugium
2496 2025 2508 2060 :
2552 2022 2688 2076 Opus
2730 2023 2848 2062 esse
2887 2009 3138 2071 concilio,
3167 2007 3474 2078 cuiusmodi

1902 2096 2012 2151 Leo
2045 2098 2270 2152 haberet
2309 2099 2361 2152 in
2393 2099 2536 2154 votis
2571 2117 2584 2152 :
2625 2099 2901 2154 vocandos
2955 2101 3146 2156 saltem
3178 2099 3474 2170 apostolica

1903 2192 2226 2246 auctoritate
2252 2192 2317 2246 ad
2359 2193 2629 2262 judicium
2679 2193 2950 2258 homines,
2998 2209 3137 2264 quos
3167 2209 3293 2248 reos
3345 2207 3474 2264 syn-

1903 2284 2042 2337 odus
2073 2292 2293 2339 centum
2317 2296 2374 2339 et
2405 2284 2626 2354 triginta
2667 2285 3049 2354 episc0porum
3073 2301 3170 2354 per
3221 2284 3476 2354 iniuriam

1903 2375 2131 2430 dixisset
2166 2393 2177 2428 :
2209 2383 2372 2444 atque
2394 2375 2611 2429 interim
2641 2374 3005 2429 exercendum
3035 2374 3101 2428 de
3130 2373 3478 2428 Theodoreto

1899 2467 2188 2539 iudicium,
2229 2467 2322 2535 qui
2370 2481 2494 2520 cum
2521 2465 2867 2535 imperatoris
2895 2465 3141 2534 iussione
3188 2471 3471 2519 vetaretur

1903 2556 2089 2626 egredi
2119 2555 2293 2609 exsilii
2341 2556 2482 2619 loco,
2523 2554 2750 2609 sistebat
2801 2569 2859 2608 se
2895 2563 3073 2608 tamen
3103 2569 3201 2624 per
3244 2554 3472 2624 legatos,

1905 2654 2126 2717 paratus
2153 2647 2388 2716 experiri
2414 2646 2564 2716 gravi
2587 2645 2816 2715 iudicio,
2851 2645 3080 2716 ipsoque
3105 2645 3301 2715 capitis
3329 2645 3478 2715 peri-

1906 2738 2029 2791 culo
2055 2737 2420 2791 innocentiam
2460 2735 2714 2805 probare.

1971 2849 2116 2902 Nihil
2153 2848 2255 2902 fuit
2303 2849 2405 2903 hac
2470 2850 2756 2904 occasione
2789 2849 3110 2919 optabilius,
3161 2849 3319 2920 190
3339 2849 3477 2904 nihil

1907 2938 2310 3007 opportunius:
2350 2954 2520 3006 quare
2561 2953 2667 2991 non
2714 2938 2928 3006 excepti
2979 2945 3186 2990 tantum
3245 2938 3478 3007 benigne

1907 3028 2090 3098 legati,
2119 3030 2262 3098 quod
2279 3029 2632 3083 humanitatis
2657 3028 2780 3092 fuit,
2811 3027 2904 3082 sed
2947 3029 3112 3081 etiam
3136 3027 3304 3081 auditi
3328 3037 3477 3091 sunt,

1830 3147 1874 3205 ε
1909 3121 2055 3189 quod
2077 3121 2324 3193 iustitiae,
2355 3131 2410 3175 et
2441 3121 2661 3191 quidem
2715 3120 2769 3173 in
2805 3120 3061 3182 concilio,
3113 3119 3257 3189 quod
3289 3119 3476 3174 moris.

1906 3210 2186 3281 Agebatur
2205 3210 2354 3265 enim
2389 3226 2495 3264 una
2522 3209 2588 3264 de
2619 3207 2918 3277 maioribus
2936 3206 3137 3270 causis,
3171 3205 3478 3276 cuiusmodi

1906 3303 2054 3357 nuila
2086 3302 2497 3371 disceptabatur
2517 3315 2581 3355 ea
2610 3308 2790 3364 aetate,
2843 3299 2930 3352 vel
2961 3298 3030 3352 ab
3084 3297 3219 3367 ipsis
3251 3297 3482 3350 summis

1907 3393 2277 3464 pontificibus,
2314 3393 2421 3447 nisi
2445 3394 2498 3447 in
2543 3393 2927 3462 episcoporum
2962 3398 3255 3444 conventu.
3290 3388 3480 3443 Fuisse

1907 3501 2040 3540 vero
2063 3501 2283 3540 causam
2331 3485 2474 3539 hanc
2501 3485 2645 3538 inter
2667 3484 2920 3553 maiores,
2950 3481 3035 3536 vel
3067 3496 3132 3535 ex
3157 3495 3223 3534 eo
3246 3480 3481 3536 maxime

1907 3585 2156 3647 apertum
2183 3586 2286 3641 est,
2320 3576 2467 3646 quod
2509 3575 2578 3630 de
2626 3574 2730 3629 ﬁde
2761 3573 3002 3645 episcopi
3036 3573 3479 3638 nominatissimi,

1907 3670 2140 3738 depositi
2169 3686 2197 3724 a
2221 3668 2447 3740 synodo,
2509 3667 2564 3722 in
2591 3683 2698 3737 qua
2725 3667 2944 3722 fuerant
2973 3681 3164 3720 omnes
3196 3665 3363 3720 totius
3384 3681 3478 3719 or-

1907 3761 1994 3814 bis
2028 3760 2372 3831 patriarchze,
2397 3758 2624 3830 quaestio
2649 3759 2963 3812 haberetur.

1979 3875 2067 3930 ιιι.
2096 3873 2280 3944 Legati
2324 3881 2523 3943 praeter
2553 3873 2864 3928 communia
2924 3872 3168 3942 quaedam
3223 3872 3482 3927 adversus

1909 3966 2153 4020 Dioscori
2194 3964 2538 4019 latrocinium
2599 3971 2942 4034 argumenta,
2967 3964 3187 4033 propria
3221 3963 3336 4016 haec
3377 3962 3483 4016 tria

1909 4058 1975 4110 ad
2014 4057 2174 4111 [idem
2200 4055 2532 4112 Theodoreti
2559 4055 2980 4118 defendendam,
3012 4069 3133 4124 quae
3166 4054 3320 4123 prius
3364 4054 3482 4122 ipse

1907 4149 2128 4212 litteris,
2153 4155 2522 4217 exposuerunt
2547 4160 2701 4199 voce.
2728 4145 2992 4207 Primum,
3027 4143 3171 4212 quod
3194 4143 3480 4214 epistolam

1909 4240 2080 4293 sancti
2103 4238 2302 4292 Leonis
2338 4252 2448 4290 non
2479 4233 2880 4303 subscriptione
2912 4241 3121 4287 tantum
3152 4233 3480 4303 recepisset,

1909 4332 2002 4384 sed
2033 4335 2220 4392 etiam,
2245 4330 2446 4384 additis
2478 4329 2699 4383 Patrum
2729 4343 2795 4382 ex
2833 4326 2966 4382 orbe
2990 4335 3106 4382 toto
3137 4327 3482 4383 laudatorum

1914 4422 2264 4483 testimoniis,
2295 4418 2666 4489 recipiendam
2691 4418 2759 4473 ab
2797 4418 3054 4474 omnibus
3076 4418 3356 4474 suasisset.
3390 4417 3483 4474 Sic

232 4512 375 4568 rium
401 4513 661 4568 affectum
691 4511 1007 4581 pervenisse
1033 4511 1280 4565 Romam.
1313 4511 1525 4577 Quanta
1549 4510 1805 4582 benigni-
1841 4507 1884 4560 ι)
1911 4513 2056 4568 enim
2085 4520 2140 4566 et
2166 4527 2224 4566 se
2259 4511 2527 4566 catholico
2552 4511 2758 4568 sentire
2791 4510 3223 4575 demonstrabat,
3272 4518 3330 4566 et
3361 4511 3483 4566 aliis

231 4613 341 4660 tate
359 4603 574 4674 excepti
601 4603 730 4666 sint,
752 4606 767 4620 ‘
793 4611 1103 4672 quantaque
1145 4601 1332 4655 lattitia
1363 4617 1393 4654 a
1426 4617 1640 4655 summo
1673 4617 1807 4670 pon-

232 4697 399 4760 tifice,
440 4705 644 4766 quanta
675 4695 1060 4764 episcoporum
1108 4694 1164 4748 in
1192 4703 1336 4749 coetu
1363 4693 1558 4758 auditi,
1604 4695 1807 4763 quibus

229 4789 636 4851 instrumentis,
663 4787 931 4857 quibusve
985 4787 1326 4857 patrociniis,
1357 4796 1414 4843 et
1453 4803 1563 4857 quo
1605 4797 1803 4842 eventu

227 4895 474 4944 causam,
495 4889 720 4950 propter
736 4895 897 4949 quam
919 4886 1202 4941 venerant,
1225 4879 1444 4934 tandem
1468 4881 1806 4949 peregerint:

227 4973 332 5026 etsi
363 4986 527 5026 nemo
550 4981 796 5027 veterum
840 4970 1118 5026 mandavit
1148 4971 1446 5029 memoriae.
1502 4971 1810 5041 intelligere

230 5071 413 5116 tamen
440 5063 586 5126 licet,
617 5063 816 5132 partim
846 5077 914 5116 ex
941 5060 1214 5131 adiunctis
1243 5061 1447 5130 negotii
1495 5071 1551 5116 et
1581 5077 1813 5115 consue-

231 5154 421 5209 tudine
447 5163 778 5224 temporum,
827 5153 1027 5224 partim
1056 5167 1123 5208 ex
1156 5153 1292 5206 actis
1333 5152 1550 5207 concilii
1582 5152 1810 5207 Chalce-

229 5246 514 5308 donensis,
539 5245 629 5300 ubi
662 5253 789 5300 sunt
819 5259 988 5314 pauca
1021 5244 1244 5312 quidem
1285 5243 1352 5298 de
1388 5258 1447 5298 re
1494 5243 1681 5306 verba,
1713 5243 1809 5298 sed

228 5337 566 5407 amplissima
592 5347 773 5392 tamen
807 5346 1086 5407 gestorum
1127 5335 1348 5390 indicia.

305 5429 712 5500 llecognoverat
737 5426 1056 5498 iamdudum
1088 5435 1311 5482 sanctus
1339 5427 1448 5482 Leo
1477 5436 1596 5480 acta
1627 5426 1806 5496 Ephe-

231 5517 340 5570 εἱπί
365 5518 670 5580 latrocinii,
702 5532 878 5586 eaqne
913 5531 1167 5586 suprema
1205 5532 1303 5572 sua
1337 5525 1605 5586 potestate
1656 5517 1809 5572 irrita

1913 4613 2076 4659 rectae
2093 4611 2148 4658 et
2186 4603 2508 4658 indubitatae
2538 4603 2662 4658 fidei
2691 4613 2894 4659 certam
2925 4605 3166 4675 regulam
3206 4619 3482 4675 propone-

1912 4697 2023 4751 bat.
2056 4695 2194 4762 Quid
2220 4697 2366 4750 enim
2398 4697 2725 4751 catholicum
2753 4698 2944 4768 magis,
2980 4707 3076 4751 aut
3104 4698 3233 4767 quid
3279 4698 3333 4752 in
3378 4697 3483 4751 lida

1913 4792 2140 4854 certius,
2176 4806 2338 4860 quam
2363 4791 2650 4860 utriusque
2679 4791 2940 4846 Ecclesiae
2955 4792 3248 4862 magistris,
3269 4792 3482 4862 ipsique.

1911 4881 2062 4934 orbis
2122 4881 2286 4936 totius
2330 4881 2544 4935 doctori
2581 4897 2796 4936 summo
2857 4883 3102 4953 pontifici
3134 4885 3483 4940 consentire?

1911 4971 2246 5036 Secundum,
2293 4983 2353 5027 ut
2383 4971 2792 5027 Theodoretum
2853 4982 3168 5029 constanter
3224 4990 3339 5029 aevo
3368 4983 3481 5028 toto

1912 5064 2129 5118 veritati
2155 5063 2470 5134 dogmatum
2499 5065 2813 5127 adhaesisse,
2848 5073 2905 5118 et
2963 5080 3071 5120 non
3100 5074 3310 5120 tantum
3358 5078 3483 5136 post

1911 5154 2424 5209 condemnationem
2482 5154 2778 5226 resipuisse
2824 5155 3200 5218 ostenderent,
3234 5157 3478 5227 protule-

1911 5255 2042 5298 runt
2079 5259 2145 5299 ex
2171 5243 2329 5298 libris
2349 5256 2474 5298 ante
2499 5243 2792 5300 duodecim
2816 5244 3106 5299 minimum
3130 5261 3302 5300 annos
3317 5245 3484 5301 editis

1909 5336 2060 5390 locos
2091 5336 2304 5405 plures,
2333 5335 2538 5405 quibus
2567 5335 2870 5391 orthodoxa
2894 5333 3028 5391 fides
3072 5336 3140 5391 de
3166 5337 3378 5400 duabus
3425 5337 3483 5393 in

1906 5423 2128 5480 Christo
2157 5425 2370 5481 naturis
2395 5423 2670 5482 indivulse
2690 5426 2896 5497 iunctis
2941 5426 3214 5480 contineri
3270 5425 3486 5480 videro-

1909 5526 2020 5572 tur.
2063 5515 2335 5580 Tertium,
2385 5517 2437 5571 id
2491 5515 2969 5588 ampliﬁcaverunt
3009 5514 3265 5579 dicendo,
3335 5513 3482 5585 quod

1529 5666 1844 5725 SCllULlll
1883 5666 2112 5724 NOTE.

311 5786 350 5816 “
375 5785 585 5858 Disput.
625 5783 750 5838 Lib.
798 5801 834 5836 ti
888 5784 1102 5837 Adrers.
1135 5783 1268 5845 Jul,
1309 5798 1427 5854 cap.
1463 5783 1541 5838 l0.

1627 5787 1666 5817 "
1697 5785 1814 5841 Viti.
1855 5788 2015 5858 epist.
2055 5785 2333 5861 H3,'_il6,
2378 5783 2475 5838 H7
2503 5783 2702 5841 etMS.
2774 5833 2778 5835 Α
