3954 6294
463 296 564 362 N3

1577 289 1952 352 GARNERl-I
1989 288 2546 351 DISSERTATIO'l
2568 340 2579 352 .

3598 291 3695 357 iii

461 410 839 471 rTheodoretus
871 414 1163 482 scripserat
1198 412 1250 463 in
1277 409 1478 463 litteris
1506 408 1573 462 ad
1605 418 1855 463 sanctum
1895 407 2030 460 Leo-
2062 411 2101 466 Δ
2135 408 2331 461 morati
2376 408 2704 463 sanctissimi
2760 408 3158 479 archiepiscopi
3210 404 3408 465 Leonis
3452 409 3699 464 subscri-

461 522 606 571 nem,
651 514 914 574 quantum
981 503 1037 557 in
1064 517 1194 571 agro
1238 501 1522 555 Dominico
1559 501 1665 555 sibi
1726 499 2021 575 commisso

461 597 776 657 laborasset,
801 608 1036 662 eumque
1058 608 1166 645 non
1195 592 1394 646 sudore
1417 599 1650 656 tantum,
1689 591 1786 646 sed
1854 591 2019 645 etiam

459 687 720 755 sanguine
746 684 1025 753 irrigasset
1041 700 1055 748 ;
1073 682 1289 751 quoties
1309 682 1379 736 ab
1403 682 1678 738 haereticis
1730 681 2021 752 lapidatio-

459 791 583 830 nem
608 789 798 844 passus
825 780 1008 838 esset;
1041 773 1257 842 quoties
1282 773 1348 828 ad
1378 788 1569 828 necem
1605 774 1887 843 quaesitus,
1918 787 2022 826 nec

460 866 562 920 nisi
591 863 856 919 miraculo
882 860 1220 929 subductus;
1241 865 1459 933 quoties
1478 864 1546 918 de
1565 863 1865 934 coniuratis
1893 877 2020 917 cum

459 955 749 1022 impiorum
774 961 992 1007 caterva
1022 952 1381 1017 daemonibus,
1415 954 1602 1009 divina
1628 969 1753 1023 ope,
1803 963 2021 1008 saneto-

456 1060 689 1113 rumque
718 1044 973 1113 precibus
992 1044 1167 1098 victor
1188 1045 1526 1118 exstitisset;
1569 1053 1704 1115 quot
1752 1042 2024 1115 myriadas

458 1137 742 1191 hominum
788 1136 860 1190 ab
912 1151 1101 1191 errore
1156 1137 1225 1191 ad
1289 1137 1578 1192 veritatem
1639 1137 1946 1192 reduxisset
2003 1153 2018 1189 :

457 1235 659 1296 quanta
685 1226 945 1296 denique,
974 1242 1250 1296 quamque
1274 1226 1394 1282 dira
1425 1227 1494 1282 ab
1542 1225 2022 1297 impugnatoribus

455 1319 687 1374 duarum
715 1329 1033 1374 naturarum
1054 1320 1372 1386 tolerasset;
1409 1326 1468 1375 et
1503 1320 1805 1390 praesertim
1841 1333 1869 1372 a
1893 1317 2013 1372 Dio-

457 1428 635 1478 scoro,
661 1427 822 1482 quem
857 1426 1204 1467 communem
1234 1426 1357 1465 eum
1392 1420 1581 1466 sancto
1603 1410 1785 1466 Leone
1806 1410 2020 1464 hostem

388 1502 395 1507 ’
456 1502 821 1571 experiretur.
852 1511 913 1555 ut
944 1500 1039 1570 qui
1065 1499 1348 1569 depositus
1371 1499 1566 1556 fuisset
1605 1500 1674 1554 ab
1715 1514 1805 1562 eo,
1833 1514 1862 1552 a
1911 1512 2023 1567 quo

456 1595 649 1664 prima
698 1594 845 1649 sedis
897 1593 1148 1658 antistes,
1198 1609 1448 1650 summus
1496 1591 1771 1664 pontifex,
1814 1589 2021 1646 Christi

2121 497 2255 565 psit.
2282 499 2473 553 Restat
2500 507 2559 554 ut
2584 498 2855 553 sententia
2890 500 3200 568 proferatur
3222 517 3252 554 a
3277 502 3583 557 reverentia
3607 519 3699 557 ve~

2120 596 2256 652 stra,
2287 596 2349 642 ut
2372 589 2671 643 Ecclesium
2700 603 2853 643 suam
2890 588 3137 658 recipiat,
3165 590 3308 644 sicut
3327 600 3384 647 et
3415 591 3696 645 sanctissi-

2123 695 2247 734 mus
2264 680 2375 735 Leo
2398 680 2847 750 archiepiscopus
2857 681 3128 751 judicavit
3155 683 3197 715 "
3208 721 3222 735 .
3235 701 3252 732 ι

2190 770 2671 826 lnterlocutionem
2723 771 2939 840 excepit
2997 772 3358 827 conclamatio
3413 773 3700 842 episcopo-

2121 877 2286 915 rum:
2323 881 2342 914 ι
2378 862 2759 917 Theodoretus
2805 863 3004 932 dignus
3022 872 3108 917 est
3134 864 3286 930 sede,
3335 865 3523 920 divine
3584 866 3696 919 Leo

2120 951 2507 1024 iudicavit".i
2553 953 2691 1007 Tum
2746 952 2894 1007 sedis
2936 954 3420 1024 apostolieaalegati
3446 974 3459 1008 :
3488 956 3700 1009 «Theo-

2121 1043 2372 1099 doretum
2423 1043 2796 1098 sanctissimus
2851 1045 3120 1099 universae
3171 1045 3430 1100 Ecclesia:
3477 1048 3695 1116 episco-

2120 1149 2226 1205 pus
2278 1133 2390 1189 Leo
2434 1134 2643 1189 dudum
2688 1135 2742 1188 in
2783 1136 3224 1191 communionem
3275 1138 3519 1205 recepit,
3552 1138 3697 1193 sicut

2119 1224 2319 1280 litterae
2351 1225 2420 1279 ab
2441 1241 2509 1280 eo
2534 1225 2601 1280 ad
2634 1225 3003 1280 humilitatem
3070 1236 3313 1283 nostram
3354 1228 3577 1285 directa:
3610 1240 3697 1286 te-

2121 1326 2357 1375 stantur.
2384 1316 2440 1371 Si
2471 1317 2638 1386 igitur
2666 1315 2826 1371 ﬁdem
2857 1316 3202 1379 catholicam.
3235 1319 3380 1374 sicut
3397 1320 3688 1390 promittit,

2119 1417 2176 1463 et
2206 1408 2507 1463 secundum
2565 1407 2787 1463 beatum
2835 1409 3157 1479 episcopum
3226 1411 3695 1482 subscriptionem

2122 1496 2176 1550 in
2206 1496 2429 1564 proprio
2459 1495 2646 1549 libello
2675 1495 2897 1561 direxit,
2930 1506 2987 1552 et
3014 1505 3216 1553 nostra
3254 1499 3482 1569 insuper
3505 1500 3694 1557 humi-

2124 1586 2268 1641 litati
2297 1588 2406 1641 alio
2433 1586 2562 1641 dato
2587 1587 2776 1642 libello
2802 1589 3193 1644 monstravit“
3228 1608 3242 1643 :
3276 1611 3293 1641 ι
3316 1600 3423 1647 etc.
3450 1592 3528 1647 lta
3561 1607 3695 1649 sane

454 1686 710 1751 vicarius,
754 1692 917 1756 caput
944 1671 1220 1752 Εεοιεείω,
1260 1685 1592 1741 anathemati
1632 1683 1910 1754 subjectus
1929 1698 2021 1738 es-
2120 1688 2278 1732 vetus
2304 1678 2578 1748 interpres
2611 1677 2864 1734 Julianus
2890 1678 3120 1736 Coensis
3150 1683 3333 1737 verbis
3387 1683 3696 1754 simplicius

456 1785 559 1832 εει.

524 1866 650 1923 Haec
684 1877 739 1922 et
779 1868 883 1922 alia
934 1883 1060 1923 cum
1108 1866 1426 1929 dicerentur
1496 1882 1526 1920 a
1558 1866 1691 1920 viris
1728 1864 2017 1919 sanctitate

454 1960 785 2028 conspicuis,
810 1959 879 2014 de
922 1974 1074 2022 sene,
1109 1958 1204 2028 qui
1242 1958 1312 2012 ab
1343 1956 1570 2011 infantia
1606 1954 1895 2011 asceticam
1939 1954 2022 2008 vi-

454 2061 564 2106 tam
589 2051 901 2105 admirabili
950 2050 1211 2120 religione
1233 2055 1458 2120 egerat;
1493 2047 1561 2102 de
1606 2047 1884 2116 episcopo,
1922 2042 2018 2113 qui

453 2145 591 2199 bene
621 2144 840 2214 triginta
861 2157 1034 2198 annos
1064 2141 1407 2211 octingentas
1431 2136 2020 2209 parmeiasindel‘essus

453 2239 698 2295 rexerat;
757 2230 825 2287 de
865 2230 982 2285 viro
1036 2229 1207 2284 totius
1259 2227 1501 2284 Orientis
1525 2228 1863 2291 doctissimo,
1920 2226 2017 2296 qui

435 2322 659 2392 eiectus
673 2321 742 2375 de
768 2320 919 2385 sede,
949 2319 1017 2375 de
1043 2318 1267 2374 civitate
1282 2318 1495 2388 pulsus,
1526 2318 1854 2373 interdictas
1875 2332 2022 2387 aqua

451 2420 509 2467 et
536 2411 683 2480 igne.
718 2418 940 2465 coactus
964 2409 1142 2464 fuerat
1167 2416 1322 2464 extra
1350 2407 1685 2477 provinciam
1713 2407 1782 2462 ad
1829 2421 2017 2462 mona-

451 2496 678 2567 sterium
708 2494 917 2566 fugere,
945 2496 1001 2551 in
1049 2509 1227 2564 eoque
1264 2495 1531 2564 spoliatus
1555 2495 1715 2551 bonis
1745 2495 2017 2565 patienter

452 2586 623 2649 latere
665 2598 679 2637 :
736 2583 871 2643 haec,
927 2584 1173 2652 inquam,
1223 2598 1348 2641 cum
1378 2583 1698 2639 dicerentur
1746 2600 1777 2640 a
1813 2585 2018 2643 sanctis

450 2674 695 2727 oumium
741 2675 997 2736 consciis,
1047 2674 1413 2736 audiebantur
1460 2675 1754 2749 propensis
1795 2678 2013 2744 animis,

451 2780 589 2836 quos
618 2765 966 2836 impellebant
999 2768 1166 2824 etiam
1192 2768 1535 2824 auctoritatis
1595 2782 1707 2824 suae
1738 2779 2015 2825 momento

450 2857 650 2915 oculati
683 2856 792 2911 duo
828 2867 1014 2923 testes,
1053 2859 1297 2915 Renatus
1327 2860 1614 2930 presbyter
1649 2860 1801 2933 191
1827 2869 1882 2916 et
1917 2861 2013 2919 His

448 2942 598 3006 larus
659 2945 1114 3010 archidiaconus,
1178 2955 1409 3016 uterque
1475 2946 1622 3002 sedis
1702 2950 2017 3018 apostolicae

450 3022 676 3106 legatus,
718 3044 949 3107 uterque
986 3052 1017 3092 a
1043 3037 1389 3102 Theodoreto
1408 3045 1425 3059 ‘
1449 3038 1788 3115 supplicibus
1816 3041 2016 3099 litteris

448 3116 819 3198 compellatus.
1156 3130 1163 3135 ’

454 3288 459 3297 ε
517 3242 605 3296 lV.
645 3243 722 3296 Re
752 3242 1052 3312 disceptata
1085 3244 1331 3314 pontifex
1363 3246 1681 3316 iudicialem
1715 3249 1758 3281 “
1796 3259 2016 3305 senten-

451 3331 581 3389 tiam
604 3332 748 3397 tulit,
783 3348 891 3402 qua
922 3333 1218 3391 declaravit
1246 3335 1651 3394 Theodoretum
1694 3339 1873 3408 primo
1924 3340 2015 3395 in.

444 3422 592 3489 iuste
626 3423 965 3492 iudicatum;
1030 3424 1229 3480 deinde
1287 3442 1566 3497 nunquam
1614 3429 2015 3485 communionis

449 3513 760 3583 apostolicae
813 3512 980 3573 fuisse
1035 3524 1340 3582 exsortem;
1419 3518 1658 3590 denique
1719 3520 2025 3599 restituena

450 3607 581 3659 dum
616 3605 671 3660 in
711 3605 919 3672 sedem,
959 3622 1026 3663 ex
1048 3623 1156 3678 qua
1189 3624 1288 3679 per
1343 3609 1601 3682 iniuriam
1630 3612 1892 3682 expulsus
1922 3626 2011 3668 es-

450 3703 552 3750 εει.

457 3841 466 3873 τ
520 3806 814 3862 Sententiae
836 3807 997 3879 huius
1023 3809 1269 3880 locuples
1292 3813 1688 3881 testimonium,
1738 3815 2013 3884 indubita-

451 3910 673 3967 tumque
704 3908 1116 3959 monumentum
1153 3902 1209 3956 in
1248 3902 1401 3963 Actis
1431 3905 1651 3960 concilii
1705 3904 2011 3962 Chalcedo-

448 3990 634 4047 nensis
664 3992 977 4055 continetur
1001 3992 1061 4049 τ’.
1086 3994 1223 4052 Nam
1249 4010 1374 4055 cum
1403 3995 1609 4052 actioni
1632 3996 1823 4065 primae
1853 3998 2013 4054 dare-

2053 1760 2095 1819 B
2124 1766 2427 1832 inhaerens;
2473 1768 2636 1836 paulo
2692 1769 2892 1825 melius
2940 1770 3055 1836 alii,
3089 1779 3150 1824 ut
3206 1773 3447 1828 Venetus
3486 1775 3690 1838 editor,

2119 1855 2392 1922 Crabhus,
2423 1869 2567 1912 etc.:
2607 1878 2626 1910 ς
2655 1861 2793 1914 Cum
2826 1861 2994 1931 igitur
3025 1863 3350 1925 catholicam
3375 1863 3536 1921 fidem
3561 1881 3693 1936 pro-

2120 1949 2323 2015 mittat,
2357 1951 2502 2005 sicut
2541 1959 2600 2006 et
2623 1953 2927 2009 secundum
2964 1955 3284 2025 praedictum
3319 1956 3538 2012 beatum
3578 1960 3697 2028 epi-

2119 2055 2344 2109 sc0pum
2371 2041 2427 2094 in
2448 2043 2673 2112 preprio
2696 2044 2883 2100 libello
2909 2046 3365 2117 subscriptionem
3384 2048 3604 2114 direxit,
3636 2059 3695 2105 et

2119 2133 2345 2203 insuper
2369 2132 2499 2188 dato
2528 2134 2825 2190 humilitati
2868 2145 3072 2192 nostra;
3108 2138 3217 2192 alio
3266 2138 3458 2194 libello
3514 2142 3692 2194 mani-

2117 2223 2317 2280 festum
2365 2226 2518 2291 fecit,
2580 2243 2819 2296 cumque
2850 2230 3103 2286 Nestorio
3159 2240 3213 2286 et
3270 2231 3524 2304 Eutychi,
3579 2249 3692 2288 non

2118 2322 2332 2372 tantum
2363 2318 2592 2387 scripto,
2621 2320 2716 2373 sed
2743 2320 2906 2374 etiam
2933 2336 3029 2377 ore
3067 2324 3309 2392 proprio,
3356 2338 3536 2378 coram
3577 2334 3694 2379 toto

2117 2420 2402 2471 consessu,
2436 2406 2728 2462 anathema
2760 2409 2980 2475 dixerit,
3028 2434 3045 2462 ο
3076 2420 3183 2466 etc.
3215 2411 3489 2466 Iudicium
3526 2412 3695 2483 igitur

2117 2493 2187 2550 de
2209 2494 2559 2553 Theodorete
2591 2512 2622 2552 a
2654 2509 2844 2559 saneto
2866 2500 3048 2555 Leone
3076 2502 3382 2556 exercitum
3416 2509 3522 2559 est.
3579 2514 3697 2555 non

2110 2584 2237 2656 iure
2265 2593 2500 2652 tantum,
2533 2598 2761 2657 propter
2793 2589 3149 2659 apostolicam
3182 2599 3541 2660 potestatem,
3591 2588 3693 2644 sed

2115 2676 2282 2731 etiam
2315 2677 2373 2731 in
2401 2678 2628 2749 synodo,
2664 2679 2967 2734 secundum
3001 2696 3229 2736 morem.

2190 2787 2346 2858 192
2397 2787 2699 2845 Obscurum
2768 2801 2951 2847 tamen
2999 2803 3103 2859 est,
3147 2794 3456 2866 cuiusmodi
3518 2793 3690 2850 fuerit

2121 2877 2308 2934 isthaec
2341 2880 2601 2951 synodus,
2655 2894 2838 2937 utrum
2877 2884 3153 2939 ordinaria
3179 2902 3300 2955 quae
3331 2884 3416 2941 his
3462 2886 3518 2941 in
3547 2902 3693 2941 anno

2118 2968 2446 3036 habebatur,
2500 2986 2570 3026 an
2597 2973 3055 3040 extraordinaria,
3097 2976 3288 3044 quales
3328 2992 3429 3047 pro
3463 2992 3520 3032 re
3559 2974 3699 3031 nata‘

2041 3102 2083 3157 C
2117 3061 2303 3130 plures
2362 3076 2429 3116 ex
2465 3062 2760 3132 episcopis,
2789 3065 2900 3134 qui
2946 3072 3076 3120 tunc
3111 3067 3361 3130 aderant,
3423 3066 3692 3136 urbisque

2115 3151 2261 3205 clero
2289 3152 2644 3222 cogebantur.
2687 3153 3209 3213 ,Extraordinariam
3255 3157 3455 3223 credo;
3509 3172 3691 3227 neque

2111 3241 2263 3296 enim
2291 3242 2478 3298 habita
2530 3251 2614 3299 est
2665 3246 2944 3301 consuetis
2987 3247 3328 3317 temporibus
3363 3267 3375 3302 :
3413 3251 3507 3319 qui
3537 3249 3693 3304 enim

2112 3332 2384 3400 potuisset
2414 3342 2540 3389 ante
2577 3333 3081 3404 Quadragesimam,
3113 3338 3307 3409 legatis
3353 3339 3690 3394 Theodoreti

2112 3429 2246 3477 tunc
2266 3422 2507 3478 nondum
2534 3424 2800 3494 appulsis?
2827 3428 2920 3495 qui
2957 3429 3163 3497 pariter
3193 3429 3341 3484 circa
3370 3428 3687 3496 Octobrem,

2112 3526 2235 3566 cum
2268 3526 2453 3566 mense
2479 3511 2625 3567 Julio
2651 3512 2876 3568 collecta
2898 3517 2970 3568 sit
2989 3516 3092 3569 alia
3116 3516 3274 3571 valde
3298 3526 3450 3580 nota,
3483 3533 3551 3573 ex
3575 3533 3690 3588 qua

2110 3603 2355 3674 episcopi
2404 3604 2535 3667 duo,
2585 3619 2709 3658 cum
2766 3604 2985 3660 duobus
3050 3606 3256 3676 pariter
3300 3609 3638 3679 presbyteris
3666 3651 3684 3676 ,

2111 3693 2264 3748 missi
2299 3704 2426 3748 sunt
2458 3710 2488 3747 a
2514 3701 2704 3749 sancto
2727 3695 2911 3753 Leone
2941 3697 3510 3769 Constantinopolim?

2179 3807 2246 3862 ν.
2288 3807 2412 3861 Fuit
2438 3823 2571 3864 vero
2596 3809 2711 3864 haec
2733 3810 2891 3875 ratio,
2919 3826 3020 3865 cur
3047 3811 3113 3865 ad
3144 3811 3511 3867 Theodosium
3539 3813 3687 3884 lega-

2111 3906 2196 3953 tos
2220 3899 2466 3968 pontifex
2495 3900 2817 3955 decerneret
2857 3919 2870 3954 :
2917 3903 3206 3957 Anatolius
3245 3904 3322 3967 ",
3355 3904 3449 3972 qui
3503 3905 3683 3960 sancti

2109 3982 2353 4044 Flaviani
2383 3990 2436 4043 in
2470 3990 2656 4045 sedem
2679 3991 2945 4047 suﬂ‘ectus
2991 3994 3190 4061 fuerat,
3231 4004 3294 4050 ut
3319 4012 3388 4053 ex
3433 3998 3681 4054 Dioscori

2108 4079 2485 4150 apocrisiario,
2510 4080 2687 4138 factus
2702 4091 2786 4137 est
2810 4083 3446 4155 Constantinmrolitanus
3466 4090 3681 4159 episco-

2107 4188 2237 4244 pus,
2260 4174 2334 4225 ita
2354 4172 2639 4227 laborabat
2668 4189 2781 4233 non
2800 4175 2908 4230 levi
2936 4176 3250 4245 suspicione
3303 4178 3686 4243 consensionis

2107 4278 2231 4320 cum
2265 4260 2529 4320 Dioscoro
2549 4271 2606 4318 et
2632 4264 2898 4336 Eutyche,
2927 4282 3162 4336 quorum
3212 4269 3483 4326 beneﬁcio
3528 4269 3685 4325 frue-

450 4086 537 4132 tur
563 4078 800 4147 initium,
825 4083 1038 4153 iudices
1052 4085 1122 4141 ab
1148 4086 1478 4156 imperatore
1515 4086 2008 4148 constitutijl‘beo-

447 4165 697 4247 deretum
733 4168 1006 4226 introduci
1053 4173 1355 4243 iusserunt.
1411 4193 1429 4226 ι
1474 4175 1611 4241 Quia
1662 4177 1904 4235 restituit
1930 4177 2005 4243 ei,

446 4250 720 4323 dicebant,
757 4259 1127 4331 episcopatum
1149 4263 1526 4321 sanctissimus
1568 4264 2010 4335 archiepiscopus

445 4345 574 4423 Leo.
609 4368 627 4400 ι
660 4349 727 4404 Ει
755 4359 943 4419 postea
972 4369 985 4404 :
1017 4370 1036 4403 ‹
1067 4351 1467 4421 Theodoretus,
1498 4356 1590 4426 qui
1617 4357 1898 4426 proprium
1921 4356 2005 4410 lo-
2106 4353 2289 4408 batur.
2317 4353 2496 4419 Quare
2521 4354 2768 4425 pontifex
2791 4356 3028 4415 Anatolii
3055 4359 3218 4413 fidem
3245 4360 3603 4429 probaturus,
3621 4369 3683 4416 et

443 4452 567 4513 cum
593 4440 796 4511 recepit
830 4456 860 4495 a
911 4441 1254 4497 sanctissimo
1291 4445 1548 4514 episeopo
1593 4447 1807 4516 inclytae
1854 4447 2007 4503 urbis
2038 4429 2084 4485 Ῑ)
2112 4445 2273 4499 simul
2307 4446 2494 4511 etiam,
2521 4462 2627 4517 qua
2650 4443 2790 4503 forte
2814 4448 2915 4511 fas,
2943 4450 3277 4519 Ephesinum
3309 4451 3679 4514 latrocinium,

444 4527 649 4597 Romae,
696 4548 713 4580 ι
733 4537 840 4584 etc.
870 4529 1007 4585 Cum
1039 4540 1260 4586 ventum
1290 4543 1435 4589 esset
1464 4533 1532 4588 ad
1559 4536 1828 4591 actionem
1855 4544 2001 4591 ecta-
2111 4538 2381 4591 revocatis
2412 4537 2481 4592 ad
2520 4547 2724 4594 rectam
2782 4539 2942 4595 ﬁdem
3002 4542 3274 4611 episcOpis
3325 4558 3466 4613 quos
3502 4554 3689 4599 metus

442 4633 583 4687 vam.
615 4618 668 4675 in
695 4636 799 4691 qua
822 4620 1150 4677 Theodoreti
1181 4638 1340 4679 causa
1371 4625 1649 4680 tractanda
1682 4634 1822 4693 erat,
1855 4642 2008 4680 cum-
2110 4629 2404 4698 aliquando
2432 4629 2767 4698 abduxisset,
2795 4633 3212 4699 destrueturus,
3242 4636 3449 4705 legatos
3479 4636 3685 4691 direxit

440 4724 545 4781 que
575 4711 690 4781 ipse
750 4713 1000 4767 Nestorio
1049 4714 1339 4770 anathema
1384 4715 1629 4779 dixisset,
1692 4715 2005 4771 interlocuti
2109 4732 2234 4772 cum
2272 4719 2543 4776 mandatis
2566 4722 2955 4778 reconciliandi
3006 4739 3102 4779 eos
3153 4725 3427 4788 Ecclesiae,
3476 4724 3684 4794 quibus

440 4811 567 4863 sunt
587 4804 629 4832 ¹¹¹
651 4803 865 4873 iudices
891 4804 946 4858 in
975 4804 1088 4861 haec
1116 4806 1284 4860 verba
1325 4824 1338 4859 :
1382 4826 1398 4857 ι
1430 4807 1621 4862 Omnis
1661 4807 1765 4874 iam
1794 4807 2010 4863 dubita-
2111 4810 2433 4877 pmnitentia
2472 4812 2772 4881 perpetrati
2817 4813 2962 4883 apud
3000 4813 3277 4883 Ephesum
3316 4815 3539 4871 sceleris
3598 4815 3685 4869 fo-

442 4888 517 4944 tio
542 4889 608 4945 de
643 4890 989 4951 Theodoreto
1013 4894 1193 4950 soluta
1225 4904 1310 4950 est
1336 4913 1348 4949 :
1371 4896 1574 4966 quippe
1595 4901 1653 4950 et
1692 4896 2006 4955 Nestorium
2110 4908 2217 4954 ret.

439 4995 624 5049 coram
676 4980 834 5041 vobis
857 4982 1358 5049 anathematizavit,
1390 4996 1498 5042 eta
1545 4988 1889 5044 sanctissimo
1917 5006 2007 5044 ar-
2178 4990 2488 5060 Antequam
2550 5007 2682 5047 vero
2737 4992 3028 5063 dirigeret,
3082 4995 3360 5052 celebrem
3406 4995 3707 5052 contraxit-

437 5067 787 5138 chiepiscopo
815 5070 1050 5129 senioris
1072 5073 1224 5139 urbis
1251 5075 1438 5131 Romae
1495 5075 1678 5133 Leone
1716 5088 2007 5149 susceptus
2107 5096 2296 5136 mense
2309 5082 2457 5138 Julio
2483 5083 2652 5137 totius
2697 5083 2866 5140 italiae
2894 5085 3183 5156 synodum.
3219 5085 3278 5142 In
3326 5087 3431 5141 hac
3450 5086 3677 5141 decreta
3702 5114 3707 5119 -

438 5166 543 5248 est,
562 5166 616 5212 et
644 5157 1019 5246 definitionem
1049 5164 1237 5225 ﬁdeia
1273 5166 1627 5247 religiositate
1671 5181 1853 5224 vestra
1873 5186 2004 5240 pro-
2101 5170 2306 5241 legatio
2356 5172 2414 5227 in
2475 5172 2797 5237 Orientem:
2838 5174 3015 5238 factus
3065 5177 3353 5248 legationis
3396 5177 3708 5248 princeps;

438 5234 601 5303 latam
641 5250 874 5308 libenter
907 5240 1166 5327 suscepit,
1217 5266 1275 5319 et
1304 5234 1529 5335 insuper
1580 5260 1827 5330 epistolae
1876 5234 2002 5317 me-
2104 5234 2478 5316 coitstitutione
2502 5234 2661 5319 totius
2684 5263 2883 5331 halitu,
2918 5276 2969 5320 et
2990 5234 3240 5323 electione
3275 5234 3681 5341 dapémauoim

1765 5451 2081 5511 SCHULZII
2118 5452 2361 5512 NOTAE.-

504 5608 811 5697 f‘lsdhgaqs'.
849 5611 1151 5697 ἐδεδεᾳίωσε.
1227 5615 1289 5697 ’ξτ
1314 5614 1435 5697 Act.
1466 5616 1516 5697 _i
1575 5614 2017 5697 conc.“Chaleed

2134 5616 2181 5667 ιε
2203 5617 2324 5697 Act:
2359 5616 2580 5697 goque.
2618 5620 2949 5697 “Chalcedau
2972 5625 3377 5697 -ίξὲδικαίωσε,
3449 5628 3495 5660 ’⁸
3529 5631 3677 5697 μετὰ

431 5676 523 5731 τοῦ
564 5680 697 5733 Θεοῦ
730 5682 882 5735 Λέων
915 5683 1150 5736 ἐδίκασε.
1227 5685 1286 5750 ἰ,
1305 5684 1649 5757 Monstravit,
1670 5684 1897 5755 Reliqua
1932 5685 2017 5755 vid

2120 5700 2231 5757 cap.
2262 5688 2345 5753 ιι,
2372 5686 2397 5757 §
2431 5688 2497 5744 ιο
2525 5689 2595 5755 in,
2613 5676 2761 5747 ene."
2780 5676 2795 5737 ζ
2814 5676 2871 5726 Ξῖ
2884 5676 3011 5755 Ϋὶίὶ.
3036 5676 3432 5767 tetigistis.
3468 5676 3558 5759 ai
