3954 6294
230 274 329 339 145

1332 312 1341 321 -
1387 280 1745 341 HISTORIA
1784 279 2303 341 THEODORETI;

3344 310 3353 341 τ
3370 282 3484 356 146

228 386 531 450 ueniam,
558 385 844 443 Abundius
873 388 920 421 “
948 390 1031 444 vir
1050 390 1284 446 eximius
1306 392 1597 461 sapientia,
1622 407 1684 447 ac
1713 405 1805 443 va-
1836 395 1878 450 A
1908 390 2158 457 licitudo,
2207 407 2271 446 ex
2318 390 2498 447 causis
2543 392 2777 447 maxime
2809 402 3042 465 quatuor
3085 390 3328 464 profecta
3360 409 3477 457 est:

230 478 325 532 riis
352 478 560 550 linguis
615 488 879 537 strenuus
908 499 921 536 :
947 482 1121 538 additi
1141 484 1370 541 comites
1403 485 1651 539 Asterius
1686 481 1805 554 epi-

196 586 428 638 scopus
457 579 513 624 et
549 572 854 643 presbyteri
880 574 992 630 duo
1015 574 1250 632 Basilius
1281 587 1336 631 et
1368 575 1599 632 Senator
1629 595 1642 630 ε
1691 585 1805 631 tra-

228 662 337 714 dita
368 660 412 691 “
440 660 569 716 ﬁdei
620 663 874 730 formula,
931 668 1161 737 epistola
1222 668 1433 724 scilicet
1478 667 1679 723 Leonis
1735 668 1803 723 ad

178 822 189 827 -
232 752 570 818 Flavianum,
595 768 721 808 cum
765 756 1094 812 testimoniis
1136 760 1356 815 Patrum
1384 774 1412 813 a
1453 759 1806 814 Theodoreto

229 843 579 913 subjunctis:
614 845 802 902 datum
843 849 1004 904 simul
1036 852 1375 917 mandatum,
1424 852 1805 921 permittenda:

225 933 480 989 Anatolio
505 937 769 1005 optionis,
792 939 949 1009 cujus
964 941 1207 1011 epistola:
1219 943 1620 1013 subscriptione
1642 943 1807 997 vellet

225 1023 386 1077 ﬁdem
419 1040 576 1080 suam
604 1026 982 1085 demonstrare
1010 1050 1022 1084 :
1048 1048 1115 1087 an
1142 1049 1264 1102 qua:
1294 1048 1323 1087 a
1356 1032 1540 1087 Leone
1576 1033 1642 1087 ad
1675 1032 1802 1087 Fla-

225 1117 479 1183 vianum,
517 1135 587 1172 an
616 1136 738 1189 qua:
768 1138 796 1175 a
834 1122 1038 1193 Cyrillo
1072 1124 1315 1179 secunda
1379 1124 1445 1179 ad
1493 1125 1802 1179 Nestorium

224 1208 433 1278 scripta
479 1219 564 1266 est
633 1202 946 1268 Mandatum
992 1215 1237 1286 insuper,
1289 1228 1348 1271 ut
1403 1216 1657 1280 Maximo,
1710 1216 1804 1284 qui

223 1302 437 1355 Damno
468 1314 807 1360 successerat
836 1322 889 1359 in
918 1302 1102 1362 sedem
1130 1308 1553 1369 Antiochenam,
1604 1308 1805 1364 Leonis

176 1386 179 1389 ’
221 1392 452 1461 epistola
501 1390 553 1445 in
606 1394 980 1450 testimonium
1023 1396 1147 1452 ﬁdei
1192 1396 1801 1452 subseribendamitte-

224 1493 395 1537 retur.
423 1483 555 1538 Erat
578 1485 722 1540 enim
754 1497 807 1541 et
826 1488 941 1559 ipse
968 1500 1253 1560 suspectus
1280 1494 1659 1548 consensionis
1677 1507 1800 1546 cum

224 1575 505 1639 Dioscoro,
537 1594 566 1631 a
589 1594 698 1648 quo
722 1579 898 1636 fuerat
940 1582 1272 1639 substitutus
1317 1585 1527 1640 Domno
1565 1585 1802 1639 letaliter

221 1668 533 1736 trgrotanti.
590 1686 714 1724 cum
765 1666 1156 1741 deponeretur.
1205 1675 1598 1745 Praeseriptum
1639 1674 1797 1730 deni-

1910 498 1973 536 ex
2016 483 2377 537 conversione
2422 497 2626 546 rerum,
2665 498 2787 551 qua:
2831 498 2958 537 mox
3004 486 3365 542 narrabitur:
3412 504 3478 543 ex

1905 570 2176 625 contraria
2230 570 2445 641 imperii
2503 571 2697 636 forma,
2748 581 3012 644 regnante
3052 591 3199 631 nunc
3230 576 3301 632 ad
3337 578 3482 633 arbi-

1906 660 2071 716 trium
2100 663 2388 717 Pulcheria
2416 680 2429 716 :
2465 679 2534 717 ex
2565 664 2859 720 formidine
2886 666 3171 737 utriusque
3202 668 3480 733 antistitis,

1904 752 2202 809 metuentis
2248 769 2317 808 ne
2362 754 2733 825 depelleretur
2788 756 2917 813 sede
2997 760 3051 812 in
3130 775 3292 829 quam
3348 762 3482 816 vitio

1902 852 2129 901 evectus
2158 854 2277 901 erat
2316 865 2328 900 :
2372 862 2436 902 ex
2462 848 2732 903 industria
2755 849 2992 919 denique
3015 852 3319 922 legatorum
3346 862 3482 923 tem-

1904 950 2037 1005 pore
2077 936 2347 991 utentium
2383 937 2452 992 ad
2490 953 2604 992 rem
2638 938 2764 994 ﬁdei
2802 942 3249 1009 promovendam.
3436 1008 3441 1013 _

1974 1026 2131 1081 Tunc
2158 1027 2423 1097 temporis
2485 1026 2867 1085 'l‘heodoretus
2908 1030 2965 1085 in
3028 1031 3306 1101 Apameno
3358 1048 3478 1091 mo-

1904 1117 2146 1172 nasterio
2189 1121 2533 1185 versabatur,
2573 1136 2698 1176 cum
2734 1121 2827 1177 Iba
2863 1122 3102 1187 Edessae,
3133 1132 3189 1178 et
3222 1124 3479 1197 Aquilino

1901 1206 2058 1279 Bybli
2116 1209 2243 1263 olim
2292 1209 2583 1280 episc0pis.
2621 1212 2699 1266 Eo
2746 1227 2803 1267 se
2834 1213 2933 1277 illi,
2970 1215 3055 1268 vel
3081 1215 3243 1270 amici
3268 1217 3479 1291 visendi

1903 1300 2071 1370 gratia
2110 1302 2480 1366 contulerant,
2527 1303 2613 1358 vel
2655 1304 2845 1358 eadem
2885 1315 3207 1376 tempestate
3239 1309 3477 1379 jactants

1905 1404 2245 1467 receperant,
2296 1397 2443 1453 velut
2490 1398 2558 1452 ad
2615 1413 2961 1453 communem
3000 1408 3240 1469 portum.
3422 1474 3425 1477 _

1974 1489 2085 1544 Vll.
2129 1489 2207 1543 Eo
2255 1488 2359 1544 loci
2415 1491 2626 1560 perlata
2663 1502 2747 1545 est
2788 1491 2962 1567 sancti
2997 1490 3194 1546 Leonis
3226 1491 3473 1561 epistola,

1903 1581 2019 1636 sive
2061 1580 2277 1636 Maximi
2336 1598 2493 1649 cura,
2549 1583 2696 1656 quod
2740 1585 2829 1639 vix
2863 1593 3047 1655 putem
3072 1625 3088 1651 ,
3123 1585 3239 1640 sive
3271 1585 3479 1645 amico-

1904 1685 2025 1725 rum
2068 1684 2172 1741 0pe
2210 1670 2426 1728 alIlictis
2466 1675 2750 1731 exsulibus
2792 1675 3316 1731 commiserantium.
3346 1674 3477 1729 Eam

223 1775 351 1829 que,
385 1772 445 1816 ut
468 1761 536 1816 de
564 1763 896 1821 celebrando
922 1768 978 1820 in
1019 1765 1332 1824 Occidentis
1356 1744 1605 1839 partibus
1664 1786 1798 1826 con-
1830 1744 1872 1800 Β
1902 1764 2284 1821 Theodoretus
2308 1767 2421 1837 jam
2457 1766 2669 1836 pridem
2722 1767 2829 1823 sibi
2872 1776 3056 1822 notam
3103 1768 3268 1823 sociis
3308 1783 3477 1838 expo-

223 1850 353 1905 eilio
390 1851 687 1908 instantius
709 1870 832 1909 eum
858 1854 1191 1926 imperatore
1222 1868 1494 1929 ageretur.

292 1943 380 1999 Vl.
443 1942 737 2016 Legatione
768 1947 1056 2005 Abundius
1080 1965 1204 2005 cum
1249 1952 1414 2007 sociis
1461 1952 1535 2006 ita
1580 1951 1801 2007 functus

222 2041 327 2097 est,
369 2043 431 2088 ut
464 2044 700 2091 eventus
758 2038 957 2092 summi
1000 2039 1275 2109 pontiﬁcis
1305 2056 1455 2110 spem
1501 2049 1666 2110 atque
1702 2057 1799 2096 ex‘

222 2122 617 2191 speetationem
649 2123 918 2181 vinceret.
955 2126 1089 2180 Nam
1116 2127 1401 2184 Anatolius
1445 2138 1501 2183 et
1538 2129 1801 2185 Maximus

222 2213 513 2283 epistolam
543 2215 779 2271 ‘Leonis
823 2216 1010 2288 (simul
1052 2218 1237 2274 oblata
1270 2218 1374 2291 est)
1421 2236 1530 2274 non
1574 2236 1800 2291 recepe-

224 2318 352 2360 runt
378 2307 564 2371 modo,
608 2308 758 2363 velut
805 2307 929 2363 ﬁdei
963 2309 1233 2380 regulam,
1278 2311 1372 2366 sed
1428 2311 1799 2381 recipiendam

222 2412 445 2467 quoque
475 2414 505 2452 a
541 2414 653 2453 sua:
682 2398 915 2470 quisque
939 2396 1197 2456 dimcesis
1241 2401 1516 2472 episcopis
1568 2401 1635 2458 ad
1670 2418 1803 2458 con-

221 2489 411 2543 cilium
444 2489 675 2556 vocatis,
716 2501 1004 2547 curarunt.

290 2580 365 2635 De
414 2580 671 2636 Anatolio
724 2582 880 2637 testis
910 2583 1195 2655 locuples,
1243 2585 1336 2654 qui
1393 2585 1571 2640 Vitam
1626 2586 1798 2641 sancti

223 2669 463 2723 Abundii
494 2671 856 2741 conscripsit:
891 2692 908 2723 t
951 2674 1260 2739 Anatolius,
1282 2675 1479 2745 inquit,
1507 2677 1800 2745 episcopus

223 2760 376 2813 urbis
406 2756 562 2829 193
594 2759 1214 2832 Constantinopolitanae
1240 2778 1393 2817 nova:
1431 2762 1634 2828 Rerum,
1667 2779 1801 2819 con-

220 2850 473 2920 gregavit
512 2851 808 2906 concilium
862 2853 1107 2907 omnium
1142 2853 1551 2924 episcoporum,
1613 2852 1798 2908 archi-

222 2942 643 3006 mandritarum,
685 2945 1153 3016 presbyterorum,
1208 2955 1265 2999 et
1294 2945 1698 3011 diacouorum;
1743 2957 1800 3002 et

1901 1854 2042 1919 suit,
2090 1864 2147 1910 et
2195 1856 2475 1911 communi
2536 1856 2704 1910 trium
2749 1856 3154 1927 subscriptione
3211 1857 3477 1933 munitam

1900 1944 2430 2017 Constantinopolim
2488 1947 2555 2001 ad
2612 1947 2927 2002 Abundium
2976 1963 3101 2001 eum
3143 1948 3341 2003 litteris
3387 1964 3476 2004 rc-

1902 2034 2070 2090 misit.
2123 2035 2181 2089 In
2226 2035 2312 2091 his
2341 2020 2629 2106 postquam
2658 2035 2899 2091 Ahundii
2938 2037 2992 2091 in
3021 2037 3258 2092 Ecclesia
3287 2037 3481 2092 Orien-

1904 2126 1999 2180 tali
2058 2126 2297 2198 juvanda
2352 2127 2617 2191 studium,
2659 2126 2993 2196 illaesamque
3044 2125 3476 2193 Occidentalium

1900 2218 2064 2274 ﬁdem
2114 2219 2391 2286 laudavit;
2424 2229 2536 2275 tum
2565 2220 2725 2274 ﬁdem
2762 2235 2915 2275 suam
2940 2219 3252 2289 apostolicis
3280 2216 3479 2291 litteris

1900 2323 2197 2364 consonam
2247 2310 2557 2380 proﬁtetur,
2613 2327 2848 2380 moxque
2896 2309 3050 2366 addit
3088 2311 3132 2342 ³⁸
3178 2328 3245 2364 :4
3279 2309 3376 2365 llis
3420 2316 3478 2373 et

1899 2414 2000 2470 ego
2043 2399 2242 2453 litteris
2284 2384 2559 2466 consensi,
2608 2407 2664 2454 et
2687 2399 2816 2454 huic
2850 2399 3093 2469 epistolae
3141 2413 3273 2454 meae
3297 2413 3479 2455 exem-

1900 2488 2051 2558 plum
2092 2504 2284 2543 earum
2336 2476 2612 2559 copulavi,
2645 2490 2735 2545 eui
2761 2491 2929 2544 etiam
2957 2488 3285 2559 subscripsi,
3312 2496 3477 2557 atque

1900 2594 1964 2633 ex
1996 2579 2101 2633 hoc
2140 2568 2390 2650 probavi,
2448 2570 2606 2650 19!.
2660 2580 2809 2650 quod
2868 2579 3083 2650 regulas
3130 2574 3475 2647 apostolieas,

1902 2670 2007 2725 hoc
2054 2678 2159 2734 est,
2210 2686 2338 2725 vera
2383 2669 2637 2741 dogmata
2690 2687 2911 2741 Sequor,
2970 2668 3244 2739 hodieque
3286 2668 3338 2721 in
3394 2656 3479 2720 his

1900 2776 2216 2832 permaneo,
2252 2770 2308 2817 et
2356 2762 2480 2818 ideo
2531 2762 2733 2818 bellum
2786 2763 2982 2833 patior.
3017 2758 3303 2816 Consensit
3346 2746 3476 2837 item

1901 2853 2157 2907 dominus
2204 2867 2361 2908 meus
2387 2853 2528 2917 lbas,
2572 2862 2625 2907 et
2666 2853 2931 2908 dominus
2971 2868 3127 2907 meus
3164 2851 3475 2922 Aquilinus,

1901 2956 2091 3002 contra
2145 2962 2287 3016 quos
2333 2948 2731 3016 imperatorum
2781 2953 3109 3017 potestatem
3164 2928 3481 3027 inventores

231 3042 359 3088 ante
419 3043 773 3104 conspectum
827 3036 1074 3091 omnium
1144 3036 1369 3091 recitata
1425 3045 1510 3091 est
1567 3036 1796 3106 epistola
1824 3072 1870 3131 α
1901 3054 2056 3094 novae
2112 3038 2338 3094 haeresis
2379 3047 2753 3094 armaverunt.
2795 3059 2813 3090 ι

221 3125 396 3180 sancti
434 3124 657 3185 Leonis,
681 3142 844 3196 quam
886 3126 1079 3181 beatus
1120 3125 1408 3181 Abundius
1440 3141 1626 3180 coram
1679 3141 1799 3180 om-

221 3216 386 3271 nibus
420 3216 791 3286 prtesentavit,
824 3216 1286 3272 concordantibus
1330 3216 1661 3272 testimoniis
1686 3216 1798 3271 Ro-

223 3322 509 3362 manorum
534 3308 753 3362 Patrum
769 3315 932 3378 atque
954 3308 1358 3378 Argolieorum.
1379 3307 1664 3362 Anatolius
1683 3304 1801 3377 epi-

221 3415 420 3468 scopus
458 3397 961 3469 Constantinopolis
984 3399 1114 3454 huic
1134 3398 1378 3469 epistola:
1404 3397 1574 3452 sancti
1602 3398 1803 3454 Leonis

221 3490 400 3559 Papae,
425 3490 731 3545 continenti
767 3490 1050 3546 catholica:
1075 3492 1201 3545 lidei
1236 3491 1541 3555 veritatem,
1569 3504 1800 3546 concor-

222 3581 483 3637 dantibus
511 3584 676 3636 etiam
715 3584 1042 3638 testimoniis
1071 3584 1291 3638 Patrum
1322 3583 1391 3637 ab
1432 3582 1621 3637 eadem
1665 3600 1799 3653 apo-

221 3672 413 3726 stolica
444 3671 575 3726 sede
624 3670 849 3727 directis
875 3673 1049 3743 plena:
1089 3673 1397 3728 devotionis
1426 3674 1724 3736 consensit,
1748 3683 1802 3727 et

218 3762 573 3832 subscripsit,
623 3764 915 3817 anathema
945 3764 1136 3817 dicens
1166 3762 1399 3834 Eutychi
1438 3770 1493 3818 et
1524 3763 1799 3828 Nestorio,

218 3865 277 3908 et
297 3854 561 3925 dogmati,
608 3855 693 3909 vel
732 3854 1098 3923 sectatoribus
1148 3871 1338 3909 eorum
1380 3872 1393 3907 :
1445 3863 1576 3908 tunc
1617 3855 1800 3909 eteteri

218 3946 414 4000 Patres
442 3962 551 4000 non
585 3946 738 4015 parvi
763 3946 979 4001 numeri
1019 3945 1215 4001 eodem
1258 3946 1420 4001 modo
1451 3944 1799 4018 subscripse-

220 4044 370 4091 runt.
413 4057 433 4089 ι

295 4128 368 4182 De
385 4136 620 4198 utroque
641 4126 799 4182 simul
820 4134 1042 4182 sanctus
1057 4125 1168 4182 Leo
1188 4127 1233 4159 ”
1254 4146 1265 4180 :
1291 4147 1307 4177 ι
1327 4126 1520 4182 Totam
1537 4127 1803 4184 Constan-

220 4220 634 4290 tinopolitanam
668 4219 965 4273 Ecclesiam
1007 4234 1129 4272 cum
1169 4219 1513 4274 monasteriis
1548 4219 1804 4274 omnibus

215 4318 278 4365 et
318 4311 504 4365 multis
537 4309 810 4379 episcopis
862 4310 1081 4363 noveris
1114 4309 1414 4379 praebuisse
1451 4325 1800 4374 consensum,

1874 3766 1879 3771 ·
1974 3750 2171 3800 tutione

2515 3152 2740 3209 CAPUT
2788 3150 2877 3205 XI.

1899 3258 1943 3312 Ι.
1982 3256 2206 3311 Ποῖ-ξων
2244 3256 2573 3311 Theodosius.
2612 3256 2676 3309 ll.
2714 3254 2994 3308 Puto/aeria
3034 3254 3361 3307 dominatum
3393 3268 3479 3306 ro-

1970 3328 2150 3381 sumit.
2173 3328 2259 3381 Ill.
2280 3327 2623 3381 Tlteodoretus
2644 3325 2705 3379 ab
2729 3324 2910 3379 exsilio
2928 3333 3222 3378 revocatur.
3242 3322 3327 3378 IV.
3351 3322 3481 3376 Gra-

1973 3399 2076 3451 tias
2121 3399 2230 3468 agit
2255 3394 2991 3468 patronis._V.‘Libeilumje
3017 3394 3253 3468 cogenda
3281 3390 3480 3468 agitatio

1972 3463 2220 3537 Augustis
2255 3463 2423 3537 offert.
2474 3466 2561 3521 VI.
2612 3463 2851 3535 Synodus
2893 3463 3475 3537 Chalcedonerogitur.

1974 3533 2084 3592 VH.
2128 3533 2477 3591 Theodoreus
2504 3546 2627 3590 ante
2656 3533 2833 3589 actam
2861 3546 3076 3589 causam
3106 3533 3402 3587 admittitur
3425 3533 3478 3586 in

1972 3624 2288 3675 consessum.
2342 3607 2474 3661 Vill.
2529 3606 2840 3675 Reclamant
2876 3604 3132 3675 Egyptii.
3158 3602 3272 3675 lx.
3305 3601 3478 3675 Causa

1972 3674 2477 3749 peragitur_artione
2508 3685 2691 3749 octara
2750 3674 2815 3749 15.
2843 3670 3206 3749 Acta'concilii
3238 3672 3301 3726 de
3332 3670 3482 3749 resti-

2227 3747 2550 3801 Theodoreti.
2609 3745 2697 3799 Χι.
2754 3744 2886 3798 Dicit
2934 3747 3137 3800 sincere
3194 3744 3478 3797 anathema

1977 3817 2235 3882 Νέστον-ἕο,
2270 3826 2319 3870 et
2349 3817 2509 3885 ﬁdem
2554 3816 2853 3887 proﬁtetur.

2448 3932 2594 3981 Anno
2628 3929 2718 3979 450
2745 3935 2797 3979 et
2818 3927 2926 3978 tsi.

1971 4036 2014 4091 l.
2055 4036 2377 4106 Priusquam
2447 4035 2735 4090 Abundius
2787 4049 2910 4088 cum
2957 4033 3120 4087 sociis
3164 4032 3217 4085 in
3275 4030 3477 4100 regiam

1904 4129 2095 4183 urbem
2148 4126 2481 4198 perveniret,
2531 4125 2767 4181 decessit
2811 4140 2841 4176 e
2874 4123 2984 4176 vita
3019 4120 3359 4176 Theodosius
3389 4119 3479 4174 die

1902 4222 1970 4275 29
1994 4218 2124 4276 Julii
2158 4235 2303 4274 anno
2326 4219 2450 4279 450,
2490 4232 2613 4270 cum
2656 4215 2880 4269 vixisset
2913 4227 3085 4266 annos
3120 4209 3478 4280 quadraginta

1905 4327 2123 4376 novem,
2178 4312 2499 4379 imperasset
2548 4300 2912 4378 quadraginta
2960 4301 3099 4357 duos
3145 4309 3201 4356 et
3264 4317 3479 4355 menses

216 4409 279 4455 et
329 4400 822 4470 subscriptionibus
853 4400 967 4455 suis
985 4400 1295 4455 Nestorium
1327 4409 1489 4470 atque
1516 4401 1799 4473 Eutychen
1832 4398 1875 4452 Ξ)
1904 4402 2017 4459 fere
2068 4411 2200 4457 tres.

216 4506 346 4545 eum
406 4490 521 4545 suis
590 4489 1077 4544 anathematizasse
1143 4490 1508 4559 dogmatibus.
1574 4491 1803 4547 Noveris

212 4582 383 4651 etiam
446 4581 694 4652 proxime
743 4597 830 4636 me
877 4581 1161 4653 epistolam
1216 4581 1802 4651 Constantinopolitani

211 4675 463 4743 episcopi
514 4674 811 4744 accepisse,
847 4686 969 4744 qua:
1010 4672 1195 4739 refert,
1245 4674 1646 4729 Antiochcnum
1683 4673 1802 4743 epi-

211 4782 471 4837 scopum,
502 4766 680 4822 missis
717 4783 815 4837 per
849 4767 1156 4837 provincias
1191 4784 1318 4821 suas
1349 4766 1640 4828 tractoriis,
1679 4766 1802 4820 uni-

207 4873 409 4912 versos
454 4858 742 4928 episcopos
774 4860 1039 4930 coegisse,
1094 4866 1150 4914 et
1200 4858 1442 4928 epistola:
1496 4874 1629 4911 mem
1662 4873 1801 4925 prte-

210 4950 407 5005 buisse
442 4964 791 5013 consensum,
834 4960 890 5003 et
920 4950 1230 5005 Nestorium
1266 4965 1330 5004 ac
1370 4949 1650 5020 Eutychen
1686 4950 1800 5019 pari

207 5042 625 5111 subscriptione
676 5042 988 5097 danmasse.
1013 5061 1031 5094 ι

293 5133 519 5187 Devotio
573 5142 741 5195 tanta,
787 5142 1006 5202 quant;e
1049 5146 1173 5186 mox
1223 5132 1361 5187 facta
1410 5133 1513 5187 l‘uit
1570 5134 1795 5197 mentio,

207 5225 261 5280 si
308 5232 489 5280 tamen
537 5224 757 5280 devotio
797 5224 920 5285 fuit,
969 5233 1024 5279 ct
1049 5241 1156 5279 non
1194 5230 1443 5295 prompta
1484 5226 1666 5297 potius
1691 5227 1799 5280 sol-

1974 4494 2038 4550 ll.
2078 4492 2214 4548 Cum
2250 4492 2358 4546 vita
2398 4488 2705 4546 Theodosii
2758 4482 2974 4543 sublata
3023 4495 3109 4542 est
3153 4483 3476 4555 Chrysaphii

1902 4585 2185 4655 potentia:
2225 4581 2468 4636 habenas
2494 4580 2641 4634 enim
2681 4577 2898 4647 imperil
2943 4575 3231 4631 Pulcheria
3273 4590 3481 4651 resum-

1902 4677 2030 4748 psit,
2057 4686 2342 4747 postquam
2380 4669 2844 4742 quinquagenaria
2866 4668 3017 4739 virgo
3052 4667 3326 4722 Marciano
3355 4667 3481 4721 fecit

1901 4767 2149 4837 conjugis
2193 4779 2426 4828 nomen;
2475 4770 2643 4829 utque
2675 4757 2826 4828 regni
2865 4757 3134 4828 primitias
3165 4756 3279 4810 Deo
3319 4753 3480 4823 justi-

1909 4859 2105 4929 tiaeque
2140 4863 2508 4919 consecraret,
2556 4852 2799 4907 rescissis
2842 4864 2963 4921 qua:
3018 4865 3115 4919 per
3152 4848 3260 4902 vim
3297 4846 3482 4900 hacle-

1907 4965 2013 5004 nus
2042 4959 2099 5004 et
2141 4956 2331 5005 contra
2382 4946 2459 4999 fas
2497 4954 2613 4998 acta
2652 4952 2859 5006 essent,
2911 4942 2977 4996 dc
3019 4940 3196 4994 danda
3224 4938 3481 4993 Ecclesiis

1905 5059 2037 5114 pace
2082 5039 2434 5110 cogendaque
2481 5034 2691 5107 synodo
2730 5033 3005 5104 cogitavit.

1978 5132 2064 5186 Ill.
2111 5129 2261 5184 Fecit
2316 5144 2380 5181 ea
2432 5142 2615 5181 rerum
2653 5124 2962 5183 conversio,
3013 5132 3071 5175 ut
3103 5120 3480 5175 annitentibus

1904 5221 2221 5280 Vincomalo
2242 5220 2545 5274 oll‘n-iorum
2571 5217 2849 5288 magistro,
2870 5225 2926 5272 et
2946 5215 3152 5270 Avieno
3172 5214 3392 5271 consule
3410 5215 3477 5277 ‘3,

1570 5418 1834 5473 StlIlUUL
1866 5419 1879 5471 Ι
1921 5418 2154 5473 ΝθΤίΕ.

290 5562 332 5593 ’³
360 5564 476 5617 Vid.
502 5563 682 5615 Vitam
803 5558 1059 5621 Abundii,
1088 5574 1213 5625 cap.
1236 5560 1290 5617 ‘2,
1331 5574 1460 5611 nunt
1542 5558 1593 5609 8.

203 5634 257 5666 ⁸⁸
293 5633 405 5687 Vid.
463 5644 503 5687 t.
546 5632 635 5693 IV,
680 5633 842 5699 epist.
879 5630 993 5681 l8l.

1686 5560 1730 5589 ’λ
1768 5558 1883 5612 Vid.
1914 5558 2083 5615 Leon.
2110 5558 2283 5628 'epist.
2322 5558 2502 5612 53-56.

2584 5559 2627 5587 "‘
2657 5557 2715 5628 In
2762 5557 2923 5628 epist.
2957 5558 3023 5612 ad
3063 5556 3473 5628 Paschasinum.

1110 5624 1374 5681 “Avieno
1408 5629 1637 5681 Consule.
1670 5630 1761 5683 Vel
1792 5631 1993 5698 potius,
2027 5624 2229 5700 Aspare
2257 5629 2377 5682 viro
2408 5627 2702 5683 consulari.
2733 5624 2905 5683 Minus
2936 5636 3082 5683 recte
3105 5627 3251 5682 enim
3283 5625 3475 5687 Avieni

201 5714 409 5761 nomen
439 5706 496 5759 in
545 5702 798 5772 epistola!
826 5701 919 5754 139
954 5699 1305 5768 inscriptione
1344 5699 1966 5754 substituit-Camerina.

3374 5786 3389 5801 ο
3444 5762 3458 5789 9
