3954 6294
493 291 590 357 ti?

1619 290 1999 350 GARNE‘RII
2042 287 2539 348 DISSERTATIO
2577 289 2626 348 Ι.

3655 279 3755 346 148

492 408 846 478 ΑηςιιοΙὶ-ιίιιιε
907 405 1139 476 patricio
1191 404 1324 458 viris
1384 403 1581 458 merito
1633 405 2069 474 potentissimis,
2102 408 2150 463 Α
2246 401 2305 454 lu
2332 401 2581 455 eamdem
2600 401 2825 453 omnino
2847 397 3172 453 sententiam
3196 395 3408 451 consuli
3431 395 3510 448 ":
3541 392 3754 465 «Opor-

491 499 893 562 ‘l‘heodoretus,
931 496 1089 566 cujus
1111 495 1164 548 in
1193 493 1380 548 sedem
1407 492 1630 548 infamia
1665 495 1908 566 synodus
1947 495 2068 547 nul-

484 595 597 648 lum
620 590 933 653 suffecerat,
971 587 1040 642 ab
1063 585 1257 641 exsilio
1278 593 1655 650 revocaretur,
1692 601 1913 655 suaeque
1942 585 2067 638 urbi

484 685 892 740 restitueretur.
936 681 1012 734 De
1049 687 1275 748 accepto
1328 677 1418 732 ille
1453 677 1724 732 beneﬁcio
1772 678 2069 747 unicuique

483 776 649 831 trium
691 773 1000 844 singulares
1053 771 1259 842 gratias
1300 769 1504 825 litteris
1560 769 1672 840 egit
1707 767 1772 834 ’⁸,
1801 770 2070 839 petiitque

483 868 567 938 agi
607 880 706 920 suo
758 862 982 917 nomine
1027 861 1396 932 principibus,
1433 860 1527 914 sed
1562 861 1724 914 simul
1761 860 1829 914 de
1864 872 2070 912 convo-

483 960 696 1014 catione
717 955 912 1029 synodi
937 955 1067 1009 ferri
1099 970 1312 1024 preces.
1341 952 1608 1022 Sperabat
1642 951 1914 1021 siquidem
1957 949 2068 1003 fre.

483 1059 574 1105 tus
621 1057 981 1119 patronorum
1033 1063 1160 1117 ope,
1209 1063 1364 1102 suam
1413 1061 1471 1100 se
1525 1045 1622 1100 toti
1679 1044 1799 1098 orbi
1847 1045 1866 1063 ⁴
1915 1043 2072 1096 inno-

483 1142 722 1198 centiam
773 1140 1158 1212 probaturum,
1199 1148 1256 1195 et
1298 1138 1565 1193 Dioscoro
1597 1137 1769 1191 vicem
1804 1149 2070 1204 repensu-

483 1247 633 1287 rum.

555 1321 644 1379 IV.
685 1323 884 1377 Mirum
930 1336 1084 1387 vero,
1119 1319 1267 1391 quali
1319 1330 1436 1375 arte
1469 1318 1713 1373 illustres
1757 1319 1903 1373 viros
1935 1318 2071 1372 allo-

485 1417 696 1487 quitur.
731 1417 896 1472 Juvat
920 1431 987 1470 ex
1019 1415 1254 1485 singulis
1283 1413 1533 1483 epistolis
1565 1412 1771 1482 aliquid
1805 1411 2071 1474 delibare,

484 1523 550 1561 ex
587 1508 807 1578 quolux
828 1507 1076 1561 historia:
1097 1505 1374 1576 aﬁ'ulgeat,
1399 1512 1454 1559 et
1483 1504 1642 1558 simul
1669 1511 1872 1572 pateat,
1909 1517 2072 1571 quam

485 1595 807 1664 eloquenter
833 1594 1050 1649 animus
1085 1593 1284 1664 gaudio
1317 1592 1601 1649 exsultans
1633 1592 1952 1661 triumphet.
1985 1591 2075 1646 Sic

485 1687 651 1756 igitur
676 1687 743 1741 ad
790 1686 1102 1741 Anatolium
1119 1687 1165 1718 ²⁹
1223 1703 1237 1740 :
1293 1705 1311 1736 ι
1340 1685 1454 1740 Nos
1493 1685 1716 1754 quidem
1741 1687 1881 1738 'cum
1927 1684 2073 1738 nacti

484 1794 676 1835 sumus
715 1780 979 1848 quietem,
1019 1779 1254 1832 libenter
1285 1793 1477 1832 sumus
1503 1777 1760 1845 amplexi,
1795 1775 2070 1844 utilesque

487 1888 553 1927 ac
603 1872 966 1928 suavissimos
1007 1872 1130 1940 ejus
1187 1870 1403 1924 fructus
1458 1867 1817 1938 percipimus.
1867 1866 2067 1922 Christi

485 1974 669 2021 autem
715 1978 905 2018 amans
946 1963 1248 2033 imperator
1295 1969 1502 2024 noster,
1553 1959 1778 2029 pietatis
1830 1957 2066 2013 fructum

485 2055 718 2124 adeptus
768 2053 1084 2124 imperium,
1130 2051 1349 2122 imperii
1394 2050 1668 2122 primitias
1710 2049 1924 2119 imperii
1962 2049 2071 2102 lar-

483 2148 644 2220 gitori
686 2147 891 2203 obtulit
929 2146 1320 2210 Ecelesiarum,
1343 2160 1465 2215 quae
1499 2143 1873 2214 jactabantur,
1915 2151 2068 2196 tran-

485 2241 839 2312 quillitatem,
873 2249 1202 2310 oppugnata:
1239 2237 1368 2292 ﬁdei
1405 2235 1767 2305 triumphum,
1799 2231 2074 2303 evangeli-

485 2345 678 2387 corum
696 2328 855 2401 195
872 2330 1186 2400 dogmatum
1209 2327 1519 2383 victoriam.
1548 2326 1645 2381 His
1670 2340 1800 2380 vero
1812 2323 2073 2394 praemisit

487 2423 652 2478 illata
697 2421 859 2476 nobis
901 2420 1119 2492 injuriae
1154 2419 1516 2474 curationem.
1557 2417 1691 2483 Quis
1715 2417 1862 2472 enim
1908 2414 2071 2469 talem

485 2529 552 2570 ac
575 2519 783 2569 tantam
803 2511 1150 2583 iniquitatem
1177 2509 1389 2565 audivit
1411 2508 1696 2579 unquam?
1726 2507 1851 2577 quis
1874 2506 2072 2560 absens

486 2605 767 2663 homicida
789 2604 1124 2659 damnatus?
1145 2603 1272 2673 quis
1294 2603 1614 2672 nuptiarum
1644 2599 1937 2654 insidiator
1962 2614 2071 2652 non

485 2710 730 2770 pascas
751 2695 1190 2753 condemnatus?
1213 2694 1338 2764 quis
1361 2693 1638 2756 eﬁ'ractor,
1668 2699 1762 2745 aut
1791 2689 2073 2759 sepulcro-

487 2803 611 2844 rum
637 2787 890 2847 eﬁ‘ossor,
915 2797 1012 2840 aut
1029 2784 1331 2849 veneﬁcus,
1350 2793 1446 2838 aut
1471 2799 1753 2838 sacrorum
1779 2775 2069 2852 e'xpilator,

486 2885 586 2935 aut
621 2879 716 2949 qui
751 2877 900 2933 aliud
939 2877 1225 2947 quidpiam
1259 2876 1476 2947 legibus
1507 2875 1740 2930 vetitum
1785 2873 2074 2928 commise-

486 2979 590 3034 rat,
611 2978 668 3027 et
689 2971 757 3026 ad
769 2969 1038 3042 judicium
1060 2969 1269 3035 venire,
1289 2983 1414 3023 cum
1433 2968 1616 3031 vellet,
1639 2974 1723 3020 est
1738 2965 2068 3034 prohibitus,

483 3070 543 3119 et
564 3063 814 3136 judicum
844 3062 1118 3119 sententia
1141 3060 1331 3131 procul
1356 3059 1556 3114 absens
1585 3067 1670 3113 est
1695 3057 2018 3112 confossus?
2046 3075 2064 3107 ›
2099 3089 2140 3146 C

484 3157 556 3213 Et
584 3157 686 3212 sub
725 3155 890 3211 ﬁnem
935 3173 948 3211 :
992 3175 1010 3206 ‹
1037 3155 1207 3209 Decet
1257 3159 1441 3207 autem
1463 3166 1582 3216 vos,
1629 3149 1724 3220 qui
1774 3149 1830 3203 in
1870 3148 2073 3219 pietate

484 3249 705 3304 educati
769 3247 924 3312 estis,
980 3256 1037 3300 et
1084 3245 1309 3300 virtutis
1359 3259 1494 3315 opes
1548 3242 1866 3314 possidetis,
1927 3242 2075 3296 hunc

487 3341 665 3396 zelum
703 3353 1020 3404 resumere;
1050 3345 1105 3391 et
1125 3337 1336 3392 alacres
1364 3337 1476 3408 jam
1505 3350 1602 3406 per
1619 3349 1740 3389 sese
1765 3333 2072 3403 piissimum

489 3431 898 3502 imperatorem,
934 3428 1254 3498 Christique
1285 3435 1560 3482 amantem
1593 3426 1915 3497 Augustam,
1969 3425 2074 3479 ala-

488 3524 701 3579 criores
757 3521 1232 3579 cohortationibus
1284 3520 1537 3584 reddere,
1573 3528 1634 3574 ut
1665 3518 1930 3574 laudabili
1956 3519 2073 3574 zelo

489 3615 946 3687 gloriosissimum
997 3613 1292 3686 imperium
1338 3628 1498 3669 suum
1550 3613 1934 3668 corroborent.
1975 3631 1993 3664 ι

555 3705 637 3760 Ad
667 3705 1043 3761 Vincomalum
1089 3713 1272 3760 autem
1293 3706 1338 3738 ³ο
1373 3724 1386 3760 :
1420 3724 1438 3758 ι
1468 3705 1634 3761 Valde
1666 3722 1789 3761 sum
1818 3705 2072 3771 miratus,

491 3799 586 3854 ubi
638 3797 866 3869 cognovi
938 3797 1400 3868 magniﬁcentiam
1453 3805 1737 3863 vestram,
1797 3812 1924 3852 cum
1984 3814 2074 3852 res

490 3896 710 3943 nostras
767 3887 987 3957 penitus
1040 3888 1340 3958 ignoraret,
1387 3903 1452 3943 ac
1494 3888 1689 3948 solam,
1728 3903 1851 3956 qua:
1885 3889 1939 3941 in
1971 3902 2074 3941 nos

489 3977 631 4033 facta
662 3985 766 4040 est,
800 3976 1056 4048 injuriam
1088 3977 1390 4042 didicisset,
1426 3976 1794 4046 patrocinium
1825 3985 2073 4030 nostrum

490 4066 819 4136 suscepisse,
851 4065 1145 4135 omniaque
1175 4065 1435 4129 movisse,
1474 4071 1532 4118 ut
1558 4073 1905 4133 comparatas
1943 4080 2076 4119 con-

491 4165 574 4209 tra
597 4169 697 4210 nos
719 4155 999 4210 machinas
1021 4163 1326 4221 everteret;
1351 4155 1445 4209 sed
1466 4153 1832 4225 magnitudini
1849 4153 2071 4224 quidem

489 4253 687 4302 vestrae
725 4246 1020 4302 muniﬁcus
1059 4247 1103 4280 ³³
1133 4247 1400 4302 Dominus
1437 4247 1600 4318 digna
1650 4263 1881 4317 prorsus
1923 4263 2073 4304 com-

490 4338 809 4406 pensatione
851 4337 1139 4393 retribuet.
1178 4356 1196 4389 ›
1247 4337 1315 4392 Ει
1347 4345 1472 4406 post
1513 4337 1782 4407 exposita,
1827 4355 1949 4409 quae
1984 4339 2070 4393 in-

2173 493 2360 556 tebat,
2433 492 2646 562 inquit,
2722 491 2860 546 hanc
2932 490 3098 546 etiam
3153 488 3220 542 ad
3280 487 3416 542 alias
3480 485 3758 542 fortitudi-

2173 585 2258 638 nis
2281 592 2385 638 tua:
2404 585 2690 653 praeclaras
2707 583 2952 638 actiones
2971 581 3214 653 adjungi,
3237 588 3297 634 ut
3315 579 3758 650 religiosissimus

2169 675 2486 745 Christique
2531 677 2742 731 amicus
2785 676 3084 746 imperator
3135 683 3345 739 noster,
3383 688 3546 743 quem
3567 672 3761 727 subdi—

2172 778 2355 824 torum
2390 770 2536 825 bono
2562 770 2746 825 divina
2781 771 2955 840 gratia
2980 767 3240 832 instituit,
3269 783 3366 837 per
3405 768 3761 838 magniﬁcen-

2174 863 2304 917 tiam
2355 875 2590 918 vestram
2630 864 2698 918 de
2743 863 2899 917 facta:
2942 863 2998 916 in
3032 877 3132 916 nos
3175 860 3389 930 injuriae
3430 859 3759 930 indignitate

2170 951 2374 1008 certior
2437 955 2632 1017 ﬁeret,
2684 962 2738 1008 et
2783 954 2928 1024 justa
2983 953 3103 1022 lege
3156 951 3334 1021 legem
3385 966 3496 1005 non
3551 951 3758 1021 justam

2174 1046 2532 1100 rescinderet.
2560 1065 2577 1096 ›
2606 1046 2908 1114 Etpostea:
2937 1063 2954 1095 ‹
2986 1043 3111 1097 Haec
3133 1044 3315 1096 omnia
3338 1041 3761 1112 magniﬁcentia}

2175 1144 2281 1190 tuae
2319 1137 2504 1192 studio
2547 1137 2771 1191 sustulit
2825 1135 3216 1190 serenissimus
3275 1135 3603 1205 imperator;
3657 1150 3760 1205 ego

2172 1244 2306 1283 VCI‘O
2349 1244 2576 1298 peccare
2627 1244 2714 1282 me
2759 1237 2930 1292 ratus,
2990 1230 3035 1283 Si
3087 1237 3348 1289 tacerem,
3387 1243 3492 1282 nec
3537 1242 3758 1297 agerem

2173 1322 2395 1392 gratias,
2433 1321 2501 1374 ad
2547 1321 2646 1376 has
2691 1321 3011 1376 scribendas
3057 1336 3178 1376 sum
3222 1320 3517 1384 adductus,
3554 1319 3761 1390 quibus

2176 1414 2609 1484 magnitudinem
2640 1424 2875 1469 vestram
2901 1415 3168 1479 obtestor,
3214 1421 3274 1468 ut
3297 1429 3398 1483 pro
3441 1411 3602 1467 nobis
3634 1412 3757 1466 fau-

2177 1517 2288 1562 stas
2323 1523 2487 1561 voces
2530 1506 2763 1571 deferat,
2815 1515 2929 1560 tum
2961 1506 3157 1561 victori
3203 1505 3518 1574 Christique
3552 1503 3757 1558 amanti

2178 1599 2517 1668 imperatori,
2547 1611 2662 1653 tum
2683 1599 2794 1653 Deo
2825 1598 3195 1653 dilectissimte
3223 1596 3758 1667 religiosissimaeque

2177 1690 2453 1760 Augustae,
2491 1707 2590 1760 pro
2629 1692 2831 1760 quibus
2872 1691 3078 1745 bonum
3117 1690 3407 1744 Dominum
3443 1688 3659 1752 invoco,
3699 1695 3758 1740 ut

2176 1779 2391 1833 ﬁrmum
2427 1779 2560 1849 ipsis
2604 1780 2894 1850 imperium
2926 1780 3218 1844 custodiat,
3255 1779 3401 1849 quod
3435 1786 3490 1833 et
3522 1777 3760 1833 subditis

2173 1872 2472 1926 clementer
2516 1873 2788 1942 proﬁciat,
2837 1882 2893 1927 et
2933 1873 3186 1926 hostibus
3226 1879 3493 1954 terrqrem
3524 1870 3756 1940 injiciat,

2172 1964 2648 2033 pmstabilemque
2694 1965 2952 2020 omnibus
3000 1981 3192 2035 pacem
3218 1965 3492 2019 conciliet.
3537 1963 3617 2017 Ad
3652 1963 3759 2018 hoc

2172 2055 2338 2109 etiam
2389 2056 2457 2110 ab
2485 2056 2565 2111 eis
2610 2056 2999 2126 postulandum
3040 2055 3357 2127 magnitudo
3396 2064 3577 2110 vestra
3610 2053 3757 2109 ﬂecti

2172 2161 2230 2201 se
2277 2146 2440 2211 sinat,
2488 2147 2832 2202 utEcclesiae
2866 2151 3179 2218 tempestati
3229 2147 3537 2218 perfectum
3590 2146 3758 2200 ﬁnem

2174 2238 2478 2308 imponant,
2523 2247 2577 2293 et
2625 2239 2890 2310 synodum
2950 2239 3109 2310 196
3140 2240 3459 2310 congregari
3503 2239 3758 2310 jubeant,

2173 2346 2285 2386 non
2317 2346 2511 2387 eorum
2551 2331 2773 2396 iterum,
2822 2331 2917 2401 qui
2967 2331 3292 2385 tumultuari
3346 2331 3492 2385 soliti
3535 2330 3761 2384 turbent

2175 2422 2503 2487 concilium,
2556 2422 2653 2477 sed
2709 2422 2804 2491 qui
2862 2437 2986 2476 cum
3037 2423 3222 2491 quiete
3270 2422 3509 2485 illorum,
3545 2422 3638 2491 qui
3676 2421 3762 2475 di-

2173 2515 2301 2569 vina
2330 2524 2459 2569 sunt
2478 2515 2678 2579 edocti,
2705 2525 2761 2570 et
2799 2514 3093 2584 apostolica
3133 2515 3383 2584 dogmata
3407 2512 3757 2577 conﬁrment,

2173 2616 2229 2661 et
2263 2608 2449 2677 spuria
2491 2618 2656 2678 atque
2695 2624 2725 2662 a
2779 2608 3012 2662 veritate
3074 2607 3251 2661 aliena
3298 2606 3569 2676 rejiciant.
3602 2627 3620 2657 ι

2241 2697 2306 2752 ν.
2354 2697 2437 2750 An
2469 2698 2851 2752 Theodorctus
2881 2699 2996 2767 ipse
3027 2697 3286 2768 Augustis
3317 2697 3519 2767 gratias
3560 2697 3758 2765 egerit,

2176 2788 2445 2841 incertum
2486 2797 2603 2852 est;
2645 2797 2855 2842 certum
2893 2786 3274 2849 nihilominus,
3307 2786 3571 2840 obtulisse
3604 2785 3762 2839 libel-

2173 2879 2286 2932 lum
2321 2893 2563 2946 precum.
2619 2877 2756 2931 Nam
2793 2877 2845 2930 in
2873 2878 3108 2931 concilio
3141 2876 3596 2939 Chalcedonensi,
3631 2891 3759 2929 cum

2175 2987 2275 3041 pro
2300 2986 2357 3025 se
2406 2971 2905 3041 interloqueretur:
2955 2971 3211 3035 «Preces,
3253 2970 3430 3039 inquit
3479 2969 3540 3033 “,
3582 2969 3762 3022 obtuli

2175 3062 2580 3126 sacratissimis,
2603 3071 2658 3116 et
2680 3061 2964 3131 piissimis,
2984 3069 3038 3116 et
3058 3060 3549 3116 Christianissimis
3564 3060 3760 3114 mundi

2174 3154 2432 3219 dominis,
2457 3162 2512 3209 et
2539 3155 2792 3209 enarravi
2821 3171 2942 3224 qua:
2983 3153 3036 3208 in
3069 3169 3155 3208 me
3189 3162 3308 3208 acta
3349 3160 3477 3207 sunt
3507 3153 3760 3216 vulnera,

2172 3259 2229 3303 et
2272 3263 2468 3317 precor
2506 3247 2604 3302 has
2645 3246 2871 3318 perlegi.
2905 3266 2923 3298 ›

2244 3341 2332 3396 Vl.
2367 3339 2525 3407 Quod
2549 3347 2834 3409 tantopere
2857 3337 3100 3408 optabat,
3134 3337 3186 3391 id
3210 3337 3522 3407 postulante
3544 3351 3762 3390 summo

2173 3430 2431 3502 pontiﬁce
2482 3431 2786 3500 perfectum
2812 3439 2943 3484 est:
2994 3429 3262 3498 imperiali
3312 3428 3584 3498 siquidem
3629 3443 3760 3482 san-

2174 3523 2356 3578 ctione
2405 3522 2611 3577 indicta
2652 3521 2925 3591 generalis
2977 3521 3221 3591 synodus
3257 3513 3450 3574 Nicaeae
3491 3519 3766 3591 Bithynia.-

2173 3614 2241 3669 ad
2265 3613 2537 3668 Kalendas
2567 3611 2908 3682 Septembris
2929 3613 3056 3666 anni
3093 3613 3216 3668 451.
3250 3613 3450 3668 Verum
3479 3611 3611 3666 urbs
3647 3626 3762 3666 non

2174 3703 2379 3775 placuit
2411 3703 2604 3774 legatis
2654 3703 2966 3774 apostolicae
2995 3703 3191 3758 sedis:
3238 3719 3408 3773 quare
3463 3702 3531 3756 ab
3583 3702 3760 3771 impc-

2175 3805 2355 3850 ratore
2382 3795 2748 3866 impetrarunt
2776 3795 3104 3850 commutari
3141 3795 3342 3858 locum,
3369 3794 3566 3864 partim
3595 3801 3651 3846 ut
3694 3809 3764 3847 ex

2173 3884 2441 3940 viciniore
2467 3895 2692 3956 possent
2723 3884 2858 3940 certi
2889 3885 3067 3939 nuntii
3095 3885 3247 3940 ocius
3271 3886 3326 3938 in
3360 3885 3551 3939 urbem
3591 3885 3760 3947 mitti,

2174 3976 2372 4047 partim
2409 3984 2469 4031 ut
2517 3976 2782 4046 principis
2841 3976 3223 4044 propinquitas
3280 3974 3542 4030 comitum
3577 3973 3759 4043 impo-

2178 4071 2403 4126 tentiam
2447 4069 2778 4133 contineret,
2835 4075 2891 4122 et
2947 4067 3396 4122 tumultuantium
3453 4066 3763 4122 seditiones

2174 4162 2584 4232 comprimeret.

2245 4255 2356 4310 VII.
2397 4254 2791 4312 Convenerunt
2829 4257 2996 4328 igitur
3046 4251 3447 4309 Chalcedonem
3511 4250 3760 4303 sexcenti

2173 4356 2230 4401 et
2277 4348 2501 4417 triginta
2549 4349 2778 4402 Patres:
2835 4345 3094 4402 convenit
3139 4353 3194 4398 et
3221 4343 3334 4412 ipse
3377 4339 3764 4394 'l‘hcodnretus

490 4429 651 4502 digna
675 4445 868 4500 passus
890 4437 1076 4485 esset:
1115 4447 1132 4479 ι
1155 4427 1582 4499 Magnitudinem
1629 4445 1796 4501 porro
1828 4439 2064 4486 vestram
2102 4440 2142 4493 ι)
2174 4441 2496 4494 nominatim
2563 4441 2864 4495 accersitus
2896 4482 2910 4505 ,
2961 4439 3166 4512 quippe
3219 4436 3311 4506 qui
3371 4433 3654 4504 pontiﬁcia
3705 4441 3762 4487 ει

489 4535 608 4585 cro,
657 4529 718 4576 ut
761 4521 978 4592 gratias
1018 4519 1156 4574 meis
1193 4519 1381 4574 verbis
1417 4521 1590 4590 agatis
1621 4520 1825 4576 Christi
1862 4524 2067 4577 amanti

488 4610 796 4682 victorique
846 4610 1196 4680 imperatori,
1247 4618 1303 4663 et
1365 4611 1794 4681 religiosissima:
1847 4613 2069 4683 Deoque

490 4701 863 4760 dilectissime
897 4703 1174 4772 Augustae,
1226 4703 1372 4771 quod
1411 4703 1500 4773 pio
1549 4703 1782 4773 imperio
1837 4705 2068 4760 validam

491 4792 735 4850 radicem
770 4793 1024 4848 dederint
1062 4792 1346 4861 pietatem,
1390 4794 1720 4864 illorumque
1761 4797 2068 4866 potentiam

491 4886 750 4944 exoratis,
807 4891 867 4936 ut
913 4881 1123 4936 ﬁrmam
1178 4881 1440 4940 Ecclesiis
1490 4900 1680 4954 pacem
1729 4884 1959 4953 efﬁciat,
2015 4897 2072 4942 et

493 4975 760 5046 synodum
814 4975 1131 5046 congregari
1185 4975 1400 5046 jubeat,
1464 4993 1574 5032 non
1619 4980 2072 5035 tumultuantium

495 5083 688 5123 rursus
726 5067 1008 5122 hominum
1057 5069 1151 5139 qui
1199 5077 1530 5125 conventum
1576 5073 1924 5141 perturbent,
1975 5075 2070 5128 sed

495 5159 742 5215 veritatis
769 5161 1071 5238 amantium
1101 5162 1193 5231 qui
1230 5162 1533 5217 doctrinam
1572 5164 1925 5232 apostolicam
1958 5175 2070 5220 sta-

494 5247 708 5314 biliant,
766 5266 1070 5320 novamque
1115 5252 1272 5305 istam
1319 5261 1374 5306 et
1420 5253 1784 5308 adulterinam
1839 5255 2069 5310 interesin

496 5344 885 5397 exterminent.
918 5364 934 5394 ι

2177 4533 2324 4603 regia
2375 4533 2706 4588 auctoritate
2752 4548 2907 4587 suam
2946 4532 2998 4586 in
3044 4530 3229 4585 sedem
3263 4536 3553 4583 restitutus
3588 4535 3763 4581 esset.

2243 4623 2490 4694 Cumque
2520 4624 2607 4679 die
2634 4625 2667 4677 8
2693 4625 2948 4679 Octobris
2994 4624 3186 4678 Patres
3216 4621 3452 4690 primum
3479 4619 3763 4673 consedis-

2175 4722 2316 4777 sent,
2356 4713 2627 4767 adntissus
2659 4713 2774 4782 ipse
2802 4729 3020 4783 quoque
3055 4720 3139 4766 est
3167 4711 3221 4764 in
3245 4724 3586 4764 consessum.
3622 4708 3762 4762 Rem

2175 4802 2448 4872 quomodo
2486 4812 2635 4871 gesta
2679 4804 2770 4867 sit,
2803 4809 2988 4857 narrat
3014 4817 3078 4855 ex
3105 4800 3241 4855 actis
3277 4797 3496 4853 concilii
3526 4796 3762 4850 Chalce-

2175 4896 2435 4949 donensis
2467 4893 2775 4958 Facundus,
2797 4909 2894 4948 eos
2919 4891 3192 4955 refellens,
3227 4891 3321 4961 qui.
3346 4889 3760 4944 'l‘heoduretum

2172 5003 2282 5040 non
2309 4986 2414 5039 nisi
2448 4995 2639 5040 octava
2685 4985 2930 5046 sessione
2970 4983 3267 5038 admissum
3308 4991 3578 5051 putarent.
3620 4999 3638 5030 ‹
3691 4981 3762 5033 Ει

2175 5076 2450 5147 quomodo
2503 5077 2759 5140 refertur,
2823 5076 3003 5145 inquit
3048 5075 3112 5141 ⁸⁵,
3166 5075 3220 5127 in
3268 5074 3512 5144 ejusdem
3560 5072 3760 5143 synodi

2174 5167 2366 5238 gestis,
2416 5165 2563 5235 quod
2612 5166 2674 5231 ,in
2721 5166 2838 5235 ipsa
2897 5168 3070 5236 prima
3115 5176 3328 5221 actione
3375 5163 3764 5219 TllOOdOl’f‘lUS

2175 5261 2319 5312 inter
2366 5257 2502 5311 alios
2547 5259 2559 5276 ‘
2609 5257 2897 5330 episcopos
2947 5258 3110 5321 sedit,
3166 5259 3450 5312 consulatu
3496 5256 3763 5312 Marciani

2178 5349 2432 5418 Augusti,
2483 5364 2579 5401 vm
2627 5348 2755 5403 ldus
2797 5347 3070 5404 Octobris.
3104 5350 3299 5404 Annon
3353 5349 3427 5403 ibi
3462 5349 3762 5403 continen-

1834 5501 2148 5558 SCHULZII
2188 5501 2414 5560 NOTAE.
2491 5559 2500 5566 .

567 5594 612 5669 ‘_"
650 5592 781 5669 Vitl._
824 5593 987 5669 t._lV_,
1029 5595 1188 5669 epist.
1227 5595 1348 5659 158,
1396 5596 1546 5669 ulla
1590 5596 1783 5669 "AVid.
1831 5605 1871 5669 t_.
1906 5597 1996 5660 IV,
2034 5613 2064 5652 c

2183 5641 2194 5652 .
2244 5598 2365 5652 158.
2443 5600 2488 5632 ³⁰
2516 5600 2689 5669 Epist.
2727 5599 2847 5653 140.
2926 5599 2967 5629 ³¹
2999 5597 3143 5650 Edit.
3173 5596 3356 5669 prior,
3415 5595 3758 5669 inriguiﬁcus.

496 5664 540 5696 ³¹
566 5662 802 5735 Considi.
852 5662 1078 5732 Potiusf
1109 5667 1213 5718 viro
1274 5665 1566 5733 consulari,
1623 5666 1890 5735 ὑπατικῷ.

491 5749 612 5805 cap.
649 5733 703 5790 3.

1998 5669 2044 5700 ³³
2067 5669 2232 5740 Epist.
2308 5671 2426 5727 159.

2525 5666 2724 5724 1"‘Yid.
2773 5670 2903 5724 Acta
2961 5683 3116 5724 conc.
3159 5666 3345 5722 Chalc.
3461 5668 3503 5699 "
3539 5668 3662 5723 Lib.
3698 5684 3760 5731 νο
