3954 6294
192 251 289 315 149

1369 260 1733 323 HISTORIA
1769 260 2276 321 THEODORETI.

3342 251 3456 324 150

192 374 278 418 tur
310 365 429 419 haec
475 363 694 420 verba?
719 365 1113 423 Gloriosissimi
1139 366 1355 438 judioes
1397 384 1453 421 et
1490 365 1766 435 amplissi-
1796 366 1846 424 Α
1871 374 2091 435 gnatur,
2134 367 2243 421 huc
2269 366 2480 421 utiliter
2509 363 2698 420 alieni
2719 380 2878 435 posse
2908 365 3019 420 visa
3044 373 3147 422 est.
3183 365 3273 423 Sic
3301 373 3446 424 enim

193 473 312 512 mus
333 468 564 513 senatus
586 459 845 514 dixerunt
871 477 884 513 :
911 460 1258 531 Ingrediatur
1279 459 1770 514 reverentlissimus

190 550 486 618 episcopus
527 549 936 615 Theodoretus,
989 563 1050 606 ut
1100 553 1173 606 sit
1222 552 1500 621 particeps
1550 549 1766 620 synodi,

195 643 318 706 quia
340 648 397 693 et
420 641 666 698 restituit
689 643 739 697 ei
769 644 1150 713 episcopatum
1178 643 1560 699 sanctissimus
1593 642 1773 695 archi-

199 731 511 801 episcopus,
556 741 613 786 et
665 735 1073 790 sacratissimus
1107 751 1168 789 ac
1204 735 1484 806 piissimus
1533 735 1770 804 impera-

198 831 278 873 tor
306 821 490 876 sanxit
510 837 637 876 eum
671 824 865 879 adesse
901 835 1104 881 sancta:
1128 827 1357 898 synodo.
1391 826 1773 880 Theodoretus

198 913 691 969 reverendissimus
749 917 1042 986 episcOpus
1098 912 1368 972 transiens
1415 919 1469 972 in
1528 917 1770 971 medium

193 1001 377 1056 dixit:
425 1004 626 1059 Preces
672 1006 849 1061 obtuli
889 1009 1279 1063 sacratissimis
1329 1019 1384 1063 et
1417 1008 1774 1062 Christianis-

194 1094 347 1148 simis
389 1095 543 1149 orbis
587 1097 849 1162 dominis,
891 1107 947 1152 et
996 1101 1212 1154 narravi
1265 1115 1387 1169 qua:
1425 1100 1479 1153 in
1525 1115 1611 1154 me
1653 1108 1770 1153 acta

192 1194 317 1238 sunt
358 1186 608 1250 vulnera,
666 1195 721 1241 et
758 1204 952 1258 precor
989 1190 1088 1244 has
1129 1191 1360 1261 pellegi.
1395 1191 1462 1245 Et
1485 1200 1606 1260 post
1633 1189 1774 1245 hanc

193 1275 442 1344 ejusdem
472 1281 921 1335 reverendissimi
949 1282 1284 1339 Theodoreti
1305 1283 1768 1353 prosecutionem,

192 1366 698 1436 interloquentibus
734 1371 932 1425 iterum
965 1371 1378 1442 gloriosissimis
1414 1371 1694 1443 judicibus
1719 1382 1774 1426 et

193 1465 412 1520 senatu,
470 1459 618 1527 quod
668 1468 724 1513 et
767 1475 797 1514 a
840 1463 1183 1517 sanctissimo
1243 1464 1502 1533 episcopo
1560 1463 1774 1533 inclytae

194 1549 350 1602 urbis
405 1550 590 1604 Romae
624 1553 906 1621 proprium
953 1555 1135 1608 locum
1186 1554 1487 1624 recepisset
1517 1555 1770 1608 Theodo—

193 1647 366 1702 retus,
421 1649 479 1694 et
521 1643 897 1698 testimonium
931 1645 1161 1700 haberet
1195 1645 1412 1699 Maximi
1445 1645 1768 1700 Antiocheni

190 1728 469 1798 episcopi,
526 1731 672 1800 quod
731 1733 1015 1789 catholica:
1066 1733 1190 1788 fidei
1257 1743 1434 1797 esset,
1491 1735 1632 1788 sicut
1692 1735 1766 1789 ibi

191 1817 456 1887 scriptum
496 1829 599 1884 est,
653 1822 796 1877 sedit
841 1823 897 1877 in
941 1824 1157 1890 medio;
1207 1825 1434 1895 ipsoque
1479 1833 1767 1894 praesente,

190 1916 243 1961 et
297 1910 445 1965 inter
503 1912 638 1977 aliis
667 1915 955 1984 episcopos
1003 1915 1346 1980 considente,
1382 1917 1606 1971 recitata
1645 1926 1771 1971 sunt

190 2015 310 2068 quae
341 2000 448 2054 sub
497 2002 762 2058 Dioscoro-
785 2004 986 2073 Ephesi
1021 2006 1240 2060 fuerant
1298 2015 1466 2076 gesta,
1511 2017 1615 2061 etc.
1659 2027 1674 2058 ι

263 2090 397 2144 VIII.
440 2090 787 2147 Obstiterunt
827 2095 924 2148 diu
976 2098 1309 2151 tumultuose
1343 2097 1578 2168 [Egyptii
1605 2097 1766 2151 simul

188 2191 242 2235 et
268 2181 567 2252 Illyriciani
586 2200 652 2239 ac
681 2185 976 2248 Palaestini,
1004 2186 1368 2242 vociferantes
1421 2189 1576 2259 rejici
1613 2187 1768 2258 197

187 2270 473 2342 Cyrillum,
517 2289 642 2327 cum
691 2275 935 2345 magistri
972 2276 1229 2339 Nestorii,
1261 2291 1385 2331 cum
1416 2277 1638 2333 Iudaeus
1664 2279 1768 2332 im-

189 2371 461 2434 pugnator
502 2364 620 2428 Dei,
666 2380 790 2419 cum
835 2377 1124 2421 accusator
1151 2367 1359 2437 Cyrilli,
1397 2385 1521 2424 cum
1555 2372 1767 2439 recipe—

188 2465 341 2511 retur
380 2459 567 2521 homo,
619 2461 713 2529 qui
764 2460 1016 2531 injuriam
1069 2461 1288 2517 fecisset
1338 2462 1575 2529 Christo,
1604 2479 1767 2533 quem

188 2551 336 2605 Deus
368 2561 656 2606 aversatus
681 2552 772 2617 sit,
813 2554 901 2608 cui
926 2555 1182 2610 universa
1217 2557 1456 2627 synodus
1482 2558 1769 2612 anathema

188 2641 440 2695 dixisset.
485 2641 675 2697 Posuit
721 2645 989 2698 tumultus
1034 2645 1536 2715 interloquentibus
1564 2649 1768 2717 princi-

187 2731 372 2800 pibus,
407 2747 680 2802 suumque
703 2733 906 2798 locum,
941 2734 1036 2789 sed
1063 2737 1185 2806 jure
1216 2737 1438 2805 quidem
1465 2735 1767 2799 liduciario,

188 2822 576 2880 Theodoretus
611 2827 806 2891 tenuit,
848 2827 1022 2882 donec
1057 2829 1270 2883 actione
1304 2839 1494 2884 octava
1527 2830 1591 2884 lis
1630 2831 1770 2902 diju-

189 2911 370 2967 dicata
406 2923 513 2967 est.

261 3002 354 3059 IX.
390 3005 692 3076 Beni‘gnius
724 3015 906 3062 actum
941 3017 1024 3064 est
1055 3024 1178 3064 cum
1208 3011 1578 3077 Theodoreto,
1607 3029 1768 3082 quam

190 3107 314 3146 cum
361 3094 604 3148 Eusebio
640 3095 990 3167 Dorylwensi,
1018 3099 1121 3152 etsi
1154 3099 1322 3154 fuerit
1352 3115 1452 3170 par
1484 3101 1770 3170 utriusque

192 3183 442 3238 conditio
471 3202 484 3238 :
534 3184 725 3240 ambos
769 3187 915 3241 enim
945 3198 1070 3258 post
1105 3190 1456 3258 dijudicatam
1486 3206 1552 3245 ex
1582 3192 1770 3261 appel-

191 3275 398 3332 latione
460 3291 704 3338 causam,
766 3278 1059 3333 concilium
1108 3281 1414 3334 Romanum
1458 3281 1773 3336 restituerat

193 3367 249 3423 in
286 3368 501 3424 sedem.
549 3368 854 3439 Singularis
896 3373 1086 3442 gratiae
1132 3387 1296 3427 causa
1341 3373 1464 3438 fuit,
1513 3373 1660 3443 quod
1709 3389 1772 3428 ex

193 3461 578 3516 novemdecim
634 3461 764 3516 viris
811 3462 1136 3530 illustribus,
1185 3465 1277 3534 qui
1309 3481 1407 3535 pro
1446 3466 1774 3535 imperatore

194 3553 426 3608 aderant
466 3555 698 3626 synodo,
727 3555 918 3609 decem
947 3556 1296 3612 Theodoreto
1337 3557 1587 3612 faverent
1616 3576 1627 3610 :
1665 3565 1776 3612 tres

194 3661 259 3699 ex
279 3646 645 3715 principibus,
673 3646 977 3711 Anatolius,
1001 3648 1352 3704 Vincomalus
1371 3659 1428 3704 et
1451 3648 1771 3718 Sporacius;

195 3745 406 3806 septem
470 3754 537 3792 ex
599 3748 814 3801 senatu,
871 3739 1202 3804 Florentius,
1251 3739 1503 3804 Senator,
1546 3741 1772 3807 Nomus,

196 3828 555 3899 Protogenes,
587 3829 930 3892 Theodorus,
955 3830 1296 3901 Apollonius,
1325 3841 1380 3887 et
1399 3831 1771 3888 Constantius.

195 3916 537 3989 Quamquam
581 3919 815 3976 faciebat
868 3920 1035 3975 etiam
1080 3937 1179 3991 pro
1215 3923 1560 3977 Theodoreto
1607 3941 1772 3993 pecu-

192 4011 347 4065 liaris
395 4011 558 4074 ratio,
591 4012 736 4081 quod
785 4029 906 4068 cum
940 4028 1101 4066 nemo
1141 4014 1263 4083 ipsi,
1307 4015 1532 4084 perinde
1562 4032 1624 4070 ac
1654 4017 1776 4071 aliis

193 4103 401 4171 Ephesi
448 4103 732 4173 depositis,
791 4105 1125 4160 substitutus
1170 4115 1334 4171 esset,
1393 4116 1608 4177 poterat
1647 4108 1777 4162 faci-

191 4193 301 4248 lius
350 4193 406 4247 in
453 4210 773 4250 consessum
823 4196 1038 4250 admitti
1076 4196 1193 4252 sine
1238 4199 1464 4254 alterius
1494 4208 1589 4254 aut
1632 4215 1773 4268 prte-

187 4285 402 4355 judicio
441 4295 536 4340 aut
578 4287 943 4357 oppositione.

1873 459 2106 528 singula,
2148 458 2262 514 sive
2302 457 2578 528 adjuncta,
2631 457 2748 511 sive
2771 457 2938 512 verba
2985 456 3446 520 observabuntur,

1873 548 2106 615 facilius,
2157 564 2260 604 nec
2305 548 2423 603 sine
2469 563 2650 617 operae
2691 547 2891 617 pretio,
2939 563 3064 602 cum
3100 547 3226 604 inde
3269 551 3451 604 multa:

1875 639 1995 693 ﬁeri
2046 640 2114 694 ab
2146 639 2380 694 eruditis
2415 639 2588 694 solitae
2623 639 2954 708 quaestiones
2990 656 3100 694 non
3131 657 3327 711 magno
3356 657 3448 695 ne-

1874 730 2022 801 gotio
2068 729 2369 785 solvantur.
2419 731 2510 784 Sic
2567 745 2697 800 ergo
2746 731 2875 785 Acta
2930 746 2990 785 se
3033 732 3284 787 habent:

1951 839 1969 872 ‹
1995 821 2389 876 Residentibus
2434 821 2690 874 omnibus
2733 830 2859 876 ante
2898 824 3174 877 cancellos
3214 825 3445 878 sanctis-

1873 911 1997 966 simi
2031 912 2220 967 altaris
2257 912 2696 966 reverendissimi
2741 911 2982 981 episcopi
3029 913 3444 968 clamaverunt:

1875 1003 2223 1057 Theodoretus
2252 1004 2401 1056 modo
2433 1005 2844 1058 anathematizet
2882 1004 3206 1059 Nestorium.

1951 1112 1967 1143 ι
2001 1094 2382 1149 Theodoretus
2422 1095 2917 1150 reverendissimus
2949 1096 3241 1165 episcopus
3267 1106 3446 1150 trans-

1873 1184 1991 1240 iens
2042 1187 2095 1240 in
2136 1186 2375 1240 medium
2405 1185 2540 1240 dixit
2577 1205 2590 1239 :
2633 1186 2700 1239 Et
2739 1203 2912 1256 preces
2939 1187 3102 1240 obtuli
3131 1188 3449 1242 divinissinto

1874 1295 1936 1331 ac
1960 1280 2190 1348 piissimo
2221 1280 2552 1348 imperatori,
2592 1287 2638 1330 et
2675 1279 2873 1332 libellos
2929 1280 3093 1333 obtuli
3133 1281 3450 1333 reverendis-

1871 1373 2016 1424 simis
2048 1372 2296 1440 episcopis
2330 1373 2599 1440 agentibus
2634 1373 2801 1425 locum
2836 1374 3250 1428 rererendissimi
3282 1375 3450 1426 archi-

1873 1465 2096 1532 episcOpi
2125 1462 2329 1525 Leonis;
2369 1470 2438 1525 et,
2473 1463 2517 1515 si
2561 1463 2697 1515 vobis
2728 1464 2951 1528 videtur,
2985 1463 3229 1534 lcgantur
3273 1481 3448 1518 coram

1873 1553 2032 1618 vobis,
2068 1561 2124 1605 ut
2167 1554 2300 1606 sicut
2347 1554 2496 1622 sapio
2551 1556 2895 1624 cognoscatis.

1953 1664 1970 1695 ι
2010 1643 2471 1699 Reverendissimi
2521 1644 2764 1714 episcopi
2819 1645 3193 1700 clamaverunt
3244 1665 3254 1698 :
3310 1646 3454 1700 Nihil

1881 1735 2039 1806 relegi
2081 1735 2358 1798 volumus;
2407 1736 2558 1789 modo
2589 1738 2980 1790 anathematiza
3025 1738 3345 1791 Nestorium.
3465 1725 3468 1728 ί

1955 1847 1972 1880 ‹
2012 1826 2392 1882 Theodoretus
2422 1828 2918 1883 reverendissimus
2949 1829 3241 1898 episcopus
3265 1829 3405 1882 dixit
3439 1846 3448 1879 :

1883 1921 1990 1990 Ego
2026 1937 2118 1990 per
2166 1919 2262 1972 Dei
2315 1919 2543 1989 gratiam
2585 1920 2649 1973 ab
2692 1920 2991 1973 orthodoa‘is
3032 1937 3150 1972 sum
3202 1920 3450 1981 nutritus,

1881 2019 1927 2064 et
1969 2010 2251 2064 orthodoxe
2290 2029 2408 2066 sum
2452 2012 2682 2075 edoctus,
2722 2022 2771 2064 et
2810 2011 2970 2080 198
3001 2010 3282 2064 orthodoxe
3315 2027 3450 2080 prce-

1877 2104 2084 2168 dicavi;
2147 2111 2196 2156 et
2251 2119 2356 2156 non
2405 2103 2575 2156 solum
2610 2103 2908 2156 Nestorium
2964 2112 3013 2155 et
3042 2100 3330 2171 Eutychen,
3366 2103 3458 2154 sed
3509 2087 3512 2092 ’

1877 2203 1925 2246 et
1963 2210 2170 2247 omnem
2215 2196 2497 2258 hominem,
2532 2197 2622 2264 qui
2680 2204 2816 2247 recte
2868 2211 2972 2248 non
3020 2203 3177 2263 sapit,
3221 2211 3452 2256 aversor,

1877 2292 1927 2338 et
1969 2285 2204 2340 alienum
2239 2287 2498 2342 existimo.

1955 2390 1972 2422 ι
2001 2371 2068 2427 Et
2109 2373 2237 2427 dum
2284 2373 2499 2429 diceret
2547 2375 2681 2438 haec,
2718 2375 3158 2429 reverendissimi
3211 2375 3454 2444 episcopi

1877 2463 2254 2528 clamaverunt
2284 2485 2294 2519 :
2334 2465 2491 2521 Clare
2525 2468 2606 2521 dic
2651 2469 2935 2521 anathema
2971 2467 3210 2520 Nestorio
3239 2474 3287 2519 et
3323 2467 3452 2536 dog-

1879 2555 2107 2609 matibus
2161 2557 2306 2626 ejus;
2343 2557 2627 2610 anathema
2654 2557 2895 2611 Nestorio
2918 2567 2966 2610 et
2991 2557 3290 2611 amantibus
3317 2573 3455 2609 cum.

1957 2665 1976 2696 ι
2017 2645 2400 2701 Theodoretus
2431 2645 2926 2701 reverendissimus
2947 2646 3240 2716 episcopus
3268 2645 3407 2700 dixit
3434 2659 3451 2698 ς

1881 2737 2008 2790 Vere
2059 2751 2163 2790 non
2201 2736 2336 2800 dico,
2395 2738 2498 2790 nisi
2558 2745 2816 2807 quomodo
2879 2739 2996 2790 novi
3049 2736 3157 2790 Deo
3217 2735 3455 2807 placere.

1879 2827 2035 2882 Prius
2065 2827 2334 2896 satisfacio
2361 2828 2522 2891 nobis,
2565 2828 2691 2897 quia
2736 2843 2900 2896 neque
2935 2827 2996 2879 de
3026 2827 3233 2881 civitate
3266 2828 3452 2896 cogito,

1879 2936 2044 2990 neque
2083 2922 2276 2974 honore
2313 2937 2439 2991 opus
2468 2921 2652 2983 habeo,
2681 2936 2846 2990 neque
2881 2919 2948 2973 ob
2976 2921 3074 2973 hoc
3121 2919 3341 2982 adveni;
3363 2915 3458 2972 sed

1879 3013 2001 3081 quia
2035 3010 2360 3065 calumniam
2407 3028 2590 3081 passus
2641 3028 2780 3072 sum,
2837 3011 2953 3062 veni
3001 3010 3327 3078 satisfacere,
3377 3027 3457 3062 me

1875 3120 1982 3157 esse
2016 3105 2380 3166 orthodoxam,
2414 3112 2462 3155 et
2494 3119 2701 3156 omnem
2747 3104 3064 3166 hcereticum,
3109 3102 3196 3171 qui
3228 3105 3456 3156 conuerti

1877 3193 2121 3257 noluerit,
2162 3194 2572 3256 anathematizo,
2623 3203 2670 3247 et
2719 3193 3021 3248 Nestorium
3058 3201 3106 3246 et
3165 3192 3454 3264 Eutychen,

1876 3293 1924 3335 et
1971 3298 2178 3336 omnem
2229 3283 2489 3336 hominem
2537 3282 2793 3336 dicentem
2838 3281 2920 3335 vel
2950 3282 3254 3352 opinantem
3325 3281 3456 3335 duos

1875 3372 2036 3441 filios,
2072 3373 2480 3426 anathematizo.

1957 3483 1974 3514 ι
2013 3465 2078 3518 Et
2111 3479 2235 3519 cum
2261 3463 2490 3529 diceret,
2517 3463 2960 3519 reverendissimi
2986 3462 3229 3533 episcopi
3254 3463 3455 3518 clama-

1878 3567 2114 3612 verunt:
2144 3555 2240 3609 Dic
2286 3563 2466 3627 aperte
2519 3556 2804 3609 anathema
2847 3554 3108 3619 Nestorio,
3153 3563 3204 3607 et
3236 3555 3317 3617 iis,
3367 3555 3456 3623 qui

1876 3668 1960 3713 ea,
2002 3665 2124 3719 quw
2165 3649 2278 3719 ejus
2325 3657 2468 3710 sunt,
2507 3649 2742 3718 sapiunt.

1956 3761 1979 3789 σε
2007 3740 2389 3796 Theodoretus
2425 3738 2914 3793 reverendissimus
2953 3739 3243 3808 episcopus
3275 3738 3413 3792 dixit
3440 3757 3452 3791 :

1881 3835 1990 3904 Ego
2022 3834 2124 3887 nisi
2160 3848 2470 3902 exposuero,
2497 3831 2755 3903 quomodo
2787 3830 2960 3893 credo,
2993 3846 3095 3883 non
3135 3830 3267 3882 dico.
3305 3829 3457 3883 credo

1879 3934 2074 3979 autem.

1957 4037 1974 4067 ‹
2005 4021 2021 4037 ⁰
2055 4017 2121 4072 Et
2157 4032 2279 4070 cum
2325 4016 2553 4079 diceret,
2592 4014 3032 4070 reverendissimi
3073 4015 3316 4083 episcopi
3346 4015 3447 4068 cla-

1879 4122 2166 4162 maverunt
2197 4127 2208 4160 :
2242 4109 2346 4161 Iste
2394 4108 2667 4160 hwreticus
2720 4114 2813 4165 est,
2848 4106 2943 4157 iste
2980 4103 3327 4156 Nestorianus
3357 4112 3454 4167 est,

1877 4199 2178 4252 [teretia-um
2225 4199 2369 4268 foras
2423 4197 2587 4248 mitte.

1961 4310 1978 4341 ι
2007 4291 2392 4343 Theodoretus
2425 4287 2918 4342 reverendissimus
2953 4287 3244 4357 episcopus
3282 4288 3450 4342 dixit:

265 4376 401 4440 Cum
451 4378 665 4435 actione
687 4379 924 4434 secunda
946 4382 1084 4436 lecta
1109 4392 1254 4437 esset
1292 4382 1549 4452 synodica
1575 4381 1774 4436 Leonis
1806 4385 1850 4442 D
1878 4383 2173 4438 Anathema
2196 4381 2435 4434 Nestorio
2464 4389 2513 4432 et
2539 4381 2605 4444 ei,
2633 4382 2720 4451 qui
2750 4397 2851 4433 non
2876 4379 2996 4433 dicit
3028 4380 3126 4434 Dei
3153 4381 3454 4451 genitricem

191 4467 372 4539 Magni
416 4470 484 4524 ad
530 4470 848 4525 Flavianum
893 4471 958 4536 ³⁸,
1010 4471 1266 4543 illiusque
1325 4483 1434 4526 tres
1491 4473 1774 4528 sementim

189 4560 525 4632 Illyricianis
569 4579 633 4618 ac
687 4563 989 4619 Palaestinis
1019 4565 1146 4619 visa:
1187 4575 1371 4620 essent
1415 4565 1770 4629 dubitabilcs,

186 4649 409 4718 priores
449 4649 588 4705 duas
616 4651 805 4706 Aetius
834 4653 1117 4716 diaconus,
1151 4655 1363 4707 tertiam
1396 4655 1775 4712 Theodoretus

185 4743 398 4814 Cyrillo
447 4744 740 4798 concinere
782 4745 1041 4800 ostendit.

267 4837 323 4892 Id
354 4851 486 4890 vero
525 4853 688 4906 quam
715 4845 926 4907 gratum
963 4838 1226 4892 acciderit
1253 4837 1445 4901 Leoni,
1474 4838 1775 4894 ostendunt

185 4931 626 5003 cxpressissimis
674 4931 856 4986 verbis
886 4931 1080 4986 litterae
1109 4931 1176 4985 ad
1201 4931 1605 4989 Theodoretum
1635 4931 1772 4986 data:

184 5033 318 5096 post
359 5024 664 5093 legatorum
710 5023 944 5078 reditum
980 5024 1046 5086 ³⁷,
1096 5024 1298 5093 quibus
1352 5039 1510 5076 suum
1556 5021 1661 5093 ipsi
1717 5024 1769 5078 in

183 5115 394 5171 litteris
442 5115 756 5184 apostolicae
794 5115 938 5170 sedis
975 5114 1334 5169 defendendis
1364 5116 1605 5170 studium
1651 5132 1771 5185 gra-

185 5208 419 5262 tulatur.

263 5298 331 5352 Χ.
395 5298 684 5354 Actionem
732 5307 976 5352 octavam
1037 5314 1144 5352 una
1195 5298 1306 5350 fere
1369 5307 1534 5350 totam
1598 5298 1771 5352 tenuit

185 5391 525 5446 Theodoreti
581 5405 767 5453 causa,
809 5407 930 5458 qua'.
973 5392 1250 5459 quomodo
1299 5391 1348 5443 in
1405 5391 1552 5443 Actis
1593 5391 1771 5442 consi-

1885 4471 2141 4542 Virginem
2164 4471 2413 4531 Mariam,
2446 4478 2494 4522 et
2531 4471 2619 4539 qui
2643 4469 2696 4522 in
2717 4469 2846 4522 duos
2875 4469 3013 4536 ﬁlios
3036 4471 3266 4541 partitur
3293 4485 3453 4522 unum

1878 4562 2072 4617 Filium
2111 4561 2462 4631 unigenitum.
2521 4559 2632 4630 Ego
2694 4569 2872 4613 autem
2903 4571 2948 4612 et
3008 4561 3132 4628 fidei
3165 4559 3453 4628 deﬁnitioni

1874 4653 2174 4722 subscripsi,
2219 4659 2268 4703 et
2291 4651 2523 4720 epistola:
2556 4652 2875 4704 sanctissimi
2900 4661 2948 4703 et
2985 4651 3075 4705 Dei
3105 4651 3454 4705 amantissimi

1877 4743 2251 4813 archiepiscopi
2288 4743 2487 4796 domini
2535 4742 2740 4806 Leonis,
2779 4753 2827 4796 et
2883 4746 2954 4796 sic
2986 4746 3158 4812 sapio.
3208 4743 3275 4797 Et
3335 4751 3456 4812 post

1877 4837 2059 4890 omnia
2090 4837 2206 4890 haec
2262 4835 2398 4890 dixit
2428 4854 2440 4889 :
2477 4833 2705 4889 Salvete.

1955 4945 1975 4978 ς
2009 4926 2630 4996 Gloriosissimijudices
2663 4928 2921 4980 dixerunt
2952 4948 2963 4980 :
2995 4926 3174 4982 Omnis
3197 4929 3313 4998 jum
3353 4931 3451 4982 du-

1877 5021 2062 5074 bitatio
2093 5019 2154 5072 de
2199 5019 2515 5073 Theodoreto
2549 5019 2979 5071 reverendissimo
3005 5019 3239 5088 episcopo
3266 5028 3338 5072 est
3373 5036 3458 5072 so.

1880 5113 1992 5167 luta
2025 5130 2040 5168 :
2087 5114 2276 5183 quippe
2331 5120 2380 5164 ct
2416 5110 2714 5165 Nestorium
2756 5127 2934 5165 coram
2966 5111 3104 5166 vobis
3140 5113 3453 5165 anathema-

1880 5207 2080 5267 tisarit,
2128 5215 2173 5258 et
2205 5222 2235 5258 a
2275 5204 2606 5257 sanctissimo
2633 5213 2680 5256 et
2711 5202 2808 5256 Dei
2836 5203 3200 5256 antatttissimo
3232 5203 3452 5256 senioris

1883 5297 2022 5350 urbis
2063 5294 2240 5348 Roma:
2259 5295 2430 5347 Leone
2448 5302 2716 5364 susceptus
2745 5301 2840 5356 est,
2869 5300 2917 5343 et
2951 5290 3305 5358 deﬁnitionem
3331 5291 3455 5360 ﬁdei

1881 5406 1912 5443 a
1945 5386 2291 5458 religiositatc
2336 5394 2507 5439 vestra
2540 5383 2809 5453 prolatam
2861 5383 3081 5436 libenter
3110 5382 3356 5452 suscepit,
3407 5389 3452 5431 et

1518 5544 1835 5601 SLIIELZII
1880 5542 2107 5599 NOTAE.

265 5690 308 5722 '°
332 5686 450 5745 Vid.
489 5681 736 5741 Facund.
781 5681 876 5738 lib.
914 5697 966 5746 γ,
1007 5696 1126 5751 cap.

1312 5679 1350 5710 ³⁷
1389 5677 1505 5734 Vid.
1551 5685 1590 5730 t.
1641 5677 1731 5743 IV,
1773 5695 1825 5747 p.
1874 5677 2005 5734 “("5
2040 5692 2154 5744 seq.
