3954 6294
492 237 626 305 ε-ηι

1688 248 2065 318 GARNERII
2098 258 2595 323 DISSERTATIO
2636 264 2684 325 Ι.

3650 244 3772 329 ⁸1ῑᾶ

526 349 752 423 insuper
790 352 1028 425 epistolis
1065 352 1349 416 memorati
1388 366 1711 421 sanctissimi
1739 370 2116 442 archiepiscopi
2144 383 2187 433 Α
2288 377 2667 448 episcOpatum.
2705 350 3027 448 γε’ᾉδτξῖρέι
3057 394 3103 448 αν
3140 350 3323 432 sancto
3353 347 3537 432 'Leone
3571 379 3771 435 litteras

498 440 715 500 .Leonis
751 446 1073 520 subscripsit.
1106 451 1264 506 Deest
1287 455 1453 525 igitur
1481 466 1537 509 ut
1569 462 1827 515 sententia
1856 440 2099 534 profera-

525 539 614 586 tur
641 551 673 588 a
711 540 1003 592 reuerentia
1034 546 1227 607 vestra,
1266 553 1324 597 ut
1353 543 1645 603 Ecclesium
1675 567 1828 605 suam
1856 555 2097 626 recipiat,

522 627 657 680 sicut
697 637 748 681 et
780 632 1144 686 sanctissimus
1181 633 1285 688 Leo
1340 637 1612 710 episcopus
1652 643 1933 713 judicavit.

600 735 619 768 ι
657 718 857 773 Omnes
910 723 1353 780 reverendissimi
1395 728 1636 801 episcopi
1680 734 2094 792 clamaverunt:

523 802 868 861 Theodoretus
917 808 1108 881 dignus
1145 823 1221 868 est
1263 819 1404 883 sede,
1435 817 1673 876 Ecclesia
1711 832 1977 893 pastorem
2012 845 2097 882 re-

517 895 676 965 cipiat
709 911 729 951 :
747 900 1096 957 orthodoxum
1120 904 1381 961 doctorem
1410 907 1645 966 Ecclesia
1668 916 1905 985 recipiat,
1932 916 2093 973 Theo-

518 986 732 1042 doretus
770 990 959 1062 dignus
985 1002 1061 1048 cst
1087 995 1210 1049 sede
1237 1013 1257 1052 :
1291 999 1680 1072 archiepiscopo
1710 1004 1873 1060 Leoni
1904 1007 2095 1065 multos

426 1094 431 1099 ’
516 1092 706 1131 annos.
753 1078 877 1134 Post
907 1081 1074 1137 Deum
1125 1084 1229 1139 Leo
1248 1087 1550 1156 judicavit:
1592 1093 1819 1163 populus
1846 1099 2094 1152 orthodo-

513 1176 644 1224 zu‘m
675 1173 896 1243 recipiat
930 1175 1146 1248 dignum
1182 1192 1283 1232 sua
1323 1183 1465 1234 sede.
1507 1180 1820 1240 Theodoreto
1842 1188 2094 1245 catholico

515 1260 717 1316 doctori
763 1263 1018 1319 reddatur
1052 1265 1311 1323 Ecclesia.

596 1371 614 1400 ι
647 1351 1008 1411 Paschasinus
1053 1367 1111 1411 et
1153 1357 1452 1415 Lucentius
1490 1366 1934 1424 reverendissimi
1971 1371 2090 1440 epi-

517 1443 695 1512 scopi,
729 1451 787 1497 et
806 1443 1121 1504 Bonifacius
1142 1451 1639 1510 reverendissimus
1668 1456 1975 1531 presbyter,
2008 1462 2094 1517 in-

516 1544 681 1599 super
694 1539 749 1585 et
766 1531 1017 1590 Julianus
1031 1538 1523 1597 reverendissimus
1535 1544 1827 1615 episcopus
1841 1546 2089 1616 Coensis,

517 1617 784 1677 habentes
808 1623 992 1679 locum
1007 1628 1322 1696 apostolicae
1337 1631 1485 1687 sedis
1499 1633 1757 1690 dixerunt
1774 1657 1786 1691 :
1805 1636 2089 1695 Sanctissi-

2281 446 2609 501 utilissimas.
2659 447 2770 501 VII.
2796 446 2871 530 De
2905 446 3195 570 Aetii
3227 447 3363 531 VIII.
3398 447 3588 531 scribit
3608 450 3768 504 Theo-

2281 515 2491 570 doretus
2548 517 2797 570 adversus
2838 517 2897 570 id
2943 533 3045 570 auo
3125 518 3190 570 de
3246 518 3397 570 Aetio
3446 520 3765 570 iactabatur.

2277 515 2491 589 daretus
2548 517 2897 589 adversusiid
2924 515 3083 589 ‘quod
3125 518 3190 571 de
3246 518 3397 573 Aetio
3435 520 3765 589 jactubatur.

2274 584 2362 637 1x.
2383 583 2452 639 Et
2480 588 2885 640 commentarios
2915 583 2971 640 in
3008 585 3402 643 Octateuchum.

2595 675 2673 727 Ab
2698 690 2826 726 asino
2858 675 3041 728 Christi
3063 676 3150 726 451
3175 677 3236 727 ad
3263 676 3371 728 458.

2269 784 2310 838 l.
2340 784 2469 850 Quze
2492 792 2617 855 post
2666 783 2908 840 solutum
2942 784 3234 840 concilium
3284 785 3470 856 gessit,
3512 803 3620 843 non
3656 797 3766 844 tam

2197 877 2430 931 fortasse
2454 875 2509 928 in
2534 875 2774 931 obscuro
2799 874 2992 943 latent,
3015 890 3179 944 quam
3205 876 3475 932 Baronius
3515 876 3765 933 Sirmon-

2197 966 2411 1034 dusque
2452 965 2556 1023 rati
2595 975 2724 1020 sunt
2752 981 2766 1018 :
2796 980 2924 1019 nam
2961 974 3018 1020 et
3062 979 3230 1035 opera
3261 965 3372 1021 duo
3417 968 3763 1038 conscripsit,

2195 1053 2665 1124 przestantissimis
2710 1052 3022 1124 quibusque
3049 1053 3333 1123 prioribus
3367 1056 3549 1124 paria;
3582 1066 3640 1112 et
3670 1057 3764 1112 lit-

2198 1154 2342 1200 teras
2373 1144 2526 1201 dedit
2573 1145 2893 1215 accepitque
2942 1144 3070 1199 ﬁdei
3124 1160 3239 1203 suis
3289 1153 3492 1213 testes;
3545 1155 3601 1202 et
3637 1162 3763 1203 eam

2196 1236 2354 1291 inivit
2383 1235 2653 1291 rationem
2677 1236 2824 1301 vilae,
2874 1250 2980 1306 qua
3010 1235 3312 1305 superioris
3346 1236 3607 1307 temporis
3642 1251 3761 1293 ma-

2193 1326 2346 1382 culas
2366 1325 2681 1396 abstergere
2709 1326 2912 1395 potuit,
2943 1325 3252 1397 dignusque
3276 1325 3531 1394 evadere,
3566 1327 3661 1399 qui
3695 1327 3763 1383 ﬁ-

2192 1430 2317 1470 nem
2352 1415 2470 1471 suis
2502 1413 2677 1469 initiis
2721 1415 2884 1484 plane
2935 1414 3274 1472 admirandis
3320 1431 3623 1489 congruum
3664 1419 3763 1491 ha-

2192 1507 2377 1565 buisse
2403 1507 2605 1563 merito
2627 1507 2874 1563 creditus
2903 1507 2995 1563 sit.
3736 1568 3739 1571 η

2260 1603 2454 1659 Statim
2476 1602 2644 1674 igitur
2665 1610 2886 1679 peracta
2912 1602 3140 1676 synodo,
3163 1602 3439 1675 proripuit
3461 1619 3582 1661 sese
3597 1603 3758 1661 Chal-

472 1706 479 1713 ’
515 1726 660 1765 muns
675 1721 727 1767 et
756 1694 1103 1772 venerabilem
1123 1723 1420 1793 episcopum
1435 1724 1807 1783 Theodoretum
1825 1694 2090 1789 sanctissi-
2120 1714 2163 1771 Β
2190 1695 2421 1793 done’
2450 1695 2582 1793 ,θίγε
2613 1694 3388 1793 ΞῳξυὼωίυωΈθηπδυῆ
3412 1710 3551 1793 qua?
3568 1695 3759 1793 “gere

516 1816 631 1855 mus
652 1810 703 1855 et
732 1803 1057 1873 beatissimus
1087 1811 1345 1868 universes
1366 1814 1616 1872 Ecclesia
1652 1820 1922 1893 episcopus
1948 1825 2088 1880 urbis

496 1891 694 1959 Roma
722 1895 826 1953 Leu
879 1898 1079 1954 dudum
1112 1902 1169 1955 in
1198 1908 1616 1962 communionem
1643 1891 1906 1982 suscepit;
1954 1917 2087 1971 sicut

515 1983 704 2040 litteris
740 1987 806 2042 ab
834 2004 895 2043 eo
914 1990 987 2044 ad
1003 2000 1241 2048 nostram
1269 1996 1622 2054 humilitatem
1649 2000 1862 2058 directa
1889 2010 2088 2061 testan-

513 2079 620 2128 tur.
652 2071 711 2128 Si
737 2067 900 2147 igitur
920 2079 1081 2146 [idem
1109 2083 1271 2153 199
1289 2085 1621 2154 catholicam,
1646 2091 1780 2144 sicut
1804 2095 2083 2164 promittit,

492 2172 563 2235 et
587 2166 873 2235 secundum
901 2170 1207 2241 prtedictum
1252 2174 1462 2232 beatum
1517 2180 1815 2251 episcopum
1856 2184 2083 2239 subscri-

510 2255 741 2347 ptionem
765 2257 822 2312 in
870 2262 1084 2332 proprio
1115 2262 1290 2319 libello
1318 2266 1528 2335 direxit,
1561 2278 1612 2325 et
1644 2280 1837 2328 nostra
1868 2275 2085 2347 insuper

510 2345 800 2434 humilitati
832 2350 940 2405 alio
970 2352 1096 2407 dato
1140 2354 1317 2410 libello
1350 2362 1681 2427 monstravit,
1726 2345 1998 2434 quoniam?
2034 2376 2085 2420 et

508 2433 808 2493 Nestorium
845 2450 893 2495 et
919 2440 1192 2515 Eutychen
1219 2463 1323 2502 non
1347 2448 1521 2504 solum
1552 2433 1766 2523 scripto,
1801 2455 1892 2508 sed
1918 2464 1969 2509 et
1987 2459 2082 2512 sub

510 2530 789 2596 praesentia
817 2532 978 2587 totius
1008 2549 1277 2592 consessus
1302 2555 1393 2593 ore
1417 2542 2080 2612 proprio-anathematiza-

498 2619 603 2683 ρει,
635 2620 731 2674 hoc
752 2621 957 2691 judicio
1017 2628 1352 2684 sanctissima
1387 2638 1441 2684 et
1477 2634 1925 2691 uenerandissima
1954 2654 2082 2709 syn-

510 2708 662 2775 odus,
693 2710 909 2782 insuper
937 2730 1061 2771 vero
1103 2725 1153 2771 et
1189 2727 1370 2775 nostra
1393 2722 1663 2779 humilitas
1692 2726 1841 2781 reddi
1867 2728 1916 2781 ei
1947 2708 2075 2799 pro-

508 2799 683 2867 prium
715 2800 1005 2859 Ecclesium
1050 2805 1302 2875 deﬁnivit.
1338 2829 1358 2862 ι

577 2889 670 2952 Xl.
698 2891 1010 2950 Extremam
1036 2896 1180 2953 hanc
1202 2899 1535 2958 Theodoreti
1581 2905 1774 2961 Patres
1819 2910 2065 2978 compel-

505 2978 674 3036 lantis
706 2998 918 3049 vocem,
955 2986 1154 3042 salvete
1176 3030 1192 3054 ,
1240 2991 1583 3063 interpretati
1626 3005 1755 3051 sunt
1791 2996 2068 3053 Severiani

507 3068 567 3125 in
595 3071 888 3130 collatione
922 3091 1049 3133 cum
1095 3078 1409 3148 Catholicis,
1440 3085 1671 3154 perinde
1718 3102 1783 3142 ac
1831 3089 1876 3142 si
1928 3098 2074 3144 esset

505 3158 746 3218 hominis
800 3165 1113 3236 impositam
1174 3170 1278 3225 sibi
1325 3175 1725 3230 commutandis
1792 3177 2077 3233 sententiae

504 3253 888 3311 necessitatem
926 3256 1281 3328 indignantis,
1309 3270 1479 3332 atque
1505 3265 1579 3319 ita
1597 3265 1739 3321 tacto
1770 3275 2077 3324 retractari-

506 3340 599 3405 tis,
644 3343 790 3412 quod
826 3347 995 3402 verbo
1040 3348 1251 3405 diceret
1289 3368 1302 3404 :
1341 3353 1563 3410 aiebant
1613 3356 1759 3411 enim
1792 3372 1918 3412 eum
1950 3374 2075 3414 cum

506 3432 656 3491 dicto
679 3435 997 3494 discessisse
1047 3452 1080 3494 a
1107 3455 1391 3497 consessu.
1430 3444 1488 3498 Id
1522 3460 1689 3515 porro
1749 3446 2071 3515 aﬁerehant,

510 3533 572 3580 ut
594 3534 840 3581 sanctam
873 3529 1142 3600 synodum
1187 3531 1535 3602 damnarent,
1591 3538 1677 3592 vel
1732 3540 1939 3610 recepti
1994 3551 2076 3595 te-

507 3629 658 3670 mere
685 3615 947 3685 hominis,
974 3621 1133 3692 cujus
1175 3622 1343 3679 dubia
1372 3632 1536 3695 atque
1562 3628 1729 3683 etiam
1782 3628 1907 3685 ﬁcta
1931 3629 2072 3687 ﬁdes

503 3711 671 3771 esset,
711 3708 799 3762 vel
820 3713 1202 3767 consensionis
1233 3728 1358 3769 cum
1400 3716 1644 3772 Nestorii
1681 3718 1989 3776 fautoribus
2016 3728 2073 3775 et

500 3794 690 3868 Cyrilli
715 3797 973 3867 inimicis,
1007 3818 1147 3872 quos
1179 3807 1533 3877 suscepisset.

573 3887 731 3957 Quod
753 3891 928 3958 aiunt,
958 3892 1366 3952 Theodoretum
1399 3898 1723 3956 discessisse
1746 3916 1875 3959 cum
1900 3901 2068 3969 dicto,

424 4007 431 4015 ι
502 3979 765 4037 abhorret
801 3997 836 4042 a
883 3999 1053 4042 vero:
1111 3987 1370 4044 abhorret
1414 3990 1602 4056 etiam,
1638 3991 1785 4061 quod
1813 3991 2073 4048 dissimu-

460 4101 467 4107 -
504 4071 685 4128 lanter
706 4074 1016 4144 professum
1050 4077 1456 4135 criminantur:
1500 4096 1626 4136 nam
1674 4081 1952 4138 desertum
2002 4085 2071 4141 ab

502 4176 571 4216 eo
594 4178 704 4218 non
741 4179 861 4221 esse
888 4167 1072 4222 statim
1124 4184 1462 4237 consessum,
1522 4172 1650 4227 inde
1700 4173 2070 4241 concluditur,

501 4254 649 4325 quod
696 4257 903 4312 actioni
927 4275 1016 4313 xlv
1042 4260 1434 4332 subscripserit
1465 4280 1478 4316 :
1510 4264 1729 4319 sincere
1754 4264 2067 4336 professum

2183 1787 2295 1857 jam
2316 1801 2417 1856 per
2444 1786 2645 1840 famam
2672 1785 2908 1841 licebat:
2933 1785 3048 1841 sive
3074 1784 3130 1840 id
3148 1800 3362 1857 passus,
3386 1785 3536 1855 quod
3564 1786 3758 1843 huma-

2188 1876 2339 1933 nitus
2364 1875 2636 1947 contingit
2656 1876 2859 1932 excelsi
2891 1876 3060 1931 animi
3079 1875 3238 1944 viris,
3264 1876 3469 1946 quibus
3489 1876 3629 1933 nihil
3671 1881 3757 1933 in.

2187 1968 2536 2023 tolerabilius
2566 1976 2867 2040 conspectu
2919 1967 3204 2023 hominum
3260 1983 3375 2024 suae
3417 1969 3756 2039 poenitentiae

2191 2058 2437 2114 testium.

2252 2148 2319 2203 ll.
2354 2147 2594 2204 Abeunti
2632 2146 2930 2218 Sporacius
2943 2147 3035 2214 "1,
3066 2163 3214 2206 unus
3248 2147 3317 2203 de
3367 2148 3753 2204 illustrissimis

2177 2237 2479 2309 judicibus,
2504 2246 2561 2295 et
2586 2237 2862 2309 singulare
2884 2237 3217 2295 Theodoreti
3236 2238 3574 2309 praesidium,
3598 2254 3755 2294 man-

2183 2329 2371 2386 datum
2388 2330 2541 2386 dedit
2564 2330 2633 2386 de
2650 2329 2973 2400 explicanda
2998 2319 3387 2386 basieticarum
3408 2329 3753 2395 fabularum;

2180 2429 2452 2492 quotquot
2479 2420 2550 2476 ab
2585 2430 2714 2476 ortu
2749 2420 3007 2477 Ecclesia:
3052 2421 3406 2486 exstiterunt,
3440 2420 3753 2479 diﬁerentia

2181 2510 2519 2582 singulisque
2550 2511 2947 2568 catholicorum
2976 2512 3289 2584 dogmatum
3324 2513 3554 2568 veritate
3582 2529 3755 2584 oppoo

2179 2601 2380 2658 nenda.
2412 2602 2494 2657 .ld
2524 2602 2842 2675 etﬂagitavlt
2888 2604 3101 2661 scilicet
3138 2604 3223 2659 vir
3264 2607 3527 2676 Optimus,
3572 2608 3667 2662 et‘
3695 2607 3752 2665 in

2180 2696 2372 2765 paucis
2399 2695 2728 2760 catholicus,
2759 2712 2873 2752 non
2900 2705 3008 2752 tam
3035 2697 3174 2768 quod
3196 2707 3428 2770 cuperet,
3454 2705 3516 2752 ut
3554 2698 3755 2753 scribit

2179 2785 2581 2849 Theodoretus,
2598 2787 2753 2852 scire,
2778 2802 2897 2857 qua:
2923 2789 3173 2860 utrinque
3209 2797 3359 2843 extra
3392 2790 3528 2844 viam
3552 2781 3753 2841 rectam

2179 2885 2385 2930 novata:
2418 2878 2523 2930 sint
2544 2878 2764 2941 semitor,
2795 2894 3024 2948 quarum
3050 2878 3173 2947 ﬁnis
3197 2888 3270 2934 est
3294 2881 3605 2935 barathrum
3624 2896 3752 2950 per:

2177 2965 2389 3020 ditionis
2409 3006 2425 3029 ,
2469 2981 2633 3036 quam
2659 2975 2722 3021 ut
2742 2967 3092 3024 Theodoreto
3121 2968 3277 3025 daret
3294 2970 3638 3026 occasionem
3661 2976 3751 3024 at-

2174 3071 2281 3127 que
2311 3056 2477 3111 etiam
2506 3058 2893 3113 necessitatem
2943 3057 3072 3114 ﬁdei
3106 3075 3220 3116 suae
3277 3068 3360 3115 tot
3404 3060 3753 3131 argumentis

2172 3146 2491 3218 probandae,
2514 3154 2650 3218 quot
2671 3147 2909 3203 haereses
2935 3150 3263 3218 exponendo
3284 3151 3584 3207 damnaret.

2245 3236 2335 3291 Ill.
2357 3236 2505 3306 Opus
2528 3237 2652 3303 hoc,
2674 3253 2783 3293 non
2808 3239 3139 3296 laboriosius
3170 3256 3335 3311 quam
3364 3241 3746 3308 artiﬁciosius,

2174 3327 2336 3382 libris
2360 3327 2603 3398 quinque
2625 3329 3146 3399 comprehenditur;
3181 3330 3367 3400 ipsum
3402 3331 3747 3401 veroTheo-

2174 3419 2403 3476 doretus
2445 3421 2791 3477 elucubravit
2816 3436 2963 3477 anno
2982 3422 3109 3488 452,
3164 3422 3261 3478 sed
3315 3422 3492 3478 edidit
3528 3432 3745 3493 tanaim

2174 3521 2443 3580 sequente
2477 3528 2489 3562 :
2522 3511 2867 3567 elucubratio
2888 3511 3035 3568 enim
3058 3520 3182 3582 post
3220 3514 3536 3579 concilium,
3572 3515 3746 3571 editio

2173 3610 2297 3672 post
2331 3602 2678 3657 consulatum
2711 3602 2981 3672 Sporacii,
3023 3602 3248 3658 accidit.
3292 3603 3599 3661 Concilium
3638 3622 3744 3661 au-

2173 3699 2282 3747 tem
2325 3691 2413 3746 die
2453 3693 2631 3763 prima
2654 3692 2986 3749 Novembris
3020 3709 3168 3748 aiino
3199 3694 3298 3749 451
3358 3694 3571 3750 ﬁnitum
3620 3707 3743 3763 est;

2172 3782 2489 3839 consulatus
2514 3781 2762 3852 Sporacii
2791 3782 3048 3838 Kalendis
3071 3782 3316 3839 Januarii
3348 3799 3492 3839 armo
3522 3785 3628 3842 452
3653 3784 3744 3840 in-

2172 3871 2405 3927 choatus
2433 3881 2539 3927 est.
3738 3932 3743 3937 ἢ

2242 3961 2600 4018 Laboriosum
2620 3962 2732 4019 dixi
2752 3974 2917 4034 atque
2931 3964 3287 4024 artiﬁciosum
3313 3983 3481 4043 opus;
3503 3975 3744 4037 quantus

2169 4049 2317 4106 enim
2345 4050 2501 4107 labor
2529 4053 2817 4123 ponendus
2835 4052 2938 4108 fuit
2956 4054 3013 4108 in
3033 4055 3352 4112 evolvendis
3378 4055 3745 4127 scriptoribus

2172 4139 2353 4210 quiin
2394 4141 2549 4195 illum
2591 4157 2767 4213 usque
2819 4142 2965 4199 diem
3018 4145 3300 4203 catholica:
3346 4145 3473 4202 ﬁdei
3516 4160 3743 4201 causam

2170 4241 2362 4286 contra
2415 4231 2653 4289 haereses
2710 4234 3123 4291 defenderant?
3173 4236 3278 4293 Sed
3325 4247 3544 4308 quanta:
3601 4238 3743 4292 artis

500 4324 568 4402 ex
588 4363 657 4402 eo
697 4357 933 4416 constat,
965 4350 1113 4421 quod
1141 4367 1207 4407 ea
1240 4324 1460 4424 scripsit
1487 4355 1533 4388 ⁸⁸
1551 4324 1921 4425 postmodum,
1947 4372 2069 4427 qua
2099 4364 2142 4419 D
2171 4332 2295 4427 cf“
2316 4324 2382 4427 to:
2434 4340 2708 4427 quamne
2737 4325 2968 4427 Simia”
2999 4327 3074 4382 ita
3104 4328 3172 4383 de
3222 4328 3451 4427 $113qu
3473 4328 3738 4427 “Ti”???

499 4437 852 4508 purissimam
939 4440 1334 4499 incarnationis
1409 4443 1573 4500 ﬁdem
1663 4445 2061 4504 demonstrent.

503 4526 737 4597 Scripsit
763 4543 899 4585 vero
928 4538 1232 4601 non‘pauca
1256 4533 1312 4588 in
1335 4548 1555 4589 secessu
1594 4537 1785 4604 procul
1806 4537 2062 4607 negotiis:

502 4630 685 4687 neque
709 4618 855 4673 enim
886 4619 1107 4676 videtur
1134 4622 1203 4677 ad
1235 4623 1612 4692 episcopatum
1643 4624 1894 4689 rediisse,
1926 4640 2064 4681 con-

506 4716 690 4764 tentus
715 4725 1066 4782 recuperasse
1089 4713 1434 4785 dignitatem,
1456 4728 1621 4782 quam
1660 4723 1854 4783 sponte
1881 4725 2067 4785 posset

503 4799 785 4858 dimittere

1093 4913 1318 4971 CAPUT
1350 4914 1465 4970 XII.

501 5001 542 5056 l.
578 5002 922 5077 Theodoretus
952 5004 1365 5077 postconcilium
1396 5007 1605 5061 recedit.
1692 5007 1758 5062 ll.
1787 5008 2061 5067 Recedenti

568 5072 849 5142 Sporacius
876 5072 1096 5129 mandat
1133 5075 1356 5129 scribere
1384 5078 1448 5129 de
1470 5078 1769 5132 lueresibus.
1800 5080 1890 5135 lli.
1919 5079 2062 5136 Scri-

570 5142 642 5216 bit
675 5145 904 5216 quinque
931 5143 1088 5197 libros
1119 5143 1309 5216 callide
1329 5156 1377 5200 et
1404 5146 1707 5216 artificiose.
1736 5148 1826 5205 IV.
1859 5148 2061 5206 Secedit

568 5215 625 5266 in
660 5214 1018 5278 solitudinem,
1048 5229 1141 5267 nec
1168 5215 1388 5270 otiatur.
1415 5217 1477 5272 V.
1512 5214 1730 5273 Videtur
1767 5219 2066 5291 deposuisse

2170 4421 2232 4467 ut
2251 4412 2586 4485 quilegeret,
2616 4414 2818 4470 sensim
2847 4414 2965 4470 sine
2997 4432 3163 4472 sensu
3182 4434 3281 4488 per
3305 4434 3364 4474 se
3385 4419 3503 4488 ipse
3533 4418 3746 4474 invidia

2168 4503 2549 4559 consensionis
2575 4520 2701 4559 cum
2738 4505 3012 4562 haereticis
3042 4518 3297 4563 oneraret
3325 4508 3491 4564 unius
3526 4518 3743 4564 natura:

2169 4592 2335 4649 Verbi
2365 4594 2656 4650 incernatur
2687 4595 3027 4660 defensores,
3067 4596 3330 4654 liberaret
3352 4598 3582 4654 duarum
3606 4615 3736 4668 pro-

2170 4693 2531 4754 pugnatores;
2563 4684 2616 4740 id
2673 4696 2778 4752 est,
2828 4697 2889 4742 ut
2932 4696 3091 4742 erant
3115 4689 3402 4759 tempora,’
3440 4697 3536 4743 aut
3584 4697 3745 4743 certe

2165 4773 2356 4843 opinio
2396 4775 2567 4846 vulgi,
2612 4787 2901 4833 accusaret
2923 4778 3208 4851 Cyrillum,
3263 4780 3573 4836 absolveret
3622 4766 3747 4834 Ne;

2166 4863 2397 4917 storium
2414 4865 2428 4918 Ξ
3742 4944 3751 4953 ι

2235 4952 2431 5007 Mirum
2456 4970 2588 5010 vero
2614 4967 2716 5023 cst,
2749 4958 3068 5025 discrimen,
3102 4976 3213 5031 quo
3245 4959 3511 5016 catholica
3531 4959 3738 5016 veritas

2166 5042 2236 5096 ab
2282 5045 2544 5101 extremis
2585 5046 2804 5104 duobus
2858 5051 3143 5106 erroribus
3193 5051 3569 5124 distinguitur,
3609 5058 3741 5108 cum

2168 5148 2350 5202 neque
2382 5146 2528 5190 esset
2559 5136 2856 5193 admodum
2891 5149 3078 5207 tenue,
3132 5157 3315 5212 neque
3349 5141 3506 5197 valde
3537 5142 3739 5197 obscu-

2171 5240 2316 5289 rum,
2340 5225 2565 5281 latuisse
2599 5236 2780 5284 tamen
2819 5230 3154 5286 Theodoreti
3189 5233 3417 5301 oculos;
3448 5233 3545 5290 sed
3591 5250 3739 5289 non—

1799 5337 2107 5396 SCHULZ"
2145 5340 2372 5397 NOTAE.

572 5440 616 5473 ³⁸
640 5439 996 5532 ξαηεῴρξὶι,
1057 5453 1188 5532 etc_.n
1219 5445 1423 5532 lict-um
1478 5448 1779 5532 immemor:
1817 5449 1989 5532 fuisse
2025 5450 2255 5532 _videt_ur
2296 5454 2616 5532 Garnerius,
2647 5475 2778 5532 cum
2814 5475 2876 5514 ea
2929 5462 3213 5523 scriberet,
3246 5478 3366 5531 quae
3407 5461 3583 5530 capite
3608 5478 3742 5532 pro—

503 5509 779 5602 ιξιξιοκῇξ,
815 5509 1077 5602 Ιίξεὶξιιιιε.Δ
1144 5515 1188 5547 ³⁹
1225 5516 1346 5596 νὶῤ.
1380 5518 1675 5602 ΙίνιιθΐἈιίῑ).
1730 5519 1947 5602 ﬁgeret;
1962 5521 2067 5589 fab.
2142 5520 2189 5602 έθ
2214 5509 2472 5602 Quantw,_
2497 5509 2615 5602 etc:
2647 5509 3581 5602 "liiﬁb'iih‘uiEm'SiiES

503 5576 694 5672 finisse
709 5576 998 5672 (Requiris1
1022 5592 1083 5672 ut
1120 5598 1239 5639 eam
1283 5585 1337 5672 ip
1375 5586 1506 5641 diss.
1534 5587 1589 5649 2,
1617 5603 1736 5657 cap.
1769 5589 1820 5651 6,
1863 5576 1971 5660 §2,'
2004 5576 2249 5660 repetere
2286 5576 2791 5667 nonﬂdubi't'averi‘t.
2828 5576 3199 5665 Quam-aliena
3235 5603 3298 5657 sit
3330 5618 3360 5657 a
3388 5601 3503 5657 veri
3526 5576 3736 5672 spe'cie,

502 5648 711 5721 ittigius
738 5650 936 5721 aliique
966 5652 1172 5708 dudum
1202 5655 1523 5724 probarunt.
