3954 6294
245 230 344 298 153

1413 227 1773 288 HISTORIA
1810 227 2315 288 THEODORETI.

3378 228 3484 294 154

245 339 374 393 dum
394 342 668 390 exuerant
714 341 885 387 totum
933 331 1066 386 illud
1098 346 1369 385 venenum
1417 331 1815 386 incredibiliter
1847 334 1886 387 Α
1919 340 2099 396 cutus,
2125 334 2269 401 quod
2307 333 2436 386 olim
2465 333 2760 387 Sabiniano
2791 337 3092 404 gratulatus
3131 337 3331 400 erat",
3355 353 3480 393 cum

245 428 466 490 subtile,
509 425 659 494 quod
700 440 854 478 amor
897 423 1082 494 gloria:
1139 432 1195 477 et
1249 423 1484 492 superba
1527 423 1812 475 hominum

246 519 546 576 reverentia
580 534 687 571 non
716 532 842 570 raro
866 515 1132 570 suﬂ'undit
1158 534 1169 568 :
1198 514 1250 568 id
1269 514 1413 583 quod
1439 515 1617 568 adhuc
1645 514 1816 567 heare-

245 611 356 676 bat,
410 623 662 664 secessus
721 608 774 660 in
822 607 1232 670 monasterium,
1287 605 1477 674 procul
1529 605 1812 658 hominum

247 701 551 769 colloquiis,
588 698 872 762 discussit;
903 713 1012 751 non
1039 705 1215 751 tamen
1249 705 1422 750 totum
1448 706 1690 766 repente,
1717 696 1812 750 sed

247 793 510 863 paulatim
562 806 662 860 per
701 798 885 859 partes
919 806 932 840 :
986 788 1124 842 adeo
1159 789 1267 842 alte
1318 788 1592 841 insederat
1631 789 1815 841 animo

246 883 582 940 Theodoreti
641 881 912 950 cupiditas
940 880 1145 950 gloriae,
1195 895 1302 948 qua
1331 880 1492 934 vellet
1533 878 1683 932 credi
1714 893 1812 946 p0-

247 975 415 1030 tuisse
451 970 716 1044 Cyrillum
742 971 1040 1026 Orientalis
1069 971 1327 1025 Ecclesiaa
1357 970 1618 1024 eximium
1667 970 1806 1024 anti-

247 1065 426 1120 stitem
466 1064 536 1117 ab
563 1062 755 1118 haeresi
799 1060 1120 1131 Apollinarli
1171 1059 1238 1114 ad
1286 1060 1447 1114 fidem
1490 1060 1813 1114 catholicam

246 1155 595 1225 compellere.

311 1246 497 1312 Atque
545 1243 664 1298 hac
710 1256 873 1296 causa
906 1242 1031 1305 fuit,
1075 1256 1176 1296 cur
1215 1256 1494 1310 nunquam
1521 1280 1534 1303 ,
1584 1255 1649 1294 ex
1703 1257 1814 1311 quo

245 1331 480 1400 primum
513 1337 774 1398 eruperat,
803 1329 1082 1385 destiterit
1135 1331 1390 1385 insectari
1437 1330 1671 1399 capitula
1702 1349 1712 1383 :
1746 1346 1812 1385 ea

247 1424 398 1491 201
434 1423 582 1476 enim
617 1423 1026 1490 impugnatione
1079 1431 1340 1491 perpetua
1389 1422 1712 1476 effecturum
1753 1435 1812 1474 se

248 1513 518 1581 sperabat.
560 1521 620 1567 ut
644 1528 797 1567 suam
832 1528 1022 1567 omnes
1051 1512 1104 1565 in
1135 1513 1383 1566 doctrina
1425 1513 1810 1575 constantiam,

245 1603 426 1673 Cyrilli
458 1605 900 1668 inconstantiam,
925 1604 1263 1671 alteramque
1282 1603 1511 1656 alterius
1529 1603 1817 1657 victricem

1920 424 2242 478 invidiosam
2265 426 2585 510 cathedra‘m
2629 426 2958 494 reliquisset.
2996 428 3240 496 Denique
3279 429 3332 480 id
3372 444 3481 482 non

1918 515 2150 570 obscure
2179 517 2292 585 ipse
2323 517 2522 582 innuit,
2576 532 2699 570 cum
2731 519 3050 586 praefaretur
3074 518 3126 570 in
3153 519 3486 587 posteriores

1917 604 2239 660 Octateuchi
2284 609 2744 675 commentarios;
2779 609 3068 680 Hypatium
3123 611 3270 662 enim
3299 611 3486 679 operis

1917 697 2251 765 suscipiendi
2281 699 2616 754 incentorem
2655 701 2728 754 ita
2769 702 3062 769 compellat
3101 702 3197 755 ﬁlii
3237 703 3482 766 nomine,

1917 799 2141 856 propter
2163 799 2401 854 nitatem,
2426 801 2486 844 ut
2517 792 2903 846 auctoritatem
2936 792 3178 847 revereri
3214 791 3492 856 videatur,-

1916 888 2137 946 prOpter
2163 879 2498 948 dignitatem.

1987 968 2072 1021 Vl.
2100 969 2158 1022 In
2187 969 2290 1022 hoc
2311 985 2529 1024 secessu
2560 971 2772 1039 accepit
2796 971 2840 1002 “
2874 987 2904 1025 a
2949 981 3138 1026 sancto
3178 972 3360 1027 Leone
3396 974 3493 1026 Iit-‘

1919 1069 2078 1121 teras,
2113 1059 2314 1127 quibus
2365 1059 2609 1129 pontifex
2641 1076 2884 1115 amorem
2935 1062 2988 1115 in
3015 1063 3360 1130 gratulando,
3392 1080 3486 1132 pa-

1917 1158 2132 1201 ternum
2165 1149 2424 1204 affectum
2443 1150 2496 1202 in
2524 1151 2888 1214 exhortando,
2917 1152 3299 1205 auctoritatem
3325 1153 3483 1221 202

1918 1241 1970 1292 in
2012 1239 2206 1294 dandis
2253 1241 2521 1295 mandatis
2554 1243 2812 1295 ostendit.
2851 1242 3167 1296 Gratulatnr
3193 1244 3331 1296 tria:
3373 1246 3487 1311 pri-

1917 1345 2087 1394 mum,
2115 1330 2396 1384 victoriam
2423 1332 2490 1384 de
2517 1332 2842 1385 Nestoriana
2869 1332 3170 1400 impietate,
3194 1333 3487 1404 Eutychia—

1922 1435 1990 1472 na
2057 1421 2300 1483 vesania,
2353 1421 2510 1474 hoste
2562 1421 2858 1485 Diuscoro;
2895 1421 3146 1485 alterum,
3207 1421 3492 1491 dignitatis

1918 1511 2322 1566 restitutionem
2376 1513 2596 1566 concilii
2648 1512 2960 1566 sententia'
3019 1514 3328 1578 firmatam;
3374 1522 3488 1567 ter-

1917 1598 2078 1657 tium.
2105 1613 2216 1652 sum
2243 1600 2486 1668 epistolae
2537 1600 2802 1654 adversus
2827 1602 3267 1657 contradicentes
3299 1603 3485 1657 defen-

246 1699 626 1759 agnoscerent.
680 1691 792 1746 Nec
825 1706 950 1746 cum
991 1705 1088 1743 sua
1117 1706 1242 1760 spes
1274 1690 1468 1745 fefellit
1496 1709 1508 1742 :
1546 1692 1814 1760 siquidem
1847 1673 1888 1726 Β
1919 1689 2126 1744 sionem
2155 1691 2268 1744 sive
2292 1691 2711 1760 expositionem.

244 1782 482 1850 capitula
537 1767 746 1842 etsuis
800 1788 856 1835 et
908 1782 1304 1834 catholicorum
1347 1781 1614 1850 pluribus,
1651 1784 1818 1837 etiam

250 1873 636 1936 sanctissimis,
687 1881 938 1942 suspecta
971 1887 1091 1926 esse
1129 1872 1434 1941 persuasit;
1476 1881 1644 1939 atque.
1689 1875 1818 1928 inde

245 1965 470 2029 factum,
505 1975 565 2020 ut
594 1966 660 2020 de
695 1966 827 2035 ipsis
851 1966 1034 2019 nullus
1063 1965 1230 2019 fuerit
1255 1981 1433 2034 neque
1456 1966 1598 2020 inter
1619 1967 1813 2021 ineun-

246 2054 364 2109 dam
387 2055 762 2109 Ecclesiarum
785 2070 994 2122 pacem,
1025 2071 1202 2123 neque
1237 2056 1292 2109 in
1321 2058 1556 2111 concilio
1583 2058 1817 2113 Chalce-

245 2145 500 2208 donensi,
529 2159 706 2214 neque
731 2146 784 2199 in
811 2145 1002 2214 quinta
1033 2146 1264 2216 synodo,
1284 2147 1386 2201 nisi
1418 2163 1483 2201 ex
1506 2149 1814 2213 occasione,

242 2250 450 2296 sermo.

312 2325 401 2381 IV.
432 2326 752 2396 Cuiusmodi
801 2325 967 2380 fuerit
1004 2327 1312 2381 secedentis
1346 2328 1604 2392 solitudo,
1633 2337 1818 2384 narrat

179 2407 188 2415 κ
243 2417 356 2488 ipse
380 2418 578 2472 Joanni
621 2433 945 2472 teconomo:
982 2439 1000 2470 ‹
1041 2419 1192 2483 Mihi,
1237 2419 1500 2488 inquit“,
1526 2430 1682 2489 grata
1729 2430 1818 2474 est

243 2510 422 2579 quies,
452 2518 510 2563 et
540 2510 650 2563 vita
678 2511 829 2563 euris
877 2510 1046 2564 libera
1072 2527 1085 2575 ;
1116 2519 1409 2579 propterea
1453 2526 1582 2565 sane
1611 2521 1666 2565 et
1693 2518 1816 2566 Ino--

243 2598 476 2653 nasterii
515 2598 808 2653 atriensem
835 2599 1059 2668 ianuam
1116 2599 1385 2663 obstruxi,
1429 2609 1486 2654 et
1513 2602 1813 2656 amicorum

242 2689 664 2759 congressiones
717 2689 920 2743 devito.
952 2709 970 2740 ι
1021 2689 1164 2755 Quin
1218 2691 1383 2744 etiam
1429 2706 1458 2744 a
1509 2693 1818 2748 scribendis

241 2779 466 2843 litteris,
505 2779 844 2849 edendisque
885 2781 942 2833 in
965 2781 1245 2850 publicum
1277 2783 1603 2837 tractatibus
1651 2785 1819 2838 absti-

240 2886 370 2926 nere
425 2878 716 2935 statuerat,
752 2887 820 2926 ne
859 2872 990 2941 quid
1036 2881 1292 2927 avocaret
1323 2873 1565 2927 animum
1609 2891 1668 2929 se
1703 2874 1814 2928 frui

241 2965 540 3026 volentem,
565 2972 622 3018 et
637 2979 819 3017 rerum
845 2962 1151 3018 divinarum
1169 2963 1316 3018 sitim
1338 2964 1554 3034 explere
1572 2965 1810 3022 avidum:
1843 2994 1886 3050 ε

239 3073 344 3111 non
381 3056 512 3110 ideo
538 3065 721 3109 tamen
745 3054 998 3124 deposuit
1023 3070 1240 3109 omnem
1263 3058 1444 3127 gregis
1466 3071 1681 3123 curam;
1719 3059 1813 3113 sed

241 3156 297 3204 ut
328 3158 457 3203 erat
478 3148 871 3202 monasterium
898 3161 1068 3215 prope
1085 3145 1311 3216 Cyrum,
1347 3148 1421 3201 ita
1454 3148 1682 3202 vacabat
1705 3149 1820 3201 sin-

240 3241 374 3310 gulis
401 3239 576 3294 rebus
598 3238 974 3307 providendis,
1005 3238 1195 3292 saltem
1217 3238 1540 3308 majoribus.
1565 3254 1729 3307 quam
1757 3247 1818 3293 ut

241 3345 268 3384 a
299 3329 724 3400 ehorepiseopis
775 3329 1011 3393 duobus,
1060 3329 1291 3400 Hypatio
1332 3339 1388 3384 et
1421 3330 1699 3393 Abramio,
1731 3332 1816 3402 agi

239 3427 491 3488 possent.

305 3513 368 3568 ν.
393 3513 525 3567 Non
567 3519 770 3566 temere
799 3521 978 3566 tamen
1009 3513 1278 3582 quispiam
1309 3513 1602 3582 putaverit,
1627 3514 1808 3568 Theo-

239 3603 500 3658 doretum
525 3602 778 3656 abdicato
797 3603 1113 3673 episcopatu
1139 3605 1370 3658 alterum
1393 3603 1497 3657 sibi
1525 3620 1554 3658 e
1577 3604 1815 3668 duobus,

237 3697 540 3767 Hypatium
572 3696 802 3760 scilicet,
851 3696 1220 3760 subystituisse,
1256 3712 1425 3766 seque
1469 3705 1640 3750 totum
1677 3697 1816 3751 scri-

236 3788 439 3842 bendis
472 3787 655 3852 libris,
681 3777 803 3841 .aut
833 3788 1147 3857 repetendis
1195 3787 1377 3858 potius
1409 3790 1655 3858 pristina:
1690 3789 1820 3844 vita:

239 3879 516 3950 religiosa:
535 3877 1027 3933 exercitationibus
1046 3879 1288 3933 dedisse.

306 3971 462 4025 Hanc
483 3970 806 4039 opinionem
839 3971 1032 4025 suadet
1058 3971 1320 4040 primum,
1345 3971 1491 4041 quod
1523 3973 1812 4041 episcopa-

238 4068 325 4111 tus
357 4059 530 4113 taedio
558 4073 617 4112 se
651 4059 850 4122 teneri,
900 4060 1092 4112 saltem
1139 4059 1322 4114 studio
1354 4075 1464 4113 non
1509 4059 1820 4113 admodum.

235 4150 396 4214 allici,
427 4165 580 4219 saepe
601 4159 831 4204 testatus
865 4151 938 4205 sit
970 4152 1049 4215 ";
1087 4166 1260 4220 eaque
1288 4151 1454 4204 animi
1478 4151 1694 4204 affectio
1719 4150 1819 4204 de-

237 4243 420 4297 buerit
444 4258 574 4297 esse
601 4251 759 4302 tunc.
803 4258 926 4297 cum
955 4251 1141 4298 essent
1191 4243 1505 4296 turbulenta
1546 4250 1818 4310 tempora,

1989 1782 2308 1837 Vehementi
2335 1785 2586 1837 oratione
2615 1785 2868 1838 hortatur
2908 1784 2975 1837 ad
3026 1783 3186 1837 ﬁdem
3234 1782 3483 1851 aper:ius

1919 1875 1973 1929 in
2003 1883 2284 1942 posterum
2329 1873 2699 1943 libentiusque
2727 1867 3106 1942 proﬁtendam,
3133 1887 3294 1940 quam
3327 1871 3488 1925 fecis—

1918 1977 2002 2024 set
2037 1968 2302 2022 hactenus
2336 1983 2445 2036 prae
2476 1968 2712 2022 Nestorii
2741 1983 2928 2021 amore
2953 1965 3196 2019 nondum
3226 1963 3487 2017 radicitus

1917 2059 2126 2114 evulso.
2163 2058 2350 2127 Neque
2378 2057 2524 2110 enim
2557 2057 2797 2127 pontifex
2843 2067 2959 2110 erat
3003 2055 3242 2117 nescius,
3277 2059 3484 2120 quanta

1916 2147 2062 2202 foret
2086 2148 2189 2202 hac
2222 2147 2275 2201 in
2303 2155 2457 2217 parte
2498 2147 2829 2202 Theodoreti
2881 2147 3186 2208 inﬁrmitas,
3211 2160 3485 2214 quamque

1917 2247 2104 2308 egeret
2140 2237 2425 2292 roborari:
2459 2254 2628 2306 quare
2674 2238 2740 2291 ad
2767 2238 2820 2291 id
2871 2236 3309 2307 persuadendum
3337 2235 3490 2304 quod'

1917 2329 2250 2393 consuleret,
2275 2329 2498 2383 adducit
2526 2329 2770 2384 Dioscori
2815 2330 3148 2397 exemplum,
3183 2345 3344 2397 quem
3401 2330 3486 2383 sui

1916 2421 2180 2490 Eutychis
2203 2436 2354 2474 amor
2377 2429 2566 2492 egerat
2596 2420 2651 2476 in
2682 2437 2943 2490 praeceps.
2982 2441 3001 2472 ε
3032 2422 3205 2486 Licet,
3236 2421 3485 2490 inquit",

1918 2522 2012 2566 tua
2047 2513 2386 2574 fraternitas,
2428 2512 2604 2566 solido
2661 2512 2787 2566 cibo
2821 2510 3054 2575 ﬁrmata,
3108 2511 3196 2566 his
3241 2511 3489 2579 indigere

1919 2603 2145 2657 minime
2173 2603 2424 2657 videatur
2450 2619 2465 2668 ;
2512 2612 2719 2666 tamen,
2753 2612 2832 2667 ut,
2859 2604 3003 2672 quod
3034 2602 3206 2656 nostri
3244 2601 3349 2656 loci
3381 2609 3488 2662 est,

1918 2695 2244 2763 impleamus
2284 2695 2428 2748 circa
2457 2709 2645 2749 vocem
2682 2695 2915 2748 dicentis
2930 2693 3173 2762 Apostoli
3195 2702 3221 2728 ιι
3248 2710 3260 2743 :
3290 2692 3494 2745 Prester

1918 2801 2002 2849 ea,
2016 2801 2131 2854 qua:
2146 2788 2462 2839 extrinsecus
2477 2794 2620 2849 sunt,
2636 2787 2892 2838 instantia
2905 2801 3021 2837 mea
3034 2783 3363 2845 quotidiana,
3384 2781 3492 2834 sol-

1919 2877 2132 2931 licitudo
2159 2877 2392 2930 omnium
2417 2876 2773 2929 Ecclesiarum
2792 2893 2809 2939 ;
2827 2875 2942 2944 quis
2972 2875 3297 2940 inﬁrmatur,
3323 2880 3372 2924 et
3398 2888 3490 2939 ego

1919 2985 2024 3021 non
2046 2965 2330 3034 inﬁrmor?
2375 2967 2489 3035 quis
2519 2964 2936 3025 scandalizatur,
2973 2971 3022 3015 et
3063 2979 3154 3030 ego
3177 2978 3281 3014 non
3310 2977 3433 3012 uror
3466 2960 3491 3011 ?

1917 3056 2021 3110 hoc
2045 3055 2318 3123 praecipue
2351 3052 2604 3122 praesenti
2648 3051 2934 3104 occasione
2978 3049 3255 3102 credimus
3298 3047 3490 3101 admoo

1917 3146 2178 3203 nendum.
2206 3144 2371 3197 frater
2399 3142 2736 3204 charissime,
2765 3149 2827 3194 ut
2849 3139 3283 3208 quotiescunque
3305 3137 3493 3194 divina

1916 3239 2088 3310 gratia
2116 3235 2552 3296 administrante,
2580 3234 2702 3287 illos
2723 3232 2816 3301 qui
2843 3231 2978 3286 foris
3011 3239 3160 3293 sunt,
3198 3229 3349 3282 fonte
3388 3227 3490 3282 do-

1917 3332 2106 3387 ctrinte
2137 3340 2230 3385 aut
2260 3326 2664 3398 submergimus
2693 3335 2786 3378 aut
2816 3338 3134 3393 purgamus,
3169 3322 3223 3375 in
3253 3321 3404 3374 nullo
3422 3320 3492 3374 ab

1917 3422 2050 3488 illis,
2070 3436 2206 3490 quas
2232 3419 2468 3488 Spiritus
2491 3416 2661 3472 sancti
2688 3415 2946 3470 divinitas
2976 3415 3030 3468 in
3055 3411 3491 3467 Chalcedonensi

1917 3513 2150 3570 concilio
2202 3510 2454 3580 protulit,
2510 3508 2633 3562 ﬁdei
2692 3507 2894 3578 regulis
2948 3504 3287 3568 recedentes,
3349 3504 3493 3557 inter

1917 3611 2213 3671 utrumque
2239 3601 2451 3656 hostem
2476 3599 2704 3654 novella:
2741 3597 2983 3668 perﬁdia:
3026 3610 3336 3650 sermonem
3385 3608 3497 3648 no-

1919 3702 2091 3748 strum
2123 3707 2248 3746 cum
2288 3692 2436 3746 omni
2467 3690 2679 3745 cautela
2713 3690 2980 3743 libremus
3010 3706 3021 3740 :
3053 3704 3162 3741 non
3183 3688 3318 3757 jam,
3343 3686 3492 3755 quod

1919 3784 2088 3838 absit!
2120 3792 2378 3852 tanquam
2405 3782 2474 3836 de
2498 3781 2682 3835 dubiis
2715 3781 3102 3849 disceptantes,
3128 3779 3222 3833 sed
3247 3777 3492 3831 auctori-

1919 3883 2028 3928 tate
2058 3889 2289 3937 summa,
2315 3889 2436 3942 quae
2455 3873 2595 3928 bene
2617 3871 2838 3926 deﬁnita
2864 3879 3009 3934 sunt,
3035 3878 3362 3924 astruentes.
3395 3887 3413 3918 ›

1987 3964 2266 4020 Pontiﬁcis
2317 3964 2498 4019 adhuc
2542 3964 2614 4018 de
2657 3962 2978 4017 inﬁrmitate
3012 3959 3343 4015 Theodoreti
3395 3972 3492 4011 su-

1918 4058 2091 4128 spicio
2113 4074 2181 4112 ex
2211 4057 2300 4112 his
2329 4071 2550 4111 rursum
2575 4054 2922 4109 manifestius
2967 4059 3196 4120 apparet
3223 4068 3236 4102 :
3279 4068 3297 4099 ι
3335 4047 3492 4104 Unde

1919 4156 2027 4211 hoc
2051 4170 2274 4224 quoque
2309 4169 2412 4209 nos
2443 4163 2633 4208 contra
2680 4152 2869 4205 hostes
2894 4149 3154 4203 Ecclesia:
3202 4144 3494 4215 providere

1921 4248 2251 4317 condignum
2276 4254 2380 4309 est,
2425 4254 2488 4298 ut
2522 4245 2605 4298 eis
2651 4242 2854 4295 nullam
2907 4235 3278 4293 calumniandi
3327 4250 3489 4289 occa-

237 4333 632 4388 Vehemenlior
678 4341 842 4401 atque
874 4331 1168 4386 emeaCior-
1205 4332 1354 4385 Adde
1400 4330 1548 4400 (100d
1596 4331 1813 4384 Maximi
1851 4323 1891 4376 Ι)
1922 4337 2152 4398 sionem,
2195 4334 2342 4403 quod
2365 4333 2432 4386 ad
2456 4347 2556 4385 nos
2581 4331 2797 4389 attinet,
2834 4327 3054 4397 penitus
3085 4325 3490 4393 relinquamus;

235 4424 937 4494 Antiochenipatriarchte,
969 4438 1133 4492 quem
1163 4423 1458 4477 Dioscorus
1486 4422 1659 4476 hostis
1684 4437 1820 4476 suus

236 4519 589 4587 prafecerat,
616 4515 911 4569 amicitiam
937 4517 1114 4570 colere
1135 4531 1244 4569 non
1268 4515 1426 4569 facile
1455 4525 1658 4584 posset.
1677 4513 1817 4579 Quid

235 4610 384 4678 quod
415 4609 727 4679 provincia:
759 4608 998 4679 synodis,
1036 4623 1067 4660 a
1087 4607 1289 4676 quibus
1317 4607 1508 4660 abesse
1534 4622 1643 4660 non
1682 4606 1816 4660 lice—

236 4701 330 4755 bat
379 4699 692 4770 episcopis,
731 4715 855 4753 cum
908 4699 1170 4752 tractoria
1225 4705 1571 4759 vocarentur,
1626 4705 1820 4765 optan-

235 4791 370 4844 dum
412 4806 535 4844 non
586 4797 706 4844 erat
750 4790 1017 4844 interesse
1052 4789 1282 4853 homini,
1319 4788 1407 4842 cui
1440 4787 1566 4842 inde
1614 4794 1822 4841 structa

236 4883 366 4937 olim
414 4881 602 4936 fuerat
636 4882 816 4951 gravis
857 4881 1132 4934 accusatio
1165 4898 1178 4944 ;
1233 4891 1290 4933 et
1335 4879 1423 4933 cui
1454 4879 1824 4933 tribuerentur

239 4987 428 5040 porro,
461 4977 698 5041 propter
731 4971 1022 5025 collectam
1073 4987 1138 5024 ex
1179 4969 1341 5038 longo
1388 4969 1723 5037 opinionem,
1769 4967 1814 5020 si

237 5079 359 5131 qua:
387 5065 592 5118 ﬁerent
617 5062 670 5115 in
697 5063 762 5116 iis
790 5063 874 5115 vel
902 5061 1134 5131 imperio
1163 5061 1247 5114 vel
1275 5060 1533 5114 Ecclesia:
1557 5059 1765 5128 ingrata
1801 5076 1813 5110 :

237 5153 356 5208 ﬁeri
388 5169 529 5208 vero
581 5153 740 5222 plura
773 5153 1010 5222 proclive
1058 5161 1195 5216 erat,
1247 5151 1533 5205 commotis
1582 5151 1759 5204 adhuc
1791 5167 1820 5202 a

238 5245 452 5301 recenti
503 5246 868 5300 contentione
899 5244 1116 5298 animis.
1194 5244 1419 5299 Videtur
1451 5244 1614 5297 etiam
1649 5242 1700 5296 id
1739 5257 1820 5296 se-

310 5411 337 5439 η
369 5400 417 5455 ll
455 5400 592 5457 Cor.
622 5415 682 5464 ιι,
702 5399 793 5462 28,
824 5398 912 5451 29.

1923 4442 2026 4481 nec
2075 4439 2314 4494 unquam
2361 4432 2551 4477 contra
2607 4419 2962 4475 Nestorianos
2999 4423 3094 4472 aut
3126 4413 3494 4486 Eutychianos

1921 4524 2163 4586 agentes,
2196 4513 2385 4568 alteris
2403 4527 2596 4566 eorum
2618 4510 2900 4565 videamur
2936 4515 3082 4577 terga
3108 4505 3370 4558 vertisse:
3396 4504 3491 4557 sed

1922 4615 2182 4674 utrosque
2207 4603 2408 4658 Christi
2436 4603 2622 4656 hostes
2659 4615 2814 4670 aqua
2846 4600 3001 4653 lance
3050 4597 3284 4652 vitemus
3329 4604 3492 4664 atque

1924 4695 2279 4758 damnemus;
2315 4692 2387 4746 ita
2419 4701 2477 4746 ut
2507 4707 2622 4754 eos,
2649 4689 2866 4758 quoties
2901 4687 3240 4742 audientiqu
3268 4693 3494 4753 quanta-

1925 4785 2061 4839 libet
2091 4782 2512 4853 poscitutilitas,
2548 4795 2672 4834 cum
2710 4777 3057 4848 dogmatibus
3089 4790 3280 4828 eorum
3329 4773 3492 4842 digno

1927 4876 2268 4930 anathemate
2300 4871 2708 4944 promptissime
2749 4878 2912 4937 atque
2943 4865 3351 4922 evidentissime
3410 4863 3494 4916 fe-

1930 4970 2170 5023 riamus:
2218 4982 2286 5020 ne
2331 4966 2375 5020 si
2406 4966 2511 5020 hoc
2535 4980 2564 5017 a
2598 4962 2755 5016 nobis
2789 4968 2885 5014 aut
2915 4959 3205 5013 obscurius
3265 4955 3379 5008 ﬁeri
3413 4957 3492 5007 vi-

1915 5057 2110 5111 deatur
2144 5067 2240 5110 aut
2269 5055 2499 5118 tardius,
2527 5061 2752 5122 putetur
2777 5049 3028 5102 invitum.
3052 5047 3204 5113 Quod
3243 5045 3490 5115 quamvis

1917 5147 2258 5217 prudentiam
2305 5155 2451 5199 tuam
2481 5159 2570 5197 res
2595 5142 2709 5211 ipsa
2734 5139 3030 5194 admonere
3057 5135 3307 5198 suﬁieiat,
3343 5148 3492 5188 nunc

1923 5253 2100 5295 tamen
2131 5248 2186 5294 et
2237 5237 2610 5307 experimenta
2641 5233 2968 5288 docuerunt.
3015 5229 3121 5286 Sed
3169 5226 3494 5284 benedictus

1592 5505 1910 5563 SCHULZII
1947 5506 2174 5562 NOTAE.

309 5631 350 5662 δ’
377 5631 563 5703 Epist.
597 5631 713 5687 146.
789 5629 832 5661 ’⁸³
866 5629 1038 5699 Epist.
1072 5629 1131 5685 l6
1154 5629 1233 5683 Ad
1260 5627 1400 5683 Iren.

1479 5627 1522 5660 ἰθ
1555 5627 1723 5696 Epist.
1767 5628 1880 5682 126.
1958 5627 2000 5659 ἰι
2030 5629 2236 5699 Accam
2287 5627 2429 5690 \id.,
2465 5641 2502 5677 ι.
2537 5624 2622 5687 iv,
2673 5639 2720 5692 p.
2784 5623 2918 5676 nos
2948 5635 3061 5689 seq.
