3954 6294
443 216 543 279 155

1555 219 1932 277 GARNERII
1970 217 2465 282 DISSERTATIO
2505 225 2552 282 Ι.

3588 222 3688 283 156

444 328 586 380 Deus
622 334 830 388 noster,
873 327 1030 397 cujus
1081 326 1415 380 invincibilis
1470 327 1692 389 veritas,
1743 327 1810 379 ab
1857 326 2005 380 omni
2039 333 2082 384 Α
2114 325 2262 380 illum
2299 328 2522 383 haeresis
2565 338 2849 384 auctorum
2880 329 3123 398 potentia
3144 328 3491 389 deterritum,
3545 329 3690 385 blas-

389 477 406 492 l
441 417 714 470 haereseos
783 419 993 472 macula
1049 419 1311 472 mundum
1371 427 1444 480 te,
1509 418 1811 472 secundum
1867 418 2014 473 sedis

441 507 997 577 apostolicaejudicia,
1021 508 1435 571 demonstravit,
1465 508 1550 562 cui
1586 508 1801 577 dignam
1851 507 2012 561 retri-

443 599 579 653 bues
594 615 691 668 pro
721 609 799 653 tot
831 599 1112 654 laboribus
1136 600 1387 669 gratiam,
1415 603 1458 656 si
1496 604 1656 657 talem
1684 612 1755 665 te,
1795 601 2011 671 qualem

441 690 798 758 probavimus
828 705 892 742 ac
909 690 1224 759 probamus,
1253 709 1351 761 pro
1379 694 1710 749 universalis
1757 694 2012 748 Ecclesia:

441 779 756 835 defensione
785 783 1109 836 servaveris.
1141 803 1157 833 ο

510 871 581 926 Ut
617 872 892 927 efﬁcacius
951 889 1118 942 porro
1155 875 1295 930 foret
1348 878 1480 931 tanti
1517 887 1733 947 tamque
1779 879 2014 932 amantis

440 964 637 1019 medici
688 965 1016 1030 remedium,
1055 969 1214 1037 203
1265 970 1476 1023 addidit
1517 970 1856 1034 mandatum,
1901 986 2010 1039 quo

442 1055 484 1108 Τ
489 1055 1093 1127 ιιοοάοτθιιιηι,]ιι1›ει·θι
1128 1060 1425 1114 identidem
1460 1060 1527 1114 ad
1565 1061 1749 1114 sedem
1787 1072 2010 1129 aposto-

441 1143 597 1198 licam
626 1143 852 1208 referre,
883 1162 991 1216 quo
1011 1155 1154 1200 statu
1179 1149 1358 1202 forent
1385 1166 1472 1203 res
1506 1151 1785 1214 Ecclesiae,
1813 1167 2011 1220 quam-

439 1250 545 1304 que
571 1235 687 1304 ipse
721 1247 944 1292 navaret
983 1255 1204 1307 operam
1251 1241 1619 1310 exstirpandis
1655 1241 2011 1296 Nestoriano-

438 1344 558 1382 rum
579 1337 635 1383 et
665 1330 1130 1401 Eutychianorum
1158 1335 1422 1402 reliquiis.
1451 1334 1716 1389 Latebant
1739 1336 2009 1404 siquidem

439 1418 493 1471 in
522 1422 887 1486 monasteriis,
924 1427 1398 1494 erumpebantque
1443 1426 1694 1489 subinde,
1725 1426 2010 1482 monachis

438 1509 506 1563 ad
547 1513 810 1581 populum
839 1515 1314 1580 concionantibus,
1350 1533 1488 1586 quos
1511 1517 1673 1572 silere
1699 1517 1855 1588 jubet
1875 1518 2006 1583 Leo,

436 1603 682 1669 quandiu
740 1620 850 1659 non
897 1605 1101 1661 fuerint
1149 1609 1215 1662 ad
1254 1610 1701 1680 presbyterorum
1757 1609 2006 1664 ordinem

434 1694 634 1746 evecﬁ.

509 1783 618 1836 Vll.
659 1784 784 1837 Haec
837 1785 1008 1840 sancti
1059 1788 1334 1856 pontiﬁcis
1385 1789 1694 1848 exhortatio
1742 1791 1889 1856 fecit,
1925 1802 2005 1857 ut,

435 1887 600 1939 quant
659 1873 1042 1930 Theodoretus
1099 1879 1320 1932 silentio
1373 1879 1712 1936 obruendam
1758 1883 2005 1952 putabat,

433 1964 502 2016 de
552 1963 927 2020 incarnatione
973 1971 1330 2037 quaestionem
1373 1980 1632 2027 tractaret
1668 1974 2005 2045 diligentius,

433 2052 557 2107 data
581 2056 866 2110 occasione
901 2057 1064 2122 Aetii,
1103 2061 1400 2132 ederetque
1427 2078 1539 2118 sua:
1573 2064 1696 2118 ﬁdei
1721 2067 2005 2135 publicum

431 2144 844 2202 documentum.
901 2149 1036 2204 Nam
1068 2167 1178 2221 quo
1223 2162 1470 2224 tempore
1506 2156 1886 2212 Hcereticarum
1926 2159 2008 2227 fa-

431 2234 676 2288 bularum
703 2237 861 2292 libris
892 2240 1136 2309 quinque
1158 2244 1554 2312 componendis
1571 2261 1792 2314 operam
1820 2247 2002 2311 dabat,

431 2334 528 2377 aut
551 2341 742 2379 recens
793 2344 932 2396 opus
964 2329 1294 2395 absolverat,
1341 2334 1760 2389 archidiaconus
1794 2336 2001 2399 Aetius,

431 2424 490 2466 ut
527 2415 811 2470 hominum
848 2419 987 2479 fama
1039 2431 1176 2484 erat,
1214 2439 1415 2476 novum
1458 2425 1718 2492 quiddam
1774 2426 1828 2479 in
1863 2427 2003 2480 urbe

427 2521 597 2560 ausus
617 2515 701 2560 est
721 2509 1006 2577 proferre;
1034 2514 1178 2581 quod
1205 2523 1262 2566 ut
1298 2516 1572 2569 refelleret
1601 2516 2000 2582 Theodoretus,

430 2595 626 2649 silendi
656 2599 994 2666 propositum
1025 2603 1175 2656 velut
1211 2604 1539 2674 injuriosum
1583 2607 1827 2672 Christo,
1885 2619 2004 2662 tan-

430 2685 602 2754 tisper
633 2687 1022 2744 inflectendum
1059 2702 1210 2747 ratus
1232 2704 1334 2748 est.

501 2777 632 2829 Rem
673 2778 750 2861 ita.
777 2780 892 2846 ipse
912 2791 1100 2836 narrat
1121 2784 1166 2815 ³⁵⁸
1191 2801 1203 2836 :
1245 2804 1262 2834 ‹
1297 2786 1585 2856 Postquam
1613 2799 1804 2844 contra
1833 2806 2000 2844 evan-

426 2867 654 2936 gelicam
716 2869 877 2924 ﬁdem
929 2889 1017 2928 res
1061 2890 1231 2929 novas
1284 2877 1490 2930 moveri
1528 2877 1716 2941 didici,
1753 2880 1999 2948 periculo

421 2972 613 3012 carere
661 2959 938 3016 silentium
970 2979 1078 3018 non
1121 2967 1397 3021 existimo.
1436 2969 1648 3024 Etenim
1677 2972 1720 3025 si
1781 2974 1994 3026 mortali

2115 419 2389 487 phemiam
2443 421 2725 490 indulgere
2778 422 3029 491 tempori.
3087 422 3380 491 Postquam
3408 432 3587 476 autem
3617 423 3684 486 is,

2115 507 2207 576 qui
2233 509 2659 578 blasphematur,
2691 511 2997 580 increpavit
3027 521 3216 565 ventos
3243 521 3298 566 et
3327 513 3685 582 mare,jacta-

2117 599 2290 666 tisque
2325 599 2588 654 Ecclesiis
2620 604 2634 620 '
2686 602 3136 670 tranquillitatem
3181 601 3329 654 dedit
3358 643 3371 664 ,
3430 610 3485 656 et
3542 613 3686 656 terra

2115 691 2361 760 marique
2395 693 2767 760 apostolorum
2826 693 3030 762 ubique
3080 694 3455 763 promulgatur
3488 694 3686 762 praedi-

2117 783 2288 846 catio;
2326 799 2554 852 ecquem
2601 786 2778 838 locum
2824 785 2987 839 habet
3043 785 3424 853 blasphemia?
3469 785 3685 839 Etenim

2112 889 2216 927 nec
2245 873 2354 937 isti,
2391 875 2484 943 qui
2541 891 2703 929 uuam
2744 877 2924 930 carnis
2971 876 3384 944 divinitatisque
3437 885 3684 930 naturam

2113 980 2370 1034 perverse
2417 965 2578 1036 20h
2610 983 2755 1020 nunc
2798 967 3192 1021 ecclesiasticis
3227 967 3574 1036 dogmatibus
3603 968 3686 1021 iu-

2112 1064 2321 1119 serunt,
2351 1056 2628 1110 Christum
2666 1059 2954 1110 Dominum
3008 1057 3216 1111 laudari
3271 1065 3486 1122 vetant;
3519 1066 3685 1126 atque

2113 1149 2219 1202 hoc
2250 1147 2407 1202 facile
2435 1157 2519 1202 est
2561 1165 2627 1202 ex
2679 1150 2764 1212 iis,
2809 1149 2902 1218 qui
2945 1149 3099 1202 illinc
3135 1148 3441 1212 redierunt,
3482 1164 3683 1220 cogno-

2113 1255 2264 1294 scere
2299 1258 2312 1292 :
2347 1240 2842 1309 oportebatautem
2869 1241 3043 1303 illum,
3076 1241 3168 1309 qui
3205 1240 3384 1294 ordini
3429 1249 3682 1308 prmesset

2110 1332 2507 1395 ecclesiastico,
2537 1332 2776 1386 divinam
2803 1349 2962 1386 nosse
2998 1333 3358 1401 Scripturam,
3384 1352 3402 1383 ι
3434 1342 3540 1385 etc.

2181 1423 2405 1497 Mentita
2429 1432 2512 1478 est
2550 1423 2834 1477 hominum
2875 1425 3013 1477 fama
3041 1425 3108 1476 de
3135 1424 3292 1477 Aetio
3324 1424 3444 1476 viro
3491 1432 3681 1474 cattu-

2109 1514 2229 1568 licm
2283 1514 2429 1576 ﬁdei,
2478 1523 2536 1567 ut
2587 1521 2805 1568 sanctus
2848 1513 2958 1566 Leo
3008 1514 3251 1582 loquitur
3279 1513 3341 1566 ‘7.
3393 1513 3484 1565 llle
3532 1513 3681 1564 enim

2111 1613 2336 1672 propter
2353 1603 2698 1658 sanctitatem
2727 1611 2782 1656 et
2807 1603 2932 1657 ﬁdei
2985 1603 3379 1672 integritatem,
3431 1617 3461 1655 a
3489 1615 3684 1657 sancto

2041 1691 2083 1746 Β
2113 1694 2353 1750 Sisinnio
2384 1694 2619 1764 primum
2662 1695 2715 1747 in
2752 1696 2958 1748 clerum
3002 1693 3272 1762 ascriptus
3323 1701 3405 1746 est
3434 1734 3448 1755 ,
3482 1691 3682 1746 deinde

2110 1803 2140 1842 a
2178 1797 2369 1842 sancto
2389 1787 2585 1841 Proclo
2634 1787 2812 1841 factus
2835 1788 3121 1850 diaconus,
3147 1793 3333 1856 postea
3367 1801 3395 1840 a
3425 1785 3682 1839 Flaviano

2110 1886 2347 1950 martyre
2369 1893 2513 1934 unus
2536 1877 2872 1931 notariorum
2909 1879 2960 1930 in
2987 1893 3148 1931 causa
3176 1877 3439 1949 Eutychis
3477 1877 3684 1931 consti-

2109 1978 2295 2024 tutus:
2329 1984 2452 2023 mox
2496 1969 2550 2022 in
2580 1968 3010 2024 Chalcedonensi
3067 1970 3322 2033 concilio,
3353 1985 3475 2022 cum
3532 1976 3682 2023 esset

2108 2063 2446 2117 notariorum
2470 2062 2838 2130 primicerius,
2876 2077 2990 2116 rem
3016 2061 3298 2115 catholicae
3323 2060 3446 2114 ﬁdei
3480 2061 3678 2116 adver-

2108 2169 2200 2208 sus
2225 2155 2542 2208 Dioscorum
2579 2152 2821 2207 studiose
2858 2153 3152 2222 promovit,
3203 2161 3256 2205 et
3285 2153 3454 2206 sancti
3480 2151 3681 2206 Leonis

2106 2245 2395 2313 epistolam
2457 2261 2566 2297 non
2594 2251 2804 2297 tantum
2839 2243 3090 2311 exposuit
3133 2225 3530 2301 dubitantibus,
3579 2242 3676 2294 sed

2106 2337 2270 2390 etiam
2321 2335 2586 2388 adversus
2665 2333 3047 2404 impugnantcs
3097 2333 3362 2387 defendit.
3431 2332 3678 2401 Denique

2105 2432 2422 2478 constanter
2444 2423 2764 2477 adversatus
2793 2432 2876 2477 est
2923 2423 3260 2477 Nestorianis
3285 2423 3448 2476 simul
3486 2430 3541 2477 et
3562 2423 3678 2476 Eu-

2108 2514 2418 2584 tychianis;
2459 2513 2552 2566 sed
2589 2513 2946 2584 Eutychianis
2974 2513 3225 2574 maxime,
3255 2529 3393 2582 quos
3419 2513 3678 2566 Ecclesia:

2102 2605 2719 2674 Constantinopolimue
2759 2605 3009 2659 insidiari
3043 2606 3272 2660 sentiret
3302 2623 3313 2656 :
3367 2615 3530 2674 atque
3557 2605 3677 2659 haec

2103 2713 2265 2751 causa
2287 2696 2514 2759 exstitit,
2573 2713 2672 2749 cur
2694 2696 2965 2758 Anatolio,
3001 2695 3136 2750 foris
3181 2695 3478 2758 catholico,
3526 2695 3678 2748 intus

2103 2791 2464 2861 Eutychiano,
2501 2790 2710 2843 invisus
2735 2788 2932 2853 fuerit;
2971 2804 3069 2842 cur
3109 2787 3238 2842 item
3281 2803 3379 2857 per
3433 2787 3674 2856 speciem

2102 2880 2333 2934 honoris
2353 2895 2463 2934 non
2495 2887 2605 2932 tam
2636 2879 2689 2932 in
2713 2879 3096 2949 presbyterum
3127 2889 3348 2933 creatus
3369 2879 3459 2942 sit,
3502 2895 3671 2948 quam

2102 2969 2170 3025 de
2202 2969 2576 3024 archidiaconi
2612 2969 2784 3039 gradu
2825 2970 3104 3038 dejectus;
3139 2985 3237 3022 cur
3274 2969 3458 3022 ablata
3502 2970 3676 3023 totius

425 3063 553 3119 rege
589 3050 790 3121 injuria
826 3070 925 3124 per
959 3057 1174 3126 aliquos
1205 3059 1422 3122 affecto,
1460 3077 1570 3116 non
1613 3063 1678 3116 iis
1712 3064 1874 3117 modo
1902 3065 1996 3134 qui
2025 3033 2068 3090 ο
2102 3057 2362 3112 Ecclesiae
2434 3056 3059 3124 Constantinopolitanae
3158 3056 3629 3110 administratione
3654 3095 3673 3120 ,

423 3138 681 3210 injuriam
718 3144 986 3210 fecerunt,
1015 3149 1109 3204 sed
1133 3151 1198 3205 iis
1229 3152 1392 3206 etiam
1418 3154 1510 3222 qui
1543 3164 1844 3224 praesentes
1871 3173 1996 3212 cum

423 3243 629 3296 essent,
682 3235 978 3306 injuriosos
1025 3242 1250 3298 minime
1323 3246 1666 3314 repulerunt,
1721 3249 1999 3318 impendet

424 3325 766 3392 periculum;
796 3345 956 3397 quam
996 3347 1212 3400 ptenam
1243 3351 1352 3388 non
1387 3338 1586 3391 merito
1623 3339 1994 3405 sustinebunt,

422 3415 518 3482 qui
548 3415 727 3472 illatas
749 3418 803 3472 iu
829 3419 999 3474 Deum
1026 3432 1080 3476 et
1103 3423 1441 3481 Salvatorem
1469 3439 1716 3484 nostrum
1743 3432 1997 3502 blasphe-

423 3506 562 3562 mias
607 3517 962 3565 contemnere
1000 3529 1108 3566 non
1150 3515 1440 3572 dubitant?
1491 3520 1589 3574 Hic
1618 3537 1704 3576 me
1738 3523 1902 3578 timor
1936 3526 1990 3579 in

423 3613 661 3666 praesens
688 3601 928 3656 scribere
961 3606 1246 3674 compulit,
1299 3617 1354 3662 et
1376 3609 1776 3675 demonstrare,
1808 3631 1930 3684 quae
1962 3633 1992 3671 a

421 3689 703 3742 nonnullis
733 3689 981 3744 innovari
1012 3696 1264 3764 cognovi.
1293 3697 1442 3752 Multi
1474 3701 1643 3763 enim,
1678 3713 1738 3756 ut
1769 3706 1990 3774 quidam

420 3775 709 3842 afﬁrmant,
755 3779 814 3833 in
871 3782 1007 3837 urbe
1061 3785 1289 3854 jactant,
1323 3789 1468 3856 quod
1506 3792 1842 3864 presbyteris
1868 3799 1991 3866 qui-

420 3866 649 3922 busdam
677 3873 989 3937 orantibus,
1025 3885 1080 3930 et
1111 3879 1346 3932 orationi
1374 3881 1595 3936 solitum
1634 3884 1795 3939 ﬁnem
1819 3902 1992 3956 appo-

419 3957 699 4022 ncntibus,
726 3959 1169 4032 dicentibusque,
1189 3966 1312 4021 aliis
1333 3968 1579 4036 quidem,
1610 3971 1737 4039 quia
1772 3981 1822 4025 te
1846 3973 1991 4026 decet

415 4047 588 4119 gloria
619 4061 668 4104 et
697 4050 964 4107 Christum
989 4062 1160 4120 tuum,
1191 4066 1239 4109 et
1263 4068 1669 4115 sanctumtuum
1689 4061 1990 4133 Spiritum;

415 4141 536 4195 aliis
553 4157 704 4205 vero,
733 4145 910 4214 gratia
941 4154 990 4198 et
1013 4148 1335 4217 benignitate
1363 4149 1558 4206 Christi
1603 4154 1700 4217 tui,
1731 4170 1850 4207 cum
1887 4171 1988 4224 quo

415 4239 466 4284 te
482 4232 624 4285 decet
651 4232 823 4303 gloria
857 4252 975 4290 cum
1001 4247 1183 4291 sancto
1210 4246 1298 4292 tuo
1327 4238 1568 4311 Spiritu;
1596 4243 1870 4299 mandarit
1903 4261 1990 4301 sa-

2099 3151 2475 3205 etemeterium
2513 3149 2919 3219 procurandum
2961 3149 3266 3217 acceperit;
3298 3164 3398 3203 cur
3432 3148 3675 3217 denique

2097 3243 2416 3313 dispensatio
2474 3243 2628 3295 totius
2670 3257 2844 3296 cauare
2883 3251 2933 3294 et
2991 3258 3132 3295 cura:
3189 3240 3550 3296 ecclesiastica:
3613 3243 3675 3295 in

2096 3332 2362 3387 Andream
2417 3333 2872 3403 Eutychianistam
2917 3342 3130 3403 repente
3177 3332 3441 3388 translata
3488 3335 3575 3388 sit.
3608 3335 3672 3388 ld

2097 3425 2348 3494 queritur
2376 3425 2418 3454 ⁸⁸
2443 3424 2586 3493 apud
2630 3424 3013 3492 imperatorem
3065 3425 3396 3479 Marcianum
3431 3426 3670 3480 Pulche-

2097 3517 2345 3585 riamque
2374 3518 2672 3584 Augustam
2721 3515 2831 3569 Leo
2862 3516 3125 3584 pontifex,
3155 3517 3354 3572 litteris
3394 3534 3456 3572 ea
3507 3519 3572 3573 de
3607 3535 3667 3572 re

2094 3607 2343 3676 Opilione
2369 3607 2592 3659 consule
2619 3606 2966 3675 conscriptis.

2165 3700 2298 3752 Vlll.
2325 3699 2525 3751 Verum
2549 3697 3044 3766 quomodocunque
3087 3699 3304 3753 tandem
3332 3699 3472 3752 Aetii
3501 3715 3670 3754 causa

2093 3807 2151 3845 se
2185 3790 2458 3850 habuerit,
2495 3789 2842 3843 occasionem
2875 3798 3025 3844 certe
3050 3789 3398 3844 Theodoreto
3426 3791 3667 3859 aperuit,

2092 3882 2160 3935 ad
2193 3881 2354 3935 ﬁdem
2408 3896 2562 3934 suam
2595 3880 2661 3934 de
2703 3879 3078 3935 incarnatione
3122 3881 3280 3934 Verbi
3337 3881 3669 3944 testandani,

2092 3975 2405 4042 librumque
2428 3971 2701 4027 edendum
2730 3988 2743 4024 :
2772 3971 3003 4038 (utinam
3025 3971 3236 4042 integer
3255 3971 3322 4025 ad
3346 3988 3449 4026 nos
3469 3988 3667 4042 perve—

2090 4064 2345 4134 nisset!)
2382 4079 2512 4134 quo,
2557 4063 2829 4117 mandatis
2878 4065 3078 4118 summi
3153 4063 3432 4133 pontiﬁcis
3495 4065 3667 4120 obse-

2091 4167 2270 4219 cutus,
2294 4155 2673 4212 Nestorianam
2701 4155 3059 4224 impietatem,
3083 4156 3469 4226 vesaniamque
3491 4156 3670 4226 Euty-

2091 4249 2346 4305 chianam
2376 4249 2458 4303 sic
2491 4248 2809 4310 declinavit,
2846 4255 2907 4301 ut
2932 4247 3133 4312 media,
3176 4246 3230 4300 id
3256 4254 3361 4311 est,
3396 4247 3665 4302 catholica

415 4323 796 4433 pientissimus
820 4329 1263 4394 archidiaconus,
1288 4347 1399 4386 non
1424 4344 1681 4403 Oportere
1704 4335 1984 4392 Christum
2021 4379 2066 4433 Ι)
2089 4342 2175 4395 via
2206 4341 2468 4395 incedens
2491 4341 2716 4395 doceret
2737 4340 3008 4410 exemplo,
3035 4339 3310 4394 neminem
3331 4354 3536 4402 errare,
3566 4356 3663 4408 qui

414 4413 620 4479 dicere,
646 4417 740 4472 sed
796 4419 1150 4489 Unigenitum
1182 4423 1525 4492 gloriﬁcare;
1561 4427 1705 4494 quod
1741 4428 1988 4496 quidem,

415 4507 458 4559 si
485 4523 671 4561 verum
699 4519 805 4574 est,
830 4525 1048 4566 omnem
1071 4523 1295 4584 superat
1319 4515 1541 4570 modum
1569 4517 1886 4586 impietatis.
1929 4539 1946 4570 ι

484 4598 822 4667 lmpietatem
873 4604 1146 4673 ejusmodi
1220 4605 1473 4660 confutat
1519 4608 1804 4676 pluribus,
1864 4611 1993 4664 hinc

420 4706 650 4746 exorsus
679 4709 692 4745 :
737 4711 756 4743 ι
796 4693 902 4748 Aut
932 4694 1072 4749 duos
1101 4696 1155 4748 in
1186 4696 1353 4750 Filios
1381 4695 1578 4751 dividit
1603 4714 1772 4752 unum
1802 4699 1992 4754 Domi-

412 4797 543 4834 num
575 4791 825 4838 nostrum
848 4786 1032 4840 Jesum
1057 4785 1360 4848 Christum,
1389 4796 1443 4840 et
1467 4789 1818 4858 Unigenitum
1859 4793 1988 4860 qui-

410 4871 534 4928 dem
581 4876 883 4946 legitimum
925 4885 1082 4944 putat
1138 4893 1258 4932 esse
1289 4879 1485 4933 Filium
1540 4892 1596 4936 et
1653 4884 1981 4948 naturalem,

407 4963 684 5020 Christum
713 4981 847 5020 vero
878 4967 1195 5034 adoptivum
1241 4979 1297 5024 et
1324 4971 1554 5026 nothum
1585 5015 1598 5036 ,
1655 4991 1718 5030 ac
1751 4977 1984 5046 proinde

406 5057 693 5127 indignum
728 5055 1126 5126 gloriﬁcatione
1162 5077 1175 5125 ;
1212 5071 1306 5115 aut
1357 5062 1778 5122 insolescentrm
1835 5083 1985 5123 nunc

409 5148 638 5202 lneresiu
668 5149 914 5205 stabilire
941 5161 1190 5208 conatur.
1213 5156 1289 5210 Ac
1317 5157 1564 5226 quidem,
1600 5159 1642 5212 si
1687 5159 1806 5213 dira
1842 5170 1981 5215 tem-

409 5247 589 5308 pestas
613 5239 972 5306 incumberet,
1012 5247 1387 5316 suspicaretur
1429 5249 1657 5304 fortasse
1683 5252 1978 5322 quispiam,

480 5399 506 5426 °
541 5393 727 5450 Matth.
756 5413 858 5452 avt.
887 5399 972 5454 16.
1053 5411 1078 5450 ῐτ
1109 5401 1240 5457 ibid.
1276 5402 1352 5456 l8.

2091 4432 2370 4488 Christum
2415 4450 2510 4489 ore
2529 4434 2673 4488 Petri
2705 4434 3022 4502 loquentem
3069 4442 3351 4502 sequatur.
3421 4433 3662 4492 tNemo,

2091 4526 2291 4595 inquit,
2316 4526 2482 4580 alium
2511 4525 2822 4596 quempiam
2849 4525 3014 4579 stulte
3040 4532 3193 4593 putet
3217 4523 3494 4578 Christum
3519 4539 3663 4584 esse,

2090 4633 2253 4686 quam
2296 4617 2490 4670 Filium
2527 4616 2912 4686 unigenitum;
2949 4631 3128 4684 neque
3173 4631 3273 4669 nos
3305 4614 3669 4683 sapientiores

2091 4708 2330 4777 Spiritus
2355 4707 2527 4778 gratia
2555 4707 2932 4761 existimemus
2961 4720 3101 4768 esse,
3133 4705 3227 4759 sed
3255 4721 3510 4775 magnum
3558 4705 3663 4757 Pe-

2090 4808 2236 4853 trum
2277 4798 2565 4853 audiamus
2590 4800 2956 4853 clamantem:
2995 4797 3068 4851 Tu
3124 4814 3175 4850 es
3210 4795 3463 4857 Christus,
3498 4794 3666 4849 Filius

2089 4890 2185 4944 Dei
2211 4891 2310 4943 vivi
2326 4900 2366 4942 °.
2400 4889 2702 4944 Audiamus
2756 4898 2812 4941 et
2859 4887 3136 4943 Christum
3184 4889 3474 4942 Dominum
3525 4905 3664 4941 con-

2087 4983 2382 5038 fessionem
2414 4983 2556 5035 hanc
2585 4981 3001 5034 conﬁrmantem
3033 5000 3045 5034 :
3078 4979 3247 5050 Super
3279 4982 3414 5034 hanc
3456 4990 3663 5050 petram

2088 5073 2358 5141 tediﬁcnbo
2393 5071 2680 5125 Ecclesium
2714 5087 2907 5133 meum,
2942 5080 2988 5123 et
3019 5081 3184 5139 porta:
3217 5071 3375 5139 inferi
3398 5088 3498 5124 non
3523 5086 3665 5139 prte-

2084 5161 2330 5216 valelmnt
2385 5161 2634 5212 adversus
2691 5175 2804 5211 eam
2831 5169 2876 5211 P.
2960 5159 3168 5213 Idcirco
3225 5159 3664 5229 sapientissimus

2086 5253 2306 5314 Paulus,
2339 5271 2354 5300 ι
2389 5261 2494 5302 cte.
2551 5251 2720 5304 Paulo
2755 5261 2881 5306 ante
2929 5251 3162 5313 dixerat,
3202 5251 3346 5306 unde
3378 5251 3664 5308 videretur

1735 5515 2051 5571 SCIIULZH
2095 5515 2324 5570 ΝΟΤᾸΞ.

481 5615 529 5649 ⁸⁸
558 5617 752 5691 Inquit.
806 5622 949 5679 Loco
984 5626 1166 5681 citato.
1249 5632 1288 5660 “
1320 5631 1488 5698 Epist.
1534 5633 1646 5685 liti.

1728 5631 1768 5662 "7
1799 5631 1968 5700 Epist.
2006 5631 2092 5686 57.

2171 5631 2211 5660 ³·
2239 5631 2381 5686 Loco
2413 5631 2504 5685 cit.
2583 5631 2622 5661 "-°
2651 5633 2822 5702 Epist.
2864 5632 2978 5685 HG.
