3954 6294
187 279 282 346 157

1362 267 1726 332 HISTORIA
1759 261 2269 324 THEODORETI.

3365 234 3466 298 158

188 399 509 452 retractare,
547 403 673 458 qua:
711 384 965 441 acerbius
993 383 1061 437 ad
1092 380 1369 436 decimum
1397 379 1585 449 Cyrilli
1613 385 1778 445 caput
1809 381 1848 435 Α
1882 376 2126 444 Augusto
2146 372 2213 435 ι’,
2259 366 2354 438 qui
2383 377 2610 434 regnare
2646 357 2810 426 coepit
2837 369 2982 408 anno
3012 351 3143 412 £57;
3182 347 3327 402 unde
3355 347 3468 399 col—

190 485 324 541 olim
363 479 641 536 effuderat
676 496 689 532 :
735 476 990 533 Christus
1039 474 1343 544 appellatus
1373 483 1477 534 est,
1511 478 1772 538 tanquam

127 600 142 607 -
193 576 402 648 Spiritu
427 582 621 628 sancto
643 569 948 626 secundum
980 566 1260 621 hominem
1279 573 1497 627 unctus,
1524 571 1580 616 et
1599 562 1776 616 factus

193 666 441 738 pontifex
467 672 657 718 noster
684 671 740 718 et
777 660 1082 731 apostolus,
1118 657 1278 728 205
1305 665 1360 712 et
1395 655 1684 726 propheta,
1721 661 1777 708 et

197 775 312 814 rex.
380 758 555 812 Moses
622 755 768 808 enim
822 753 1042 807 divinus
1090 751 1249 819 longe
1308 756 1435 802 ante
1468 746 1773 800 clamabat:

197 849 517 918 Propltetam
543 846 682 899 vobis
703 841 974 896 suscitabit
1006 840 1260 892 Dominus
1286 837 1426 890 Deus
1448 837 1508 889 de
1526 835 1778 906 fratribus

197 941 406 1003 vestris,
439 939 671 991 sicutme
695 944 741 987 τι.
766 932 835 986 Ει
856 931 1078 986 divinus
1104 927 1274 982 David
1308 925 1642 981 vociferatus
1674 932 1776 983 est,

199 1028 661 1088 dicenszluravit
695 1025 974 1087 Dominus,
1027 1028 1076 1074 et
1134 1036 1238 1072 non
1285 1017 1550 1088 paenitebit
1606 1032 1723 1068 eum
1761 1031 1778 1067 :

198 1124 276 1177 Tu
317 1138 370 1174 es
419 1118 664 1175 sacerdos
737 1119 793 1170 in
848 1123 1128 1178 (rternum,
1190 1110 1477 1164 secundum
1545 1107 1782 1160 ordinem

199 1213 605 1270 Melchisedech
659 1209 1071 1276 Conlirmatque
1141 1202 1487 1274 prophetiam
1566 1200 1786 1254 divinus

197 1307 517 1378 Apostolus,
592 1313 648 1358 et
692 1303 892 1357 iterum
918 1301 993 1355 ait
1053 1318 1066 1354 :
1120 1298 1380 1353 Habentes
1444 1312 1566 1366 ergo
1613 1295 1788 1364 ponti-

197 1401 354 1469 ﬁcem
395 1414 668 1469 magnum,
703 1397 794 1466 qui
843 1395 1137 1465 penetrauit
1177 1392 1352 1451 ca’los,
1381 1389 1561 1443 Iesum
1594 1385 1786 1439 Filium

200 1495 323 1559 Dei,
363 1503 634 1546 teneamus
673 1489 1119 1558 confessionem‘.

274 1587 367 1643 IX.
397 1585 555 1640 llunc
585 1583 831 1638 laborem
856 1576 1247 1647 cxcepitalius,
1278 1584 1503 1644 rogante
1535 1573 1788 1644 Ilypatio,

202 1676 528 1745 umerisque
565 1671 947 1734 familiaribus,
992 1668 1222 1731 veritis,
1285 1683 1352 1720 ne
1398 1682 1522 1720 cum
1574 1665 1792 1718 inﬁrmo

203 1769 491 1838 fractoque
517 1766 676 1820 annis
705 1773 761 1819 et
788 1763 944 1817 malis
972 1759 1304 1814 Theodoreti
1330 1773 1582 1828 corpore,
1617 1757 1791 1811 inter-

205 1862 318 1918 iret
350 1859 550 1916 eximia
581 1860 635 1913 in
702 1856 1050 1939 elucidandis
1077 1853 1379 1922 Scriptura:
1405 1849 1675 1905 abstrusis
1710 1849 1794 1902 lo-

206 1955 310 2018 cis,
350 1969 459 2024 qua
481 1952 740 2022 pollebat,
781 1949 1050 2004 doctrina.
1094 1965 1111 1997 ‹
1145 1945 1377 2014 Scripsit
1408 1944 1572 2013 igitur
1607 1941 1795 2010 expla-

207 2043 497 2097 nationem
551 2040 742 2110 (verba
787 2047 916 2093 sunt
964 2036 1236 2104 Photii”)
1275 2035 1330 2088 in
1373 2032 1795 2096 Octateuchum,

206 2151 332 2205 qua:
373 2134 788 2203 inscriptionem
843 2141 1006 2184 nacta
1040 2138 1126 2184 est
1175 2127 1327 2198 operi
1381 2133 1796 2196 congruentem,

209 2227 270 2281 in
302 2227 537 2281 obscura
582 2233 640 2280 et
670 2226 920 2282 abstrusa
973 2217 1272 2292 Scriptura:
1301 2221 1418 2274 loca
1453 2237 1465 2272 :
1493 2219 1547 2272 in
1601 2217 1802 2287 quibus

209 2327 342 2373 sunt
377 2327 433 2374 et
467 2319 534 2372 ad
581 2319 754 2372 libros
783 2317 1015 2386 Regum,
1044 2322 1099 2368 et
1127 2314 1181 2366 in
1217 2312 1654 2380 Paralipomena.
1683 2309 1801 2364 Uti-

209 2411 484 2466 lissimum
515 2419 698 2464 autem
725 2409 779 2462 in
816 2406 1010 2478 primis
1044 2406 1149 2460 hoc
1181 2420 1339 2474 opus,
1373 2424 1390 2454 ι
1429 2412 1537 2458 etc.

300 2501 531 2555 Miretur
557 2515 689 2554 vero
726 2497 1000 2568 quispiam
1023 2537 1036 2559 ,
1075 2495 1354 2549 hominem
1382 2492 1804 2562 septuagenario

214 2601 504 2670 majorem,
531 2596 752 2650 infirmo
784 2609 1035 2664 corpore,
1081 2591 1380 2659 fractisque
1411 2588 1646 2647 viribus,
1683 2597 1806 2640 tan.

217 2703 334 2746 tum
370 2706 530 2760 opus,
569 2697 716 2742 tanta
751 2688 802 2740 vi
839 2686 1060 2750 mentis,
1096 2693 1206 2737 tam
1240 2696 1408 2752 parvo
1437 2690 1678 2749 tempore
1710 2679 1807 2732 ab-

216 2783 472 2838 solvisse.
518 2779 626 2835 Sed
651 2779 853 2833 mirum
894 2776 1065 2846 magis
1087 2783 1191 2839 est,
1224 2773 1560 2844 dignumque
1584 2778 1809 2840 propter

217 2873 366 2944 quod
401 2873 684 2926 immensae
715 2871 810 2924 Dei
836 2867 1162 2939 benignitati
1197 2865 1388 2920 laudes
1417 2863 1681 2932 rependat
1706 2862 1810 2915 Ec-

219 2966 386 3021 clesia
409 2964 743 3019 Theodoreti
789 2961 1072 3016 laboribus
1098 2960 1308 3021 fruens,
1350 2957 1497 3027 quod
1534 2953 1811 3010 scribendi

221 3055 386 3113 simul
412 3063 471 3111 et
501 3053 725 3108 vivendi
755 3052 914 3108 ﬁnem
943 3051 1135 3106 fecerit
1162 3049 1307 3103 inter
1338 3047 1530 3102 laudes
1574 3044 1812 3099 incredi-
1842 3079 1883 3132 Ο

222 3151 354 3206 bilis
377 3145 799 3212 miseriCordiaa,
824 3162 932 3216 qua
976 3146 1121 3200 Deus
1151 3145 1432 3197 Manassen
1457 3140 1814 3210 castigatione

225 3243 298 3299 ad
337 3241 624 3297 meliorem
665 3238 875 3308 frugem
918 3236 1220 3306 compulit;
1273 3233 1530 3304 quodque
1567 3246 1719 3285 suam
1760 3231 1814 3283 in

224 3337 476 3393 Manasse
511 3335 732 3390 videtur
757 3331 1116 3388 adumbrasse
1153 3338 1379 3390 sortem,
1428 3327 1818 3394 sincerumque

226 3430 399 3485 animi
453 3442 678 3497 sensum
735 3424 1091 3494 expressisse.
1152 3422 1244 3476 Sic
1305 3420 1452 3474 enim
1504 3418 1815 3472 scribit“:

239 3542 258 3573 ι
292 3520 417 3575 Luit
460 3535 655 3590 pmnas
695 3516 992 3588 impietatis
1043 3515 1318 3569 Manasses
1353 3531 1365 3565 :
1401 3511 1631 3566 traditus
1673 3511 1818 3563 enim

231 3622 321 3669 est
363 3613 477 3684 regi
511 3611 859 3684 Assyriorum
905 3609 1236 3676 vinctusque
1263 3605 1319 3659 in
1363 3604 1694 3675 Babylonem
1723 3601 1820 3655 ab-

231 3707 470 3770 ductus;
510 3704 606 3760 sed
636 3703 768 3757 huic
791 3711 975 3756 tamen
1015 3695 1408 3754 misericordia:
1451 3696 1632 3750 fontes
1661 3694 1821 3764 abys—

233 3812 334 3852 sus
361 3793 716 3865 benignitatis
740 3791 1024 3866 impertiit.
1049 3789 1330 3858 Postquam
1361 3786 1521 3849 enim,
1541 3785 1637 3848 ait,
1662 3800 1826 3837 coan—

235 3895 483 3961 gustatus
501 3893 576 3940 est
600 3884 893 3947 Manasses,
927 3882 1100 3936 oravit
1136 3879 1422 3933 Dominum
1458 3875 1624 3929 Deum
1649 3893 1824 3940 suum,

237 3991 295 4036 et
325 3978 637 4034 humiliatus
669 3983 743 4031 est
781 3974 935 4030 ualde
978 3988 1158 4026 coram
1201 3970 1308 4023 Deo
1342 3977 1557 4040 patrum
1588 3984 1828 4032 suorum,

238 4085 292 4130 et
323 4073 632 4144 deprecatus
677 4077 754 4123 est
797 4084 936 4133 eum,
975 4073 1025 4119 et
1057 4064 1324 4118 exaudivit
1370 4078 1544 4116 vocem
1577 4061 1710 4130 ejus,
1749 4074 1834 4112 re-

239 4166 497 4235 tinuitque
532 4179 654 4217 eum
704 4157 1128 4228 Hierosolymam
1172 4157 1228 4209 in
1262 4170 1485 4224 regnum
1531 4168 1716 4214 suum,
1785 4159 1833 4202 et

242 4258 484 4329 cognovit
526 4254 797 4310 Manasses
847 4251 985 4323 quod
1024 4249 1278 4303 Dominus
1329 4250 1441 4316 ipse
1477 4251 1610 4298 esset
1650 4243 1833 4305 Deus;

246 4364 424 4419 usque
469 4345 608 4403 adeo
670 4343 988 4400 volentibus
1053 4339 1280 4411 prodest
1329 4335 1620 4406 castigatio
1659 4351 1674 4386 :
1715 4348 1837 4402 qua:

241 4441 398 4498 enim
427 4453 663 4512 regnans
687 4452 800 4492 non
824 4435 1039 4502 habuit,
1070 4434 1188 4488 haec
1217 4429 1463 4486 serviens
1487 4426 1748 4482 obtinuit.
1778 4444 1796 4477 ι
1869 4421 1911 4474 1)

819 4551 836 4571 ⁹
865 4547 1091 4605 CAPUT
1125 4544 1268 4600 XIII.

246 4648 296 4704 1.
321 4644 634 4701 Sirmondus
660 4641 919 4711 anticipat
939 4648 1164 4711 tempus,
1199 4651 1300 4711 quo
1317 4633 1663 4711 Theodore-tus
1679 4630 1832 4711 coiit.

322 4716 392 4772 II.
406 4715 592 4786 Differt
616 4713 765 4786 ultra
777 4701 1003 4786 modum.
1015 4701 1352 4786 Marcellinus
1367 4701 1839 4786 com‘esLlIIAT/fteo-

322 4771 691 4841 ᾱοτιέίεειον
722 4783 917 4837 innuit.
937 4779 1023 4835 IV.
1054 4777 1190 4834 Obiit
1215 4794 1356 4831 anno
1385 4775 1510 4829 458.
1543 4773 1609 4826 v.
1640 4771 1841 4839 Defun-

320 4865 438 4912 ctus
472 4859 527 4911 in
575 4869 706 4925 pace
757 4852 1022 4925 Ecclesia:
1069 4850 1346 4925 gaeritur.
1525 4842 1843 4925 Assertionis

329 4916 646 5000 argumenta
673 4933 892 4996 septem.
928 4920 1042 4978 VII.
1072 4919 1324 4991 Elogium
1353 4916 1605 4986 defuncti.

802 5033 948 5085 Anno
975 5029 1156 5084 Christi
1192 5030 1301 5080 458.

333 5147 498 5218 206
522 5146 565 5201 I.
596 5143 717 5212 Quo
744 5151 995 5213 tempore
1023 5137 1408 5194 Theodoretus
1433 5132 1653 5197 obierit,
1690 5144 1852 5183 nemo

253 5238 490 5296 deﬁnite
528 5236 714 5294 tradit.
750 5233 1070 5291 Gennadius
1091 5229 1414 5286 defunctum
1440 5225 1515 5279 ait
1542 5223 1644 5278 sub
1668 5221 1852 5275 Leone

340 5394 551 5450 1Deut.
577 5390 846 5460 “111,15.
926 5400 948 5428 ι’
979 5387 1121 5444 Psal.
1147 5403 1252 5451 eis,
1280 5385 1332 5438 4.
1411 5395 1431 5421 ε
1466 5380 1634 5435 l-lebr.
1656 5395 1748 5437 vn,
1777 5377 1867 5428 2|.

1875 436 2193 538 ligivpotest,
2241 436 2420 529 neque
2466 454 2652 510 statim
2689 467 2719 505 a
2743 445 2982 503 concilio
3023 436 3463 498 Chalcedonensi

1877 558 2100 619 obiisse,
2128 553 2274 625 quod
2297 550 2476 604 visum
2507 553 2590 600 est
2623 537 2938 599 Sirmondo,
2958 547 3135 602 neque
3163 535 3286 599 post
3314 525 3469 580 initia

1881 647 2081 702 Leonis
2100 638 2448 712 imperatoris
2478 629 2836 704 superfuisse,
2865 621 3013 694 quod
3043 618 3166 674 aliis
3185 613 3474 686 placitum.

1882 740 2031 796 Facit
2074 703 2342 790 adversus
2366 703 2720 784 Sirmondum
2745 720 2799 773 id
2831 717 3020 779 etiam,
3045 709 3191 781 quod
3221 703 3476 761 Theodo-

1883 794 2035 884 retus
2079 823 2245 880 fuerit
2279 821 2461 875 adhuc
2502 816 2558 868 in
2605 811 2747 865 vivis
2775 808 2862 862 die
2893 806 2958 858 l0
2994 800 3143 857 Junii
3179 796 3310 852 anni
3340 794 3472 857 455,

1883 936 1993 990 quo
2021 929 2267 986 tempore
2309 913 2524 966 litteras
2577 903 2647 958 ad
2699 915 2824 957 eum
2865 903 3090 952 sanctus
3128 891 3239 944 Leo
3285 885 3474 941 dedit:

1885 977 2014 1068 facit
2061 977 2253 1064 contra
2304 1005 2461 1067 alios,
2509 997 2658 1070 quod
2707 993 2775 1048 de
2812 987 3163 1044 Theodoreto
3199 979 3349 1034 nulla
3383 977 3477 1030 fiat

1887 1103 2093 1158 mentio
2125 1106 2246 1169 post
2277 1097 2474 1151 initum
2503 1108 2532 1146 a
2571 1091 2754 1143 Leone
2787 1078 3102 1150 imperium.

1959 1196 2021 1248 Il.
2062 1164 2329 1246 lieniinit.
2369 1188 2576 1247 fateor,
2617 1171 2950 1233 Theodoreti
2996 1164 3346 1222 Marcellinus
3388 1174 3482 1213 co-

1889 1302 2005 1339 mes
2034 1282 2099 1336 ad
2134 1293 2335 1334 annum
2364 1272 2568 1329 Christi
2616 1267 2739 1330 466,
2772 1265 2954 1316 Leone
2990 1255 3206 1312 seniore
3247 1267 3305 1304 ιιι
3350 1264 3480 1302 con-

1890 1380 2028 1441 sule,
2046 1375 2159 1430 ind.
2177 1391 2226 1427 Iv
2245 1391 2257 1425 :
2279 1391 2296 1422 ι
2313 1367 2715 1423 Theodoretus,
2736 1355 2934 1425 inquit,
2953 1352 3241 1421 episcopus
3261 1352 3486 1398 sanctus

1890 1472 2014 1543 Cyri
2043 1465 2300 1525 civitatis.
2330 1457 2550 1528 scripsit
2582 1454 2650 1508 de
2694 1444 3070 1504 incarnatione
3117 1436 3333 1492 Domini
3383 1432 3481 1486 ad-

1892 1580 2086 1619 versus
2108 1559 2390 1630 Eutychen
2413 1561 2467 1606 et
2494 1550 2816 1604 Dioscorum
2829 1533 3210 1594 Alexandrina:
3232 1526 3488 1582 Ecclesiae

1894 1627 2236 1725 episcopum,
2251 1648 2344 1718 qui
2369 1648 2662 1699 humanam
2678 1638 2732 1690 in
2749 1632 2972 1691 Christo
2988 1639 3206 1682 carnem
3231 1627 3446 1689 negant.
3464 1636 3479 1666 ι

1827 1724 1868 1778 Β
1897 1713 2002 1802 Sed
2025 1713 2248 1814 apertus
2271 1713 2357 1794 est
2383 1737 2450 1791 de
2502 1744 2746 1801 tempore
2785 1740 2942 1781 error
2987 1713 3283 1774 Marcellini
3317 1729 3330 1766 :
3361 1724 3487 1788 nam

1898 1853 2022 1892 cum
2071 1831 2360 1893 Gennadii,
2417 1824 2828 1880 Theodoretum
2873 1810 3146 1869 tradentis
3203 1803 3489 1873 scripsisse

1899 1938 2088 1984 contra
2110 1924 2392 1996 Eutychen
2422 1928 2478 1973 et
2496 1917 2839 1973 Dioscorum,
2867 1917 2923 1962 et
2943 1905 3046 1960 sub
3071 1902 3252 1955 Leone
3271 1894 3490 1951 seniore

1901 2031 2198 2081 mortuum,
2236 2015 2400 2070 verba
2429 2008 2770 2066 exscriberet
2795 2046 2808 2068 ,
2855 1996 3121 2068 temporis
3145 1987 3488 2045 indelinitam

1900 2118 2084 2164 notam
2109 2107 2176 2160 de
2213 2104 2390 2158 media
2418 2109 2571 2170 parte
2597 2094 2811 2164 imperii
2848 2088 3049 2144 Leonis
3084 2085 3484 2150 interpretatus

1902 2210 2006 2269 est,
2044 2202 2098 2254 in
2125 2214 2234 2269 quo
2262 2197 2462 2251 mirum
2496 2199 2763 2261 quantum
2792 2181 3192 2241 hallucinatur;
3218 2169 3495 2241 siquidem

1905 2295 2218 2354 Eranistes,
2254 2287 2348 2357 qui
2379 2291 2569 2340 contra
2595 2277 2880 2348 Eutychen
2903 2282 2957 2327 et
2991 2271 3316 2324 Dioscorum
3361 2259 3503 2315 scri-

1906 2400 2033 2460 ptus
2062 2384 2261 2440 dicitur
2293 2396 2322 2433 a
2371 2372 2674 2434 Gennadio,
2703 2365 2909 2437 prodiit
2937 2363 2991 2415 in
3021 2361 3199 2414 lucem
3230 2360 3357 2407 ante
3393 2366 3494 2404 an-

1906 2497 2038 2537 num
2077 2475 2192 2537 HG,
2244 2483 2304 2525 ut
2341 2470 2397 2524 in
2428 2463 2751 2521 recensione
2797 2457 3039 2526 Operam
3088 2445 3378 2503 manifesta
3416 2456 3501 2495 ra-

1911 2574 2056 2628 tione
2082 2544 2374 2623 conﬁcitur
2391 2560 2459 2612 ⁵³.

1976 2663 2064 2717 lll.
2101 2656 2426 2713 Theodorus
2465 2650 2665 2703 Lector
2703 2643 2760 2696 in
2797 2630 3160 2695 Collectaueis
3185 2630 3230 2660 “
3260 2627 3376 2679 hazc
3409 2624 3504 2676 ha-

1912 2715 2047 2811 bet:
2087 2772 2104 2803 ι
2144 2752 2351 2807 Urnam
2399 2739 2784 2797 Theodoretus
2834 2742 3031 2798 magno
3071 2721 3275 2778 Iacobo
3311 2715 3377 2770 ad
3415 2729 3503 2811 se-

1913 2848 2189 2918 pulturam
2229 2836 2473 2910 paravit;
2504 2833 2683 2902 ipsum
2705 2834 2888 2881 autem
2918 2815 3328 2874 Theodoretum
3351 2807 3508 2878 prius

1917 2937 2049 2993 muri
2068 2932 2328 3002 contigit:
2357 2929 2413 2982 in
2432 2924 2626 2980 eadem
2657 2928 2838 2974 tamen
2871 2921 2926 2965 et
2947 2913 3064 2980 ipse
3088 2920 3319 2974 magnus
3347 2901 3507 2954 Jaco-

1916 3032 2019 3085 bus
2052 2998 2369 3080 reconditus
2388 3026 2492 3072 est.
2531 3034 2549 3064 ι
2606 3011 2736 3066 Inde
2767 3013 2946 3077 potest
2972 3017 3084 3055 non
3109 2998 3344 3051 obscure
3373 3005 3478 3045 con

1918 3119 2063 3175 cludi
2103 3126 2338 3183 tempus,
2367 3123 2477 3178 quo
2495 3102 2876 3159 Theodoretus
2905 3089 3168 3148 decessit.
3192 3086 3327 3140 Nam
3353 3083 3507 3136 Jaco-

1918 3172 2023 3266 bus
2054 3209 2146 3263 ille
2184 3172 2607 3268 thaumaturgus
2657 3191 2878 3246 vivebat
2913 3185 3095 3240 adhuc
3128 3193 3272 3233 anno
3314 3172 3515 3228 Leonis

1920 3261 2271 3370 imperatoris
2316 3261 2582 3347 secundo,
2625 3282 2719 3352 qui
2760 3275 2964 3334 Christi
3000 3271 3124 3334 458,
3154 3269 3198 3323 si
3229 3281 3336 3336 qua
3367 3261 3503 3316 fides

1919 3359 2154 3462 Evagrio
2184 3389 2270 3439 ’δε
2313 3396 2491 3452 neque
2531 3378 2625 3433 diu
2668 3380 2950 3442 superstes
2976 3379 3096 3420 esse
3129 3359 3341 3431 potuit,
3389 3369 3516 3408 cum

1922 3460 2061 3538 foret
2090 3496 2152 3534 ea
2195 3480 2521 3544 tempestate
2547 3463 2842 3523 admodum
2875 3472 3064 3520 senex,
3115 3464 3170 3506 et
3207 3460 3520 3517 nonagena—

1925 3575 2042 3629 rius
2075 3570 2292 3630 saltem,
2325 3574 2418 3620 aut
2458 3561 2624 3615 etiam
2663 3555 2866 3625 major;
2904 3552 3108 3620 quippe
3141 3542 3234 3612 qui
3263 3541 3372 3610 jam
3401 3551 3516 3590 ma~

1926 3669 2016 3740 gni
2043 3667 2186 3720 foret
2219 3657 2457 3715 nominis
2490 3657 2716 3723 propter
2764 3641 3133 3716 prodigiosam
3176 3634 3302 3688 vitzc
3343 3627 3516 3683 ratio-

2939 3733 2950 3740 .
3111 3726 3196 3740 η.
3394 3720 3510 3740 ,ΜΔ

1926 3720 2076 3821 item,
2114 3750 2338 3824 quando
2402 3744 2574 3802 Isauri
2613 3742 2856 3796 latrones
2901 3733 3059 3802 plura
3107 3723 3348 3782 Orientis
3394 3720 3514 3773 loca

1928 3809 2248 3922 depoplilati
2281 3837 2500 3903 sunt",
2530 3832 2677 3905 quod
2712 3827 2942 3896 contigit
2964 3836 3107 3876 anno
3134 3817 3256 3872 401.
3287 3813 3343 3868 Si
3372 3809 3522 3912 enim

1930 3901 2066 4000 tuiic
2111 3945 2349 4010 portatur
2393 3938 2558 3985 natus
2578 3938 2753 3980 annos
2788 3919 2878 3982 '55,
2902 3930 3025 3986 qua:
3047 3922 3241 3971 tamen
3263 3915 3397 3961 tetas
3436 3901 3529 3954 vix

1933 4039 2085 4088 tanto
2113 3993 2322 4084 iiomiui
2351 4037 2449 4092 par
2475 4016 2664 4077 fuerit,
2699 4006 2967 4065 dicendus
3003 4009 3088 4056 est
3116 3993 3530 4065 nonagesimum

1932 4136 2139 4179 annum
2183 4114 2506 4173 excessisse,
2536 4117 2667 4162 tunc
2695 4117 2820 4157 cum
2862 4097 2930 4152 ab
2976 4097 3314 4162 imperatore
3345 4083 3530 4137 Leone

1933 4212 2133 4268 litteris
2159 4209 2228 4263 de
2273 4215 2422 4259 tomo
2443 4189 2885 4255 Chalcedonensi
2934 4179 3265 4240 sententiam
3311 4180 3534 4244 rogatus

1937 4313 2039 4359 est.
2063 4301 2198 4366 Quis
2222 4311 2355 4351 vero
2379 4289 2569 4346 credat
2596 4278 2934 4352 superfuisse
2963 4274 3050 4328 vel
3097 4282 3304 4341 paucos
3335 4278 3534 4326 annos,

1939 4409 2065 4451 cum
2095 4399 2153 4446 et
2201 4387 2388 4443 senior
2433 4388 2580 4436 esset
2623 4372 2852 4444 reliquis
2885 4369 3008 4424 aliis
3043 4360 3339 4420 admodum
3373 4365 3534 4412 a-tate

1945 4481 2244 4558 provectis,
2273 4489 2508 4548 quorum
2542 4467 2930 4525 Theodoretus
2947 4459 3208 4525 deinceps
3229 4453 3368 4531 yitas
3406 4453 3540 4504 scri-

1943 4540 2086 4649 psit;
2123 4583 2179 4629 et
2206 4540 2326 4627 eam
2358 4567 2486 4620 vita:
2519 4562 2788 4617 rationem
2821 4561 3058 4614 teneret,
3084 4562 3246 4618 quam
3281 4540 3536 4597 Theodo-

1945 4635 2118 4731 i‘etus,
2137 4667 2268 4720 licet
2291 4659 2542 4716 oculatus
2573 4652 2751 4716 testis,
2782 4649 2874 4704 vix
2905 4652 3130 4717 propter
3155 4636 3315 4708 207
3355 4635 3538 4731 inere-

1946 4761 2268 4817 dibilitatem
2317 4764 2542 4806 narrare
2577 4760 2743 4801 ausus
2791 4747 2911 4805 est;
2957 4745 3014 4791 et
3052 4729 3304 4800 corporis
3345 4723 3540 4778 habitu

1942 4849 2152 4905 morbis
2207 4840 2482 4899 obnoxius
2540 4835 2700 4897 foret,
2755 4838 2811 4886 et
2858 4827 3110 4882 decimus
3167 4818 3363 4873 tertius
3409 4813 3538 4867 vitae

1943 4938 2307 5012 septenarius,
2349 4931 2444 5002 qui
2499 4926 2745 4982 omnium
2803 4918 3038 4974 maxime
3084 4909 3296 4973 letifer,
3350 4904 3406 4958 in
3442 4918 3540 4956 an-

1945 5048 2075 5089 num
2104 5025 2521 5098 nonagesimum
2546 5019 2782 5090 primum
2806 5005 3103 5067 inciderit?

2020 5123 2108 5176 ιν.
2147 5120 2271 5174 Haec
2305 5125 2484 5169 autem
2515 5109 2700 5164 omnia
2731 5106 2775 5160 si
2805 5109 2954 5158 recte
2989 5113 3048 5154 se
3074 5095 3300 5157 habent,
3339 5086 3543 5158 proba-

1949 5216 2190 5283 biliaque
2230 5218 2377 5272 sunt,
2413 5205 2713 5261 ostendunt
2741 5195 3151 5252 Theodoretum
3172 5229 3186 5250 ,
3214 5183 3306 5255 qui
3343 5179 3547 5238 Jacobo

1950 5375 1966 5408 τ
2003 5370 2169 5425 Ilebr.
2207 5385 2279 5434 ιν,
2323 5367 2410 5420 14.
2487 5375 2513 5400 υ
2546 5361 2591 5414 11
2622 5356 2798 5414 Paral.
2835 5367 3023 5417 xum,
3056 5347 3143 5412 l2,
3175 5343 3243 5400 15

1615 5507 1934 5568 SCIIUI.ZII
1975 5503 2206 5562 NOTAE.

359 5644 554 5704 “Cod.
586 5648 719 5702 SM.
795 5644 838 5675 "
873 5640 1010 5696 Vide
1041 5653 1226 5708 supra,
1268 5634 1469 5708 t.il._p_.

275 5728 400 5791 cap.
436 5722 490 5787 6,
520 5719 548 5792 ς
579 5720 627 5775 1.
713 5715 758 5748 δ’*
788 5710 1031 5776 Collect.,
1071 5711 1166 5764 lib.
1200 5724 1236 5761 ι.

1316 5706 1358 5735 η
1390 5693 1506 5757 mh.
1544 5717 1576 5754 ιι
1613 5699 1770 5760 Hist,
1808 5710 1906 5761 cur
1959 5693 2010 5746 9ο

1504 5631 1627 5684 599.
1707 5628 1750 5656 ιη
1783 5623 1858 5676 De
1893 5621 2074 5689 script.
2105 5613 2262 5689 eccl.,_
2292 5628 2339 5668 c.
2372 5611 2464 5689 εξ.
2537 5609 2583 5689 ις
2621 5605 2685 5689 tu
2716 5603 2932 5689 suisque.
2960 5597 3079 5689 V'id.
3116 5593 3276 5689 infra.
3313 5584 3446 5641 diss.
3479 5577 3538 5645 ἓν

2090 5664 2488 5746 δῖἧίἑιίιξιιι,
2538 5676 2704 5746 Relig.
2763 5674 2906 5735 hist,
2961 5684 3078 5738 cap.
3139 5664 3225 5713 “li-
