3954 6294
456 224 577 291 1511

1581 228 1959 287 GARNERII
2001 228 2499 289 DISSERTATIO
2538 231 2590 291 Ι.

3624 229 3757 309 16ὒῖ

446 342 513 396 ad
558 341 874 412 sepulcrum
926 340 1160 411 praeivit,
1213 340 1360 395 diem
1411 347 1720 393 extremum
1766 337 2029 393 clausisse
2062 345 2101 398 A
2135 354 2242 407 qua
2276 339 2659 394 Theodoretus
2721 352 2857 403 urna
2894 338 3075 396 condi.
3124 341 3229 397 iste
3271 356 3407 409 quos
3454 341 3520 396 ad
3571 342 3760 398 ﬁdem-

447 447 560 501 quo
593 448 738 487 anno
767 431 900 496 Leo,
931 432 1025 501 qui
1058 432 1262 486 dicitur
1286 430 1502 494 Seuior,
1536 430 1829 500 imperium
1852 445 2041 500 capes-

446 524 598 588 sivit,
635 535 728 578 aut
755 524 938 594 potius
959 525 1001 554 "
1056 531 1319 591 sequente
1341 565 1353 587 ,
1384 523 1479 592 qui
1524 521 1630 577 fuit
1672 521 1879 577 Christi
1912 523 2037 577 458.

521 616 583 673 V.
637 617 695 670 In
739 632 872 686 pace
904 614 1166 669 Ecclesia:
1193 614 1501 670 decessisse
1541 615 1609 669 de
1640 616 1755 670 vita
1803 616 2040 685 probant

447 710 851 779 amplissimam
896 706 1179 762 veteribus
1214 707 1530 777 sanctisque
1567 707 1937 779 scriptoribus
1982 709 2038 763 in

448 798 626 868 ipsum
657 803 780 867 post
813 803 1045 850 mortem
1082 808 1361 867 congestte‘
1397 797 1606 851 laudes.
1644 796 1854 852 Summi
1890 806 2039 852 certe

446 889 736 960 pontiﬁces
760 890 990 961 Vigilius
1014 891 1081 956 ",
1101 891 1357 962 Pelagius
1385 891 1424 954 l,
1461 890 1712 961 Pelagius
1738 891 1805 954 ll,
1828 890 2034 961 Grego-

446 978 563 1036 rius
589 982 893 1053 Magnus’et
927 982 1044 1048 alii,
1085 982 1454 1037 venerabilem
1478 991 1643 1051 atque
1668 983 2034 1036 orthodoxam

445 1073 656 1137 dicunt,
700 1072 1137 1143 defunctumque
1196 1074 1250 1126 in
1282 1073 1670 1127 communione
1712 1071 2038 1127 universalis

444 1164 706 1220 Ecclesim
741 1173 1034 1220 testantur.

507 1257 628 1327 Ipsa
670 1260 837 1311 etiam
863 1259 1050 1328 quinta
1087 1256 1349 1330 synodus,
1384 1257 1487 1313 etsi
1532 1255 1819 1312 erroribus
1852 1255 2034 1310 Theo-

443 1349 619 1404 doreti
644 1352 901 1421 graviter,
934 1360 996 1406 ut
1021 1368 1117 1421 par
1136 1364 1276 1417 erat,
1303 1350 1534 1414 infensa,
1565 1364 1811 1420 persona:
1847 1357 2035 1403 tamen

443 1440 680 1495 detraxit
706 1440 867 1505 nihil,
902 1441 1011 1495 imo
1044 1442 1110 1495 ad
1137 1450 1371 1495 mortem
1412 1431 1585 1509 usque
1628 1455 1736 1493 non
1776 1452 2033 1508 perman-

444 1544 581 1585 srsse
607 1529 662 1583 in
693 1529 778 1594 iis,
808 1546 929 1600 quae
962 1530 1271 1585 damnanda
1297 1530 1531 1600 putavit,
1557 1536 1747 1597 aperte
1772 1526 1969 1581 innuit.

516 1619 657 1675 Sunt
694 1629 749 1674 et
779 1623 883 1676 alia
927 1622 1246 1693 gravissima
1282 1621 1337 1674 in
1369 1620 1513 1675 hanc
1549 1609 1666 1674 rem
1696 1617 2030 1682 testimonia,

443 1713 720 1782 quaequia
756 1714 901 1767 inter
928 1714 1223 1784 legendum
1259 1712 1461 1783 saepius
1483 1720 1804 1775 occurrunt,
1829 1709 2032 1780 sigilla-

444 1805 542 1857 tim
587 1806 844 1875 persequi
885 1821 996 1860 non
1017 1814 1103 1861 est
1135 1821 1276 1875 epus
1305 1822 1317 1858 :
1344 1803 1494 1859 sileri
1525 1815 1705 1858 tamen
1731 1817 1843 1856 non
1868 1801 2031 1856 debet

441 1893 668 1949 Joannis
713 1895 996 1950 Euchaitze
1038 1896 1300 1966 elogium.
1338 1895 1566 1951 Vivebat
1617 1894 1707 1947 ille
1744 1893 1848 1947 sub
1887 1891 2032 1946 Con-

443 1985 684 2040 Stantino
722 1987 1106 2050 monomacho,
1154 1987 1765 2056 ecclesiasticorumque
1801 1985 2033 2055 scripto-

441 2091 562 2130 rum
602 2078 852 2132 encomia
904 2079 1125 2148 scripsit
1172 2079 1422 2134 versibus
1463 2079 1737 2134 iambicis.
1789 2076 1928 2133 Cum
1960 2076 2031 2131 ad

443 2166 847 2223 Theodoretum
874 2171 1138 2235 venisset,
1187 2171 1304 2226 haec
1324 2171 1545 2237 Cecinit,
1584 2186 1708 2240 quae
1747 2170 1817 2226 de
1842 2171 2031 2227 Graeco

442 2273 599 2313 versa
625 2257 754 2315 sunt
776 2276 808 2315 a
846 2262 1140 2317 Sirmondo
1171 2302 1184 2316 .

441 2404 488 2479 ξε
521 2403 710 2479 Deitas
736 2408 1019 2476 magistros
1056 2408 1245 2463 litteris
1275 2409 1400 2462 dum
1434 2424 1746 2479 prosequor,

440 2474 569 2547 {ure
600 2473 939 2531 Theodoritus
958 2478 1097 2530 inter
1128 2479 1218 2531 Iros
1246 2473 1534 2533 censendus
1576 2473 1675 2541 est,
1734 2473 1738 2474 ί
1790 2518 1807 2547 ,

443 2542 658 2618 ininus
697 2563 756 2618 ut
780 2548 877 2618 vir,
919 2555 966 2599 et
996 2549 1248 2618 magister
1274 2551 1528 2618 optimus,

445 2612 594 2667 Fidei
623 2616 926 2671 orthodoxae
946 2634 1037 2670 ceu
1063 2612 1316 2672 columna
1336 2618 1616 2674 immobilis
1645 2635 1665 2673 :

441 2683 636 2757 Quodsi
667 2702 952 2755 parumper
976 2696 1116 2741 sorte
1143 2689 1377 2757 quadam
1412 2698 1580 2743 motus
1614 2699 1715 2755 est,

438 2752 606 2808 Homo
643 2752 798 2810 erat:
829 2752 991 2828 quies
1019 2752 1197 2824 homo,
1231 2775 1295 2811 ne
1324 2760 1522 2814 crimen
1543 2752 1766 2832 inferas,
1791 2776 1938 2818 cave.

507 2906 595 2962 Vl.
644 2910 657 2928 ‘
689 2907 758 2962 Et
781 2925 911 2964 vero
940 2910 1035 2964 Dei
1066 2910 1398 2982 benignitas,
1431 2929 1554 2984 quae
1593 2916 1646 2970 in
1675 2931 1867 2972 omnes
1891 2918 2028 2973 libe-

436 2997 566 3053 ralis
588 3008 691 3064 est,
719 3000 774 3053 in
800 3000 1209 3057 Theodoretum
1244 3019 1384 3074 pene
1411 3007 1557 3077 justa
1585 3007 1689 3063 fuit
1715 3026 1727 3062 :
1751 3024 1858 3080 qua
1877 3012 2023 3065 enim

434 3095 668 3157 ratione,
699 3095 743 3147 si
768 3094 895 3148 licet
929 3095 1000 3149 ita
1028 3096 1199 3165 loqui,
1222 3096 1442 3154 sivisset
1471 3099 1526 3154 in
1557 3109 1825 3156 aeternum
1847 3104 2023 3157 inter-

432 3179 569 3234 itum
597 3196 755 3236 ruere
795 3183 971 3237 virum
1006 3200 1105 3253 per
1136 3193 1216 3239 tot
1242 3188 1505 3242 miracula
1533 3189 1794 3244 donatum
1833 3191 2024 3245 Eccle-

432 3273 546 3335 siae,
582 3279 731 3325 tanta
761 3288 982 3341 passum
1016 3291 1115 3344 pro
1140 3275 1246 3331 ﬁde
1269 3278 1337 3332 ab
1373 3279 1668 3342 hau-elicis,
1699 3289 1778 3334 tot
1809 3281 2028 3336 virtuti-

433 3359 539 3414 bus
571 3360 841 3430 insignem
860 3404 873 3427 ,
915 3378 1100 3417 rerum
1129 3366 1498 3420 humanarum
1550 3368 1689 3422 adeo
1717 3369 2027 3438 despicien-

434 3454 564 3510 tem,
595 3457 701 3501 tam
735 3449 1089 3505 laudabiliter
1117 3467 1345 3508 munere
1372 3455 1614 3526 episcopi
1653 3457 2024 3526 perfunctum,

433 3554 598 3609 quem
630 3540 963 3596 sanctissimi
990 3545 1194 3613 quique
1230 3560 1341 3600 non
1364 3548 1656 3602 coluerunt
1677 3558 1909 3611 tantum,
1930 3551 2024 3605 sed

432 3631 599 3685 etiam
645 3631 906 3701 singulari
968 3636 1212 3690 amicitia
1280 3636 1630 3705 dilexerunt;
1689 3656 1800 3694 uno
1854 3642 2026 3696 verbo

432 3725 694 3780 eximium
726 3741 835 3780 non
872 3726 1165 3786 Orientalis
1188 3728 1371 3795 modo,
1403 3730 1497 3783 sed
1539 3730 1808 3785 universae
1839 3732 2024 3788 Eccle-

432 3817 527 3872 siae
561 3818 770 3872 lumen.
794 3817 893 3871 Vix
933 3832 1034 3888 ego
1069 3819 1400 3874 crediderim
1446 3829 1660 3890 spretas
1687 3839 1719 3877 a
1751 3823 1865 3877 Deo
1902 3839 2027 3892 pre-

437 3924 551 3972 ces,
599 3925 735 3979 quas
767 3908 960 3979 procul
997 3908 1169 3963 dubio
1206 3911 1444 3966 incensis
1474 3913 1675 3969 studiis
1708 3930 1811 3983 pro
1846 3914 2027 3969 Theo-

431 3999 627 4056 doreto
659 4000 981 4056 obtulerunt
1014 4002 1371 4060 admirabiles
1427 4005 1505 4059 illi
1546 4005 1844 4071 monachi,
1905 4006 2023 4060 sive

432 4107 668 4155 quorum
712 4093 876 4146 vitam
908 4093 1259 4163 conscripsit,
1293 4109 1596 4166 precesque
1633 4096 1883 4166 expetiit,
1907 4097 2026 4151 vel-

432 4184 512 4238 uti
557 4199 657 4252 pro
694 4183 980 4251 mercede;
1016 4185 1134 4240 sive
1165 4201 1399 4255 quorum
1438 4187 1690 4242 oratione
1731 4193 1893 4242 natus
1917 4195 2021 4252 est,

428 4278 705 4345 altusque,
736 4284 793 4331 et
813 4274 881 4331 ad
909 4284 1126 4332 aetatem
1158 4278 1363 4333 divinis
1388 4277 1555 4348 208
1585 4278 1869 4349 obsequiis
1901 4278 2022 4334 ido-

430 4380 589 4420 neam
618 4377 934 4437 provectus,
971 4385 1208 4439 quorum
1261 4386 1320 4426 se
1367 4377 1425 4426 et
1450 4386 1554 4442 ope
1584 4372 1875 4426 haereticos
1919 4372 2019 4426 do-
2055 4412 2102 4469 υ

433 4456 655 4519 muisse,
690 4465 747 4512 et
769 4460 1165 4516 consuetudine
1198 4462 1266 4517 ad
1284 4461 1615 4517 sanctiorem
1641 4463 1810 4518 vitam
1835 4464 2024 4520 incen-

433 4560 555 4601 sum
585 4563 727 4613 esse,
762 4549 950 4604 tradit.

505 4636 614 4692 llos
637 4638 782 4695 inter
804 4641 1036 4699 eximios
1066 4645 1165 4700 Dei
1203 4653 1258 4700 et
1286 4644 1618 4698 Theodoreti
1650 4644 1855 4700 amicos
1882 4646 2022 4700 emi-

434 4739 670 4785 cuerunt
723 4731 855 4797 duo,
905 4736 975 4790 de
1004 4736 1206 4805 quibus
1253 4734 1510 4789 dubitare
1563 4748 1727 4788 nemo
1780 4735 2025 4804 prudens

433 4834 619 4891 queat,
652 4824 786 4893 quin
820 4827 1169 4882 Theodoreto
1210 4840 1429 4879 omnem
1464 4838 1623 4893 opem
1655 4825 1905 4891 tulerint,
1935 4828 2030 4882 Ja-

433 4908 625 4981 cobus,
683 4919 751 4973 de
791 4932 902 4988 quo
940 4917 1167 4979 dictum,
1209 4925 1265 4970 et
1312 4915 1534 4975 Simeon
1591 4932 1848 4988 magnum
1874 4920 2029 4976 orbis

437 5008 783 5072 miraculum,
836 5007 1001 5062 ambo
1049 5006 1335 5075 stupendae
1388 5008 1730 5074 sanctitatis,
1773 5011 2028 5065 thauma-

436 5100 581 5170 turgi
632 5102 817 5163 ambo,
844 5109 900 5153 et
935 5099 1231 5167 singularis
1273 5100 1417 5170 apud
1465 5103 1635 5156 Deum
1682 5104 1888 5172 gratiae.
1931 5105 2027 5159 llle

437 5188 489 5242 in
541 5188 747 5242 amoris
788 5186 1084 5257 singularis
1123 5188 1542 5253 monimentum,
1578 5192 1752 5246 voluit
1806 5194 2022 5257 eadem,

508 5337 531 5363 ν
561 5327 581 5381 ι
617 5326 760 5379 Tim.
780 5340 818 5393 ι,
848 5326 934 5392 is,
965 5327 1051 5382 tt.

2144 430 2503 485 convertebat
2553 447 2620 485 ex
2668 430 2962 502 gentibus,
3006 430 3233 497 Iudaeis,
3306 432 3601 498 hereticis,
3667 433 3733 489 ad

2144 519 2554 575 Theodoretum
2604 520 2895 587 mittebat,
2950 520 3342 577 benedictione
3379 530 3439 578 et
3479 522 3733 578 doctrina

2142 610 2571 666 conﬁrmandos.

2211 704 2487 759 Noluisset
2513 705 2705 775 procul
2722 704 2894 760 dubio
2921 721 3051 761 suos
3072 707 3289 767 cineres
3310 698 3555 764 haeretici
3579 708 3754 774 eine-5

2141 792 2298 848 ribus
2333 793 2551 848 misceri
2596 794 2854 860 Iacobus,
2891 797 3129 852 eximius
3156 798 3250 854 ille
3290 799 3418 854 ﬁdei
3449 800 3749 856 catholicas,

2140 882 2418 948 defensor,
2459 884 2557 954 qui
2606 895 2832 955 propter
2893 887 3206 943 doctrinam
3260 905 3387 945 cum
3438 892 3755 952 sanctitatis.

2140 976 2512 1045 conjunctam,
2561 975 2629 1030 de
2675 976 2869 1047 synodi
2918 976 3389 1034 Chalcedonensis
3424 981 3721 1036 retinendiv

2139 1049 2559 1120 deﬁnitionibus
2605 1067 2675 1120 ab
2727 1068 3187 1138 imperatore‘per
3227 1069 3441 1124 litteras
3488 1087 3724 1141 rogatus,

2139 1167 2266 1206 cum
2304 1154 2576 1209 universis
2635 1171 2776 1224 pene
2810 1156 2970 1211 orbis
3016 1158 3348 1227 praesulibus
3403 1160 3730 1214 sententiam

2138 1244 2321 1298 dixit:
2354 1246 2621 1300 noluisset
2670 1248 2877 1317 pariter
2912 1248 3160 1303 mortalis
3214 1249 3305 1303 ille
3365 1252 3596 1322 angelus
3646 1251 3732 1307 Si-

2137 1353 2323 1404 meon,
2355 1355 2520 1409 quam
2566 1340 2773 1410 ubique
2818 1348 3091 1395 terrarum
3137 1343 3499 1411 promovebat
3542 1343 3730 1411 ﬁdem,

2137 1432 2529 1487 communione
2546 1448 2677 1487 cum»
2705 1433 2965 1489 haeretica
2991 1434 3262 1504 polluere.
3742 1500 3753 1512 _

2211 1523 2452 1593 Uterque
2499 1531 2597 1578 aut
2642 1523 3055 1579 Theodoretum
3102 1527 3257 1581 novit
3304 1527 3536 1584 sincera:
3580 1527 3728 1592 ﬁdei,

2137 1622 2317 1671 autut
2360 1614 2516 1670 ﬁeret
2554 1627 2681 1672 ante
2725 1617 2963 1683 obitum,
2990 1634 3101 1689 quo
3128 1620 3322 1675 ambos
3348 1623 3656 1691 praecessit,
3700 1641 3754 1683 a.

2063 1707 2104 1761 B
2136 1707 2246 1762 Deo
2301 1708 2902 1781 obtinuitzutriusque
2955 1720 3107 1767 certe
3158 1729 3371 1783 preces,
3425 1730 3549 1769 cum
3603 1717 3732 1772 vitae

2139 1797 2299 1852 tatdio
2323 1806 2381 1853 et
2411 1798 2716 1870 emigrandi
2745 1801 3046 1872 cupiditate
3080 1812 3385 1870 teneretur,
3409 1807 3595 1861 verbis
3616 1822 3751 1881 ι)ωοῦ

2138 1890 2385 1946 nitentize
2419 1892 2758 1963 plenissimis
2780 1896 3032 1966 expetiit.

2207 1983 2491 2054 Ejusmodi
2530 1993 2678 2051 sunt,
2710 2004 2832 2057 quae
2857 1988 3046 2044 Jacobi
3087 1990 3328 2061 elogium
3356 1992 3681 2047 claudunt“
3710 2010 3726 2046 :

2145 2091 2164 2124 ‹
2200 2072 2425 2130 Pietatis
2449 2075 2782 2131 athletarum
2814 2079 3145 2149 agonmheta
3172 2080 3337 2136 ﬁnem
3376 2082 3509 2137 huic
3548 2091 3728 2137 certa-

2137 2166 2384 2223 minibus
2421 2167 2649 2239 dignum
2677 2170 2902 2235 tribuat,
2928 2180 3007 2237 ut,
3038 2173 3186 2243 quod
3228 2183 3481 2245 superest
3509 2192 3726 2240 cursus,

2136 2263 2308 2331 priori
2335 2265 2661 2328 consentiat,
2692 2265 2978 2335 victorque
3009 2266 3227 2323 tandem
3254 2269 3326 2339 ad
3366 2279 3566 2324 metam
3602 2287 3728 2340 per-

2136 2353 2341 2418 veniat,
2366 2363 2423 2408 et
2453 2356 2828 2413 inﬁrmitatem
2877 2369 3120 2415 nostram
3151 2361 3274 2430 ejus
3301 2362 3562 2431 precibus
3589 2378 3751 2429 εοιισ⁵

2049 2513 2057 2520 _
2138 2440 2339 2506 ﬁrmet,
2368 2452 2429 2496 ut
2470 2446 2815 2502 corroborati
2854 2450 3055 2504 multas
3078 2451 3263 2507 clades
3297 2458 3511 2507 nostras
3546 2468 3727 2507 resar-

2136 2532 2366 2595 ciamus,
2394 2543 2450 2588 et
2474 2551 2538 2589 ex
2563 2536 2663 2591 hac
2692 2537 2802 2593 vita
2826 2539 3066 2595 victores
3093 2542 3444 2596 excedamus.
3471 2563 3488 2594 ι

2207 2622 2347 2680 Sunt
2376 2634 2432 2679 et
2473 2627 2575 2682 ista
2631 2629 2686 2681 in
2734 2630 2913 2701 elogio
2944 2631 3218 2688 Simeonis
3255 2651 3314 2687 ε(
3354 2633 3624 2689 Caeterum
3671 2636 3725 2690 in

2136 2714 2221 2769 his
2239 2715 2369 2769 dum
2398 2727 2672 2783 versatur,
2703 2729 2869 2792 atque
2890 2723 3004 2778 haec
3029 2724 3210 2778 omnia
3242 2735 3484 2795 praestat,
3513 2735 3745 2781 sancta-.

2136 2823 2260 2861 rum
2296 2808 2458 2863 simul
2484 2808 2860 2868 Ecclesiarum
2903 2815 3304 2885 providentiam
3337 2832 3448 2872 non
3478 2818 3729 2890 negligit,

2133 2913 2281 2953 nunc
2324 2916 2574 2970 pugnans
2612 2912 2805 2958 contra
2842 2906 3130 2976 gentilium
3173 2907 3548 2979 impietatem,
3577 2927 3731 2967 nunc

2132 2988 2448 3057 Judznorum
2482 2992 2740 3064 frangens
2781 2998 3205 3062 contumaciam,
3235 3016 3382 3057 nunc
3427 3002 3722 3056 luoretico-

2129 3096 2249 3135 rum
2280 3090 2486 3138 turmas
2531 3085 2845 3157 proﬂigans,
2882 3098 3047 3159 atque
3086 3092 3361 3146 interdum
3394 3093 3463 3148 ad
3491 3094 3701 3164 impera
3734 3166 3739 3169 ἦ

2130 3178 2303 3224 torem
2323 3171 2391 3226 de
2417 3173 2505 3228 his
2534 3174 2744 3230 litteras
2768 3177 3014 3244 mittens,
3048 3180 3326 3236 interdum
3352 3184 3622 3255 praesides
3656 3185 3742 3261 adu.

2127 3262 2373 3319 divinum
2410 3267 2588 3321 zelqu
2613 3269 2891 3336 excitans,
2926 3271 3075 3342 ipsos
3098 3274 3264 3330 etiam
3305 3275 3586 3332 interdum
3616 3278 3725 3334 Ec—

2129 3355 2421 3411 clesiarum
2467 3369 2719 3427 pastores
2767 3361 3095 3428 admonens,
3126 3373 3186 3419 ut
3226 3382 3453 3438 gregum
3495 3350 3737 3445 suorum:

2128 3447 2388 3518 majorem
2417 3464 2606 3504 curam
2635 3459 2848 3520 gerant.
2880 3472 2900 3504 ι
2947 3454 3014 3507 Et
3043 3462 3232 3524 postea
3266 3477 3279 3510 ε
3323 3477 3340 3508 ι
3371 3459 3486 3529 Ego
3508 3476 3643 3516 vero
3666 3440 3739 3531 et:

2128 3538 2307 3608 ipsum
2343 3540 2583 3609 propriis
2620 3543 2968 3599 orationibus
3012 3547 3258 3618 adjutum
3307 3550 3365 3604 in
3397 3550 3558 3607 bonis
3606 3552 3737 3615 isus,

2128 3629 2414 3684 laboribus
2454 3645 2810 3700 perseverare
2840 3635 3026 3704 cupio.
3080 3644 3136 3691 et
3174 3637 3347 3692 Deum
3377 3655 3499 3702 oro,
3545 3656 3722 3695 meam

2128 3721 2303 3793 ipsius
2326 3722 2497 3776 vitam
2522 3723 2746 3795 corrigi,
2785 3735 2951 3795 atque
2978 3728 3047 3782 ad
3067 3731 3442 3801 evangelicum
3470 3718 3733 3788 normam

2128 3813 2311 3883 dirigi.
2363 3832 2380 3864 ι

2200 3904 2393 3960 Tantis
2432 3907 2680 3976 patronis
2710 3908 2837 3963 addi
2890 3920 3120 3980 possunt
3167 3911 3407 3970 Joannes
3455 3917 3721 3986 Bapt~.sta,

2127 3996 2303 4050 sancti
2328 3997 2582 4065 apostoli,
2612 4006 2667 4053 et
2703 3999 2890 4070 inclyti
2932 4012 3221 4073 martyres,
3261 4005 3464 4074 quibus
3508 4024 3719 4061 nume-

2128 4086 2239 4140 rias
2275 4088 2476 4153 erexit,
2504 4089 2711 4159 quique
2753 4090 3086 4162 singularem
3118 4093 3424 4163 laboranti,
3450 4099 3581 4157 dum
3623 4118 3722 4171 pro

2127 4178 2233 4235 ﬁde
2263 4190 2521 4248 certaret,
2550 4197 2711 4251 opem
2735 4183 3000 4239 tulerunt.

2198 4268 2339 4326 Addi
2362 4271 2525 4326 etiam
2559 4280 2740 4342 potest
2766 4273 3034 4328 immensa
3056 4289 3358 4344 pauperum
3392 4268 3725 4343 multitudo,“

2128 4378 2291 4433 quam
2320 4378 2527 4433 pauper
2552 4363 2669 4433 ipse
2688 4362 2895 4445 iactus,
2923 4365 3039 4420 suis
3064 4376 3119 4421 et
3145 4356 3403 4423 Ecclesia:
3432 4369 3594 4426 bonis
3620 4388 3716 4442 pa-

2130 4456 2227 4511 vit.
2260 4444 2546 4522 Quomodo
2571 4457 2718 4511 enim
2747 4456 3180 4533 miscricordiam
3219 4478 3329 4516 non
3359 4463 3430 4517 sit
3455 4474 3713 4521 Consecu-

2130 4556 2219 4604 tus
2243 4566 2275 4604 a
2300 4550 2465 4620 209
2486 4551 2597 4605 Deo
2614 4545 2780 4605 homo
2808 4559 2915 4606 tam
2945 4552 3167 4622 profuse
3191 4555 3550 4619 misericors?
3581 4575 3721 4627 prae:

2130 4641 2318 4698 Sertim
2353 4659 2478 4699 cum
2519 4644 2765 4714 Apostoli
2788 4646 2958 4702 verba
3009 4663 3274 4717 usurpare
3301 4659 3519 4718 posset,
3554 4646 3721 4705 Illas:

2132 4737 2349 4806 phemus
2365 4736 2440 4806 fui
2464 4737 2542 4807 (in
2567 4736 2893 4808 Christum),
2924 4747 3224 4809 perseeutor
3257 4741 3477 4808 (sanctre
3501 4743 3711 4813 synodi)

2129 4835 2179 4881 et
2211 4829 2623 4883 contumeliosus
2658 4830 2735 4900 (in
2757 4828 3073 4901 Cyrillum),
3106 4832 3200 4885 sed.
3222 4834 3479 4902 ignorans
3513 4836 3609 4904 feci
3648 4838 3712 4888 in

2128 4919 2519 4984 incredulitate,
2553 4921 2671 4975 zelo
2717 4936 2826 4991 pra:
2867 4918 3081 4976 fervore
3130 4932 3369 4978 mentem
3403 4934 3707 4980 cmovente.

2130 5010 2592 5079 Superabundavit
2619 5018 2796 5066 autem
2810 5014 2988 5083 gratia
3010 5013 3224 5068 Domini
3261 5023 3430 5068 nostri
3458 5035 3577 5071 cum
3607 5018 3710 5086 ﬁde

2129 5112 2177 5155 et
2205 5101 2499 5168 dilectione,
2540 5119 2659 5174 qua:
2679 5114 2754 5157 est
2783 5109 2837 5158 in
2865 5103 3078 5161 Christo
3113 5106 3241 5160 Jesu
3258 5117 3310 5162 ν.

2200 5193 2313 5247 Vll.
2354 5194 2652 5258 Permitte,
2689 5193 2922 5260 Lector,
2961 5205 3021 5252 ut
3077 5198 3199 5253 loco
3241 5198 3405 5269 elogii
3448 5201 3709 5257 defuncto

1776 5403 2095 5460 SCHULZII
2135 5401 2369 5459 NOTIE.

506 5534 691 5614 "idat
750 5537 1118 5614 potius.__Vi_d._
1148 5539 1307 5604 infra,
1342 5543 1473 5598 diss.
1505 5544 1563 5606 ἓ,
1598 5544 1736 5614 εἶμι.
1834 5546 1880 5595 1.
1957 5545 2000 5574 ³⁸
2029 5544 2083 5614 In
2113 5545 2430 5607 coristituto,
2467 5544 2519 5597 in
2562 5544 2795 5598 Profess.
2837 5545 2982 5607 fidei,
3021 5547 3072 5598 in
3123 5556 3283 5614 epist.
3313 5548 3365 5608 5,
3392 5550 3473 5599 Ar!
3511 5549 3592 5599 l-‘Ii
3630 5567 3691 5597 νο.

437 5605 481 5635 ³*
526 5603 867 5674 Epigramma
924 5608 1055 5663 illud
1108 5603 1377 5675 integrum
1431 5603 1607 5665 exstat
1647 5603 1834 5667 Cra-ce
1879 5621 1932 5665 rt
1970 5613 2159 5668 Latine
2197 5614 2253 5667 in
2291 5603 2699 5685 Prolcgomenis
2732 5617 2820 5671 ad.
2860 5627 2883 5670 t
2945 5603 3132 5672 l'edit.
3160 5603 3409 5672 lnostuu.

454 5681 496 5729 ι.
534 5675 621 5737 Ill,
661 5676 791 5733 llist.
832 5678 1001 5737 relic!”
1043 5696 1162 5737 can.
1196 5682 1285 5735 ‘2].
1363 5682 1562 5737 σι’γίά.
1601 5683 1759 5737 ibid.
1803 5700 1920 5737 can.
1948 5685 2036 5737 ‘26.

1490 5700 1562 5736 tu.
1601 5700 1759 5747 lDltl.,
1803 5700 1920 5753 cap.
1948 5700 2036 5737 ‘zo.

454 5681 496 5729 t.
534 5675 621 5743 Ill,
661 5676 791 5733 llist.
832 5678 1001 5750 relig.,
1043 5696 1162 5751 cap.
1196 5682 1285 5735 ‘2].

3490 5618 3534 5648 "
3587 5614 3691 5673 \‘nl;
