  <div class='ocr_page' id='page_1' title='image "/cluster/home/n/w/nwhite01/storage/ocr_20150623/84/pst.000005712830/088.png"; bbox 0 0 3954 6294; ppageno 0'>
   <div class='ocr_carea' id='block_1_1' title="bbox 212 328 2287 396">
    <p class='ocr_par' dir='ltr' id='par_1_1' title="bbox 212 328 2287 396">
     <span class='ocr_line' id='line_1_1' title="bbox 212 328 2287 396; baseline 0.001 -2"><span class='ocrx_word' id='word_1_1' title='bbox 212 328 299 395; x_wconf 63' lang='lat' dir='ltr'><strong>ibi</strong></span> <span class='ocrx_word' id='word_1_2' title='bbox 1374 333 1740 395; x_wconf 78' lang='lat' dir='ltr'><strong>HISTORIA</strong></span> <span class='ocrx_word' id='word_1_3' title='bbox 1779 333 2287 396; x_wconf 79' lang='lat' dir='ltr'><strong>TH-EODORETI.</strong></span> 
     </span>
    </p>
   </div>
   <div class='ocr_carea' id='block_1_2' title="bbox 3356 348 3456 413">
    <p class='ocr_par' dir='ltr' id='par_1_2' title="bbox 3356 348 3456 413">
     <span class='ocr_line' id='line_1_2' title="bbox 3356 348 3456 413; baseline 0.02 -2"><span class='ocrx_word' id='word_1_4' title='bbox 3356 348 3456 413; x_wconf 75' lang='lat'><strong>162</strong></span> 
     </span>
    </p>
   </div>
   <div class='ocr_carea' id='block_1_3' title="bbox 207 440 3457 524">
    <p class='ocr_par' dir='ltr' id='par_1_3' title="bbox 207 440 3457 524">
     <span class='ocr_line' id='line_1_3' title="bbox 207 440 3457 524; baseline 0.004 -19"><span class='ocrx_word' id='word_1_5' title='bbox 207 448 413 518; x_wconf 79' lang='lat' dir='ltr'><strong>scripti,</strong></span> <span class='ocrx_word' id='word_1_6' title='bbox 438 440 607 517; x_wconf 78' lang='lat' dir='ltr'><strong>qdam</strong></span> <span class='ocrx_word' id='word_1_7' title='bbox 643 464 745 520; x_wconf 86' lang='lat' dir='ltr'><strong>ego</strong></span> <span class='ocrx_word' id='word_1_8' title='bbox 769 450 992 519; x_wconf 87' lang='lat' dir='ltr'><strong>concepi</strong></span> <span class='ocrx_word' id='word_1_9' title='bbox 1024 449 1374 511; x_wconf 75' lang='lat' dir='ltr'><strong>Theodoreti,</strong></span> <span class='ocrx_word' id='word_1_10' title='bbox 1411 460 1506 504; x_wconf 88' lang='lat' dir='ltr'><strong>aut</strong></span> <span class='ocrx_word' id='word_1_11' title='bbox 1538 451 1662 505; x_wconf 81' lang='lat' dir='ltr'><strong>vita</strong></span> <span class='ocrx_word' id='word_1_12' title='bbox 1683 467 1778 519; x_wconf 88' lang='lat' dir='ltr'><strong>po-</strong></span> <span class='ocrx_word' id='word_1_13' title='bbox 1810 456 1848 506; x_wconf 76' lang='lat' dir='ltr'><strong>A</strong></span> <span class='ocrx_word' id='word_1_14' title='bbox 1944 450 2126 524; x_wconf 83' lang='lat' dir='ltr'><strong>palam</strong></span> <span class='ocrx_word' id='word_1_15' title='bbox 2152 446 2459 524; x_wconf 65' lang='lat' dir='ltr'><strong>factorem.</strong></span> <span class='ocrx_word' id='word_1_16' title='bbox 2482 453 2545 507; x_wconf 74' lang='grc' dir='ltr'><strong>ν.</strong></span> <span class='ocrx_word' id='word_1_17' title='bbox 2584 453 2988 524; x_wconf 79' lang='lat' dir='ltr'><strong>Adjuvabantnr</strong></span> <span class='ocrx_word' id='word_1_18' title='bbox 3018 457 3323 515; x_wconf 75' lang='lat' dir='ltr'><strong>Theodoreti</strong></span> <span class='ocrx_word' id='word_1_19' title='bbox 3377 474 3457 517; x_wconf 76' lang='lat' dir='ltr'><strong>te—</strong></span> 
     </span>
    </p>
   </div>
   <div class='ocr_carea' id='block_1_4' title="bbox 208 539 1780 609">
    <p class='ocr_par' dir='ltr' id='par_1_4' title="bbox 208 539 1780 609">
     <span class='ocr_line' id='line_1_4' title="bbox 208 539 1780 609; baseline -0.001 -14"><span class='ocrx_word' id='word_1_20' title='bbox 208 541 317 595; x_wconf 87' lang='lat' dir='ltr'><strong>tius</strong></span> <span class='ocrx_word' id='word_1_21' title='bbox 342 556 373 595; x_wconf 88' lang='lat' dir='ltr'><strong>a</strong></span> <span class='ocrx_word' id='word_1_22' title='bbox 402 539 752 595; x_wconf 85' lang='lat' dir='ltr'><strong>Theodoreto</strong></span> <span class='ocrx_word' id='word_1_23' title='bbox 776 550 931 604; x_wconf 86' lang='lat' dir='ltr'><strong>acta,</strong></span> <span class='ocrx_word' id='word_1_24' title='bbox 977 542 1216 609; x_wconf 85' lang='lat' dir='ltr'><strong>speciem</strong></span> <span class='ocrx_word' id='word_1_25' title='bbox 1262 541 1358 595; x_wconf 90' lang='lat' dir='ltr'><strong>tibi</strong></span> <span class='ocrx_word' id='word_1_26' title='bbox 1397 554 1587 595; x_wconf 86' lang='lat' dir='ltr'><strong>rursus</strong></span> <span class='ocrx_word' id='word_1_27' title='bbox 1627 540 1780 594; x_wconf 80' lang='lat' dir='ltr'><strong>ciliu-</strong></span> 
     </span>
    </p>
   </div>
   <div class='ocr_carea' id='block_1_5' title="bbox 205 629 1778 701">
    <p class='ocr_par' dir='ltr' id='par_1_5' title="bbox 205 629 1778 701">
     <span class='ocr_line' id='line_1_5' title="bbox 205 629 1778 701; baseline 0.001 -18"><span class='ocrx_word' id='word_1_28' title='bbox 205 644 343 701; x_wconf 80' lang='lat' dir='ltr'><strong>gam.</strong></span> <span class='ocrx_word' id='word_1_29' title='bbox 385 629 615 685; x_wconf 78' lang='lat' dir='ltr'><strong>Videtur</strong></span> <span class='ocrx_word' id='word_1_30' title='bbox 647 630 804 691; x_wconf 88' lang='lat' dir='ltr'><strong>mihi,</strong></span> <span class='ocrx_word' id='word_1_31' title='bbox 830 631 975 698; x_wconf 87' lang='lat' dir='ltr'><strong>quod</strong></span> <span class='ocrx_word' id='word_1_32' title='bbox 1014 630 1323 693; x_wconf 78' lang='lat' dir='ltr'><strong>initiodixl,</strong></span> <span class='ocrx_word' id='word_1_33' title='bbox 1367 646 1473 684; x_wconf 90' lang='lat' dir='ltr'><strong>non</strong></span> <span class='ocrx_word' id='word_1_34' title='bbox 1510 630 1778 685; x_wconf 84' lang='lat' dir='ltr'><strong>absimilis</strong></span> 
     </span>
    </p>
   </div>
   <div class='ocr_carea' id='block_1_6' title="bbox 205 720 1775 791">
    <p class='ocr_par' dir='ltr' id='par_1_6' title="bbox 205 720 1775 791">
     <span class='ocr_line' id='line_1_6' title="bbox 205 720 1775 791; baseline 0.003 -17"><span class='ocrx_word' id='word_1_35' title='bbox 205 720 506 776; x_wconf 73' lang='lat' dir='ltr'><strong>narrationi</strong></span> <span class='ocrx_word' id='word_1_36' title='bbox 566 722 878 783; x_wconf 79' lang='lat' dir='ltr'><strong>theatrica,</strong></span> <span class='ocrx_word' id='word_1_37' title='bbox 940 723 996 775; x_wconf 91' lang='lat' dir='ltr'><strong>in</strong></span> <span class='ocrx_word' id='word_1_38' title='bbox 1023 738 1132 791; x_wconf 89' lang='lat' dir='ltr'><strong>qua</strong></span> <span class='ocrx_word' id='word_1_39' title='bbox 1182 722 1537 781; x_wconf 69' lang='lat' dir='ltr'><strong>induceretur</strong></span> <span class='ocrx_word' id='word_1_40' title='bbox 1591 723 1775 779; x_wconf 73' lang='lat' dir='ltr'><strong>infelix</strong></span> 
     </span>
    </p>
   </div>
   <div class='ocr_carea' id='block_1_7' title="bbox 204 803 1775 885">
    <p class='ocr_par' dir='ltr' id='par_1_7' title="bbox 204 803 1775 885">
     <span class='ocr_line' id='line_1_7' title="bbox 204 803 1775 885; baseline 0.002 -18"><span class='ocrx_word' id='word_1_41' title='bbox 204 803 452 882; x_wconf 72' lang='lat' dir='ltr'><strong>quadam</strong></span> <span class='ocrx_word' id='word_1_42' title='bbox 477 825 533 868; x_wconf 90' lang='lat' dir='ltr'><strong>et</strong></span> <span class='ocrx_word' id='word_1_43' title='bbox 565 814 891 869; x_wconf 80' lang='lat' dir='ltr'><strong>miserabilis</strong></span> <span class='ocrx_word' id='word_1_44' title='bbox 915 815 1110 876; x_wconf 87' lang='lat' dir='ltr'><strong>virtus,</strong></span> <span class='ocrx_word' id='word_1_45' title='bbox 1137 815 1344 868; x_wconf 90' lang='lat' dir='ltr'><strong>erroris</strong></span> <span class='ocrx_word' id='word_1_46' title='bbox 1362 815 1593 879; x_wconf 85' lang='lat' dir='ltr'><strong>artibus,</strong></span> <span class='ocrx_word' id='word_1_47' title='bbox 1619 816 1775 885; x_wconf 88' lang='lat' dir='ltr'><strong>quasi</strong></span> 
     </span>
    </p>
   </div>
   <div class='ocr_carea' id='block_1_8' title="bbox 201 900 1778 970">
    <p class='ocr_par' dir='ltr' id='par_1_8' title="bbox 201 900 1778 970">
     <span class='ocr_line' id='line_1_8' title="bbox 201 900 1778 970; baseline 0.001 -14"><span class='ocrx_word' id='word_1_48' title='bbox 201 900 447 965; x_wconf 79' lang='lat' dir='ltr'><strong>Circais,</strong></span> <span class='ocrx_word' id='word_1_49' title='bbox 498 917 637 970; x_wconf 88' lang='lat' dir='ltr'><strong>pene</strong></span> <span class='ocrx_word' id='word_1_50' title='bbox 660 918 849 957; x_wconf 79' lang='lat' dir='ltr'><strong>amens</strong></span> <span class='ocrx_word' id='word_1_51' title='bbox 883 903 1099 965; x_wconf 66' lang='lat' dir='ltr'><strong>effecta,</strong></span> <span class='ocrx_word' id='word_1_52' title='bbox 1152 902 1383 957; x_wconf 85' lang='lat' dir='ltr'><strong>alienam</strong></span> <span class='ocrx_word' id='word_1_53' title='bbox 1430 902 1662 957; x_wconf 82' lang='lat' dir='ltr'><strong>formam</strong></span> <span class='ocrx_word' id='word_1_54' title='bbox 1693 905 1778 958; x_wconf 84' lang='lat' dir='ltr'><strong>in-</strong></span> 
     </span>
    </p>
   </div>
   <div class='ocr_carea' id='block_1_9' title="bbox 202 993 1772 1067">
    <p class='ocr_par' dir='ltr' id='par_1_9' title="bbox 202 993 1772 1067">
     <span class='ocr_line' id='line_1_9' title="bbox 202 993 1772 1067; baseline -0.001 -16"><span class='ocrx_word' id='word_1_55' title='bbox 202 993 395 1057; x_wconf 79' lang='lat' dir='ltr'><strong>duere,</strong></span> <span class='ocrx_word' id='word_1_56' title='bbox 431 994 485 1048; x_wconf 88' lang='lat' dir='ltr'><strong>in</strong></span> <span class='ocrx_word' id='word_1_57' title='bbox 520 1009 694 1063; x_wconf 87' lang='lat' dir='ltr'><strong>eaque</strong></span> <span class='ocrx_word' id='word_1_58' title='bbox 725 1009 1017 1064; x_wconf 80' lang='lat' dir='ltr'><strong>personam</strong></span> <span class='ocrx_word' id='word_1_59' title='bbox 1054 1010 1113 1049; x_wconf 84' lang='lat' dir='ltr'><strong>se</strong></span> <span class='ocrx_word' id='word_1_60' title='bbox 1143 994 1416 1064; x_wconf 81' lang='lat' dir='ltr'><strong>indignam</strong></span> <span class='ocrx_word' id='word_1_61' title='bbox 1456 994 1551 1050; x_wconf 91' lang='lat' dir='ltr'><strong>diu</strong></span> <span class='ocrx_word' id='word_1_62' title='bbox 1590 1011 1772 1067; x_wconf 83' lang='lat' dir='ltr'><strong>agere,</strong></span> 
     </span>
    </p>
   </div>
   <div class='ocr_carea' id='block_1_10' title="bbox 200 1085 1772 1156">
    <p class='ocr_par' dir='ltr' id='par_1_10' title="bbox 200 1085 1772 1156">
     <span class='ocr_line' id='line_1_10' title="bbox 200 1085 1772 1156; baseline -0.001 -13"><span class='ocrx_word' id='word_1_63' title='bbox 200 1085 380 1143; x_wconf 84' lang='lat' dir='ltr'><strong>donec</strong></span> <span class='ocrx_word' id='word_1_64' title='bbox 403 1085 589 1140; x_wconf 89' lang='lat' dir='ltr'><strong>divina</strong></span> <span class='ocrx_word' id='word_1_65' title='bbox 619 1086 962 1156; x_wconf 87' lang='lat' dir='ltr'><strong>percutiente</strong></span> <span class='ocrx_word' id='word_1_66' title='bbox 988 1086 1136 1156; x_wconf 83' lang='lat' dir='ltr'><strong>virga</strong></span> <span class='ocrx_word' id='word_1_67' title='bbox 1155 1086 1221 1141; x_wconf 88' lang='lat' dir='ltr'><strong>ad</strong></span> <span class='ocrx_word' id='word_1_68' title='bbox 1253 1102 1314 1141; x_wconf 91' lang='lat' dir='ltr'><strong>se</strong></span> <span class='ocrx_word' id='word_1_69' title='bbox 1351 1088 1589 1151; x_wconf 90' lang='lat' dir='ltr'><strong>rediens,</strong></span> <span class='ocrx_word' id='word_1_70' title='bbox 1623 1096 1677 1143; x_wconf 90' lang='lat' dir='ltr'><strong>et</strong></span> <span class='ocrx_word' id='word_1_71' title='bbox 1705 1089 1772 1142; x_wconf 85' lang='lat' dir='ltr'><strong>ad</strong></span> 
     </span>
    </p>
   </div>
   <div class='ocr_carea' id='block_1_11' title="bbox 198 1175 1771 1246">
    <p class='ocr_par' dir='ltr' id='par_1_11' title="bbox 198 1175 1771 1246">
     <span class='ocr_line' id='line_1_11' title="bbox 198 1175 1771 1246; baseline -0.001 -15"><span class='ocrx_word' id='word_1_72' title='bbox 198 1182 479 1231; x_wconf 80' lang='lat' dir='ltr'><strong>ostensam</strong></span> <span class='ocrx_word' id='word_1_73' title='bbox 530 1175 729 1230; x_wconf 80' lang='lat' dir='ltr'><strong>divina</strong></span> <span class='ocrx_word' id='word_1_74' title='bbox 776 1175 1025 1230; x_wconf 86' lang='lat' dir='ltr'><strong>veritatis</strong></span> <span class='ocrx_word' id='word_1_75' title='bbox 1069 1176 1376 1230; x_wconf 80' lang='lat' dir='ltr'><strong>columnam</strong></span> <span class='ocrx_word' id='word_1_76' title='bbox 1431 1177 1771 1246; x_wconf 72' lang='lat' dir='ltr'><strong>confugiens,</strong></span> 
     </span>
    </p>
   </div>
   <div class='ocr_carea' id='block_1_12' title="bbox 198 1266 1771 1336">
    <p class='ocr_par' dir='ltr' id='par_1_12' title="bbox 198 1266 1771 1336">
     <span class='ocr_line' id='line_1_12' title="bbox 198 1266 1771 1336; baseline 0.002 -15"><span class='ocrx_word' id='word_1_77' title='bbox 198 1266 506 1336; x_wconf 68' lang='lat' dir='ltr'><strong>praestigias</strong></span> <span class='ocrx_word' id='word_1_78' title='bbox 537 1266 748 1321; x_wconf 86' lang='lat' dir='ltr'><strong>erroris</strong></span> <span class='ocrx_word' id='word_1_79' title='bbox 800 1283 910 1322; x_wconf 88' lang='lat' dir='ltr'><strong>non</strong></span> <span class='ocrx_word' id='word_1_80' title='bbox 964 1268 1319 1323; x_wconf 80' lang='lat' dir='ltr'><strong>erubesceret</strong></span> <span class='ocrx_word' id='word_1_81' title='bbox 1373 1277 1621 1333; x_wconf 90' lang='lat' dir='ltr'><strong>tantum,</strong></span> <span class='ocrx_word' id='word_1_82' title='bbox 1676 1270 1771 1324; x_wconf 88' lang='lat' dir='ltr'><strong>sed</strong></span> 
     </span>
    </p>
   </div>
   <div class='ocr_carea' id='block_1_13' title="bbox 195 1357 804 1412">
    <p class='ocr_par' dir='ltr' id='par_1_13' title="bbox 195 1357 804 1412">
     <span class='ocr_line' id='line_1_13' title="bbox 195 1357 804 1412; baseline 0 -1"><span class='ocrx_word' id='word_1_83' title='bbox 195 1357 366 1411; x_wconf 84' lang='lat' dir='ltr'><strong>etiam</strong></span> <span class='ocrx_word' id='word_1_84' title='bbox 399 1364 804 1412; x_wconf 78' lang='lat' dir='ltr'><strong>exsecraretur.</strong></span> 
     </span>
    </p>
   </div>
   <div class='ocr_carea' id='block_1_14' title="bbox 262 1448 1775 1518">
    <p class='ocr_par' dir='ltr' id='par_1_14' title="bbox 262 1448 1775 1518">
     <span class='ocr_line' id='line_1_14' title="bbox 262 1448 1775 1518; baseline 0.002 -15"><span class='ocrx_word' id='word_1_85' title='bbox 262 1448 402 1505; x_wconf 84' lang='lat' dir='ltr'><strong>Nam</strong></span> <span class='ocrx_word' id='word_1_86' title='bbox 433 1448 529 1518; x_wconf 86' lang='lat' dir='ltr'><strong>qui</strong></span> <span class='ocrx_word' id='word_1_87' title='bbox 568 1448 713 1503; x_wconf 90' lang='lat' dir='ltr'><strong>inter</strong></span> <span class='ocrx_word' id='word_1_88' title='bbox 741 1448 1004 1502; x_wconf 87' lang='lat' dir='ltr'><strong>miracula</strong></span> <span class='ocrx_word' id='word_1_89' title='bbox 1030 1455 1088 1503; x_wconf 89' lang='lat' dir='ltr'><strong>et</strong></span> <span class='ocrx_word' id='word_1_90' title='bbox 1110 1449 1330 1517; x_wconf 84' lang='lat' dir='ltr'><strong>pietatis</strong></span> <span class='ocrx_word' id='word_1_91' title='bbox 1364 1449 1420 1503; x_wconf 93' lang='lat' dir='ltr'><strong>in</strong></span> <span class='ocrx_word' id='word_1_92' title='bbox 1459 1450 1583 1504; x_wconf 87' lang='lat' dir='ltr'><strong>sinu</strong></span> <span class='ocrx_word' id='word_1_93' title='bbox 1612 1458 1775 1509; x_wconf 83' lang='lat' dir='ltr'><strong>natus</strong></span> 
     </span>
    </p>
   </div>
   <div class='ocr_carea' id='block_1_15' title="bbox 198 1538 1774 1609">
    <p class='ocr_par' dir='ltr' id='par_1_15' title="bbox 198 1538 1774 1609">
     <span class='ocr_line' id='line_1_15' title="bbox 198 1538 1774 1609; baseline 0.003 -17"><span class='ocrx_word' id='word_1_94' title='bbox 198 1538 409 1605; x_wconf 82' lang='lat' dir='ltr'><strong>fuerat;</strong></span> <span class='ocrx_word' id='word_1_95' title='bbox 441 1539 536 1609; x_wconf 90' lang='lat' dir='ltr'><strong>qui</strong></span> <span class='ocrx_word' id='word_1_96' title='bbox 554 1539 626 1593; x_wconf 92' lang='lat' dir='ltr'><strong>ab</strong></span> <span class='ocrx_word' id='word_1_97' title='bbox 649 1538 875 1594; x_wconf 77' lang='lat' dir='ltr'><strong>infantia</strong></span> <span class='ocrx_word' id='word_1_98' title='bbox 899 1548 1151 1595; x_wconf 80' lang='lat' dir='ltr'><strong>creverat</strong></span> <span class='ocrx_word' id='word_1_99' title='bbox 1180 1539 1235 1594; x_wconf 92' lang='lat' dir='ltr'><strong>in</strong></span> <span class='ocrx_word' id='word_1_100' title='bbox 1265 1544 1598 1597; x_wconf 87' lang='lat' dir='ltr'><strong>monasterio</strong></span> <span class='ocrx_word' id='word_1_101' title='bbox 1629 1542 1774 1597; x_wconf 86' lang='lat' dir='ltr'><strong>inter</strong></span> 
     </span>
    </p>
   </div>
   <div class='ocr_carea' id='block_1_16' title="bbox 198 1629 1770 1700">
    <p class='ocr_par' dir='ltr' id='par_1_16' title="bbox 198 1629 1770 1700">
     <span class='ocr_line' id='line_1_16' title="bbox 198 1629 1770 1700; baseline 0.005 -18"><span class='ocrx_word' id='word_1_102' title='bbox 198 1631 464 1684; x_wconf 86' lang='lat' dir='ltr'><strong>virtutum</strong></span> <span class='ocrx_word' id='word_1_103' title='bbox 489 1629 799 1699; x_wconf 80' lang='lat' dir='ltr'><strong>prodigiosa</strong></span> <span class='ocrx_word' id='word_1_104' title='bbox 828 1630 1107 1699; x_wconf 79' lang='lat' dir='ltr'><strong>exempla;</strong></span> <span class='ocrx_word' id='word_1_105' title='bbox 1130 1630 1224 1700; x_wconf 91' lang='lat' dir='ltr'><strong>qui</strong></span> <span class='ocrx_word' id='word_1_106' title='bbox 1252 1646 1342 1686; x_wconf 89' lang='lat' dir='ltr'><strong>res</strong></span> <span class='ocrx_word' id='word_1_107' title='bbox 1365 1632 1631 1688; x_wconf 88' lang='lat' dir='ltr'><strong>humanas</strong></span> <span class='ocrx_word' id='word_1_108' title='bbox 1658 1649 1770 1690; x_wconf 90' lang='lat' dir='ltr'><strong>non</strong></span> 
     </span>
    </p>
   </div>
   <div class='ocr_carea' id='block_1_17' title="bbox 194 1721 1774 1791">
    <p class='ocr_par' dir='ltr' id='par_1_17' title="bbox 194 1721 1774 1791">
     <span class='ocr_line' id='line_1_17' title="bbox 194 1721 1774 1791; baseline 0.005 -17"><span class='ocrx_word' id='word_1_109' title='bbox 194 1721 352 1790; x_wconf 85' lang='lat' dir='ltr'><strong>prius</strong></span> <span class='ocrx_word' id='word_1_110' title='bbox 374 1727 624 1783; x_wconf 82' lang='lat' dir='ltr'><strong>noverat,</strong></span> <span class='ocrx_word' id='word_1_111' title='bbox 660 1735 823 1790; x_wconf 87' lang='lat' dir='ltr'><strong>quam</strong></span> <span class='ocrx_word' id='word_1_112' title='bbox 851 1721 1134 1791; x_wconf 79' lang='lat' dir='ltr'><strong>despexit;</strong></span> <span class='ocrx_word' id='word_1_113' title='bbox 1158 1723 1252 1791; x_wconf 89' lang='lat' dir='ltr'><strong>qui</strong></span> <span class='ocrx_word' id='word_1_114' title='bbox 1277 1723 1332 1776; x_wconf 90' lang='lat' dir='ltr'><strong>in</strong></span> <span class='ocrx_word' id='word_1_115' title='bbox 1361 1723 1573 1779; x_wconf 86' lang='lat' dir='ltr'><strong>divinas</strong></span> <span class='ocrx_word' id='word_1_116' title='bbox 1602 1725 1774 1782; x_wconf 89' lang='lat' dir='ltr'><strong>Litte-</strong></span> 
     </span>
    </p>
   </div>
   <div class='ocr_carea' id='block_1_18' title="bbox 194 1810 1766 1886">
    <p class='ocr_par' dir='ltr' id='par_1_18' title="bbox 194 1810 1766 1886">
     <span class='ocr_line' id='line_1_18' title="bbox 194 1810 1766 1886; baseline 0.004 -21"><span class='ocrx_word' id='word_1_117' title='bbox 194 1826 283 1865; x_wconf 80' lang='lat' dir='ltr'><strong>ras</strong></span> <span class='ocrx_word' id='word_1_118' title='bbox 332 1810 667 1865; x_wconf 67' lang='lat' dir='ltr'><strong>incubuerat</strong></span> <span class='ocrx_word' id='word_1_119' title='bbox 721 1812 905 1866; x_wconf 85' lang='lat' dir='ltr'><strong>studio</strong></span> <span class='ocrx_word' id='word_1_120' title='bbox 958 1813 1168 1881; x_wconf 88' lang='lat' dir='ltr'><strong>pariter</strong></span> <span class='ocrx_word' id='word_1_121' title='bbox 1210 1822 1267 1869; x_wconf 81' lang='lat' dir='ltr'><strong>et</strong></span> <span class='ocrx_word' id='word_1_122' title='bbox 1291 1814 1490 1870; x_wconf 85' lang='lat' dir='ltr'><strong>indolis</strong></span> <span class='ocrx_word' id='word_1_123' title='bbox 1527 1817 1766 1886; x_wconf 88' lang='lat' dir='ltr'><strong>impetu;</strong></span> 
     </span>
    </p>
   </div>
   <div class='ocr_carea' id='block_1_19' title="bbox 191 1901 1773 1973">
    <p class='ocr_par' dir='ltr' id='par_1_19' title="bbox 191 1901 1773 1973">
     <span class='ocr_line' id='line_1_19' title="bbox 191 1901 1773 1973; baseline 0.005 -19"><span class='ocrx_word' id='word_1_124' title='bbox 191 1901 285 1970; x_wconf 85' lang='lat' dir='ltr'><strong>qui</strong></span> <span class='ocrx_word' id='word_1_125' title='bbox 321 1901 586 1971; x_wconf 83' lang='lat' dir='ltr'><strong>elegerat,</strong></span> <span class='ocrx_word' id='word_1_126' title='bbox 609 1918 636 1956; x_wconf 81' lang='lat' dir='ltr'><strong>a</strong></span> <span class='ocrx_word' id='word_1_127' title='bbox 679 1917 790 1971; x_wconf 89' lang='lat' dir='ltr'><strong>quo</strong></span> <span class='ocrx_word' id='word_1_128' title='bbox 816 1902 1131 1967; x_wconf 82' lang='lat' dir='ltr'><strong>doceretur,</strong></span> <span class='ocrx_word' id='word_1_129' title='bbox 1164 1905 1332 1959; x_wconf 87' lang='lat' dir='ltr'><strong>totius</strong></span> <span class='ocrx_word' id='word_1_130' title='bbox 1376 1906 1657 1973; x_wconf 84' lang='lat' dir='ltr'><strong>Ecclesia,</strong></span> <span class='ocrx_word' id='word_1_131' title='bbox 1710 1916 1773 1962; x_wconf 89' lang='lat' dir='ltr'><strong>ut</strong></span> 
     </span>
    </p>
   </div>
   <div class='ocr_carea' id='block_1_20' title="bbox 192 1992 1771 2067">
    <p class='ocr_par' dir='ltr' id='par_1_20' title="bbox 192 1992 1771 2067">
     <span class='ocr_line' id='line_1_20' title="bbox 192 1992 1771 2067; baseline 0.007 -23"><span class='ocrx_word' id='word_1_132' title='bbox 192 2001 323 2051; x_wconf 83' lang='lat' dir='ltr'><strong>tunc</strong></span> <span class='ocrx_word' id='word_1_133' title='bbox 344 1992 646 2057; x_wconf 80' lang='lat' dir='ltr'><strong>ferebatur,</strong></span> <span class='ocrx_word' id='word_1_134' title='bbox 682 2000 696 2015; x_wconf 87' lang='lat'><strong>’</strong></span> <span class='ocrx_word' id='word_1_135' title='bbox 738 1996 1094 2064; x_wconf 85' lang='lat' dir='ltr'><strong>magistrum;</strong></span> <span class='ocrx_word' id='word_1_136' title='bbox 1132 1996 1227 2066; x_wconf 89' lang='lat' dir='ltr'><strong>qui</strong></span> <span class='ocrx_word' id='word_1_137' title='bbox 1272 1997 1653 2067; x_wconf 84' lang='lat' dir='ltr'><strong>imprudenter</strong></span> <span class='ocrx_word' id='word_1_138' title='bbox 1676 2009 1771 2055; x_wconf 86' lang='lat' dir='ltr'><strong>aut</strong></span> 
     </span>
    </p>
   </div>
   <div class='ocr_carea' id='block_1_21' title="bbox 193 2083 1767 2161">
    <p class='ocr_par' dir='ltr' id='par_1_21' title="bbox 193 2083 1767 2161">
     <span class='ocr_line' id='line_1_21' title="bbox 193 2083 1767 2161; baseline 0.005 -25"><span class='ocrx_word' id='word_1_139' title='bbox 193 2083 493 2143; x_wconf 84' lang='lat' dir='ltr'><strong>infeliciter</strong></span> <span class='ocrx_word' id='word_1_140' title='bbox 527 2085 709 2154; x_wconf 87' lang='lat' dir='ltr'><strong>potius</strong></span> <span class='ocrx_word' id='word_1_141' title='bbox 738 2101 980 2161; x_wconf 83' lang='lat' dir='ltr'><strong>errorem</strong></span> <span class='ocrx_word' id='word_1_142' title='bbox 1032 2087 1159 2142; x_wconf 88' lang='lat' dir='ltr'><strong>inde</strong></span> <span class='ocrx_word' id='word_1_143' title='bbox 1189 2087 1402 2151; x_wconf 84' lang='lat' dir='ltr'><strong>didicit,</strong></span> <span class='ocrx_word' id='word_1_144' title='bbox 1432 2089 1575 2143; x_wconf 88' lang='lat' dir='ltr'><strong>unde</strong></span> <span class='ocrx_word' id='word_1_145' title='bbox 1623 2092 1767 2144; x_wconf 87' lang='lat' dir='ltr'><strong>veri-</strong></span> 
     </span>
    </p>
   </div>
   <div class='ocr_carea' id='block_1_22' title="bbox 192 2176 1769 2245">
    <p class='ocr_par' dir='ltr' id='par_1_22' title="bbox 192 2176 1769 2245">
     <span class='ocr_line' id='line_1_22' title="bbox 192 2176 1769 2245; baseline 0.005 -16"><span class='ocrx_word' id='word_1_146' title='bbox 192 2184 359 2230; x_wconf 86' lang='lat' dir='ltr'><strong>tatem</strong></span> <span class='ocrx_word' id='word_1_147' title='bbox 413 2176 709 2244; x_wconf 82' lang='lat' dir='ltr'><strong>sperabat;</strong></span> <span class='ocrx_word' id='word_1_148' title='bbox 762 2193 867 2231; x_wconf 90' lang='lat' dir='ltr'><strong>nec</strong></span> <span class='ocrx_word' id='word_1_149' title='bbox 900 2178 1091 2232; x_wconf 86' lang='lat' dir='ltr'><strong>didicit</strong></span> <span class='ocrx_word' id='word_1_150' title='bbox 1117 2188 1351 2245; x_wconf 88' lang='lat' dir='ltr'><strong>tantum,</strong></span> <span class='ocrx_word' id='word_1_151' title='bbox 1376 2181 1471 2236; x_wconf 89' lang='lat' dir='ltr'><strong>sed</strong></span> <span class='ocrx_word' id='word_1_152' title='bbox 1496 2182 1769 2238; x_wconf 84' lang='lat' dir='ltr'><strong>Theodori</strong></span> 
     </span>
    </p>
   </div>
   <div class='ocr_carea' id='block_1_23' title="bbox 190 2264 1768 2337">
    <p class='ocr_par' dir='ltr' id='par_1_23' title="bbox 190 2264 1768 2337">
     <span class='ocr_line' id='line_1_23' title="bbox 190 2264 1768 2337; baseline 0.007 -20"><span class='ocrx_word' id='word_1_153' title='bbox 190 2264 353 2327; x_wconf 79' lang='lat' dir='ltr'><strong>fama,</strong></span> <span class='ocrx_word' id='word_1_154' title='bbox 383 2281 491 2334; x_wconf 88' lang='lat' dir='ltr'><strong>qua</strong></span> <span class='ocrx_word' id='word_1_155' title='bbox 520 2274 666 2321; x_wconf 86' lang='lat' dir='ltr'><strong>totus</strong></span> <span class='ocrx_word' id='word_1_156' title='bbox 685 2267 834 2322; x_wconf 87' lang='lat' dir='ltr'><strong>orbis</strong></span> <span class='ocrx_word' id='word_1_157' title='bbox 857 2270 1206 2337; x_wconf 84' lang='lat' dir='ltr'><strong>personabat,</strong></span> <span class='ocrx_word' id='word_1_158' title='bbox 1234 2272 1504 2327; x_wconf 81' lang='lat' dir='ltr'><strong>incautam</strong></span> <span class='ocrx_word' id='word_1_159' title='bbox 1531 2283 1768 2329; x_wconf 85' lang='lat' dir='ltr'><strong>mentem</strong></span> 
     </span>
    </p>
   </div>
   <div class='ocr_carea' id='block_1_24' title="bbox 189 2354 1769 2435">
    <p class='ocr_par' dir='ltr' id='par_1_24' title="bbox 189 2354 1769 2435">
     <span class='ocr_line' id='line_1_24' title="bbox 189 2354 1769 2435; baseline 0.007 -27"><span class='ocrx_word' id='word_1_160' title='bbox 189 2354 516 2419; x_wconf 80' lang='lat' dir='ltr'><strong>fascinante,</strong></span> <span class='ocrx_word' id='word_1_161' title='bbox 571 2358 1063 2414; x_wconf 66' lang='lat' dir='ltr'><strong>Nestoriiharesin</strong></span> <span class='ocrx_word' id='word_1_162' title='bbox 1112 2371 1168 2416; x_wconf 92' lang='lat' dir='ltr'><strong>et</strong></span> <span class='ocrx_word' id='word_1_163' title='bbox 1201 2360 1389 2433; x_wconf 87' lang='lat' dir='ltr'><strong>Cyrilli</strong></span> <span class='ocrx_word' id='word_1_164' title='bbox 1443 2364 1603 2418; x_wconf 87' lang='lat' dir='ltr'><strong>ﬁdem</strong></span> <span class='ocrx_word' id='word_1_165' title='bbox 1642 2381 1769 2435; x_wconf 86' lang='lat' dir='ltr'><strong>per-</strong></span> 
     </span>
    </p>
   </div>
   <div class='ocr_carea' id='block_1_25' title="bbox 189 2445 1770 2527">
    <p class='ocr_par' dir='ltr' id='par_1_25' title="bbox 189 2445 1770 2527">
     <span class='ocr_line' id='line_1_25' title="bbox 189 2445 1770 2527; baseline 0.009 -29"><span class='ocrx_word' id='word_1_166' title='bbox 189 2445 406 2513; x_wconf 86' lang='lat' dir='ltr'><strong>spicere</strong></span> <span class='ocrx_word' id='word_1_167' title='bbox 436 2460 546 2500; x_wconf 84' lang='lat' dir='ltr'><strong>non</strong></span> <span class='ocrx_word' id='word_1_168' title='bbox 573 2447 781 2512; x_wconf 84' lang='lat' dir='ltr'><strong>valens,</strong></span> <span class='ocrx_word' id='word_1_169' title='bbox 808 2448 1081 2505; x_wconf 88' lang='lat' dir='ltr'><strong>Theodori</strong></span> <span class='ocrx_word' id='word_1_170' title='bbox 1099 2451 1373 2522; x_wconf 85' lang='lat' dir='ltr'><strong>discipulo</strong></span> <span class='ocrx_word' id='word_1_171' title='bbox 1398 2454 1550 2520; x_wconf 91' lang='lat' dir='ltr'><strong>favit,</strong></span> <span class='ocrx_word' id='word_1_172' title='bbox 1566 2457 1770 2527; x_wconf 33' lang='lat' dir='ltr'><strong>‘Eccle-</strong></span> 
     </span>
    </p>
   </div>
   <div class='ocr_carea' id='block_1_26' title="bbox 188 2537 1765 2617">
    <p class='ocr_par' dir='ltr' id='par_1_26' title="bbox 188 2537 1765 2617">
     <span class='ocr_line' id='line_1_26' title="bbox 188 2537 1765 2617; baseline 0.008 -25"><span class='ocrx_word' id='word_1_173' title='bbox 188 2537 279 2593; x_wconf 76' lang='lat' dir='ltr'><strong>site</strong></span> <span class='ocrx_word' id='word_1_174' title='bbox 312 2537 599 2593; x_wconf 86' lang='lat' dir='ltr'><strong>doctorem</strong></span> <span class='ocrx_word' id='word_1_175' title='bbox 641 2538 920 2596; x_wconf 87' lang='lat' dir='ltr'><strong>insecutus</strong></span> <span class='ocrx_word' id='word_1_176' title='bbox 956 2553 1059 2597; x_wconf 90' lang='lat' dir='ltr'><strong>est.</strong></span> <span class='ocrx_word' id='word_1_177' title='bbox 1092 2544 1292 2599; x_wconf 75' lang='lat' dir='ltr'><strong>Verum</strong></span> <span class='ocrx_word' id='word_1_178' title='bbox 1338 2556 1624 2617; x_wconf 78' lang='lat' dir='ltr'><strong>postquam</strong></span> <span class='ocrx_word' id='word_1_179' title='bbox 1673 2550 1765 2604; x_wconf 90' lang='lat' dir='ltr'><strong>diu</strong></span> 
     </span>
    </p>
   </div>
   <div class='ocr_carea' id='block_1_27' title="bbox 187 2627 1766 2713">
    <p class='ocr_par' dir='ltr' id='par_1_27' title="bbox 187 2627 1766 2713">
     <span class='ocr_line' id='line_1_27' title="bbox 187 2627 1766 2713; baseline 0.01 -34"><span class='ocrx_word' id='word_1_180' title='bbox 187 2640 283 2694; x_wconf 84' lang='lat' dir='ltr'><strong>per</strong></span> <span class='ocrx_word' id='word_1_181' title='bbox 309 2627 497 2683; x_wconf 86' lang='lat' dir='ltr'><strong>varios</strong></span> <span class='ocrx_word' id='word_1_182' title='bbox 523 2645 686 2686; x_wconf 89' lang='lat' dir='ltr'><strong>casus</strong></span> <span class='ocrx_word' id='word_1_183' title='bbox 712 2639 874 2713; x_wconf 75' lang='lat' dir='ltr'><strong>atque</strong></span> <span class='ocrx_word' id='word_1_184' title='bbox 898 2634 1232 2689; x_wconf 84' lang='lat' dir='ltr'><strong>calamitates</strong></span> <span class='ocrx_word' id='word_1_185' title='bbox 1257 2638 1495 2707; x_wconf 89' lang='lat' dir='ltr'><strong>jactatus</strong></span> <span class='ocrx_word' id='word_1_186' title='bbox 1512 2652 1766 2707; x_wconf 89' lang='lat' dir='ltr'><strong>errasset,</strong></span> 
     </span>
    </p>
   </div>
   <div class='ocr_carea' id='block_1_28' title="bbox 186 2720 1769 2802">
    <p class='ocr_par' dir='ltr' id='par_1_28' title="bbox 186 2720 1769 2802">
     <span class='ocr_line' id='line_1_28' title="bbox 186 2720 1769 2802; baseline 0.01 -32"><span class='ocrx_word' id='word_1_187' title='bbox 186 2731 310 2772; x_wconf 89' lang='lat' dir='ltr'><strong>cum</strong></span> <span class='ocrx_word' id='word_1_188' title='bbox 348 2720 503 2775; x_wconf 87' lang='lat' dir='ltr'><strong>velut</strong></span> <span class='ocrx_word' id='word_1_189' title='bbox 543 2720 748 2777; x_wconf 84' lang='lat' dir='ltr'><strong>Christi</strong></span> <span class='ocrx_word' id='word_1_190' title='bbox 786 2724 959 2780; x_wconf 88' lang='lat' dir='ltr'><strong>hostis</strong></span> <span class='ocrx_word' id='word_1_191' title='bbox 988 2734 1044 2779; x_wconf 89' lang='lat' dir='ltr'><strong>et</strong></span> <span class='ocrx_word' id='word_1_192' title='bbox 1069 2726 1360 2797; x_wconf 80' lang='lat' dir='ltr'><strong>impietatis</strong></span> <span class='ocrx_word' id='word_1_193' title='bbox 1395 2730 1606 2797; x_wconf 89' lang='lat' dir='ltr'><strong>doctor,</strong></span> <span class='ocrx_word' id='word_1_194' title='bbox 1646 2742 1769 2802; x_wconf 90' lang='lat' dir='ltr'><strong>post</strong></span> 
     </span>
    </p>
   </div>
   <div class='ocr_carea' id='block_1_29' title="bbox 185 2804 1763 2893">
    <p class='ocr_par' dir='ltr' id='par_1_29' title="bbox 185 2804 1763 2893">
     <span class='ocr_line' id='line_1_29' title="bbox 185 2804 1763 2893; baseline 0.011 -32"><span class='ocrx_word' id='word_1_195' title='bbox 185 2824 384 2865; x_wconf 88' lang='lat' dir='ltr'><strong>novem</strong></span> <span class='ocrx_word' id='word_1_196' title='bbox 403 2819 461 2866; x_wconf 90' lang='lat' dir='ltr'><strong>et</strong></span> <span class='ocrx_word' id='word_1_197' title='bbox 485 2812 678 2882; x_wconf 79' lang='lat' dir='ltr'><strong>viginti</strong></span> <span class='ocrx_word' id='word_1_198' title='bbox 698 2804 1049 2883; x_wconf 85' lang='lat' dir='ltr'><strong>pontiﬁcatus</strong></span> <span class='ocrx_word' id='word_1_199' title='bbox 1070 2832 1243 2873; x_wconf 86' lang='lat' dir='ltr'><strong>annos</strong></span> <span class='ocrx_word' id='word_1_200' title='bbox 1265 2819 1332 2874; x_wconf 88' lang='lat' dir='ltr'><strong>de</strong></span> <span class='ocrx_word' id='word_1_201' title='bbox 1354 2821 1483 2876; x_wconf 87' lang='lat' dir='ltr'><strong>sede</strong></span> <span class='ocrx_word' id='word_1_202' title='bbox 1500 2822 1763 2893; x_wconf 88' lang='lat' dir='ltr'><strong>dejectus,</strong></span> 
     </span>
    </p>
   </div>
   <div class='ocr_carea' id='block_1_30' title="bbox 184 2901 1768 2977">
    <p class='ocr_par' dir='ltr' id='par_1_30' title="bbox 184 2901 1768 2977">
     <span class='ocr_line' id='line_1_30' title="bbox 184 2901 1768 2977; baseline 0.008 -23"><span class='ocrx_word' id='word_1_203' title='bbox 184 2901 446 2956; x_wconf 79' lang='lat' dir='ltr'><strong>exclusus</strong></span> <span class='ocrx_word' id='word_1_204' title='bbox 471 2901 718 2968; x_wconf 79' lang='lat' dir='ltr'><strong>civitate,</strong></span> <span class='ocrx_word' id='word_1_205' title='bbox 752 2920 894 2973; x_wconf 87' lang='lat' dir='ltr'><strong>aqua</strong></span> <span class='ocrx_word' id='word_1_206' title='bbox 930 2913 987 2959; x_wconf 88' lang='lat' dir='ltr'><strong>et</strong></span> <span class='ocrx_word' id='word_1_207' title='bbox 1019 2905 1144 2977; x_wconf 83' lang='lat' dir='ltr'><strong>igne</strong></span> <span class='ocrx_word' id='word_1_208' title='bbox 1179 2906 1526 2975; x_wconf 84' lang='lat' dir='ltr'><strong>interdictus,</strong></span> <span class='ocrx_word' id='word_1_209' title='bbox 1568 2911 1625 2964; x_wconf 89' lang='lat' dir='ltr'><strong>in</strong></span> <span class='ocrx_word' id='word_1_210' title='bbox 1656 2928 1768 2967; x_wconf 93' lang='lat' dir='ltr'><strong>mo-</strong></span> 
     </span>
    </p>
   </div>
   <div class='ocr_carea' id='block_1_31' title="bbox 186 2992 1765 3068">
    <p class='ocr_par' dir='ltr' id='par_1_31' title="bbox 186 2992 1765 3068">
     <span class='ocr_line' id='line_1_31' title="bbox 186 2992 1765 3068; baseline 0.009 -26"><span class='ocrx_word' id='word_1_211' title='bbox 186 2992 431 3045; x_wconf 87' lang='lat' dir='ltr'><strong>nasterio</strong></span> <span class='ocrx_word' id='word_1_212' title='bbox 481 2993 783 3048; x_wconf 79' lang='lat' dir='ltr'><strong>Palaestina</strong></span> <span class='ocrx_word' id='word_1_213' title='bbox 826 2995 993 3051; x_wconf 84' lang='lat' dir='ltr'><strong>latere</strong></span> <span class='ocrx_word' id='word_1_214' title='bbox 1031 3007 1256 3053; x_wconf 88' lang='lat' dir='ltr'><strong>coactus</strong></span> <span class='ocrx_word' id='word_1_215' title='bbox 1301 3007 1476 3066; x_wconf 88' lang='lat' dir='ltr'><strong>esset;</strong></span> <span class='ocrx_word' id='word_1_216' title='bbox 1508 3001 1727 3057; x_wconf 84' lang='lat' dir='ltr'><strong>tandem</strong></span> <span class='ocrx_word' id='word_1_217' title='bbox 1751 3044 1765 3068; x_wconf 95' lang='lat'><strong>,</strong></span> 
     </span>
    </p>
   </div>
   <div class='ocr_carea' id='block_1_32' title="bbox 186 3075 1835 3170">
    <p class='ocr_par' dir='ltr' id='par_1_32' title="bbox 186 3075 1835 3170">
     <span class='ocr_line' id='line_1_32' title="bbox 186 3075 1835 3170; baseline 0.005 -34"><span class='ocrx_word' id='word_1_218' title='bbox 186 3090 304 3150; x_wconf 89' lang='lat' dir='ltr'><strong>post</strong></span> <span class='ocrx_word' id='word_1_219' title='bbox 351 3082 701 3153; x_wconf 86' lang='lat' dir='ltr'><strong>imploratam</strong></span> <span class='ocrx_word' id='word_1_220' title='bbox 736 3075 934 3139; x_wconf 80' lang='lat' dir='ltr'><strong>frustra</strong></span> <span class='ocrx_word' id='word_1_221' title='bbox 967 3095 1248 3156; x_wconf 88' lang='lat' dir='ltr'><strong>potentum</strong></span> <span class='ocrx_word' id='word_1_222' title='bbox 1280 3104 1475 3159; x_wconf 89' lang='lat' dir='ltr'><strong>opem,</strong></span> <span class='ocrx_word' id='word_1_223' title='bbox 1510 3092 1765 3162; x_wconf 83' lang='lat' dir='ltr'><strong>deSpera-</strong></span> <span class='ocrx_word' id='word_1_224' title='bbox 1796 3122 1835 3170; x_wconf 68' lang='grc'><strong>(;</strong></span> 
     </span>
    </p>
   </div>
   <div class='ocr_carea' id='block_1_33' title="bbox 187 3176 1768 3248">
    <p class='ocr_par' dir='ltr' id='par_1_33' title="bbox 187 3176 1768 3248">
     <span class='ocr_line' id='line_1_33' title="bbox 187 3176 1768 3248; baseline 0.007 -22"><span class='ocrx_word' id='word_1_225' title='bbox 187 3178 408 3241; x_wconf 81' lang='lat' dir='ltr'><strong>tamque</strong></span> <span class='ocrx_word' id='word_1_226' title='bbox 428 3187 582 3242; x_wconf 88' lang='lat' dir='ltr'><strong>spem</strong></span> <span class='ocrx_word' id='word_1_227' title='bbox 609 3189 825 3229; x_wconf 89' lang='lat' dir='ltr'><strong>omnem</strong></span> <span class='ocrx_word' id='word_1_228' title='bbox 851 3176 1033 3239; x_wconf 88' lang='lat' dir='ltr'><strong>aliam,</strong></span> <span class='ocrx_word' id='word_1_229' title='bbox 1057 3185 1309 3248; x_wconf 81' lang='lat' dir='ltr'><strong>tangente</strong></span> <span class='ocrx_word' id='word_1_230' title='bbox 1335 3181 1447 3235; x_wconf 88' lang='lat' dir='ltr'><strong>Deo</strong></span> <span class='ocrx_word' id='word_1_231' title='bbox 1470 3196 1568 3236; x_wconf 93' lang='lat' dir='ltr'><strong>cor</strong></span> <span class='ocrx_word' id='word_1_232' title='bbox 1589 3184 1768 3236; x_wconf 81' lang='lat' dir='ltr'><strong>homi—</strong></span> 
     </span>
    </p>
   </div>
   <div class='ocr_carea' id='block_1_34' title="bbox 185 3262 1771 3340">
    <p class='ocr_par' dir='ltr' id='par_1_34' title="bbox 185 3262 1771 3340">
     <span class='ocr_line' id='line_1_34' title="bbox 185 3262 1771 3340; baseline 0.007 -25"><span class='ocrx_word' id='word_1_233' title='bbox 185 3262 287 3326; x_wconf 87' lang='lat' dir='ltr'><strong>nis,</strong></span> <span class='ocrx_word' id='word_1_234' title='bbox 318 3262 389 3317; x_wconf 87' lang='lat' dir='ltr'><strong>ad</strong></span> <span class='ocrx_word' id='word_1_235' title='bbox 423 3271 664 3319; x_wconf 88' lang='lat' dir='ltr'><strong>mentem</strong></span> <span class='ocrx_word' id='word_1_236' title='bbox 699 3263 879 3324; x_wconf 87' lang='lat' dir='ltr'><strong>rediit,</strong></span> <span class='ocrx_word' id='word_1_237' title='bbox 910 3264 1164 3334; x_wconf 88' lang='lat' dir='ltr'><strong>sedisque</strong></span> <span class='ocrx_word' id='word_1_238' title='bbox 1208 3270 1545 3336; x_wconf 86' lang='lat' dir='ltr'><strong>apostolica,</strong></span> <span class='ocrx_word' id='word_1_239' title='bbox 1591 3290 1610 3321; x_wconf 83' lang='grc'><em>‹</em></span> <span class='ocrx_word' id='word_1_240' title='bbox 1648 3288 1771 3340; x_wconf 85' lang='lat' dir='ltr'><strong>qua</strong></span> 
     </span>
    </p>
   </div>
   <div class='ocr_carea' id='block_1_35' title="bbox 186 3349 1793 3427">
    <p class='ocr_par' dir='ltr' id='par_1_35' title="bbox 186 3349 1793 3427">
     <span class='ocr_line' id='line_1_35' title="bbox 186 3349 1793 3427; baseline 0.007 -25"><span class='ocrx_word' id='word_1_241' title='bbox 186 3361 346 3406; x_wconf 81' lang='lat' dir='ltr'><strong>recta</strong></span> <span class='ocrx_word' id='word_1_242' title='bbox 363 3349 492 3406; x_wconf 88' lang='lat' dir='ltr'><strong>ﬁdei</strong></span> <span class='ocrx_word' id='word_1_243' title='bbox 522 3352 703 3407; x_wconf 87' lang='lat' dir='ltr'><strong>radios</strong></span> <span class='ocrx_word' id='word_1_244' title='bbox 732 3353 910 3407; x_wconf 89' lang='lat' dir='ltr'><strong>fundit</strong></span> <span class='ocrx_word' id='word_1_245' title='bbox 929 3353 973 3386; x_wconf 78' lang='grc'><strong>⁸³</strong></span> <span class='ocrx_word' id='word_1_246' title='bbox 1027 3354 1214 3424; x_wconf 87' lang='lat' dir='ltr'><strong>(verba</strong></span> <span class='ocrx_word' id='word_1_247' title='bbox 1245 3365 1374 3411; x_wconf 91' lang='lat' dir='ltr'><strong>sunt</strong></span> <span class='ocrx_word' id='word_1_248' title='bbox 1406 3360 1793 3427; x_wconf 78' lang='lat' dir='ltr'><strong>patrocinium-</strong></span> 
     </span>
    </p>
   </div>
   <div class='ocr_carea' id='block_1_36' title="bbox 184 3442 1769 3520">
    <p class='ocr_par' dir='ltr' id='par_1_36' title="bbox 184 3442 1769 3520">
     <span class='ocr_line' id='line_1_36' title="bbox 184 3442 1769 3520; baseline 0.007 -25"><span class='ocrx_word' id='word_1_249' title='bbox 184 3442 585 3514; x_wconf 87' lang='lat' dir='ltr'><strong>implorantis),</strong></span> <span class='ocrx_word' id='word_1_250' title='bbox 622 3459 744 3513; x_wconf 91' lang='lat' dir='ltr'><strong>qua</strong></span> <span class='ocrx_word' id='word_1_251' title='bbox 766 3444 1140 3501; x_wconf 87' lang='lat' dir='ltr'><strong>Ecclesiarum</strong></span> <span class='ocrx_word' id='word_1_252' title='bbox 1177 3448 1348 3502; x_wconf 91' lang='lat' dir='ltr'><strong>totius</strong></span> <span class='ocrx_word' id='word_1_253' title='bbox 1375 3450 1530 3505; x_wconf 88' lang='lat' dir='ltr'><strong>orbis</strong></span> <span class='ocrx_word' id='word_1_254' title='bbox 1564 3452 1769 3520; x_wconf 77' lang='lat' dir='ltr'><strong>princi-</strong></span> 
     </span>
    </p>
   </div>
   <div class='ocr_carea' id='block_1_37' title="bbox 182 3536 1767 3610">
    <p class='ocr_par' dir='ltr' id='par_1_37' title="bbox 182 3536 1767 3610">
     <span class='ocr_line' id='line_1_37' title="bbox 182 3536 1767 3610; baseline 0.006 -23"><span class='ocrx_word' id='word_1_255' title='bbox 182 3543 366 3602; x_wconf 80' lang='lat' dir='ltr'><strong>patum</strong></span> <span class='ocrx_word' id='word_1_256' title='bbox 387 3542 561 3598; x_wconf 86' lang='lat' dir='ltr'><strong>tenet,</strong></span> <span class='ocrx_word' id='word_1_257' title='bbox 581 3550 705 3604; x_wconf 84' lang='lat' dir='ltr'><strong>qua</strong></span> <span class='ocrx_word' id='word_1_258' title='bbox 729 3536 797 3590; x_wconf 88' lang='lat' dir='ltr'><strong>ab</strong></span> <span class='ocrx_word' id='word_1_259' title='bbox 819 3538 965 3591; x_wconf 85' lang='lat' dir='ltr'><strong>omni</strong></span> <span class='ocrx_word' id='word_1_260' title='bbox 992 3552 1207 3607; x_wconf 86' lang='lat' dir='ltr'><strong>semper</strong></span> <span class='ocrx_word' id='word_1_261' title='bbox 1225 3539 1477 3595; x_wconf 84' lang='lat' dir='ltr'><strong>haretica</strong></span> <span class='ocrx_word' id='word_1_262' title='bbox 1499 3543 1767 3610; x_wconf 84' lang='lat' dir='ltr'><strong>pravitate</strong></span> 
     </span>
    </p>
   </div>
   <div class='ocr_carea' id='block_1_38' title="bbox 184 3623 1765 3697">
    <p class='ocr_par' dir='ltr' id='par_1_38' title="bbox 184 3623 1765 3697">
     <span class='ocr_line' id='line_1_38' title="bbox 184 3623 1765 3697; baseline 0.006 -21"><span class='ocrx_word' id='word_1_263' title='bbox 184 3623 450 3680; x_wconf 79' lang='lat' dir='ltr'><strong>immunis</strong></span> <span class='ocrx_word' id='word_1_264' title='bbox 503 3624 630 3687; x_wconf 92' lang='lat' dir='ltr'><strong>fuit,</strong></span> <span class='ocrx_word' id='word_1_265' title='bbox 686 3635 897 3680; x_wconf 86' lang='lat' dir='ltr'><strong>rectum</strong></span> <span class='ocrx_word' id='word_1_266' title='bbox 961 3640 1027 3681; x_wconf 88' lang='lat' dir='ltr'><strong>ac</strong></span> <span class='ocrx_word' id='word_1_267' title='bbox 1067 3628 1276 3697; x_wconf 84' lang='lat' dir='ltr'><strong>justum</strong></span> <span class='ocrx_word' id='word_1_268' title='bbox 1308 3629 1549 3685; x_wconf 85' lang='lat' dir='ltr'><strong>tribunal</strong></span> <span class='ocrx_word' id='word_1_269' title='bbox 1606 3629 1765 3685; x_wconf 82' lang='lat' dir='ltr'><strong>invo-</strong></span> 
     </span>
    </p>
   </div>
   <div class='ocr_carea' id='block_1_39' title="bbox 182 3713 391 3767">
    <p class='ocr_par' dir='ltr' id='par_1_39' title="bbox 182 3713 391 3767">
     <span class='ocr_line' id='line_1_39' title="bbox 182 3713 391 3767; baseline -0.01 -1"><span class='ocrx_word' id='word_1_270' title='bbox 182 3713 344 3767; x_wconf 88' lang='lat' dir='ltr'><strong>cavit.</strong></span> <span class='ocrx_word' id='word_1_271' title='bbox 371 3733 391 3764; x_wconf 75' lang='grc' dir='ltr'><strong><em>ι</em></strong></span> 
     </span>
    </p>
   </div>
   <div class='ocr_carea' id='block_1_40' title="bbox 249 3806 1764 3878">
    <p class='ocr_par' dir='ltr' id='par_1_40' title="bbox 249 3806 1764 3878">
     <span class='ocr_line' id='line_1_40' title="bbox 249 3806 1764 3878; baseline 0.007 -21"><span class='ocrx_word' id='word_1_272' title='bbox 249 3806 381 3860; x_wconf 87' lang='lat' dir='ltr'><strong>Inde</strong></span> <span class='ocrx_word' id='word_1_273' title='bbox 416 3821 551 3859; x_wconf 86' lang='lat' dir='ltr'><strong>vero</strong></span> <span class='ocrx_word' id='word_1_274' title='bbox 590 3806 873 3862; x_wconf 71' lang='lat' dir='ltr'><strong>veritatem</strong></span> <span class='ocrx_word' id='word_1_275' title='bbox 906 3809 1142 3878; x_wconf 87' lang='lat' dir='ltr'><strong>primum</strong></span> <span class='ocrx_word' id='word_1_276' title='bbox 1178 3811 1425 3877; x_wconf 89' lang='lat' dir='ltr'><strong>edoctus,</strong></span> <span class='ocrx_word' id='word_1_277' title='bbox 1455 3813 1653 3868; x_wconf 88' lang='lat' dir='ltr'><strong>deinde</strong></span> <span class='ocrx_word' id='word_1_278' title='bbox 1694 3815 1764 3868; x_wconf 87' lang='lat' dir='ltr'><strong>ab</strong></span> 
     </span>
    </p>
   </div>
   <div class='ocr_carea' id='block_1_41' title="bbox 182 3893 1761 3972">
    <p class='ocr_par' dir='ltr' id='par_1_41' title="bbox 182 3893 1761 3972">
     <span class='ocr_line' id='line_1_41' title="bbox 182 3893 1761 3972; baseline 0.008 -25"><span class='ocrx_word' id='word_1_279' title='bbox 182 3893 369 3964; x_wconf 87' lang='lat' dir='ltr'><strong>iniqua</strong></span> <span class='ocrx_word' id='word_1_280' title='bbox 390 3896 637 3951; x_wconf 79' lang='lat' dir='ltr'><strong>Dioscori</strong></span> <span class='ocrx_word' id='word_1_281' title='bbox 662 3900 951 3962; x_wconf 85' lang='lat' dir='ltr'><strong>sententia,</strong></span> <span class='ocrx_word' id='word_1_282' title='bbox 979 3901 1202 3955; x_wconf 81' lang='lat' dir='ltr'><strong>meliore</strong></span> <span class='ocrx_word' id='word_1_283' title='bbox 1216 3903 1444 3972; x_wconf 87' lang='lat' dir='ltr'><strong>judicio,</strong></span> <span class='ocrx_word' id='word_1_284' title='bbox 1461 3904 1761 3969; x_wconf 88' lang='lat' dir='ltr'><strong>absolutus,</strong></span> 
     </span>
    </p>
   </div>
   <div class='ocr_carea' id='block_1_42' title="bbox 184 3985 1760 4063">
    <p class='ocr_par' dir='ltr' id='par_1_42' title="bbox 184 3985 1760 4063">
     <span class='ocr_line' id='line_1_42' title="bbox 184 3985 1760 4063; baseline 0.008 -24"><span class='ocrx_word' id='word_1_285' title='bbox 184 3985 405 4040; x_wconf 84' lang='lat' dir='ltr'><strong>tandem</strong></span> <span class='ocrx_word' id='word_1_286' title='bbox 431 3997 713 4044; x_wconf 88' lang='lat' dir='ltr'><strong>annuente</strong></span> <span class='ocrx_word' id='word_1_287' title='bbox 738 3990 974 4045; x_wconf 88' lang='lat' dir='ltr'><strong>concilio</strong></span> <span class='ocrx_word' id='word_1_288' title='bbox 1003 3993 1244 4060; x_wconf 76' lang='lat' dir='ltr'><strong>generali</strong></span> <span class='ocrx_word' id='word_1_289' title='bbox 1279 3993 1332 4047; x_wconf 92' lang='lat' dir='ltr'><strong>in</strong></span> <span class='ocrx_word' id='word_1_290' title='bbox 1357 3994 1650 4063; x_wconf 90' lang='lat' dir='ltr'><strong>pristinum</strong></span> <span class='ocrx_word' id='word_1_291' title='bbox 1679 3997 1760 4051; x_wconf 90' lang='lat' dir='ltr'><strong>lo-</strong></span> 
     </span>
    </p>
   </div>
   <div class='ocr_carea' id='block_1_43' title="bbox 140 4079 1761 4151">
    <p class='ocr_par' dir='ltr' id='par_1_43' title="bbox 140 4079 1761 4151">
     <span class='ocr_line' id='line_1_43' title="bbox 140 4079 1761 4151; baseline 0.009 -24"><span class='ocrx_word' id='word_1_292' title='bbox 140 4122 145 4127; x_wconf 89' lang='lat'><strong>.</strong></span> <span class='ocrx_word' id='word_1_293' title='bbox 180 4092 303 4133; x_wconf 90' lang='lat' dir='ltr'><strong>cum</strong></span> <span class='ocrx_word' id='word_1_294' title='bbox 327 4079 649 4145; x_wconf 83' lang='lat' dir='ltr'><strong>restitutus,</strong></span> <span class='ocrx_word' id='word_1_295' title='bbox 673 4095 860 4136; x_wconf 82' lang='lat' dir='ltr'><strong>veram</strong></span> <span class='ocrx_word' id='word_1_296' title='bbox 900 4082 1178 4151; x_wconf 85' lang='lat' dir='ltr'><strong>pietatem,</strong></span> <span class='ocrx_word' id='word_1_297' title='bbox 1214 4100 1343 4139; x_wconf 85' lang='lat' dir='ltr'><strong>vera</strong></span> <span class='ocrx_word' id='word_1_298' title='bbox 1377 4085 1481 4141; x_wconf 89' lang='lat' dir='ltr'><strong>ﬁde</strong></span> <span class='ocrx_word' id='word_1_299' title='bbox 1520 4087 1761 4142; x_wconf 77' lang='lat' dir='ltr'><strong>innixam</strong></span> 
     </span>
    </p>
   </div>
   <div class='ocr_carea' id='block_1_44' title="bbox 182 4169 1759 4247">
    <p class='ocr_par' dir='ltr' id='par_1_44' title="bbox 182 4169 1759 4247">
     <span class='ocr_line' id='line_1_44' title="bbox 182 4169 1759 4247; baseline 0.007 -26"><span class='ocrx_word' id='word_1_300' title='bbox 182 4169 374 4233; x_wconf 81' lang='lat' dir='ltr'><strong>coluit,</strong></span> <span class='ocrx_word' id='word_1_301' title='bbox 402 4169 572 4238; x_wconf 86' lang='lat' dir='ltr'><strong>idque</strong></span> <span class='ocrx_word' id='word_1_302' title='bbox 596 4170 713 4247; x_wconf 80' lang='lat' dir='ltr'><strong>ipse</strong></span> <span class='ocrx_word' id='word_1_303' title='bbox 744 4173 1015 4242; x_wconf 74' lang='lat' dir='ltr'><strong>praestitit,</strong></span> <span class='ocrx_word' id='word_1_304' title='bbox 1044 4173 1190 4243; x_wconf 90' lang='lat' dir='ltr'><strong>quod</strong></span> <span class='ocrx_word' id='word_1_305' title='bbox 1217 4174 1510 4244; x_wconf 81' lang='lat' dir='ltr'><strong>scripserat</strong></span> <span class='ocrx_word' id='word_1_306' title='bbox 1532 4178 1598 4232; x_wconf 90' lang='lat' dir='ltr'><strong>de</strong></span> <span class='ocrx_word' id='word_1_307' title='bbox 1625 4179 1759 4232; x_wconf 86' lang='lat' dir='ltr'><strong>Pro-</strong></span> 
     </span>
    </p>
   </div>
   <div class='ocr_carea' id='block_1_45' title="bbox 180 4259 1758 4337">
    <p class='ocr_par' dir='ltr' id='par_1_45' title="bbox 180 4259 1758 4337">
     <span class='ocr_line' id='line_1_45' title="bbox 180 4259 1758 4337; baseline 0.007 -27"><span class='ocrx_word' id='word_1_308' title='bbox 180 4259 344 4325; x_wconf 84' lang='lat' dir='ltr'><strong>pheta</strong></span> <span class='ocrx_word' id='word_1_309' title='bbox 391 4261 735 4314; x_wconf 77' lang='lat' dir='ltr'><strong>exclamante</strong></span> <span class='ocrx_word' id='word_1_310' title='bbox 777 4262 842 4315; x_wconf 89' lang='lat' dir='ltr'><strong>ad</strong></span> <span class='ocrx_word' id='word_1_311' title='bbox 886 4264 1055 4317; x_wconf 84' lang='lat' dir='ltr'><strong>Deum</strong></span> <span class='ocrx_word' id='word_1_312' title='bbox 1093 4282 1105 4316; x_wconf 94' lang='lat'><strong>:</strong></span> <span class='ocrx_word' id='word_1_313' title='bbox 1145 4265 1307 4334; x_wconf 81' lang='lat'><strong>210</strong></span> <span class='ocrx_word' id='word_1_314' title='bbox 1349 4265 1588 4329; x_wconf 84' lang='lat' dir='ltr'><strong>Bonum,</strong></span> <span class='ocrx_word' id='word_1_315' title='bbox 1634 4270 1758 4337; x_wconf 74' lang='lat' dir='ltr'><strong>quia</strong></span> 
     </span>
    </p>
   </div>
   <div class='ocr_carea' id='block_1_46' title="bbox 180 4352 1758 4429">
    <p class='ocr_par' dir='ltr' id='par_1_46' title="bbox 180 4352 1758 4429">
     <span class='ocr_line' id='line_1_46' title="bbox 180 4352 1758 4429; baseline 0.005 -26"><span class='ocrx_word' id='word_1_316' title='bbox 180 4352 476 4406; x_wconf 60' lang='lat' dir='ltr'><strong>tantillum</strong></span> <span class='ocrx_word' id='word_1_317' title='bbox 513 4369 618 4417; x_wconf 80' lang='lat' dir='ltr'><strong>me,</strong></span> <span class='ocrx_word' id='word_1_318' title='bbox 652 4362 709 4407; x_wconf 84' lang='lat' dir='ltr'><strong>ut</strong></span> <span class='ocrx_word' id='word_1_319' title='bbox 738 4354 934 4408; x_wconf 77' lang='lat' dir='ltr'><strong>discam</strong></span> <span class='ocrx_word' id='word_1_320' title='bbox 964 4355 1372 4425; x_wconf 76' lang='lat' dir='ltr'><strong>justiﬁcationes</strong></span> <span class='ocrx_word' id='word_1_321' title='bbox 1409 4367 1529 4411; x_wconf 83' lang='lat' dir='ltr'><strong>tuas</strong></span> <span class='ocrx_word' id='word_1_322' title='bbox 1553 4366 1618 4412; x_wconf 71' lang='grc' dir='ltr'><strong>κε</strong></span> <span class='ocrx_word' id='word_1_323' title='bbox 1649 4359 1758 4429; x_wconf 85' lang='lat' dir='ltr'><strong>egit</strong></span> 
     </span>
    </p>
   </div>
   <div class='ocr_carea' id='block_1_47' title="bbox 1951 522 3454 588">
    <p class='ocr_par' dir='ltr' id='par_1_47' title="bbox 1951 522 3454 588">
     <span class='ocr_line' id='line_1_47' title="bbox 1951 522 3454 588; baseline 0.011 -16"><span class='ocrx_word' id='word_1_324' title='bbox 1951 522 2214 575; x_wconf 67' lang='lat' dir='ltr'><strong>alimonio.</strong></span> <span class='ocrx_word' id='word_1_325' title='bbox 2282 523 2368 575; x_wconf 78' lang='lat' dir='ltr'><strong>Vl.</strong></span> <span class='ocrx_word' id='word_1_326' title='bbox 2434 524 2624 577; x_wconf 75' lang='lat' dir='ltr'><strong>Multos</strong></span> <span class='ocrx_word' id='word_1_327' title='bbox 2660 522 3014 581; x_wconf 61' lang='lat' dir='ltr'><strong>abduxerunt</strong></span> <span class='ocrx_word' id='word_1_328' title='bbox 3081 530 3138 582; x_wconf 88' lang='lat' dir='ltr'><strong>in</strong></span> <span class='ocrx_word' id='word_1_329' title='bbox 3201 547 3454 588; x_wconf 77' lang='lat' dir='ltr'><strong>errorem.</strong></span> 
     </span>
    </p>
   </div>
   <div class='ocr_carea' id='block_1_48' title="bbox 1956 589 3459 657">
    <p class='ocr_par' dir='ltr' id='par_1_48' title="bbox 1956 589 3459 657">
     <span class='ocr_line' id='line_1_48' title="bbox 1956 589 3459 657; baseline 0.011 -15"><span class='ocrx_word' id='word_1_330' title='bbox 1956 589 2063 642; x_wconf 82' lang='lat' dir='ltr'><strong>VII.</strong></span> <span class='ocrx_word' id='word_1_331' title='bbox 2102 591 2448 645; x_wconf 62' lang='lat' dir='ltr'><strong>Theodoretus</strong></span> <span class='ocrx_word' id='word_1_332' title='bbox 2490 611 2605 646; x_wconf 87' lang='lat' dir='ltr'><strong>cum</strong></span> <span class='ocrx_word' id='word_1_333' title='bbox 2633 596 2832 657; x_wconf 79' lang='lat' dir='ltr'><strong>synodo</strong></span> <span class='ocrx_word' id='word_1_334' title='bbox 2870 596 3277 654; x_wconf 82' lang='lat' dir='ltr'><strong>Clmlccdonensi</strong></span> <span class='ocrx_word' id='word_1_335' title='bbox 3306 602 3459 657; x_wconf 55' lang='lat' dir='ltr'><strong>dana-</strong></span> 
     </span>
    </p>
   </div>
   <div class='ocr_carea' id='block_1_49' title="bbox 1951 659 3459 727">
    <p class='ocr_par' dir='ltr' id='par_1_49' title="bbox 1951 659 3459 727">
     <span class='ocr_line' id='line_1_49' title="bbox 1951 659 3459 727; baseline 0.012 -18"><span class='ocrx_word' id='word_1_336' title='bbox 1951 667 2112 727; x_wconf 68' lang='grc' dir='ltr'><strong>παιω-</strong></span> <span class='ocrx_word' id='word_1_337' title='bbox 2143 659 2617 727; x_wconf 80' lang='lat' dir='ltr'><strong>Constantinopoli.</strong></span> <span class='ocrx_word' id='word_1_338' title='bbox 2652 659 2786 718; x_wconf 71' lang='lat' dir='ltr'><strong>VIII.</strong></span> <span class='ocrx_word' id='word_1_339' title='bbox 2828 665 2895 719; x_wconf 84' lang='lat' dir='ltr'><strong>Et</strong></span> <span class='ocrx_word' id='word_1_340' title='bbox 2930 665 3139 722; x_wconf 82' lang='lat' dir='ltr'><strong>Sidone.</strong></span> <span class='ocrx_word' id='word_1_341' title='bbox 3179 668 3267 723; x_wconf 79' lang='lat' dir='ltr'><strong>IX.</strong></span> <span class='ocrx_word' id='word_1_342' title='bbox 3302 672 3459 727; x_wconf 69' lang='lat' dir='ltr'><strong>Arte:</strong></span> 
     </span>
    </p>
   </div>
   <div class='ocr_carea' id='block_1_50' title="bbox 1944 682 3458 803">
    <p class='ocr_par' dir='ltr' id='par_1_50' title="bbox 1944 682 3458 803">
     <span class='ocr_line' id='line_1_50' title="bbox 1951 682 3458 727; baseline 0.012 -18"><span class='ocrx_word' id='word_1_343' title='bbox 1951 682 2112 711; x_wconf 77' lang='lat' dir='ltr'><strong>natur</strong></span> <span class='ocrx_word' id='word_1_344' title='bbox 2143 682 2488 714; x_wconf 69' lang='lat' dir='ltr'><strong>LOHSHUIHNO</strong></span> <span class='ocrx_word' id='word_1_345' title='bbox 2528 682 2617 716; x_wconf 84' lang='lat' dir='ltr'><strong>on.</strong></span> <span class='ocrx_word' id='word_1_346' title='bbox 2662 682 2786 718; x_wconf 75' lang='lat' dir='ltr'><strong>VIII.</strong></span> <span class='ocrx_word' id='word_1_347' title='bbox 2828 682 2895 719; x_wconf 66' lang='grc' dir='ltr'><strong>ιιι</strong></span> <span class='ocrx_word' id='word_1_348' title='bbox 2930 682 3139 722; x_wconf 65' lang='lat' dir='ltr'><strong>Didone.</strong></span> <span class='ocrx_word' id='word_1_349' title='bbox 3179 682 3267 723; x_wconf 74' lang='grc' dir='ltr'><strong>Ιλ.</strong></span> <span class='ocrx_word' id='word_1_350' title='bbox 3302 682 3458 727; x_wconf 64' lang='lat' dir='ltr'><strong>Arte:</strong></span> 
     </span>
     <span class='ocr_line' id='line_1_51' title="bbox 1944 682 3458 803; baseline 0.011 -23"><span class='ocrx_word' id='word_1_351' title='bbox 1944 726 2399 803; x_wconf 51' lang='lat' dir='ltr'><strong>Eutychianontm</strong></span> <span class='ocrx_word' id='word_1_352' title='bbox 2433 682 2525 785; x_wconf 53' lang='lat' dir='ltr'><strong>of</strong></span> <span class='ocrx_word' id='word_1_353' title='bbox 2545 731 3142 803; x_wconf 54' lang='lat' dir='ltr'><strong>decipiendos&#39;ltomines.</strong></span> <span class='ocrx_word' id='word_1_354' title='bbox 3175 739 3243 793; x_wconf 77' lang='grc' dir='ltr'><strong>Χ.</strong></span> <span class='ocrx_word' id='word_1_355' title='bbox 3270 739 3458 796; x_wconf 84' lang='lat' dir='ltr'><strong>Conci-</strong></span> 
     </span>
    </p>
   </div>
   <div class='ocr_carea' id='block_1_51' title="bbox 1953 798 2663 873">
    <p class='ocr_par' dir='ltr' id='par_1_51' title="bbox 1953 798 2663 873">
     <span class='ocr_line' id='line_1_52' title="bbox 1953 798 2663 873; baseline 0.004 -21"><span class='ocrx_word' id='word_1_356' title='bbox 1953 798 2083 853; x_wconf 83' lang='lat' dir='ltr'><strong>lium</strong></span> <span class='ocrx_word' id='word_1_357' title='bbox 2106 798 2663 873; x_wconf 57' lang='lat' dir='ltr'><strong>Hicrosolymitanuml</strong></span> 
     </span>
    </p>
   </div>
   <div class='ocr_carea' id='block_1_52' title="bbox 2381 892 2936 947">
    <p class='ocr_par' dir='ltr' id='par_1_52' title="bbox 2381 892 2936 947">
     <span class='ocr_line' id='line_1_53' title="bbox 2381 892 2936 947; baseline 0.005 -4"><span class='ocrx_word' id='word_1_358' title='bbox 2381 892 2457 943; x_wconf 75' lang='lat' dir='ltr'><strong>Ab</strong></span> <span class='ocrx_word' id='word_1_359' title='bbox 2477 907 2605 943; x_wconf 89' lang='lat' dir='ltr'><strong>anno</strong></span> <span class='ocrx_word' id='word_1_360' title='bbox 2630 895 2720 944; x_wconf 70' lang='grc'><strong>458</strong></span> <span class='ocrx_word' id='word_1_361' title='bbox 2743 897 2802 945; x_wconf 88' lang='lat' dir='ltr'><strong>ad</strong></span> <span class='ocrx_word' id='word_1_362' title='bbox 2827 896 2936 947; x_wconf 78' lang='lat' dir='ltr'><strong>5l8.</strong></span> 
     </span>
    </p>
   </div>
   <div class='ocr_carea' id='block_1_53' title="bbox 1948 991 3455 1068">
    <p class='ocr_par' dir='ltr' id='par_1_53' title="bbox 1948 991 3455 1068">
     <span class='ocr_line' id='line_1_54' title="bbox 1948 991 3455 1068; baseline 0.007 -23"><span class='ocrx_word' id='word_1_363' title='bbox 1948 991 1989 1046; x_wconf 94' lang='lat' dir='ltr'><strong>l.</strong></span> <span class='ocrx_word' id='word_1_364' title='bbox 2024 992 2139 1046; x_wconf 83' lang='lat' dir='ltr'><strong>Etsi</strong></span> <span class='ocrx_word' id='word_1_365' title='bbox 2169 992 2550 1055; x_wconf 88' lang='lat' dir='ltr'><strong>Theodoretus</strong></span> <span class='ocrx_word' id='word_1_366' title='bbox 2580 997 2791 1067; x_wconf 78' lang='lat' dir='ltr'><strong>quievit</strong></span> <span class='ocrx_word' id='word_1_367' title='bbox 2841 998 2896 1052; x_wconf 91' lang='lat' dir='ltr'><strong>in</strong></span> <span class='ocrx_word' id='word_1_368' title='bbox 2940 1014 3075 1068; x_wconf 90' lang='lat' dir='ltr'><strong>pace</strong></span> <span class='ocrx_word' id='word_1_369' title='bbox 3117 1008 3174 1054; x_wconf 90' lang='lat' dir='ltr'><strong>et</strong></span> <span class='ocrx_word' id='word_1_370' title='bbox 3205 1015 3455 1056; x_wconf 87' lang='lat' dir='ltr'><strong>commu-</strong></span> 
     </span>
    </p>
   </div>
   <div class='ocr_carea' id='block_1_54' title="bbox 1876 1080 3457 1161">
    <p class='ocr_par' dir='ltr' id='par_1_54' title="bbox 1876 1080 3457 1161">
     <span class='ocr_line' id='line_1_55' title="bbox 1876 1080 3457 1161; baseline 0.009 -30"><span class='ocrx_word' id='word_1_371' title='bbox 1876 1080 2040 1134; x_wconf 89' lang='lat' dir='ltr'><strong>nione</strong></span> <span class='ocrx_word' id='word_1_372' title='bbox 2074 1082 2367 1149; x_wconf 81' lang='lat' dir='ltr'><strong>Ecclesia,</strong></span> <span class='ocrx_word' id='word_1_373' title='bbox 2404 1085 2546 1141; x_wconf 84' lang='lat' dir='ltr'><strong>fama</strong></span> <span class='ocrx_word' id='word_1_374' title='bbox 2589 1095 2768 1143; x_wconf 88' lang='lat' dir='ltr'><strong>tamen</strong></span> <span class='ocrx_word' id='word_1_375' title='bbox 2792 1087 2965 1157; x_wconf 87' lang='lat' dir='ltr'><strong>ipsius</strong></span> <span class='ocrx_word' id='word_1_376' title='bbox 2988 1105 3297 1157; x_wconf 84' lang='lat' dir='ltr'><strong>nomenque</strong></span> <span class='ocrx_word' id='word_1_377' title='bbox 3332 1099 3457 1161; x_wconf 89' lang='lat' dir='ltr'><strong>post</strong></span> 
     </span>
    </p>
   </div>
   <div class='ocr_carea' id='block_1_55' title="bbox 1875 1169 3455 1253">
    <p class='ocr_par' dir='ltr' id='par_1_55' title="bbox 1875 1169 3455 1253">
     <span class='ocr_line' id='line_1_56' title="bbox 1875 1169 3455 1253; baseline 0.009 -30"><span class='ocrx_word' id='word_1_378' title='bbox 1875 1169 2086 1225; x_wconf 88' lang='lat' dir='ltr'><strong>obitum</strong></span> <span class='ocrx_word' id='word_1_379' title='bbox 2120 1184 2373 1230; x_wconf 81' lang='lat' dir='ltr'><strong>vexatum</strong></span> <span class='ocrx_word' id='word_1_380' title='bbox 2415 1186 2499 1231; x_wconf 89' lang='lat' dir='ltr'><strong>est</strong></span> <span class='ocrx_word' id='word_1_381' title='bbox 2532 1196 2544 1231; x_wconf 91' lang='lat'><strong>:</strong></span> <span class='ocrx_word' id='word_1_382' title='bbox 2587 1194 2899 1248; x_wconf 84' lang='lat' dir='ltr'><strong>quanquam</strong></span> <span class='ocrx_word' id='word_1_383' title='bbox 2957 1181 3274 1246; x_wconf 88' lang='lat' dir='ltr'><strong>laborabat,</strong></span> <span class='ocrx_word' id='word_1_384' title='bbox 3307 1184 3455 1253; x_wconf 81' lang='lat' dir='ltr'><strong>quod</strong></span> 
     </span>
    </p>
   </div>
   <div class='ocr_carea' id='block_1_56' title="bbox 1877 1260 3454 1342">
    <p class='ocr_par' dir='ltr' id='par_1_56' title="bbox 1877 1260 3454 1342">
     <span class='ocr_line' id='line_1_57' title="bbox 1877 1260 3454 1342; baseline 0.01 -29"><span class='ocrx_word' id='word_1_385' title='bbox 1877 1260 2164 1317; x_wconf 87' lang='lat' dir='ltr'><strong>honestum</strong></span> <span class='ocrx_word' id='word_1_386' title='bbox 2200 1266 2321 1330; x_wconf 87' lang='lat' dir='ltr'><strong>fuit,</strong></span> <span class='ocrx_word' id='word_1_387' title='bbox 2354 1284 2459 1322; x_wconf 90' lang='lat' dir='ltr'><strong>non</strong></span> <span class='ocrx_word' id='word_1_388' title='bbox 2493 1270 2637 1338; x_wconf 85' lang='lat' dir='ltr'><strong>apud</strong></span> <span class='ocrx_word' id='word_1_389' title='bbox 2666 1270 2998 1335; x_wconf 86' lang='lat' dir='ltr'><strong>Catholicos,</strong></span> <span class='ocrx_word' id='word_1_390' title='bbox 3039 1274 3135 1327; x_wconf 87' lang='lat' dir='ltr'><strong>sed</strong></span> <span class='ocrx_word' id='word_1_391' title='bbox 3162 1274 3306 1342; x_wconf 88' lang='lat' dir='ltr'><strong>apud</strong></span> <span class='ocrx_word' id='word_1_392' title='bbox 3337 1275 3454 1329; x_wconf 85' lang='lat' dir='ltr'><strong>dis-</strong></span> 
     </span>
    </p>
   </div>
   <div class='ocr_carea' id='block_1_57' title="bbox 1875 1353 3457 1430">
    <p class='ocr_par' dir='ltr' id='par_1_57' title="bbox 1875 1353 3457 1430">
     <span class='ocr_line' id='line_1_58' title="bbox 1875 1353 3457 1430; baseline 0.005 -21"><span class='ocrx_word' id='word_1_393' title='bbox 1875 1353 2000 1409; x_wconf 90' lang='lat' dir='ltr'><strong>sidii</strong></span> <span class='ocrx_word' id='word_1_394' title='bbox 2025 1366 2302 1423; x_wconf 86' lang='lat' dir='ltr'><strong>amantes;</strong></span> <span class='ocrx_word' id='word_1_395' title='bbox 2330 1373 2432 1412; x_wconf 88' lang='lat' dir='ltr'><strong>nec</strong></span> <span class='ocrx_word' id='word_1_396' title='bbox 2451 1373 2550 1413; x_wconf 86' lang='lat' dir='ltr'><strong>sua</strong></span> <span class='ocrx_word' id='word_1_397' title='bbox 2575 1359 2746 1414; x_wconf 88' lang='lat' dir='ltr'><strong>solius</strong></span> <span class='ocrx_word' id='word_1_398' title='bbox 2768 1360 2992 1423; x_wconf 89' lang='lat' dir='ltr'><strong>invidia,</strong></span> <span class='ocrx_word' id='word_1_399' title='bbox 3022 1363 3116 1416; x_wconf 86' lang='lat' dir='ltr'><strong>sed</strong></span> <span class='ocrx_word' id='word_1_400' title='bbox 3144 1362 3457 1430; x_wconf 82' lang='lat' dir='ltr'><strong>apostolica</strong></span> 
     </span>
    </p>
   </div>
   <div class='ocr_carea' id='block_1_58' title="bbox 1874 1444 3456 1521">
    <p class='ocr_par' dir='ltr' id='par_1_58' title="bbox 1874 1444 3456 1521">
     <span class='ocr_line' id='line_1_59' title="bbox 1874 1444 3456 1521; baseline 0.004 -21"><span class='ocrx_word' id='word_1_401' title='bbox 1874 1444 2040 1509; x_wconf 84' lang='lat' dir='ltr'><strong>sedis,</strong></span> <span class='ocrx_word' id='word_1_402' title='bbox 2065 1460 2096 1500; x_wconf 79' lang='grc' dir='ltr'><strong>ιι</strong></span> <span class='ocrx_word' id='word_1_403' title='bbox 2116 1462 2221 1515; x_wconf 88' lang='lat' dir='ltr'><strong>qua</strong></span> <span class='ocrx_word' id='word_1_404' title='bbox 2253 1455 2505 1516; x_wconf 87' lang='lat' dir='ltr'><strong>receptus</strong></span> <span class='ocrx_word' id='word_1_405' title='bbox 2527 1456 2667 1511; x_wconf 86' lang='lat' dir='ltr'><strong>erat,</strong></span> <span class='ocrx_word' id='word_1_406' title='bbox 2704 1449 2814 1504; x_wconf 87' lang='lat' dir='ltr'><strong>imo</strong></span> <span class='ocrx_word' id='word_1_407' title='bbox 2847 1451 3013 1504; x_wconf 87' lang='lat' dir='ltr'><strong>totius</strong></span> <span class='ocrx_word' id='word_1_408' title='bbox 3032 1450 3310 1515; x_wconf 83' lang='lat' dir='ltr'><strong>Ecclesia,</strong></span> <span class='ocrx_word' id='word_1_409' title='bbox 3332 1464 3456 1521; x_wconf 74' lang='lat' dir='ltr'><strong>qua</strong></span> 
     </span>
    </p>
   </div>
   <div class='ocr_carea' id='block_1_59' title="bbox 1874 1538 3452 1611">
    <p class='ocr_par' dir='ltr' id='par_1_59' title="bbox 1874 1538 3452 1611">
     <span class='ocr_line' id='line_1_60' title="bbox 1874 1538 3452 1611; baseline 0.003 -19"><span class='ocrx_word' id='word_1_410' title='bbox 1874 1547 2064 1592; x_wconf 85' lang='lat' dir='ltr'><strong>secuta</strong></span> <span class='ocrx_word' id='word_1_411' title='bbox 2098 1538 2293 1607; x_wconf 80' lang='lat' dir='ltr'><strong>capitis</strong></span> <span class='ocrx_word' id='word_1_412' title='bbox 2340 1541 2709 1605; x_wconf 86' lang='lat' dir='ltr'><strong>sententiam,</strong></span> <span class='ocrx_word' id='word_1_413' title='bbox 2761 1541 2965 1611; x_wconf 85' lang='lat' dir='ltr'><strong>injuria</strong></span> <span class='ocrx_word' id='word_1_414' title='bbox 3019 1542 3337 1597; x_wconf 87' lang='lat' dir='ltr'><strong>damnatum</strong></span> <span class='ocrx_word' id='word_1_415' title='bbox 3395 1544 3452 1597; x_wconf 90' lang='lat' dir='ltr'><strong>in</strong></span> 
     </span>
    </p>
   </div>
   <div class='ocr_carea' id='block_1_60' title="bbox 1873 1629 3020 1701">
    <p class='ocr_par' dir='ltr' id='par_1_60' title="bbox 1873 1629 3020 1701">
     <span class='ocr_line' id='line_1_61' title="bbox 1873 1629 3020 1701; baseline 0.001 -16"><span class='ocrx_word' id='word_1_416' title='bbox 1873 1637 2060 1701; x_wconf 81' lang='lat' dir='ltr'><strong>sancta</strong></span> <span class='ocrx_word' id='word_1_417' title='bbox 2084 1630 2292 1701; x_wconf 86' lang='lat' dir='ltr'><strong>synodo</strong></span> <span class='ocrx_word' id='word_1_418' title='bbox 2311 1629 2746 1687; x_wconf 84' lang='lat' dir='ltr'><strong>Cbalcedonensi</strong></span> <span class='ocrx_word' id='word_1_419' title='bbox 2767 1633 3020 1687; x_wconf 82' lang='lat' dir='ltr'><strong>absolvit.</strong></span> 
     </span>
    </p>
   </div>
   <div class='ocr_carea' id='block_1_61' title="bbox 1944 1698 3455 1794">
    <p class='ocr_par' dir='ltr' id='par_1_61' title="bbox 1944 1698 3455 1794">
     <span class='ocr_line' id='line_1_62' title="bbox 1944 1698 3455 1794; baseline 0.003 -19"><span class='ocrx_word' id='word_1_420' title='bbox 1944 1698 2075 1775; x_wconf 70' lang='lat' dir='ltr'><strong>Erat</strong></span> <span class='ocrx_word' id='word_1_421' title='bbox 2105 1698 2390 1775; x_wconf 77' lang='lat' dir='ltr'><strong>enimvero</strong></span> <span class='ocrx_word' id='word_1_422' title='bbox 2432 1729 2561 1776; x_wconf 91' lang='lat' dir='ltr'><strong>tunc</strong></span> <span class='ocrx_word' id='word_1_423' title='bbox 2602 1725 2866 1790; x_wconf 89' lang='lat' dir='ltr'><strong>temporis</strong></span> <span class='ocrx_word' id='word_1_424' title='bbox 2900 1724 2953 1778; x_wconf 93' lang='lat' dir='ltr'><strong>id</strong></span> <span class='ocrx_word' id='word_1_425' title='bbox 2980 1723 3281 1794; x_wconf 86' lang='lat' dir='ltr'><strong>gloriosum</strong></span> <span class='ocrx_word' id='word_1_426' title='bbox 3327 1725 3455 1779; x_wconf 85' lang='lat' dir='ltr'><strong>uni-</strong></span> 
     </span>
    </p>
   </div>
   <div class='ocr_carea' id='block_1_62' title="bbox 1871 1808 3454 1883">
    <p class='ocr_par' dir='ltr' id='par_1_62' title="bbox 1871 1808 3454 1883">
     <span class='ocr_line' id='line_1_63' title="bbox 1871 1808 3454 1883; baseline 0.005 -22"><span class='ocrx_word' id='word_1_427' title='bbox 1871 1808 2130 1878; x_wconf 89' lang='lat' dir='ltr'><strong>cuipiam,</strong></span> <span class='ocrx_word' id='word_1_428' title='bbox 2162 1810 2385 1865; x_wconf 88' lang='lat' dir='ltr'><strong>eosdem</strong></span> <span class='ocrx_word' id='word_1_429' title='bbox 2421 1811 2626 1866; x_wconf 87' lang='lat' dir='ltr'><strong>habere</strong></span> <span class='ocrx_word' id='word_1_430' title='bbox 2672 1813 2880 1876; x_wconf 85' lang='lat' dir='ltr'><strong>hostes,</strong></span> <span class='ocrx_word' id='word_1_431' title='bbox 2914 1813 3276 1883; x_wconf 74' lang='lat' dir='ltr'><strong>eamdemque</strong></span> <span class='ocrx_word' id='word_1_432' title='bbox 3325 1830 3454 1870; x_wconf 84' lang='lat' dir='ltr'><strong>cum</strong></span> 
     </span>
    </p>
   </div>
   <div class='ocr_carea' id='block_1_63' title="bbox 1872 1898 3457 1972">
    <p class='ocr_par' dir='ltr' id='par_1_63' title="bbox 1872 1898 3457 1972">
     <span class='ocr_line' id='line_1_64' title="bbox 1872 1898 3457 1972; baseline 0.004 -19"><span class='ocrx_word' id='word_1_433' title='bbox 1872 1898 2002 1954; x_wconf 83' lang='lat' dir='ltr'><strong>sede</strong></span> <span class='ocrx_word' id='word_1_434' title='bbox 2034 1900 2353 1969; x_wconf 89' lang='lat' dir='ltr'><strong>apostolica,</strong></span> <span class='ocrx_word' id='word_1_435' title='bbox 2388 1902 2755 1972; x_wconf 76' lang='lat' dir='ltr'><strong>universaque</strong></span> <span class='ocrx_word' id='word_1_436' title='bbox 2790 1904 3035 1959; x_wconf 85' lang='lat' dir='ltr'><strong>Ecclesia</strong></span> <span class='ocrx_word' id='word_1_437' title='bbox 3065 1905 3303 1972; x_wconf 78' lang='lat' dir='ltr'><strong>experiri</strong></span> <span class='ocrx_word' id='word_1_438' title='bbox 3335 1920 3457 1959; x_wconf 83' lang='lat' dir='ltr'><strong>sor-</strong></span> 
     </span>
    </p>
   </div>
   <div class='ocr_carea' id='block_1_64' title="bbox 1874 1993 3455 2065">
    <p class='ocr_par' dir='ltr' id='par_1_64' title="bbox 1874 1993 3455 2065">
     <span class='ocr_line' id='line_1_65' title="bbox 1874 1993 3455 2065; baseline 0.004 -21"><span class='ocrx_word' id='word_1_439' title='bbox 1874 1998 2004 2052; x_wconf 89' lang='lat' dir='ltr'><strong>tem,</strong></span> <span class='ocrx_word' id='word_1_440' title='bbox 2050 2006 2151 2045; x_wconf 86' lang='lat' dir='ltr'><strong>nec</strong></span> <span class='ocrx_word' id='word_1_441' title='bbox 2182 2006 2344 2059; x_wconf 88' lang='lat' dir='ltr'><strong>posse</strong></span> <span class='ocrx_word' id='word_1_442' title='bbox 2374 1993 2683 2057; x_wconf 88' lang='lat' dir='ltr'><strong>criminari,</strong></span> <span class='ocrx_word' id='word_1_443' title='bbox 2719 1994 2854 2063; x_wconf 89' lang='lat' dir='ltr'><strong>quin</strong></span> <span class='ocrx_word' id='word_1_444' title='bbox 2889 1996 3295 2050; x_wconf 86' lang='lat' dir='ltr'><strong>criminationis</strong></span> <span class='ocrx_word' id='word_1_445' title='bbox 3325 2011 3455 2065; x_wconf 84' lang='lat' dir='ltr'><strong>pars</strong></span> 
     </span>
    </p>
   </div>
   <div class='ocr_carea' id='block_1_65' title="bbox 1870 2082 3449 2156">
    <p class='ocr_par' dir='ltr' id='par_1_65' title="bbox 1870 2082 3449 2156">
     <span class='ocr_line' id='line_1_66' title="bbox 1870 2082 3449 2156; baseline 0.006 -23"><span class='ocrx_word' id='word_1_446' title='bbox 1870 2082 2104 2136; x_wconf 77' lang='lat' dir='ltr'><strong>maxima</strong></span> <span class='ocrx_word' id='word_1_447' title='bbox 2126 2082 2179 2136; x_wconf 92' lang='lat' dir='ltr'><strong>in</strong></span> <span class='ocrx_word' id='word_1_448' title='bbox 2200 2084 2593 2138; x_wconf 71' lang='lat' dir='ltr'><strong>acumcnicam</strong></span> <span class='ocrx_word' id='word_1_449' title='bbox 2619 2087 2886 2155; x_wconf 83' lang='lat' dir='ltr'><strong>synodum</strong></span> <span class='ocrx_word' id='word_1_450' title='bbox 2905 2088 3237 2143; x_wconf 88' lang='lat' dir='ltr'><strong>redundaret</strong></span> <span class='ocrx_word' id='word_1_451' title='bbox 3264 2105 3278 2141; x_wconf 89' lang='lat'><strong>:</strong></span> <span class='ocrx_word' id='word_1_452' title='bbox 3301 2104 3449 2156; x_wconf 83' lang='lat' dir='ltr'><strong>nam,</strong></span> 
     </span>
    </p>
   </div>
   <div class='ocr_carea' id='block_1_66' title="bbox 1871 2171 3448 2247">
    <p class='ocr_par' dir='ltr' id='par_1_66' title="bbox 1871 2171 3448 2247">
     <span class='ocr_line' id='line_1_67' title="bbox 1871 2171 3448 2247; baseline 0.004 -24"><span class='ocrx_word' id='word_1_453' title='bbox 1871 2180 2036 2240; x_wconf 90' lang='lat' dir='ltr'><strong>prout</strong></span> <span class='ocrx_word' id='word_1_454' title='bbox 2076 2171 2310 2240; x_wconf 87' lang='lat' dir='ltr'><strong>quisque</strong></span> <span class='ocrx_word' id='word_1_455' title='bbox 2363 2172 2700 2227; x_wconf 71' lang='lat' dir='ltr'><strong>adiciebatur</strong></span> <span class='ocrx_word' id='word_1_456' title='bbox 2751 2175 2936 2229; x_wconf 87' lang='lat' dir='ltr'><strong>animo</strong></span> <span class='ocrx_word' id='word_1_457' title='bbox 2982 2192 3110 2243; x_wconf 83' lang='lat' dir='ltr'><strong>erga</strong></span> <span class='ocrx_word' id='word_1_458' title='bbox 3156 2176 3448 2247; x_wconf 75' lang='lat' dir='ltr'><strong>synodum,</strong></span> 
     </span>
    </p>
   </div>
   <div class='ocr_carea' id='block_1_67' title="bbox 1871 2263 3451 2336">
    <p class='ocr_par' dir='ltr' id='par_1_67' title="bbox 1871 2263 3451 2336">
     <span class='ocr_line' id='line_1_68' title="bbox 1871 2263 3451 2336; baseline 0.004 -21"><span class='ocrx_word' id='word_1_459' title='bbox 1871 2263 1942 2316; x_wconf 88' lang='lat' dir='ltr'><strong>ita</strong></span> <span class='ocrx_word' id='word_1_460' title='bbox 1994 2263 2267 2317; x_wconf 88' lang='lat' dir='ltr'><strong>sentiebat</strong></span> <span class='ocrx_word' id='word_1_461' title='bbox 2299 2263 2367 2318; x_wconf 91' lang='lat' dir='ltr'><strong>de</strong></span> <span class='ocrx_word' id='word_1_462' title='bbox 2417 2264 2796 2330; x_wconf 87' lang='lat' dir='ltr'><strong>Theodoreto;</strong></span> <span class='ocrx_word' id='word_1_463' title='bbox 2847 2267 2942 2334; x_wconf 90' lang='lat' dir='ltr'><strong>qui</strong></span> <span class='ocrx_word' id='word_1_464' title='bbox 2989 2267 3222 2336; x_wconf 87' lang='lat' dir='ltr'><strong>Eutychi</strong></span> <span class='ocrx_word' id='word_1_465' title='bbox 3260 2268 3451 2323; x_wconf 85' lang='lat' dir='ltr'><strong>stude-</strong></span> 
     </span>
    </p>
   </div>
   <div class='ocr_carea' id='block_1_68' title="bbox 1870 2353 3453 2426">
    <p class='ocr_par' dir='ltr' id='par_1_68' title="bbox 1870 2353 3453 2426">
     <span class='ocr_line' id='line_1_69' title="bbox 1870 2353 3453 2426; baseline 0.004 -19"><span class='ocrx_word' id='word_1_466' title='bbox 1870 2353 2022 2417; x_wconf 86' lang='lat' dir='ltr'><strong>bant,</strong></span> <span class='ocrx_word' id='word_1_467' title='bbox 2060 2362 2354 2422; x_wconf 90' lang='lat' dir='ltr'><strong>utrumque</strong></span> <span class='ocrx_word' id='word_1_468' title='bbox 2396 2355 2826 2421; x_wconf 87' lang='lat' dir='ltr'><strong>aversabantur;</strong></span> <span class='ocrx_word' id='word_1_469' title='bbox 2851 2357 2946 2426; x_wconf 91' lang='lat' dir='ltr'><strong>qui</strong></span> <span class='ocrx_word' id='word_1_470' title='bbox 2973 2366 3158 2426; x_wconf 87' lang='lat' dir='ltr'><strong>partes</strong></span> <span class='ocrx_word' id='word_1_471' title='bbox 3191 2358 3453 2413; x_wconf 67' lang='lat' dir='ltr'><strong>Ecclesia</strong></span> 
     </span>
    </p>
   </div>
   <div class='ocr_carea' id='block_1_69' title="bbox 1866 2444 3452 2521">
    <p class='ocr_par' dir='ltr' id='par_1_69' title="bbox 1866 2444 3452 2521">
     <span class='ocr_line' id='line_1_70' title="bbox 1866 2444 3452 2521; baseline 0.004 -23"><span class='ocrx_word' id='word_1_472' title='bbox 1866 2444 2240 2521; x_wconf 85' lang='lat' dir='ltr'><strong>sequebantur</strong></span> <span class='ocrx_word' id='word_1_473' title='bbox 2262 2484 2277 2509; x_wconf 95' lang='lat'><strong>,</strong></span> <span class='ocrx_word' id='word_1_474' title='bbox 2305 2446 2585 2500; x_wconf 89' lang='lat' dir='ltr'><strong>communi</strong></span> <span class='ocrx_word' id='word_1_475' title='bbox 2621 2457 2915 2516; x_wconf 86' lang='lat' dir='ltr'><strong>utrumque</strong></span> <span class='ocrx_word' id='word_1_476' title='bbox 2935 2448 3117 2503; x_wconf 82' lang='lat' dir='ltr'><strong>studio</strong></span> <span class='ocrx_word' id='word_1_477' title='bbox 3146 2463 3452 2519; x_wconf 84' lang='lat' dir='ltr'><strong>proseque-</strong></span> 
     </span>
    </p>
   </div>
   <div class='ocr_carea' id='block_1_70' title="bbox 1867 2535 3461 2591">
    <p class='ocr_par' dir='ltr' id='par_1_70' title="bbox 1867 2535 3461 2591">
     <span class='ocr_line' id='line_1_71' title="bbox 1867 2535 3461 2591; baseline 0.004 -2"><span class='ocrx_word' id='word_1_478' title='bbox 1867 2535 2088 2591; x_wconf 90' lang='lat' dir='ltr'><strong>bantur.</strong></span> <span class='ocrx_word' id='word_1_479' title='bbox 3458 2550 3461 2553; x_wconf 77' lang='lat'><em>‘</em></span> 
     </span>
    </p>
   </div>
   <div class='ocr_carea' id='block_1_71' title="bbox 1944 2625 3450 2695">
    <p class='ocr_par' dir='ltr' id='par_1_71' title="bbox 1944 2625 3450 2695">
     <span class='ocr_line' id='line_1_72' title="bbox 1944 2625 3450 2695; baseline 0.002 -15"><span class='ocrx_word' id='word_1_480' title='bbox 1944 2625 2004 2681; x_wconf 89' lang='lat' dir='ltr'><strong>ll.</strong></span> <span class='ocrx_word' id='word_1_481' title='bbox 2041 2625 2133 2680; x_wconf 91' lang='lat' dir='ltr'><strong>Sic</strong></span> <span class='ocrx_word' id='word_1_482' title='bbox 2149 2625 2437 2680; x_wconf 79' lang='lat' dir='ltr'><strong>iuitunum</strong></span> <span class='ocrx_word' id='word_1_483' title='bbox 2464 2626 2579 2682; x_wconf 90' lang='lat' dir='ltr'><strong>fere</strong></span> <span class='ocrx_word' id='word_1_484' title='bbox 2612 2627 2895 2695; x_wconf 87' lang='lat' dir='ltr'><strong>saculum,</strong></span> <span class='ocrx_word' id='word_1_485' title='bbox 2922 2628 3255 2684; x_wconf 86' lang='lat' dir='ltr'><strong>Theodoreti</strong></span> <span class='ocrx_word' id='word_1_486' title='bbox 3283 2645 3450 2685; x_wconf 85' lang='lat' dir='ltr'><strong>causa</strong></span> 
     </span>
    </p>
   </div>
   <div class='ocr_carea' id='block_1_72' title="bbox 1868 2715 3449 2790">
    <p class='ocr_par' dir='ltr' id='par_1_72' title="bbox 1868 2715 3449 2790">
     <span class='ocr_line' id='line_1_73' title="bbox 1868 2715 3449 2790; baseline 0.005 -24"><span class='ocrx_word' id='word_1_487' title='bbox 1868 2729 1924 2767; x_wconf 88' lang='lat' dir='ltr'><strong>se</strong></span> <span class='ocrx_word' id='word_1_488' title='bbox 1957 2725 2235 2784; x_wconf 89' lang='lat' dir='ltr'><strong>utcunque</strong></span> <span class='ocrx_word' id='word_1_489' title='bbox 2285 2715 2487 2784; x_wconf 89' lang='lat' dir='ltr'><strong>partim</strong></span> <span class='ocrx_word' id='word_1_490' title='bbox 2542 2717 2916 2771; x_wconf 88' lang='lat' dir='ltr'><strong>studiosorum</strong></span> <span class='ocrx_word' id='word_1_491' title='bbox 2969 2719 3202 2783; x_wconf 87' lang='lat' dir='ltr'><strong>artibus,</strong></span> <span class='ocrx_word' id='word_1_492' title='bbox 3246 2721 3449 2790; x_wconf 89' lang='lat' dir='ltr'><strong>partim</strong></span> 
     </span>
    </p>
   </div>
   <div class='ocr_carea' id='block_1_73' title="bbox 1867 2804 3455 2878">
    <p class='ocr_par' dir='ltr' id='par_1_73' title="bbox 1867 2804 3455 2878">
     <span class='ocr_line' id='line_1_74' title="bbox 1867 2804 3455 2878; baseline 0.004 -21"><span class='ocrx_word' id='word_1_493' title='bbox 1867 2804 2123 2859; x_wconf 86' lang='lat' dir='ltr'><strong>Ecclesia</strong></span> <span class='ocrx_word' id='word_1_494' title='bbox 2169 2805 2394 2876; x_wconf 87' lang='lat' dir='ltr'><strong>judiciis</strong></span> <span class='ocrx_word' id='word_1_495' title='bbox 2424 2814 2812 2865; x_wconf 88' lang='lat' dir='ltr'><strong>sustentante:</strong></span> <span class='ocrx_word' id='word_1_496' title='bbox 2855 2824 3165 2878; x_wconf 81' lang='lat' dir='ltr'><strong>quanquam</strong></span> <span class='ocrx_word' id='word_1_497' title='bbox 3215 2825 3310 2865; x_wconf 81' lang='lat' dir='ltr'><strong>sex</strong></span> <span class='ocrx_word' id='word_1_498' title='bbox 3349 2812 3455 2864; x_wconf 78' lang='lat' dir='ltr'><strong>im-</strong></span> 
     </span>
    </p>
   </div>
   <div class='ocr_carea' id='block_1_74' title="bbox 1867 2897 3449 2968">
    <p class='ocr_par' dir='ltr' id='par_1_74' title="bbox 1867 2897 3449 2968">
     <span class='ocr_line' id='line_1_75' title="bbox 1867 2897 3449 2968; baseline 0.003 -20"><span class='ocrx_word' id='word_1_499' title='bbox 1867 2904 2184 2963; x_wconf 86' lang='lat' dir='ltr'><strong>peratorum</strong></span> <span class='ocrx_word' id='word_1_500' title='bbox 2212 2897 2318 2950; x_wconf 89' lang='lat' dir='ltr'><strong>sibi</strong></span> <span class='ocrx_word' id='word_1_501' title='bbox 2349 2897 2584 2951; x_wconf 85' lang='lat' dir='ltr'><strong>invicem</strong></span> <span class='ocrx_word' id='word_1_502' title='bbox 2619 2898 3034 2953; x_wconf 88' lang='lat' dir='ltr'><strong>succedentium</strong></span> <span class='ocrx_word' id='word_1_503' title='bbox 3059 2899 3258 2962; x_wconf 87' lang='lat' dir='ltr'><strong>studia,</strong></span> <span class='ocrx_word' id='word_1_504' title='bbox 3287 2908 3449 2968; x_wconf 91' lang='lat' dir='ltr'><strong>prout</strong></span> 
     </span>
    </p>
   </div>
   <div class='ocr_carea' id='block_1_75' title="bbox 1867 2987 3449 3058">
    <p class='ocr_par' dir='ltr' id='par_1_75' title="bbox 1867 2987 3449 3058">
     <span class='ocr_line' id='line_1_76' title="bbox 1867 2987 3449 3058; baseline 0.003 -19"><span class='ocrx_word' id='word_1_505' title='bbox 1867 2987 2017 3040; x_wconf 88' lang='lat' dir='ltr'><strong>varia</strong></span> <span class='ocrx_word' id='word_1_506' title='bbox 2063 2989 2410 3052; x_wconf 85' lang='lat' dir='ltr'><strong>exstiterunt,</strong></span> <span class='ocrx_word' id='word_1_507' title='bbox 2447 2990 2519 3043; x_wconf 89' lang='lat' dir='ltr'><strong>ita</strong></span> <span class='ocrx_word' id='word_1_508' title='bbox 2543 2989 2913 3043; x_wconf 87' lang='lat' dir='ltr'><strong>conditionem</strong></span> <span class='ocrx_word' id='word_1_509' title='bbox 2939 3005 3120 3044; x_wconf 85' lang='lat' dir='ltr'><strong>rerum</strong></span> <span class='ocrx_word' id='word_1_510' title='bbox 3166 2990 3449 3058; x_wconf 84' lang='lat' dir='ltr'><strong>ipsamque</strong></span> 
     </span>
    </p>
   </div>
   <div class='ocr_carea' id='block_1_76' title="bbox 1872 3078 3448 3157">
    <p class='ocr_par' dir='ltr' id='par_1_76' title="bbox 1872 3078 3448 3157">
     <span class='ocr_line' id='line_1_77' title="bbox 1872 3078 3448 3157; baseline 0.003 -26"><span class='ocrx_word' id='word_1_511' title='bbox 1872 3078 2214 3157; x_wconf 40' lang='lat' dir='ltr'><strong>Theodoreti.</strong></span> <span class='ocrx_word' id='word_1_512' title='bbox 2248 3080 2523 3134; x_wconf 87' lang='lat' dir='ltr'><strong>fortunam</strong></span> <span class='ocrx_word' id='word_1_513' title='bbox 2562 3081 2909 3135; x_wconf 87' lang='lat' dir='ltr'><strong>alternarunt</strong></span> <span class='ocrx_word' id='word_1_514' title='bbox 2936 3121 2948 3138; x_wconf 87' lang='lat'><strong>.</strong></span> <span class='ocrx_word' id='word_1_515' title='bbox 3002 3080 3181 3133; x_wconf 87' lang='lat' dir='ltr'><strong>donec</strong></span> <span class='ocrx_word' id='word_1_516' title='bbox 3225 3081 3448 3136; x_wconf 85' lang='lat' dir='ltr'><strong>tandem</strong></span> 
     </span>
    </p>
   </div>
   <div class='ocr_carea' id='block_1_77' title="bbox 1874 3164 3467 3232">
    <p class='ocr_par' dir='ltr' id='par_1_77' title="bbox 1874 3164 3467 3232">
     <span class='ocr_line' id='line_1_78' title="bbox 1874 3164 3467 3232; baseline 0.003 -14"><span class='ocrx_word' id='word_1_517' title='bbox 1874 3164 2035 3219; x_wconf 88' lang='lat' dir='ltr'><strong>unius</strong></span> <span class='ocrx_word' id='word_1_518' title='bbox 2072 3165 2334 3231; x_wconf 88' lang='lat' dir='ltr'><strong>hominis,</strong></span> <span class='ocrx_word' id='word_1_519' title='bbox 2367 3175 2460 3221; x_wconf 86' lang='lat' dir='ltr'><strong>aut</strong></span> <span class='ocrx_word' id='word_1_520' title='bbox 2488 3177 2638 3222; x_wconf 89' lang='lat' dir='ltr'><strong>certe</strong></span> <span class='ocrx_word' id='word_1_521' title='bbox 2670 3168 2841 3222; x_wconf 89' lang='lat' dir='ltr'><strong>trium</strong></span> <span class='ocrx_word' id='word_1_522' title='bbox 2866 3183 3058 3232; x_wconf 87' lang='lat' dir='ltr'><strong>causa,</strong></span> <span class='ocrx_word' id='word_1_523' title='bbox 3091 3183 3214 3222; x_wconf 89' lang='lat' dir='ltr'><strong>cum</strong></span> <span class='ocrx_word' id='word_1_524' title='bbox 3244 3170 3467 3223; x_wconf 64' lang='lat' dir='ltr'><strong>evasis-&#39;</strong></span> 
     </span>
    </p>
   </div>
   <div class='ocr_carea' id='block_1_78' title="bbox 1871 3258 3444 3328">
    <p class='ocr_par' dir='ltr' id='par_1_78' title="bbox 1871 3258 3444 3328">
     <span class='ocr_line' id='line_1_79' title="bbox 1871 3258 3444 3328; baseline 0.003 -20"><span class='ocrx_word' id='word_1_525' title='bbox 1871 3263 1955 3309; x_wconf 90' lang='lat' dir='ltr'><strong>set</strong></span> <span class='ocrx_word' id='word_1_526' title='bbox 2000 3271 2292 3312; x_wconf 88' lang='lat' dir='ltr'><strong>commune</strong></span> <span class='ocrx_word' id='word_1_527' title='bbox 2322 3266 2487 3327; x_wconf 88' lang='lat' dir='ltr'><strong>atque</strong></span> <span class='ocrx_word' id='word_1_528' title='bbox 2530 3259 2723 3328; x_wconf 84' lang='lat' dir='ltr'><strong>ingens</strong></span> <span class='ocrx_word' id='word_1_529' title='bbox 2756 3259 2926 3313; x_wconf 89' lang='lat' dir='ltr'><strong>totius</strong></span> <span class='ocrx_word' id='word_1_530' title='bbox 2955 3258 3108 3313; x_wconf 86' lang='lat' dir='ltr'><strong>orbis</strong></span> <span class='ocrx_word' id='word_1_531' title='bbox 3142 3259 3444 3325; x_wconf 77' lang='lat' dir='ltr'><strong>negotium,</strong></span> 
     </span>
    </p>
   </div>
   <div class='ocr_carea' id='block_1_79' title="bbox 1869 3346 3449 3420">
    <p class='ocr_par' dir='ltr' id='par_1_79' title="bbox 1869 3346 3449 3420">
     <span class='ocr_line' id='line_1_80' title="bbox 1869 3346 3449 3420; baseline 0.006 -24"><span class='ocrx_word' id='word_1_532' title='bbox 1869 3359 2093 3400; x_wconf 87' lang='lat' dir='ltr'><strong>necesse</strong></span> <span class='ocrx_word' id='word_1_533' title='bbox 2114 3346 2251 3413; x_wconf 83' lang='lat' dir='ltr'><strong>fuit,</strong></span> <span class='ocrx_word' id='word_1_534' title='bbox 2287 3358 2345 3401; x_wconf 88' lang='lat' dir='ltr'><strong>ut</strong></span> <span class='ocrx_word' id='word_1_535' title='bbox 2372 3348 2681 3417; x_wconf 86' lang='lat' dir='ltr'><strong>conjunctis</strong></span> <span class='ocrx_word' id='word_1_536' title='bbox 2723 3349 2980 3403; x_wconf 85' lang='lat' dir='ltr'><strong>Ecclesia</strong></span> <span class='ocrx_word' id='word_1_537' title='bbox 3013 3349 3340 3420; x_wconf 87' lang='lat' dir='ltr'><strong>imperiique</strong></span> <span class='ocrx_word' id='word_1_538' title='bbox 3362 3353 3449 3405; x_wconf 85' lang='lat' dir='ltr'><strong>vi-</strong></span> 
     </span>
    </p>
   </div>
   <div class='ocr_carea' id='block_1_80' title="bbox 1869 3436 3444 3511">
    <p class='ocr_par' dir='ltr' id='par_1_80' title="bbox 1869 3436 3444 3511">
     <span class='ocr_line' id='line_1_81' title="bbox 1869 3436 3444 3511; baseline 0.005 -22"><span class='ocrx_word' id='word_1_539' title='bbox 1869 3436 2041 3500; x_wconf 89' lang='lat' dir='ltr'><strong>ribus,</strong></span> <span class='ocrx_word' id='word_1_540' title='bbox 2079 3437 2283 3506; x_wconf 89' lang='lat' dir='ltr'><strong>quinta</strong></span> <span class='ocrx_word' id='word_1_541' title='bbox 2312 3439 2505 3509; x_wconf 86' lang='lat' dir='ltr'><strong>synodi</strong></span> <span class='ocrx_word' id='word_1_542' title='bbox 2543 3440 2815 3509; x_wconf 79' lang='lat' dir='ltr'><strong>generalis</strong></span> <span class='ocrx_word' id='word_1_543' title='bbox 2848 3440 3057 3511; x_wconf 86' lang='lat' dir='ltr'><strong>judicio</strong></span> <span class='ocrx_word' id='word_1_544' title='bbox 3087 3440 3359 3507; x_wconf 90' lang='lat' dir='ltr'><strong>ﬁniretur,</strong></span> <span class='ocrx_word' id='word_1_545' title='bbox 3398 3443 3444 3497; x_wconf 88' lang='lat' dir='ltr'><strong>si</strong></span> 
     </span>
    </p>
   </div>
   <div class='ocr_carea' id='block_1_81' title="bbox 1871 3529 3443 3604">
    <p class='ocr_par' dir='ltr' id='par_1_81' title="bbox 1871 3529 3443 3604">
     <span class='ocr_line' id='line_1_82' title="bbox 1871 3529 3443 3604; baseline 0.004 -24"><span class='ocrx_word' id='word_1_546' title='bbox 1871 3536 2051 3583; x_wconf 85' lang='lat' dir='ltr'><strong>tamen</strong></span> <span class='ocrx_word' id='word_1_547' title='bbox 2086 3529 2171 3583; x_wconf 88' lang='lat' dir='ltr'><strong>vel</strong></span> <span class='ocrx_word' id='word_1_548' title='bbox 2209 3529 2290 3583; x_wconf 90' lang='lat' dir='ltr'><strong>sic</strong></span> <span class='ocrx_word' id='word_1_549' title='bbox 2328 3529 2480 3584; x_wconf 88' lang='lat' dir='ltr'><strong>ﬁnita</strong></span> <span class='ocrx_word' id='word_1_550' title='bbox 2506 3540 2621 3596; x_wconf 89' lang='lat' dir='ltr'><strong>est;</strong></span> <span class='ocrx_word' id='word_1_551' title='bbox 2659 3546 2760 3585; x_wconf 88' lang='lat' dir='ltr'><strong>nec</strong></span> <span class='ocrx_word' id='word_1_552' title='bbox 2788 3531 2937 3585; x_wconf 89' lang='lat' dir='ltr'><strong>enim</strong></span> <span class='ocrx_word' id='word_1_553' title='bbox 2966 3531 3214 3588; x_wconf 90' lang='lat' dir='ltr'><strong>deﬁnitio</strong></span> <span class='ocrx_word' id='word_1_554' title='bbox 3250 3534 3443 3604; x_wconf 87' lang='lat' dir='ltr'><strong>synodi</strong></span> 
     </span>
    </p>
   </div>
   <div class='ocr_carea' id='block_1_82' title="bbox 1868 3621 3444 3693">
    <p class='ocr_par' dir='ltr' id='par_1_82' title="bbox 1868 3621 3444 3693">
     <span class='ocr_line' id='line_1_83' title="bbox 1868 3621 3444 3693; baseline 0.005 -20"><span class='ocrx_word' id='word_1_555' title='bbox 1868 3629 2086 3689; x_wconf 86' lang='lat' dir='ltr'><strong>recepta</strong></span> <span class='ocrx_word' id='word_1_556' title='bbox 2121 3621 2225 3675; x_wconf 88' lang='lat' dir='ltr'><strong>fuit</strong></span> <span class='ocrx_word' id='word_1_557' title='bbox 2264 3626 2446 3676; x_wconf 84' lang='lat' dir='ltr'><strong>statim</strong></span> <span class='ocrx_word' id='word_1_558' title='bbox 2474 3622 2542 3676; x_wconf 89' lang='lat' dir='ltr'><strong>ab</strong></span> <span class='ocrx_word' id='word_1_559' title='bbox 2565 3623 2824 3678; x_wconf 90' lang='lat' dir='ltr'><strong>omnibus</strong></span> <span class='ocrx_word' id='word_1_560' title='bbox 2845 3622 3009 3677; x_wconf 88' lang='lat' dir='ltr'><strong>simul</strong></span> <span class='ocrx_word' id='word_1_561' title='bbox 3037 3624 3318 3693; x_wconf 83' lang='lat' dir='ltr'><strong>Ecclesiis,</strong></span> <span class='ocrx_word' id='word_1_562' title='bbox 3346 3626 3444 3681; x_wconf 89' lang='lat' dir='ltr'><strong>sed</strong></span> 
     </span>
    </p>
   </div>
   <div class='ocr_carea' id='block_1_83' title="bbox 1866 3710 3469 3781">
    <p class='ocr_par' dir='ltr' id='par_1_83' title="bbox 1866 3710 3469 3781">
     <span class='ocr_line' id='line_1_84' title="bbox 1866 3710 3469 3781; baseline 0.006 -19"><span class='ocrx_word' id='word_1_563' title='bbox 1866 3710 2126 3778; x_wconf 83' lang='lat' dir='ltr'><strong>paulatim</strong></span> <span class='ocrx_word' id='word_1_564' title='bbox 2156 3719 2213 3764; x_wconf 89' lang='lat' dir='ltr'><strong>et</strong></span> <span class='ocrx_word' id='word_1_565' title='bbox 2242 3712 2398 3780; x_wconf 92' lang='lat' dir='ltr'><strong>quasi</strong></span> <span class='ocrx_word' id='word_1_566' title='bbox 2438 3727 2536 3781; x_wconf 87' lang='lat' dir='ltr'><strong>per</strong></span> <span class='ocrx_word' id='word_1_567' title='bbox 2558 3721 2761 3781; x_wconf 88' lang='lat' dir='ltr'><strong>partes,</strong></span> <span class='ocrx_word' id='word_1_568' title='bbox 2794 3713 2934 3768; x_wconf 90' lang='lat' dir='ltr'><strong>adeo</strong></span> <span class='ocrx_word' id='word_1_569' title='bbox 2976 3723 3037 3768; x_wconf 91' lang='lat' dir='ltr'><strong>ut</strong></span> <span class='ocrx_word' id='word_1_570' title='bbox 3064 3715 3119 3768; x_wconf 86' lang='lat' dir='ltr'><strong>in</strong></span> <span class='ocrx_word' id='word_1_571' title='bbox 3148 3716 3284 3770; x_wconf 90' lang='lat' dir='ltr'><strong>orbe</strong></span> <span class='ocrx_word' id='word_1_572' title='bbox 3309 3725 3469 3771; x_wconf 78' lang='lat' dir='ltr'><strong>tunc”</strong></span> 
     </span>
    </p>
   </div>
   <div class='ocr_carea' id='block_1_84' title="bbox 1866 3801 3441 3876">
    <p class='ocr_par' dir='ltr' id='par_1_84' title="bbox 1866 3801 3441 3876">
     <span class='ocr_line' id='line_1_85' title="bbox 1866 3801 3441 3876; baseline 0.006 -23"><span class='ocrx_word' id='word_1_573' title='bbox 1866 3801 2178 3870; x_wconf 77' lang='lat' dir='ltr'><strong>contigerit,</strong></span> <span class='ocrx_word' id='word_1_574' title='bbox 2211 3802 2359 3871; x_wconf 92' lang='lat' dir='ltr'><strong>quod</strong></span> <span class='ocrx_word' id='word_1_575' title='bbox 2389 3802 2445 3856; x_wconf 91' lang='lat' dir='ltr'><strong>in</strong></span> <span class='ocrx_word' id='word_1_576' title='bbox 2485 3804 2623 3857; x_wconf 88' lang='lat' dir='ltr'><strong>mari</strong></span> <span class='ocrx_word' id='word_1_577' title='bbox 2664 3805 2823 3867; x_wconf 89' lang='lat' dir='ltr'><strong>solet,</strong></span> <span class='ocrx_word' id='word_1_578' title='bbox 2858 3814 3147 3876; x_wconf 88' lang='lat' dir='ltr'><strong>postquam</strong></span> <span class='ocrx_word' id='word_1_579' title='bbox 3186 3807 3441 3863; x_wconf 88' lang='lat' dir='ltr'><strong>horribili</strong></span> 
     </span>
    </p>
   </div>
   <div class='ocr_carea' id='block_1_85' title="bbox 1866 3899 3439 3965">
    <p class='ocr_par' dir='ltr' id='par_1_85' title="bbox 1866 3899 3439 3965">
     <span class='ocr_line' id='line_1_86' title="bbox 1866 3899 3439 3965; baseline 0.007 -19"><span class='ocrx_word' id='word_1_580' title='bbox 1866 3901 2189 3964; x_wconf 89' lang='lat' dir='ltr'><strong>tempestate</strong></span> <span class='ocrx_word' id='word_1_581' title='bbox 2229 3904 2566 3952; x_wconf 89' lang='lat' dir='ltr'><strong>commotum</strong></span> <span class='ocrx_word' id='word_1_582' title='bbox 2604 3906 2723 3963; x_wconf 90' lang='lat' dir='ltr'><strong>est,</strong></span> <span class='ocrx_word' id='word_1_583' title='bbox 2756 3899 2954 3954; x_wconf 88' lang='lat' dir='ltr'><strong>silente</strong></span> <span class='ocrx_word' id='word_1_584' title='bbox 2983 3901 3243 3955; x_wconf 90' lang='lat' dir='ltr'><strong>nimirum</strong></span> <span class='ocrx_word' id='word_1_585' title='bbox 3278 3904 3439 3965; x_wconf 75' lang='lat' dir='ltr'><strong>cmlo,</strong></span> 
     </span>
    </p>
   </div>
   <div class='ocr_carea' id='block_1_86' title="bbox 1864 3983 3438 4061">
    <p class='ocr_par' dir='ltr' id='par_1_86' title="bbox 1864 3983 3438 4061">
     <span class='ocr_line' id='line_1_87' title="bbox 1864 3983 3438 4061; baseline 0.006 -24"><span class='ocrx_word' id='word_1_586' title='bbox 1864 3983 2043 4039; x_wconf 90' lang='lat' dir='ltr'><strong>adhuc</strong></span> <span class='ocrx_word' id='word_1_587' title='bbox 2070 3985 2229 4040; x_wconf 87' lang='lat' dir='ltr'><strong>unda</strong></span> <span class='ocrx_word' id='word_1_588' title='bbox 2253 3989 2520 4058; x_wconf 80' lang='lat' dir='ltr'><strong>mugiunt,</strong></span> <span class='ocrx_word' id='word_1_589' title='bbox 2545 4003 2607 4042; x_wconf 91' lang='lat' dir='ltr'><strong>ac</strong></span> <span class='ocrx_word' id='word_1_590' title='bbox 2628 3990 2785 4058; x_wconf 75' lang='lat'><strong>211</strong></span> <span class='ocrx_word' id='word_1_591' title='bbox 2806 3991 2958 4044; x_wconf 85' lang='lat' dir='ltr'><strong>velut</strong></span> <span class='ocrx_word' id='word_1_592' title='bbox 2984 4006 3128 4061; x_wconf 85' lang='lat' dir='ltr'><strong>agre</strong></span> <span class='ocrx_word' id='word_1_593' title='bbox 3153 4003 3438 4060; x_wconf 88' lang='lat' dir='ltr'><strong>pacantur.</strong></span> 
     </span>
    </p>
   </div>
   <div class='ocr_carea' id='block_1_87' title="bbox 1865 4074 3471 4155">
    <p class='ocr_par' dir='ltr' id='par_1_87' title="bbox 1865 4074 3471 4155">
     <span class='ocr_line' id='line_1_88' title="bbox 1865 4074 3471 4155; baseline 0.003 -27"><span class='ocrx_word' id='word_1_594' title='bbox 1865 4074 1921 4128; x_wconf 90' lang='lat' dir='ltr'><strong>Id</strong></span> <span class='ocrx_word' id='word_1_595' title='bbox 1949 4092 2056 4145; x_wconf 90' lang='lat' dir='ltr'><strong>qua</strong></span> <span class='ocrx_word' id='word_1_596' title='bbox 2091 4078 2303 4132; x_wconf 84' lang='lat' dir='ltr'><strong>ratione</strong></span> <span class='ocrx_word' id='word_1_597' title='bbox 2327 4079 2611 4141; x_wconf 84' lang='lat' dir='ltr'><strong>acciderit,</strong></span> <span class='ocrx_word' id='word_1_598' title='bbox 2630 4080 2957 4149; x_wconf 82' lang='lat' dir='ltr'><strong>quantisque</strong></span> <span class='ocrx_word' id='word_1_599' title='bbox 2999 4095 3183 4134; x_wconf 89' lang='lat' dir='ltr'><strong>rerum</strong></span> <span class='ocrx_word' id='word_1_600' title='bbox 3207 4096 3437 4155; x_wconf 83' lang='lat' dir='ltr'><strong>convcr-</strong></span> <span class='ocrx_word' id='word_1_601' title='bbox 3468 4082 3471 4087; x_wconf 83' lang='grc'><em>’</em></span> 
     </span>
    </p>
   </div>
   <div class='ocr_carea' id='block_1_88' title="bbox 1865 4160 3438 4237">
    <p class='ocr_par' dir='ltr' id='par_1_88' title="bbox 1865 4160 3438 4237">
     <span class='ocr_line' id='line_1_89' title="bbox 1865 4160 3438 4237; baseline 0 -18"><span class='ocrx_word' id='word_1_602' title='bbox 1865 4165 2133 4230; x_wconf 88' lang='lat' dir='ltr'><strong>sionibus,</strong></span> <span class='ocrx_word' id='word_1_603' title='bbox 2168 4160 2372 4235; x_wconf 79' lang='lat' dir='ltr'><strong>quibus</strong></span> <span class='ocrx_word' id='word_1_604' title='bbox 2397 4168 2680 4221; x_wconf 89' lang='lat' dir='ltr'><strong>hominum</strong></span> <span class='ocrx_word' id='word_1_605' title='bbox 2707 4168 2920 4221; x_wconf 84' lang='lat' dir='ltr'><strong>artibus</strong></span> <span class='ocrx_word' id='word_1_606' title='bbox 2938 4208 2953 4232; x_wconf 93' lang='lat'><strong>,</strong></span> <span class='ocrx_word' id='word_1_607' title='bbox 2978 4178 3073 4222; x_wconf 90' lang='lat' dir='ltr'><strong>aut</strong></span> <span class='ocrx_word' id='word_1_608' title='bbox 3095 4175 3298 4237; x_wconf 89' lang='lat' dir='ltr'><strong>quanta</strong></span> <span class='ocrx_word' id='word_1_609' title='bbox 3347 4185 3438 4236; x_wconf 82' lang='lat' dir='ltr'><strong>po-</strong></span> 
     </span>
    </p>
   </div>
   <div class='ocr_carea' id='block_1_89' title="bbox 1865 4257 3434 4328">
    <p class='ocr_par' dir='ltr' id='par_1_89' title="bbox 1865 4257 3434 4328">
     <span class='ocr_line' id='line_1_90' title="bbox 1865 4257 3434 4328; baseline 0.003 -19"><span class='ocrx_word' id='word_1_610' title='bbox 1865 4257 1975 4311; x_wconf 89' lang='lat' dir='ltr'><strong>tius</strong></span> <span class='ocrx_word' id='word_1_611' title='bbox 2011 4258 2264 4312; x_wconf 88' lang='lat' dir='ltr'><strong>Numinis</strong></span> <span class='ocrx_word' id='word_1_612' title='bbox 2309 4258 2652 4328; x_wconf 83' lang='lat' dir='ltr'><strong>providentia</strong></span> <span class='ocrx_word' id='word_1_613' title='bbox 2680 4267 2961 4327; x_wconf 88' lang='lat' dir='ltr'><strong>peractum</strong></span> <span class='ocrx_word' id='word_1_614' title='bbox 3005 4259 3095 4321; x_wconf 84' lang='lat' dir='ltr'><strong>sit,</strong></span> <span class='ocrx_word' id='word_1_615' title='bbox 3137 4274 3434 4327; x_wconf 77' lang='lat' dir='ltr'><strong>exponere,</strong></span> 
     </span>
    </p>
   </div>
   <div class='ocr_carea' id='block_1_90' title="bbox 1862 4346 3469 4417">
    <p class='ocr_par' dir='ltr' id='par_1_90' title="bbox 1862 4346 3469 4417">
     <span class='ocr_line' id='line_1_91' title="bbox 1862 4346 3469 4417; baseline 0.002 -17"><span class='ocrx_word' id='word_1_616' title='bbox 1862 4347 1999 4402; x_wconf 87' lang='lat' dir='ltr'><strong>nihil</strong></span> <span class='ocrx_word' id='word_1_617' title='bbox 2034 4348 2331 4401; x_wconf 87' lang='lat' dir='ltr'><strong>admodum</strong></span> <span class='ocrx_word' id='word_1_618' title='bbox 2383 4352 2599 4417; x_wconf 88' lang='lat' dir='ltr'><strong>oportet</strong></span> <span class='ocrx_word' id='word_1_619' title='bbox 2655 4346 2725 4400; x_wconf 88' lang='lat' dir='ltr'><strong>ad</strong></span> <span class='ocrx_word' id='word_1_620' title='bbox 2770 4347 3117 4411; x_wconf 87' lang='lat' dir='ltr'><strong>institutum,</strong></span> <span class='ocrx_word' id='word_1_621' title='bbox 3167 4347 3277 4401; x_wconf 91' lang='lat' dir='ltr'><strong>imo</strong></span> <span class='ocrx_word' id='word_1_622' title='bbox 3335 4346 3469 4403; x_wconf 30' lang='lat' dir='ltr'><strong>nec-</strong></span> 
     </span>
    </p>
   </div>
   <div class='ocr_carea' id='block_1_91' title="bbox 182 4436 3473 4531">
    <p class='ocr_par' dir='ltr' id='par_1_91' title="bbox 182 4436 3473 4531">
     <span class='ocr_line' id='line_1_92' title="bbox 182 4436 3473 4531; baseline 0.005 -41"><span class='ocrx_word' id='word_1_623' title='bbox 182 4455 377 4509; x_wconf 86' lang='lat' dir='ltr'><strong>nempe</strong></span> <span class='ocrx_word' id='word_1_624' title='bbox 393 4442 620 4512; x_wconf 84' lang='lat' dir='ltr'><strong>gratias,</strong></span> <span class='ocrx_word' id='word_1_625' title='bbox 663 4460 682 4492; x_wconf 75' lang='grc' dir='ltr'>ι</span> <span class='ocrx_word' id='word_1_626' title='bbox 715 4442 786 4496; x_wconf 91' lang='lat' dir='ltr'><strong>ob</strong></span> <span class='ocrx_word' id='word_1_627' title='bbox 811 4458 1002 4497; x_wconf 83' lang='lat' dir='ltr'><strong>severa</strong></span> <span class='ocrx_word' id='word_1_628' title='bbox 1041 4440 1240 4501; x_wconf 89' lang='lat' dir='ltr'><strong>medici</strong></span> <span class='ocrx_word' id='word_1_629' title='bbox 1264 4444 1524 4507; x_wconf 86' lang='lat' dir='ltr'><strong>remedia,</strong></span> <span class='ocrx_word' id='word_1_630' title='bbox 1556 4442 1757 4499; x_wconf 86' lang='lat' dir='ltr'><strong>sanita-</strong></span> <span class='ocrx_word' id='word_1_631' title='bbox 1791 4444 1831 4497; x_wconf 92' lang='lat' dir='ltr'>D</span> <span class='ocrx_word' id='word_1_632' title='bbox 1856 4451 2039 4506; x_wconf 72' lang='grc' dir='ltr'><strong>ορετεθ</strong></span> <span class='ocrx_word' id='word_1_633' title='bbox 2057 4437 2295 4506; x_wconf 67' lang='lat' dir='ltr'><strong>pretium</strong></span> <span class='ocrx_word' id='word_1_634' title='bbox 2314 4446 2416 4501; x_wconf 71' lang='lat' dir='ltr'><strong>est.</strong></span> <span class='ocrx_word' id='word_1_635' title='bbox 2442 4451 2567 4491; x_wconf 78' lang='lat' dir='ltr'><strong>cum</strong></span> <span class='ocrx_word' id='word_1_636' title='bbox 2586 4437 2754 4491; x_wconf 63' lang='lat' dir='ltr'><strong>mum</strong></span> <span class='ocrx_word' id='word_1_637' title='bbox 2772 4436 3180 4531; x_wconf 57' lang='lat' dir='ltr'><strong>ThCOdOI‘Ol‘li&quot;</strong></span> <span class='ocrx_word' id='word_1_638' title='bbox 3205 4438 3433 4531; x_wconf 49' lang='lat' dir='ltr'><strong>t—ff_0bli-</strong></span> 
     </span>
    </p>
   </div>
   <div class='ocr_carea' id='block_1_92' title="bbox 182 4533 1383 4604">
    <p class='ocr_par' dir='ltr' id='par_1_92' title="bbox 182 4533 1383 4604">
     <span class='ocr_line' id='line_1_93' title="bbox 182 4533 1383 4604; baseline 0.002 -20"><span class='ocrx_word' id='word_1_639' title='bbox 182 4537 291 4584; x_wconf 87' lang='lat' dir='ltr'><strong>tem</strong></span> <span class='ocrx_word' id='word_1_640' title='bbox 310 4547 640 4601; x_wconf 78' lang='lat' dir='ltr'><strong>agnoscens,</strong></span> <span class='ocrx_word' id='word_1_641' title='bbox 674 4548 795 4601; x_wconf 79' lang='lat' dir='ltr'><strong>qua</strong></span> <span class='ocrx_word' id='word_1_642' title='bbox 819 4533 945 4587; x_wconf 88' lang='lat' dir='ltr'><strong>inde</strong></span> <span class='ocrx_word' id='word_1_643' title='bbox 976 4534 1248 4604; x_wconf 88' lang='lat' dir='ltr'><strong>processit</strong></span> <span class='ocrx_word' id='word_1_644' title='bbox 1267 4535 1332 4589; x_wconf 82' lang='grc'><strong>⁶³.</strong></span> <span class='ocrx_word' id='word_1_645' title='bbox 1364 4555 1383 4585; x_wconf 73' lang='grc' dir='ltr'><strong>ι</strong></span> 
     </span>
    </p>
   </div>
   <div class='ocr_carea' id='block_1_93' title="bbox 250 4618 1757 4693">
    <p class='ocr_par' dir='ltr' id='par_1_93' title="bbox 250 4618 1757 4693">
     <span class='ocr_line' id='line_1_94' title="bbox 250 4618 1757 4693; baseline 0.003 -20"><span class='ocrx_word' id='word_1_646' title='bbox 250 4618 483 4684; x_wconf 76' lang='lat' dir='ltr'><strong>Exinde,</strong></span> <span class='ocrx_word' id='word_1_647' title='bbox 527 4622 725 4686; x_wconf 91' lang='lat' dir='ltr'><strong>credo,</strong></span> <span class='ocrx_word' id='word_1_648' title='bbox 787 4630 970 4681; x_wconf 77' lang='lat' dir='ltr'><strong>sancte</strong></span> <span class='ocrx_word' id='word_1_649' title='bbox 1008 4622 1175 4687; x_wconf 64' lang='lat' dir='ltr'><strong>vixit,</strong></span> <span class='ocrx_word' id='word_1_650' title='bbox 1219 4624 1436 4693; x_wconf 86' lang='lat' dir='ltr'><strong>pristini</strong></span> <span class='ocrx_word' id='word_1_651' title='bbox 1496 4622 1757 4692; x_wconf 85' lang='lat' dir='ltr'><strong>temporis</strong></span> 
     </span>
    </p>
   </div>
   <div class='ocr_carea' id='block_1_94' title="bbox 181 4707 1756 4783">
    <p class='ocr_par' dir='ltr' id='par_1_94' title="bbox 181 4707 1756 4783">
     <span class='ocr_line' id='line_1_95' title="bbox 181 4707 1756 4783; baseline 0.004 -24"><span class='ocrx_word' id='word_1_652' title='bbox 181 4707 383 4764; x_wconf 83' lang='lat' dir='ltr'><strong>damna</strong></span> <span class='ocrx_word' id='word_1_653' title='bbox 408 4709 677 4773; x_wconf 86' lang='lat' dir='ltr'><strong>sarciens,</strong></span> <span class='ocrx_word' id='word_1_654' title='bbox 700 4719 864 4780; x_wconf 88' lang='lat' dir='ltr'><strong>atque</strong></span> <span class='ocrx_word' id='word_1_655' title='bbox 890 4711 1054 4767; x_wconf 84' lang='lat' dir='ltr'><strong>etiam</strong></span> <span class='ocrx_word' id='word_1_656' title='bbox 1080 4713 1243 4776; x_wconf 90' lang='lat' dir='ltr'><strong>forte,</strong></span> <span class='ocrx_word' id='word_1_657' title='bbox 1276 4730 1399 4783; x_wconf 81' lang='lat' dir='ltr'><strong>qua</strong></span> <span class='ocrx_word' id='word_1_658' title='bbox 1427 4729 1637 4769; x_wconf 88' lang='lat' dir='ltr'><strong>summa</strong></span> <span class='ocrx_word' id='word_1_659' title='bbox 1658 4711 1756 4768; x_wconf 88' lang='lat' dir='ltr'><strong>Dei</strong></span> 
     </span>
    </p>
   </div>
   <div class='ocr_carea' id='block_1_95' title="bbox 180 4795 1289 4868">
    <p class='ocr_par' dir='ltr' id='par_1_95' title="bbox 180 4795 1289 4868">
     <span class='ocr_line' id='line_1_96' title="bbox 180 4795 1289 4868; baseline 0.007 -19"><span class='ocrx_word' id='word_1_660' title='bbox 180 4795 585 4864; x_wconf 88' lang='lat' dir='ltr'><strong>misericordia,</strong></span> <span class='ocrx_word' id='word_1_661' title='bbox 610 4799 811 4854; x_wconf 86' lang='lat' dir='ltr'><strong>meruit</strong></span> <span class='ocrx_word' id='word_1_662' title='bbox 833 4810 1053 4857; x_wconf 88' lang='lat' dir='ltr'><strong>sanctus</strong></span> <span class='ocrx_word' id='word_1_663' title='bbox 1077 4802 1207 4856; x_wconf 88' lang='lat' dir='ltr'><strong>dici.</strong></span> <span class='ocrx_word' id='word_1_664' title='bbox 1272 4856 1289 4868; x_wconf 81' lang='grc'><em>,</em></span> 
     </span>
    </p>
   </div>
   <div class='ocr_carea' id='block_1_96' title="bbox 766 4916 1165 4974">
    <p class='ocr_par' dir='ltr' id='par_1_96' title="bbox 766 4916 1165 4974">
     <span class='ocr_line' id='line_1_97' title="bbox 766 4916 1165 4974; baseline 0.005 -3"><span class='ocrx_word' id='word_1_665' title='bbox 766 4916 991 4974; x_wconf 75' lang='lat' dir='ltr'><strong>CAPUT</strong></span> <span class='ocrx_word' id='word_1_666' title='bbox 1029 4917 1165 4973; x_wconf 81' lang='lat' dir='ltr'><strong>XIV.</strong></span> 
     </span>
    </p>
   </div>
   <div class='ocr_carea' id='block_1_97' title="bbox 177 5028 1755 5100">
    <p class='ocr_par' dir='ltr' id='par_1_97' title="bbox 177 5028 1755 5100">
     <span class='ocr_line' id='line_1_98' title="bbox 177 5028 1755 5100; baseline 0.005 -18"><span class='ocrx_word' id='word_1_667' title='bbox 177 5028 221 5082; x_wconf 89' lang='grc'><strong>1.</strong></span> <span class='ocrx_word' id='word_1_668' title='bbox 255 5029 609 5099; x_wconf 71' lang='lat' dir='ltr'><strong>[inpugnetur</strong></span> <span class='ocrx_word' id='word_1_669' title='bbox 655 5040 768 5100; x_wconf 82' lang='lat' dir='ltr'><strong>post</strong></span> <span class='ocrx_word' id='word_1_670' title='bbox 818 5041 1037 5085; x_wconf 84' lang='lat' dir='ltr'><strong>mortem</strong></span> <span class='ocrx_word' id='word_1_671' title='bbox 1087 5033 1150 5086; x_wconf 86' lang='lat' dir='ltr'><strong>ab</strong></span> <span class='ocrx_word' id='word_1_672' title='bbox 1186 5033 1501 5100; x_wconf 75' lang='lat' dir='ltr'><strong>adversariis</strong></span> <span class='ocrx_word' id='word_1_673' title='bbox 1550 5036 1755 5090; x_wconf 81' lang='lat' dir='ltr'><strong>concilii</strong></span> 
     </span>
    </p>
   </div>
   <div class='ocr_carea' id='block_1_98' title="bbox 248 5094 1755 5174">
    <p class='ocr_par' dir='ltr' id='par_1_98' title="bbox 248 5094 1755 5174">
     <span class='ocr_line' id='line_1_99' title="bbox 248 5094 1755 5174; baseline 0.004 -22"><span class='ocrx_word' id='word_1_674' title='bbox 248 5094 692 5174; x_wconf 56' lang='lat' dir='ltr'><strong>Chalcisdoncnsis</strong></span> <span class='ocrx_word' id='word_1_675' title='bbox 720 5101 1112 5174; x_wconf 27' lang='lat' dir='ltr'><strong>“Eutychianis.</strong></span> <span class='ocrx_word' id='word_1_676' title='bbox 1166 5103 1229 5156; x_wconf 90' lang='lat' dir='ltr'><strong>II.</strong></span> <span class='ocrx_word' id='word_1_677' title='bbox 1285 5094 1356 5156; x_wconf 81' lang='lat' dir='ltr'><strong>Et</strong></span> <span class='ocrx_word' id='word_1_678' title='bbox 1401 5105 1608 5174; x_wconf 84' lang='lat' dir='ltr'><strong>quidem</strong></span> <span class='ocrx_word' id='word_1_679' title='bbox 1637 5122 1755 5174; x_wconf 22' lang='lat' dir='ltr'><strong>Aper</strong></span> 
     </span>
    </p>
   </div>
   <div class='ocr_carea' id='block_1_99' title="bbox 240 5169 1753 5242">
    <p class='ocr_par' dir='ltr' id='par_1_99' title="bbox 240 5169 1753 5242">
     <span class='ocr_line' id='line_1_100' title="bbox 240 5169 1753 5242; baseline 0.005 -20"><span class='ocrx_word' id='word_1_680' title='bbox 240 5169 316 5223; x_wconf 81' lang='lat'><strong>60</strong></span> <span class='ocrx_word' id='word_1_681' title='bbox 331 5186 521 5233; x_wconf 81' lang='lat' dir='ltr'><strong>annos,</strong></span> <span class='ocrx_word' id='word_1_682' title='bbox 540 5171 609 5242; x_wconf 4' lang='lat' dir='ltr'><strong>in,</strong></span> <span class='ocrx_word' id='word_1_683' title='bbox 626 5172 824 5242; x_wconf 65' lang='lat' dir='ltr'><strong>quibus</strong></span> <span class='ocrx_word' id='word_1_684' title='bbox 860 5169 1069 5242; x_wconf 71' lang='lat' dir='ltr'><strong>magnae</strong></span> <span class='ocrx_word' id='word_1_685' title='bbox 1089 5169 1476 5227; x_wconf 73' lang='lat' dir='ltr'><strong>commotiones.</strong></span> <span class='ocrx_word' id='word_1_686' title='bbox 1508 5174 1596 5228; x_wconf 88' lang='lat' dir='ltr'><strong>III.</strong></span> <span class='ocrx_word' id='word_1_687' title='bbox 1617 5169 1753 5238; x_wconf 70' lang='lat' dir='ltr'><strong>Quid</strong></span> 
     </span>
    </p>
   </div>
   <div class='ocr_carea' id='block_1_100' title="bbox 238 5239 1752 5314">
    <p class='ocr_par' dir='ltr' id='par_1_100' title="bbox 238 5239 1752 5314">
     <span class='ocr_line' id='line_1_101' title="bbox 238 5239 1752 5314; baseline 0.005 -23"><span class='ocrx_word' id='word_1_688' title='bbox 238 5248 430 5292; x_wconf 88' lang='lat' dir='ltr'><strong>contra</strong></span> <span class='ocrx_word' id='word_1_689' title='bbox 464 5239 746 5314; x_wconf 77' lang='lat' dir='ltr'><strong>concilium</strong></span> <span class='ocrx_word' id='word_1_690' title='bbox 782 5239 1097 5314; x_wconf 74' lang='lat' dir='ltr'><strong>Eutyclziani</strong></span> <span class='ocrx_word' id='word_1_691' title='bbox 1120 5242 1476 5296; x_wconf 80' lang='lat' dir='ltr'><strong>mussitarent.</strong></span> <span class='ocrx_word' id='word_1_692' title='bbox 1498 5244 1585 5299; x_wconf 81' lang='lat' dir='ltr'><strong>IV.</strong></span> <span class='ocrx_word' id='word_1_693' title='bbox 1612 5243 1752 5309; x_wconf 84' lang='lat' dir='ltr'><strong>Quid</strong></span> 
     </span>
    </p>
   </div>
   <div class='ocr_carea' id='block_1_101' title="bbox 255 5393 859 5475">
    <p class='ocr_par' dir='ltr' id='par_1_101' title="bbox 255 5393 859 5475">
     <span class='ocr_line' id='line_1_102' title="bbox 255 5393 859 5475; baseline -0.002 -27"><span class='ocrx_word' id='word_1_694' title='bbox 255 5403 288 5432; x_wconf 73' lang='grc' dir='ltr'>ἰ</span> <span class='ocrx_word' id='word_1_695' title='bbox 318 5393 464 5475; x_wconf 63' lang='grc' dir='ltr'><strong>Ιξωι.</strong></span> <span class='ocrx_word' id='word_1_696' title='bbox 501 5410 683 5457; x_wconf 78' lang='lat' dir='ltr'><strong>cxvm,</strong></span> <span class='ocrx_word' id='word_1_697' title='bbox 720 5394 807 5447; x_wconf 81' lang='lat' dir='ltr'><strong>7i.</strong></span> <span class='ocrx_word' id='word_1_698' title='bbox 856 5462 859 5465; x_wconf 94' lang='lat'><em>_</em></span> 
     </span>
    </p>
   </div>
   <div class='ocr_carea' id='block_1_102' title="bbox 1859 4526 3429 4597">
    <p class='ocr_par' dir='ltr' id='par_1_102' title="bbox 1859 4526 3429 4597">
     <span class='ocr_line' id='line_1_103' title="bbox 1859 4526 3429 4597; baseline -0.001 -17"><span class='ocrx_word' id='word_1_699' title='bbox 1859 4542 1969 4596; x_wconf 92' lang='lat' dir='ltr'><strong>quo</strong></span> <span class='ocrx_word' id='word_1_700' title='bbox 1997 4534 2207 4581; x_wconf 87' lang='lat' dir='ltr'><strong>tantum</strong></span> <span class='ocrx_word' id='word_1_701' title='bbox 2238 4536 2488 4596; x_wconf 89' lang='lat' dir='ltr'><strong>spectent</strong></span> <span class='ocrx_word' id='word_1_702' title='bbox 2508 4567 2522 4590; x_wconf 92' lang='lat'><strong>,</strong></span> <span class='ocrx_word' id='word_1_703' title='bbox 2558 4537 2614 4582; x_wconf 90' lang='lat' dir='ltr'><strong>et</strong></span> <span class='ocrx_word' id='word_1_704' title='bbox 2654 4528 2707 4581; x_wconf 91' lang='lat' dir='ltr'><strong>in</strong></span> <span class='ocrx_word' id='word_1_705' title='bbox 2730 4527 2811 4582; x_wconf 90' lang='lat' dir='ltr'><strong>eis</strong></span> <span class='ocrx_word' id='word_1_706' title='bbox 2833 4527 3170 4597; x_wconf 80' lang='lat' dir='ltr'><strong>exponendis</strong></span> <span class='ocrx_word' id='word_1_707' title='bbox 3202 4526 3429 4596; x_wconf 80' lang='lat' dir='ltr'><strong>diligen-</strong></span> 
     </span>
    </p>
   </div>
   <div class='ocr_carea' id='block_1_103' title="bbox 1861 4617 3436 4687">
    <p class='ocr_par' dir='ltr' id='par_1_103' title="bbox 1861 4617 3436 4687">
     <span class='ocr_line' id='line_1_104' title="bbox 1861 4617 3436 4687; baseline 0.001 -17"><span class='ocrx_word' id='word_1_708' title='bbox 1861 4625 1944 4671; x_wconf 87' lang='lat' dir='ltr'><strong>ter</strong></span> <span class='ocrx_word' id='word_1_709' title='bbox 1969 4617 2172 4672; x_wconf 88' lang='lat' dir='ltr'><strong>versati</strong></span> <span class='ocrx_word' id='word_1_710' title='bbox 2202 4618 2311 4672; x_wconf 87' lang='lat' dir='ltr'><strong>sint</strong></span> <span class='ocrx_word' id='word_1_711' title='bbox 2334 4617 2629 4687; x_wconf 90' lang='lat' dir='ltr'><strong>scriptorcs</strong></span> <span class='ocrx_word' id='word_1_712' title='bbox 2660 4617 2767 4672; x_wconf 86' lang='lat' dir='ltr'><strong>ﬁde</strong></span> <span class='ocrx_word' id='word_1_713' title='bbox 2791 4617 3116 4687; x_wconf 75' lang='lat' dir='ltr'><strong>dignissimi;</strong></span> <span class='ocrx_word' id='word_1_714' title='bbox 3139 4617 3303 4671; x_wconf 85' lang='lat' dir='ltr'><strong>veluti</strong></span> <span class='ocrx_word' id='word_1_715' title='bbox 3335 4618 3436 4671; x_wconf 83' lang='lat' dir='ltr'><strong>Fe-</strong></span> 
     </span>
    </p>
   </div>
   <div class='ocr_carea' id='block_1_104' title="bbox 1860 4707 3479 4773">
    <p class='ocr_par' dir='ltr' id='par_1_104' title="bbox 1860 4707 3479 4773">
     <span class='ocr_line' id='line_1_105' title="bbox 1860 4707 3479 4773; baseline 0 -11"><span class='ocrx_word' id='word_1_716' title='bbox 1860 4707 1936 4765; x_wconf 79' lang='lat' dir='ltr'><strong>lix</strong></span> <span class='ocrx_word' id='word_1_717' title='bbox 1961 4708 2222 4766; x_wconf 88' lang='lat' dir='ltr'><strong>defensor</strong></span> <span class='ocrx_word' id='word_1_718' title='bbox 2254 4710 2512 4765; x_wconf 85' lang='lat' dir='ltr'><strong>Ecclesia</strong></span> <span class='ocrx_word' id='word_1_719' title='bbox 2537 4710 2874 4773; x_wconf 77' lang='lat' dir='ltr'><strong>Romana“,</strong></span> <span class='ocrx_word' id='word_1_720' title='bbox 2902 4709 3187 4763; x_wconf 84' lang='lat' dir='ltr'><strong>Liberatus</strong></span> <span class='ocrx_word' id='word_1_721' title='bbox 3207 4708 3435 4763; x_wconf 77' lang='lat' dir='ltr'><strong>Cartha—</strong></span> <span class='ocrx_word' id='word_1_722' title='bbox 3474 4738 3479 4742; x_wconf 68' lang='grc' dir='ltr'><strong><em>ο</em></strong></span> 
     </span>
    </p>
   </div>
   <div class='ocr_carea' id='block_1_105' title="bbox 1862 4798 3477 4871">
    <p class='ocr_par' dir='ltr' id='par_1_105' title="bbox 1862 4798 3477 4871">
     <span class='ocr_line' id='line_1_106' title="bbox 1862 4798 3477 4871; baseline -0.001 -18"><span class='ocrx_word' id='word_1_723' title='bbox 1862 4798 2105 4870; x_wconf 85' lang='lat' dir='ltr'><strong>ginensis</strong></span> <span class='ocrx_word' id='word_1_724' title='bbox 2150 4799 2417 4854; x_wconf 88' lang='lat' dir='ltr'><strong>diaconus</strong></span> <span class='ocrx_word' id='word_1_725' title='bbox 2438 4799 2504 4865; x_wconf 80' lang='grc'><strong>⁸⁸,</strong></span> <span class='ocrx_word' id='word_1_726' title='bbox 2541 4799 2807 4854; x_wconf 90' lang='lat' dir='ltr'><strong>Leontius</strong></span> <span class='ocrx_word' id='word_1_727' title='bbox 2840 4798 3169 4871; x_wconf 81' lang='lat' dir='ltr'><strong>Byzantinus</strong></span> <span class='ocrx_word' id='word_1_728' title='bbox 3187 4800 3252 4864; x_wconf 69' lang='grc' dir='ltr'><strong>σθ,</strong></span> <span class='ocrx_word' id='word_1_729' title='bbox 3285 4799 3426 4852; x_wconf 85' lang='lat' dir='ltr'><strong>Eva-</strong></span> <span class='ocrx_word' id='word_1_730' title='bbox 3468 4802 3477 4809; x_wconf 85' lang='grc'><em>’</em></span> 
     </span>
    </p>
   </div>
   <div class='ocr_carea' id='block_1_106' title="bbox 1862 4890 3343 4959">
    <p class='ocr_par' dir='ltr' id='par_1_106' title="bbox 1862 4890 3343 4959">
     <span class='ocr_line' id='line_1_107' title="bbox 1862 4890 3343 4959; baseline 0.004 -17"><span class='ocrx_word' id='word_1_731' title='bbox 1862 4890 2015 4959; x_wconf 86' lang='lat' dir='ltr'><strong>grius</strong></span> <span class='ocrx_word' id='word_1_732' title='bbox 2029 4890 2098 4954; x_wconf 76' lang='grc'><strong>⁸⁷,</strong></span> <span class='ocrx_word' id='word_1_733' title='bbox 2132 4898 2187 4945; x_wconf 86' lang='lat' dir='ltr'><strong>et</strong></span> <span class='ocrx_word' id='word_1_734' title='bbox 2216 4891 2329 4945; x_wconf 87' lang='lat' dir='ltr'><strong>alii.</strong></span> <span class='ocrx_word' id='word_1_735' title='bbox 3340 4902 3343 4911; x_wconf 79' lang='lat'><strong><em>&#39;</em></strong></span> 
     </span>
    </p>
   </div>
   <div class='ocr_carea' id='block_1_107' title="bbox 1930 4978 3431 5053">
    <p class='ocr_par' dir='ltr' id='par_1_107' title="bbox 1930 4978 3431 5053">
     <span class='ocr_line' id='line_1_108' title="bbox 1930 4978 3431 5053; baseline -0.004 -16"><span class='ocrx_word' id='word_1_736' title='bbox 1930 4980 2326 5037; x_wconf 85' lang='lat' dir='ltr'><strong>Pratermissis</strong></span> <span class='ocrx_word' id='word_1_737' title='bbox 2384 4982 2552 5053; x_wconf 88' lang='lat' dir='ltr'><strong>igitur</strong></span> <span class='ocrx_word' id='word_1_738' title='bbox 2608 4980 2883 5050; x_wconf 89' lang='lat' dir='ltr'><strong>pluribus,</strong></span> <span class='ocrx_word' id='word_1_739' title='bbox 2941 4978 3247 5050; x_wconf 89' lang='lat' dir='ltr'><strong>cujusmodi</strong></span> <span class='ocrx_word' id='word_1_740' title='bbox 3302 4984 3431 5032; x_wconf 86' lang='lat' dir='ltr'><strong>sunt</strong></span> 
     </span>
    </p>
   </div>
   <div class='ocr_carea' id='block_1_108' title="bbox 1858 5067 3426 5127">
    <p class='ocr_par' dir='ltr' id='par_1_108' title="bbox 1858 5067 3426 5127">
     <span class='ocr_line' id='line_1_109' title="bbox 1858 5067 3426 5127; baseline -0.003 -4"><span class='ocrx_word' id='word_1_741' title='bbox 1858 5070 2118 5127; x_wconf 84' lang='lat' dir='ltr'><strong>Ecclesia</strong></span> <span class='ocrx_word' id='word_1_742' title='bbox 2158 5073 2538 5127; x_wconf 79' lang='lat' dir='ltr'><strong>Alexandrina</strong></span> <span class='ocrx_word' id='word_1_743' title='bbox 2586 5072 2904 5125; x_wconf 88' lang='lat' dir='ltr'><strong>intestinum</strong></span> <span class='ocrx_word' id='word_1_744' title='bbox 2931 5080 3150 5125; x_wconf 90' lang='lat' dir='ltr'><strong>centum</strong></span> <span class='ocrx_word' id='word_1_745' title='bbox 3186 5067 3300 5122; x_wconf 89' lang='lat' dir='ltr'><strong>fere</strong></span> <span class='ocrx_word' id='word_1_746' title='bbox 3327 5082 3426 5120; x_wconf 85' lang='lat' dir='ltr'><strong>an-</strong></span> 
     </span>
    </p>
   </div>
   <div class='ocr_carea' id='block_1_109' title="bbox 1856 5158 3428 5227">
    <p class='ocr_par' dir='ltr' id='par_1_109' title="bbox 1856 5158 3428 5227">
     <span class='ocr_line' id='line_1_110' title="bbox 1856 5158 3428 5227; baseline -0.003 -13"><span class='ocrx_word' id='word_1_747' title='bbox 1856 5176 2052 5216; x_wconf 90' lang='lat' dir='ltr'><strong>norum</strong></span> <span class='ocrx_word' id='word_1_748' title='bbox 2074 5163 2346 5227; x_wconf 87' lang='lat' dir='ltr'><strong>duellum;</strong></span> <span class='ocrx_word' id='word_1_749' title='bbox 2375 5164 2637 5219; x_wconf 78' lang='lat' dir='ltr'><strong>discessio</strong></span> <span class='ocrx_word' id='word_1_750' title='bbox 2664 5162 2831 5217; x_wconf 90' lang='lat' dir='ltr'><strong>totius</strong></span> <span class='ocrx_word' id='word_1_751' title='bbox 2860 5160 3119 5216; x_wconf 86' lang='lat' dir='ltr'><strong>Ecclesia</strong></span> <span class='ocrx_word' id='word_1_752' title='bbox 3133 5158 3428 5214; x_wconf 81' lang='lat' dir='ltr'><strong>Orientalis</strong></span> 
     </span>
    </p>
   </div>
   <div class='ocr_carea' id='block_1_110' title="bbox 1859 5247 3431 5322">
    <p class='ocr_par' dir='ltr' id='par_1_110' title="bbox 1859 5247 3431 5322">
     <span class='ocr_line' id='line_1_111' title="bbox 1859 5247 3431 5322; baseline -0.001 -20"><span class='ocrx_word' id='word_1_753' title='bbox 1859 5263 1890 5302; x_wconf 90' lang='lat' dir='ltr'><strong>a</strong></span> <span class='ocrx_word' id='word_1_754' title='bbox 1918 5249 2181 5317; x_wconf 77' lang='lat' dir='ltr'><strong>Romana,</strong></span> <span class='ocrx_word' id='word_1_755' title='bbox 2213 5261 2438 5321; x_wconf 90' lang='lat' dir='ltr'><strong>propter</strong></span> <span class='ocrx_word' id='word_1_756' title='bbox 2472 5251 2880 5322; x_wconf 87' lang='lat' dir='ltr'><strong>improbitatem</strong></span> <span class='ocrx_word' id='word_1_757' title='bbox 2919 5250 3138 5316; x_wconf 86' lang='lat' dir='ltr'><strong>Acacii;</strong></span> <span class='ocrx_word' id='word_1_758' title='bbox 3178 5247 3431 5304; x_wconf 71' lang='lat' dir='ltr'><strong>Basilisci</strong></span> 
     </span>
    </p>
   </div>
   <div class='ocr_carea' id='block_1_111' title="bbox 1514 5512 2097 5579">
    <p class='ocr_par' dir='ltr' id='par_1_111' title="bbox 1514 5512 2097 5579">
     <span class='ocr_line' id='line_1_112' title="bbox 1514 5512 2097 5579; baseline -0.003 -9"><span class='ocrx_word' id='word_1_759' title='bbox 1514 5512 1830 5570; x_wconf 64' lang='lat' dir='ltr'><strong>SCHELZII</strong></span> <span class='ocrx_word' id='word_1_760' title='bbox 1870 5513 2097 5579; x_wconf 67' lang='grc' dir='ltr'><strong>ΝΟΤΑΒ.</strong></span> 
     </span>
    </p>
   </div>
   <div class='ocr_carea' id='block_1_112' title="bbox 248 5662 2775 5737">
    <p class='ocr_par' dir='ltr' id='par_1_112' title="bbox 248 5662 2775 5737">
     <span class='ocr_line' id='line_1_113' title="bbox 248 5662 2775 5737; baseline 0 -17"><span class='ocrx_word' id='word_1_761' title='bbox 248 5666 301 5704; x_wconf 67' lang='grc' dir='ltr'><strong>ε’</strong></span> <span class='ocrx_word' id='word_1_762' title='bbox 321 5666 443 5721; x_wconf 72' lang='lat' dir='ltr'><strong>Vid.</strong></span> <span class='ocrx_word' id='word_1_763' title='bbox 476 5666 652 5736; x_wconf 74' lang='lat' dir='ltr'><strong>Epist.</strong></span> <span class='ocrx_word' id='word_1_764' title='bbox 672 5665 712 5718; x_wconf 80' lang='lat' dir='ltr'><strong>-I</strong></span> <span class='ocrx_word' id='word_1_765' title='bbox 732 5664 794 5737; x_wconf 51' lang='lat'><strong>[3</strong></span> <span class='ocrx_word' id='word_1_766' title='bbox 824 5672 895 5737; x_wconf 7' lang='lat' dir='ltr'><strong>et,</strong></span> <span class='ocrx_word' id='word_1_767' title='bbox 921 5665 1040 5720; x_wconf 75' lang='lat'><strong>“6.</strong></span> <span class='ocrx_word' id='word_1_768' title='bbox 1113 5669 1159 5700; x_wconf 78' lang='lat'><strong>”</strong></span> <span class='ocrx_word' id='word_1_769' title='bbox 1183 5667 1357 5723; x_wconf 82' lang='lat' dir='ltr'><strong>Verba</strong></span> <span class='ocrx_word' id='word_1_770' title='bbox 1391 5679 1519 5724; x_wconf 84' lang='lat' dir='ltr'><strong>sunt</strong></span> <span class='ocrx_word' id='word_1_771' title='bbox 1574 5668 1783 5725; x_wconf 91' lang='lat' dir='ltr'><strong>Theod.</strong></span> <span class='ocrx_word' id='word_1_772' title='bbox 1819 5668 1889 5723; x_wconf 85' lang='lat' dir='ltr'><strong>ad</strong></span> <span class='ocrx_word' id='word_1_773' title='bbox 1916 5669 2063 5724; x_wconf 91' lang='lat' dir='ltr'><strong>hunc</strong></span> <span class='ocrx_word' id='word_1_774' title='bbox 2117 5669 2318 5724; x_wconf 81' lang='lat' dir='ltr'><strong>locum.</strong></span> <span class='ocrx_word' id='word_1_775' title='bbox 2380 5662 2505 5723; x_wconf 62' lang='lat' dir='ltr'><strong>V&#39;id.</strong></span> <span class='ocrx_word' id='word_1_776' title='bbox 2530 5676 2607 5735; x_wconf 66' lang='lat' dir='ltr'><strong>t.’</strong></span> <span class='ocrx_word' id='word_1_777' title='bbox 2633 5668 2674 5730; x_wconf 89' lang='lat' dir='ltr'><strong>I,</strong></span> <span class='ocrx_word' id='word_1_778' title='bbox 2719 5683 2775 5737; x_wconf 68' lang='lat' dir='ltr'><strong>p.</strong></span> 
     </span>
    </p>
   </div>
   <div class='ocr_carea' id='block_1_113' title="bbox 676 5735 2860 5809">
    <p class='ocr_par' dir='ltr' id='par_1_113' title="bbox 676 5735 2860 5809">
     <span class='ocr_line' id='line_1_114' title="bbox 676 5735 2860 5809; baseline 0.002 -22"><span class='ocrx_word' id='word_1_779' title='bbox 676 5737 721 5767; x_wconf 73' lang='grc'>⁵⁵</span> <span class='ocrx_word' id='word_1_780' title='bbox 747 5735 982 5788; x_wconf 86' lang='lat' dir='ltr'><strong>Breviar.</strong></span> <span class='ocrx_word' id='word_1_781' title='bbox 1019 5737 1239 5791; x_wconf 84' lang='lat' dir='ltr'><strong>harcsis</strong></span> <span class='ocrx_word' id='word_1_782' title='bbox 1269 5737 1575 5792; x_wconf 83' lang='lat' dir='ltr'><strong>Nestorian.</strong></span> <span class='ocrx_word' id='word_1_783' title='bbox 1652 5740 1696 5771; x_wconf 72' lang='grc'>⁸⁸</span> <span class='ocrx_word' id='word_1_784' title='bbox 1730 5738 1849 5792; x_wconf 85' lang='lat' dir='ltr'><strong>Lib.</strong></span> <span class='ocrx_word' id='word_1_785' title='bbox 1884 5738 1958 5791; x_wconf 89' lang='lat' dir='ltr'><strong>De</strong></span> <span class='ocrx_word' id='word_1_786' title='bbox 1976 5742 2145 5793; x_wconf 82' lang='lat' dir='ltr'><strong>sectis.</strong></span> <span class='ocrx_word' id='word_1_787' title='bbox 2221 5740 2264 5771; x_wconf 76' lang='lat'><strong>&quot;</strong></span> <span class='ocrx_word' id='word_1_788' title='bbox 2298 5739 2435 5793; x_wconf 82' lang='lat' dir='ltr'><strong>Hist.</strong></span> <span class='ocrx_word' id='word_1_789' title='bbox 2469 5738 2566 5793; x_wconf 89' lang='lat' dir='ltr'><strong>lib.</strong></span> <span class='ocrx_word' id='word_1_790' title='bbox 2599 5754 2634 5792; x_wconf 90' lang='lat' dir='ltr'><strong>n</strong></span> <span class='ocrx_word' id='word_1_791' title='bbox 2668 5735 2860 5809; x_wconf 47' lang='lat' dir='ltr'><strong>ct&#39;s&#39;eq.</strong></span> 
     </span>
    </p>
   </div>
   <div class='ocr_carea' id='block_1_114' title="bbox 175 5733 598 5807">
    <p class='ocr_par' dir='ltr' id='par_1_114' title="bbox 175 5733 598 5807">
     <span class='ocr_line' id='line_1_115' title="bbox 175 5733 598 5807; baseline -0.002 -17"><span class='ocrx_word' id='word_1_792' title='bbox 175 5733 318 5790; x_wconf 72' lang='lat' dir='ltr'><strong>Hist.</strong></span> <span class='ocrx_word' id='word_1_793' title='bbox 362 5733 598 5807; x_wconf 75' lang='lat' dir='ltr'><strong>Eutych.</strong></span> 
     </span>
    </p>
   </div>
   <div class='ocr_carea' id='block_1_115' title="bbox 2719 5648 3411 5738">
    <p class='ocr_par' dir='ltr' id='par_1_115' title="bbox 2719 5648 3411 5738">
     <span class='ocr_line' id='line_1_116' title="bbox 2719 5648 3411 5738; baseline 0.014 -18"><span class='ocrx_word' id='word_1_794' title='bbox 2719 5683 2775 5738; x_wconf 67' lang='lat' dir='ltr'><strong>p.</strong></span> <span class='ocrx_word' id='word_1_795' title='bbox 2827 5652 2984 5725; x_wconf 53' lang='lat'><strong>“57.</strong></span> <span class='ocrx_word' id='word_1_796' title='bbox 3066 5662 3123 5703; x_wconf 61' lang='grc'><strong>’⁸⁸</strong></span> <span class='ocrx_word' id='word_1_797' title='bbox 3145 5648 3411 5730; x_wconf 71' lang='lat' dir='ltr'><strong>Breviciil.</strong></span> 
     </span>
    </p>
   </div>
  </div>
