3954 6294
467 307 569 370 1ὓὲ

465 422 711 493 tyrannis
741 423 1061 493 religionem
1093 421 1393 484 ementita;
1433 419 1758 474 llenoticum
1800 421 2034 475 Zenonis
2067 435 2104 486 Α

465 516 864 572 discordiarum
919 514 1288 576 incentivum;
1338 510 1658 580 patriarcha:
1709 514 1893 582 plures
1936 528 2034 582 pro

466 611 694 664 libidine
721 610 1028 678 principum
1065 609 1296 662 subinde
1326 615 1340 629 ‘
1369 609 1629 678 depositi;
1665 611 1879 664 feminae
1901 621 2033 671 tres,

468 701 725 762 Ariadna,
756 700 990 753 Zenonis
1019 709 1073 753 et
1108 699 1412 763 Theodoro,
1446 701 1760 755 uxoriorum
1802 703 2032 770 impera-

471 801 648 846 torum
681 791 992 861 agitatrices
1039 793 1192 860 quasi
1247 791 1435 857 furiae;
1469 792 1896 861 Origenistarum
1924 808 2039 846 mo-

470 883 770 936 nacliorum
801 882 1066 935 tumultus
1095 882 1148 934 in
1171 883 1477 943 Palaestina,
1502 892 1610 936 etc.
1638 883 1774 944 :his,
1794 885 2033 951 inquam,

471 977 873 1045 praetermissis,
911 978 1168 1046 prosequi
1203 987 1438 1046 oportet,
1471 994 1592 1047 quae
1621 988 1748 1032 sunt
1782 978 2035 1032 Theodo-

471 1067 699 1120 reti2et
749 1067 880 1120 illud
935 1066 1226 1136 imprimis,
1259 1068 1404 1136 quod
1460 1079 1620 1122 antea
1661 1067 1866 1122 dictum
1931 1076 2034 1131 est,

471 1173 633 1226 quam
658 1167 805 1214 arcte
845 1160 1135 1228 conjuncta
1159 1160 1332 1228 ipsius
1363 1168 1417 1212 et
1437 1169 1640 1214 sanctae
1661 1159 1850 1230 synodi
1877 1174 2037 1214 causa

471 1249 809 1318 populariter
835 1251 1043 1304 credita
1082 1252 1172 1304 sit.

542 1339 628 1394 Ill.
667 1339 769 1405 Qui
813 1349 996 1410 partes
1038 1342 1301 1411 Eutycbis
1342 1342 1730 1410 sequebantur,
1778 1342 2041 1398 adversus

469 1429 911 1485 Chalcedonense
925 1431 1215 1486 concilium
1236 1433 1404 1485 multa
1431 1432 1780 1502 objiciebant,
1809 1433 1903 1487 sed
1929 1432 2040 1486 duo

471 1523 726 1585 maxime,
757 1523 893 1576 clam
935 1539 1126 1584 unum,
1153 1523 1329 1592 palam
1373 1523 1637 1588 alterum;
1668 1525 1828 1578 ambo
1856 1540 1954 1593 per
1981 1540 2039 1579 se

474 1612 693 1682 quidem
721 1612 1011 1672 levissima,
1045 1613 1224 1682 gravis
1257 1622 1434 1666 tamen
1461 1614 1721 1668 momenti
1747 1615 1892 1684 apud
1925 1617 2042 1669 vul-

473 1719 572 1774 gus
611 1703 760 1758 falsis
786 1703 1140 1771 opinionibus
1167 1713 1514 1773 occupatum.

1587 305 1962 363 GARNERII
2001 302 2494 364 DISSERTATIO
2532 303 2582 361 Ι.

3608 301 3704 366 flii

2207 421 2293 475 IV.
2328 421 2454 474 llaec
2476 429 2527 474 et
2551 417 2654 472 alia
2679 418 2817 472 clam
2847 417 2947 480 illi,
2974 418 3148 486 palam
3174 433 3304 472 vero
3332 419 3696 486 querebantur

2139 512 2261 565 tria.
2318 512 2580 575 Primum,
2643 523 2752 562 non
2794 516 3006 563 tantum
3057 508 3338 562 restitutos
3402 524 3433 562 a
3496 513 3704 580 synodo

2137 600 2542 655 Theodoretum
2587 609 2642 653 et
2705 599 2855 653 ibam
2913 597 3096 668 Cyrilli
3143 598 3568 653 criminatores:
3609 601 3702 654 sed

2135 692 2301 745 etiam
2350 691 2571 760 scripta,
2597 690 2798 758 quibus
2836 697 3059 743 sanctus
3091 689 3218 743 ﬁdei
3257 689 3512 745 defensor
3541 707 3706 746 accu-

2138 784 2364 838 sabatur
2402 783 2648 846 haeresis,
2681 783 2878 852 partim
2910 782 3095 846 tacite,
3138 784 3336 851 partim
3389 792 3576 851 aperte
3606 799 3704 852 ap-

2136 875 2364 943 probata
2396 889 2539 928 esse.
2583 873 2850 936 Alterum,
2897 871 3206 924 damnatam
3247 870 3416 925 fuisse
3446 872 3706 942 Eutychis

2138 967 2486 1029 sententiam,
2550 965 2823 1020 laudatam
2897 963 3256 1018 Orientalium
3318 964 3513 1028 ﬁdem;
3579 981 3706 1018 cum

2141 1065 2321 1110 tamen
2369 1073 2473 1111 nec
2523 1056 2614 1110 illa
2668 1072 2696 1110 a
2745 1055 3035 1110 duodecim
3066 1055 3338 1124 capitulis,
3372 1070 3475 1109 nec
3531 1055 3634 1109 ista
3675 1069 3706 1108 a

2137 1148 2375 1201 Nestorii
2425 1147 2683 1216 opinione
2729 1146 2993 1200 differret.
3025 1147 3390 1210 Postremum,
3421 1145 3705 1218 Cyrillum,

2137 1236 2238 1288 etsi
2272 1236 2454 1290 verbis
2492 1235 2808 1291 honoriﬁcis
2835 1235 3140 1304 appelletur
3170 1235 3226 1288 in
3265 1235 3493 1305 synodo,
3529 1235 3710 1303 reipsa

2142 1334 2322 1381 tamen
2345 1327 2518 1396 rejici,
2544 1327 2913 1397 pietatemque
2937 1327 2995 1380 in
3025 1341 3092 1380 eo
3122 1327 3444 1381 catholicam
3471 1327 3712 1396 proscri-

2141 1416 2230 1482 bi;
2266 1417 2707 1486 quandoquidem
2733 1418 2964 1472 duarum
2988 1415 3190 1471 Christi
3223 1427 3546 1472 naturarum
3579 1432 3707 1486 pro-

2141 1515 2470 1575 pugnatores
2504 1506 2954 1569 restituebantur,
2992 1503 3314 1559 defensores
3357 1504 3523 1558 unius
3569 1505 3709 1576 deji-

2140 1597 2447 1652 ciebantur.

2219 1691 2277 1743 ν.
2305 1691 2494 1745 lstbtec
2529 1697 2951 1758 quantacunque
2979 1689 3085 1744 fuit
3113 1689 3356 1760 querela,
3389 1704 3497 1742 non
3528 1688 3710 1742 minus

543 1794 694 1849 Clam
729 1795 1110 1858 mussitabant,
1157 1810 1266 1849 non
1314 1811 1433 1849 esse
1467 1805 1715 1849 coactum
1749 1795 1844 1848 Dei
1883 1807 2040 1861 nutu,
2076 1777 2114 1830 Β
2144 1783 2380 1837 habebat
2405 1781 2714 1845 calumnia:
2743 1795 2906 1848 quam
2931 1780 3150 1834 ίιὶνίάίω
3179 1799 3192 1834 ε
3217 1781 3496 1834 nitebat“?
3529 1789 3710 1834 “lmen

473 1885 569 1941 sed
591 1887 705 1940 sola
733 1885 896 1939 unius
929 1885 1145 1939 feminae
1190 1886 1376 1940 ulcisci
1423 1885 1732 1954 appetentis
1771 1885 2042 1956 impoten-

473 1977 545 2041 tia
574 1995 588 2029 :
616 1977 944 2030 Marcianum
980 1975 1236 2044 Augustae
1271 1976 1422 2029 uxori
1460 1976 1778 2050 famttlatpm
1811 1992 1955 2053 esse,
1983 1987 2045 2032 ut

471 2068 581 2122 dati
627 2067 838 2137 imperii
872 2066 1198 2122 beneﬁcium
1235 2068 1520 2132 redderet;
1558 2068 1894 2123 Pulcheriam
1920 2085 2041 2122 mu-

471 2157 626 2211 liebri
658 2157 938 2212 iracundia
976 2159 1142 2212 ultam
1202 2159 1364 2212 amici
1401 2161 1482 2213 sui
1521 2159 1758 2214 Flaviani
1795 2161 2041 2229 injurias,

470 2259 526 2302 et
550 2248 749 2318 proditi
777 2249 838 2303 de
863 2248 1164 2303 ordinanda
1189 2250 1495 2304 diaconissa
1526 2250 1827 2319 imperialis
1845 2254 2042 2308 secreti

471 2337 644 2392 vicem
683 2336 1019 2404 rependisse,
1075 2345 1131 2390 ut
1179 2347 1556 2406 recuperatam
1599 2339 1911 2394 dominandi
1947 2357 2045 2409 po-

473 2434 726 2483 testatem
767 2434 1106 2490 ostentaret,
1167 2426 1358 2481 fratris
1415 2429 1564 2497 jussa
1608 2429 1775 2498 jussis
1823 2441 2042 2486 contra-

472 2515 592 2580 riis,
635 2513 776 2568 facta
835 2512 994 2566 factis
1055 2513 1362 2569 rescidisse.
1419 2516 1638 2579 Indixit,
1700 2518 2040 2587 inquiebant,

472 2603 820 2658 Theodosius
865 2602 1159 2656 concilium
1197 2603 1424 2657 sororiae
1465 2606 1744 2659 servitutis
1776 2607 1954 2673 liber;
1989 2618 2045 2662 et

470 2708 599 2749 ecce
623 2693 931 2756 Pulcheria,
959 2693 1131 2747 fratre
1153 2694 1242 2746 vix
1273 2694 1553 2755 defuncto,
1583 2696 1728 2749 aliud
1747 2698 1913 2766 cogit,
1935 2715 2044 2767 quo

475 2782 625 2852 prius
655 2783 807 2837 velut
830 2782 1177 2836 latrocinium
1197 2783 1594 2852 proscribatur.
1617 2785 1834 2838 Miserat
1863 2787 2042 2840 Theo-

472 2871 660 2927 dosius
703 2873 770 2926 ad
816 2873 1111 2928 concilium
1152 2873 1462 2942 cognitores
1498 2874 1655 2939 duos,
1705 2891 1938 2944 quorum
1978 2877 2042 2930 li-

473 2963 596 3019 dem
630 2973 886 3033 expertus
911 2971 1048 3025 erat,
1072 2963 1347 3032 Elpidium
1377 2965 1654 3028 comitem,
1679 2975 1733 3018 et
1755 2967 2042 3036 Eulogium

473 3055 793 3120 tribunum;
823 3055 944 3110 illos
983 3055 1166 3109 statim
1202 3056 1488 3110 Pulcheria
1515 3057 1568 3110 in
1599 3058 1846 3111 ordinem
1883 3059 2042 3112 reda-

471 3156 591 3202 ctos
612 3147 773 3217 ejecit
803 3147 946 3200 aula.
985 3145 1358 3214 Chrysaphius
1398 3162 1511 3200 rem
1560 3149 1777 3202 concilii
1821 3166 2039 3218 promo-

472 3245 648 3302 verat,
686 3237 799 3290 imo
841 3243 896 3290 et
945 3235 1260 3304 publicam;
1302 3251 1404 3288 suo
1437 3237 1700 3306 sanguine
1741 3241 2049 3307 parentavit

473 3326 769 3381 Theodosii
808 3326 1084 3380 manibus.
1118 3327 1363 3382 Iusserat
1386 3327 1728 3385 Theodosius
1757 3333 2046 3401 prmsidere

476 3417 718 3471 Flaviani
759 3417 971 3486 judicio
1010 3417 1332 3471 Dioscorum
1361 3434 1485 3472 cum
1521 3420 1780 3474 Juvenale
1810 3434 1864 3474 et
1906 3422 2047 3475 Tha-

475 3507 660 3571 lassio,
712 3509 910 3578 spretis
967 3508 1227 3563 Ecclesia:
1293 3510 1552 3565 Romana;
1605 3514 1822 3582 legatis;
1874 3515 2048 3568 voluit

475 3598 765 3652 Pulche‘ria
795 3599 1000 3668 legatos
1033 3598 1179 3652 sedis
1219 3601 1528 3669 apostolicae
1562 3618 1792 3671 praeesse
1817 3606 2045 3674 judicio,

475 3687 622 3757 quod
667 3687 734 3742 de
790 3687 1069 3752 Dioscoro,
1104 3689 1364 3744 Juvenale
1394 3697 1450 3745 et
1499 3691 1781 3747 Thalassio
1834 3694 2044 3748 institui

471 3776 653 3846 jussit.
709 3777 1044 3830 Firmaverat
1079 3777 1418 3833 Theodosius
1463 3779 1658 3834 edictis
1701 3783 1917 3836 concilii
1962 3784 2044 3837 sui

477 3868 842 3934 sententiam;
897 3867 1076 3922 edicta
1129 3868 1328 3923 edictis
1372 3871 1532 3939 212
1583 3873 1874 3926 contrariis
1917 3874 2045 3927 Pul-

476 3956 662 4010 cheria
683 3957 984 4028 abrogavit.
1011 3958 1210 4028 Ephesi
1238 3960 1522 4015 absolutus
1544 3961 1721 4014 fuerat
1743 3963 2042 4032 Eutychos;

474 4047 819 4104 Chalcedone
898 4048 1208 4105 damnatur.
1274 4051 1476 4120 Ephesi
1543 4051 1851 4115 Flavianus,
1921 4068 2044 4106 cum

477 4136 650 4206 iniqui
679 4137 892 4207 judicii,
919 4147 1033 4192 tum
1062 4139 1289 4196 haeresis
1327 4156 1357 4194 a
1389 4142 1655 4195 Dioscoro
1683 4141 2047 4198 damnationis

475 4230 799 4283 sententiam
850 4231 1082 4298 tulerat;
1109 4233 1358 4287 eamdem
1395 4233 1587 4287 iisdem
1625 4233 1692 4287 de
1737 4236 1917 4290 causis
1949 4253 2044 4305 pa-

478 4318 608 4372 titur
636 4318 982 4376 Chalcedone
1009 4324 1324 4377 Dioscorus.
1358 4323 1772 4378 Damnationem
1805 4326 2044 4380 Flaviani

475 4423 764 4466 consecuta
787 4423 904 4469 erat
939 4414 1190 4485 dejectio,
1219 4416 1529 4486 deportatio
1553 4425 1606 4472 et
1641 4432 1792 4472 mors
1815 4436 1829 4483 ;
1857 4419 2046 4489 dejici-

475 4509 565 4554 tur
591 4502 905 4569 Dioscorus,
953 4506 1196 4576 Gangras
1234 4509 1289 4559 in
1321 4507 1574 4560 exsilium
1617 4511 1847 4578 rapitur,
1892 4526 2046 4566 exse-
2078 4502 2098 4523 ”

473 4601 658 4648 cratus
682 4594 955 4664 Eutyches
981 4611 1047 4649 eo
1076 4595 1315 4665 ejicitur,
1351 4611 1460 4664 quo
1485 4613 1647 4652 nemo
1675 4600 1843 4653 novit.
1873 4600 2043 4672 Chry-

473 4682 697 4751 saphins
737 4685 1003 4755 obsequio
1048 4694 1327 4740 meruerat
1366 4686 1435 4740 ab
1468 4687 1801 4756 imperatore
1852 4692 2039 4763 diligi;

472 4781 609 4828 nutu
651 4776 951 4831 Pulcherite
983 4776 1276 4831 occiditur.
1310 4776 1629 4832 Prohibitus
1661 4779 1838 4835 fuerat
1869 4783 2046 4838 Theo-

471 4864 696 4920 doretus
749 4866 940 4920 adesse
985 4866 1193 4934 synodo
1251 4867 1561 4936 Ephesime,
1599 4870 1669 4923 ob
1711 4872 1946 4941 scriptos
1988 4877 2042 4929 in

468 4954 730 5028 Cyrillum
761 4955 1033 5025 ﬁdemque
1065 4957 1264 5023 libros;
1304 4959 1492 5028 jussus
1520 4969 1603 5014 est
1645 4962 1835 5017 adesse
1883 4964 2045 5020 Chal—

469 5045 787 5109 cedonensi,
817 5055 872 5099 et
901 5045 1041 5102 inter
1071 5049 1260 5103 Patres
1283 5048 1590 5114 considere,
1617 5052 1780 5105 etiam
1814 5061 1937 5108 ante
1963 5054 2046 5108 di-

465 5137 766 5208 judicatam
793 5150 1034 5199 causam,
1072 5139 1235 5192 etiam
1294 5140 1652 5195 irretractatis
1695 5143 1868 5207 libris,
1909 5161 2045 5213 quos

471 5224 709 5283 siluisse.
761 5227 1094 5295 approbasse
1145 5228 1267 5282 fuit.
1329 5230 1585 5284 Ecclesir
1636 5233 1913 5302 Berytensi
1957 5237 2046 5304 jus

472 5317 788 5386 metropolis
847 5319 1116 5373 tribuerat
1164 5321 1505 5375 Theodosius
1547 5342 1560 5388 ;
1601 5325 1885 5395 abrogavit
1943 5344 2039 5395 per

471 5405 738 5476 synodum
767 5425 918 5463 suam
940 5411 1260 5472 Pulcheria.

2145 1872 2474 1928 Theodoreti
2504 1871 2792 1926 sententia.
2817 1871 3108 1926 Asserebat
3127 1872 3218 1926 ille
3239 1873 3284 1904 ⁸⁸
3311 1872 3558 1925 eamdem
3590 1886 3712 1926 esse

2143 1964 2526 2029 Orientalium,
2549 1978 2670 2032 qum
2703 1962 2962 2028 Nestorii,
2995 1962 3425 2028 confessionem;
3461 1963 3712 2018 eamdem

2142 2055 2349 2124 pariter
2373 2053 2583 2124 Cyrilli,
2612 2069 2736 2108 cum
2773 2069 2872 2122 pax
2898 2053 3034 2108 inita
3050 2062 3152 2118 est,
3184 2069 3306 2122 quae
3326 2052 3709 2117 Orientalium,

2145 2143 2306 2198 ﬁdem
2354 2160 2367 2197 :
2409 2153 2573 2213 atque
2632 2144 2706 2196 ita
2767 2143 3006 2212 jactabat
3059 2142 3341 2213 Cyrillum,
3400 2151 3530 2198 tunc
3585 2159 3714 2198 cum

2143 2235 2501 2290 Orientalium
2543 2233 2702 2290 ﬁdem
2762 2236 3051 2304 reciperet,
3100 2251 3386 2290 revocasse
3426 2252 3548 2306 quae
3585 2245 3714 2292 ante

2144 2326 2407 2381 docuerat
2437 2328 2492 2381 in
2524 2326 2814 2396 capitibus.
2842 2327 3107 2391 Addebat,
3137 2327 3314 2396 ipsum
3343 2329 3398 2382 in
3440 2330 3716 2399 capitibus

2144 2419 2292 2473 aliud
2323 2435 2602 2488 nunquam
2634 2419 2906 2483 docuisse,
2940 2435 3102 2488 quam
3134 2420 3279 2489 quod
3313 2429 3407 2474 aut
3430 2420 3716 2489 Apollina-

2145 2510 2260 2564 rius
2288 2511 2438 2575 olim,
2475 2520 2571 2565 aut
2623 2520 2753 2566 tunc
2797 2512 3089 2582 Eutyches.
3141 2513 3430 2568 Nitebatur
3459 2514 3503 2545 θ’
3543 2513 3714 2566 etiam

2144 2599 2365 2668 querela
2391 2599 2508 2654 haec
2540 2601 2817 2654 communi
2845 2601 3088 2654 omnium
3112 2600 3371 2670 opinione
3394 2601 3711 2665 scientiam,

2145 2692 2410 2746 Eranista:
2467 2692 2711 2762 dialogos
2760 2692 3107 2761 imperatoris
3164 2691 3422 2745 mandato
3479 2691 3716 2747 ﬂammis

2145 2781 2376 2836 traditos
2409 2782 2576 2836 fuisse
2595 2783 2663 2846 "°,
2694 2781 2838 2850 quod
2883 2781 3067 2852 Cyrilli
3111 2789 3166 2834 et
3210 2781 3493 2852 Eutycbis,
3531 2782 3715 2836 tacitis

2144 2873 2367 2942 quidem
2405 2873 2739 2937 nominibus,
2777 2873 2870 2926 sed
2908 2873 3075 2927 certis
3095 2872 3454 2942 argumentis,
3480 2887 3712 2926 consen-

2143 2963 2352 3016 sionem
2393 2962 2687 3016 ostendere
2728 2962 3093 3015 moliebantur

2216 3053 2302 3106 Ἦ.
2348 3053 2470 3108 Hac
2500 3069 2622 3106 cum
2655 3053 2986 3122 importune,
3025 3068 3352 3124 quocunque
3383 3061 3628 3121 tempore
3659 3060 3718 3106 et

2145 3159 2473 3214 quocunque
2513 3145 2633 3197 loco
2667 3145 2736 3197 ab
2758 3145 3112 3214 Eutychianis
3136 3144 3587 3206 obtruderentur,
3609 3156 3718 3196 au-

2147 3236 2330 3290 diendi
2380 3235 2777 3291 consuetudine
2827 3235 3025 3289 factum
3065 3246 3178 3297 est,
3218 3245 3298 3300 ut,
3349 3234 3497 3304 quod
3548 3232 3714 3286 tradit

2146 3325 2436 3382 Facundus
2464 3331 2529 3393 ⁷³,
2565 3329 2903 3398 populariter
2932 3327 3268 3390 crederetur,
3300 3328 3442 3380 inter
3474 3324 3716 3379 Nestorii

2145 3425 2201 3470 et
2242 3417 2505 3487 Eutycbis
2549 3417 2877 3473 doctrinam.
2907 3417 3012 3470 hoc
3043 3425 3146 3478 est,
3184 3417 3326 3469 inter
3360 3414 3593 3468 duarum
3619 3430 3718 3468 na-

2145 3519 2392 3563 turarum
2425 3516 2480 3562 et
2508 3508 2668 3561 unius
2693 3507 3368 3570 confessionem,medium
3395 3505 3554 3575 213
3576 3506 3715 3559 nihil

2143 3615 2301 3662 esse;
2353 3607 2517 3667 atque
2579 3599 2650 3651 ita
2709 3599 2811 3651 hac
2871 3599 2925 3651 in
2995 3598 3347 3652 contentione
3411 3597 3719 3666 quemlibet

2145 3699 2240 3742 aut
2284 3689 2636 3743 Nestorianas
2681 3697 2867 3758 partes
2917 3688 3072 3757 sequi
3119 3688 3342 3752 debere,
3402 3685 3497 3740 aut
3540 3686 3718 3755 Euty-

2145 3780 2391 3834 cbianas.

2216 3873 2340 3927 llaec
2361 3872 2548 3942 opinio
2579 3871 2976 3927 incredibiliter
3006 3870 3222 3924 inhaesit
3246 3869 3571 3939 populorum
3597 3868 3722 3922 ani-

2147 3965 2272 4027 mis,
2319 3965 2434 4018 sive
2478 3964 2532 4019 id
2569 3963 2752 4018 effecit
2778 3979 2935 4018 error
2969 3963 3190 4025 mentis,
3215 3962 3330 4015 sive
3359 3960 3589 4014 allectus
3614 3975 3720 4013 vo-

2144 4057 2368 4112 luntatis
2397 4073 2409 4109 :
2437 4065 2596 4126 atque
2621 4056 2745 4110 inde
2774 4055 3038 4126 originem
3069 4054 3225 4107 duxit
3245 4053 3435 4122 ingens
3465 4051 3717 4120 quaedam

2147 4149 2317 4204 totius
2359 4150 2508 4204 orbis
2548 4150 2863 4213 commotio,
2900 4163 3020 4218 qute
3065 4149 3154 4202 vix
3192 4145 3486 4216 aliquando
3529 4145 3718 4200 sedata

2145 4249 2248 4296 est.

2221 4334 2237 4353 '
2261 4333 2372 4386 Vll.
2410 4332 2546 4385 Dum
2597 4338 2888 4400 agerentur
2941 4329 3206 4382 luctuosas
3250 4327 3375 4389 illae,
3412 4341 3548 4396 quas
3586 4341 3717 4395 per—

2103 4476 2119 4518 ,
2148 4423 2492 4487 strinximus,
2531 4421 2829 4492 tragcediae,
2862 4429 2917 4473 et
2955 4419 3311 4474 occidentalis
3345 4418 3571 4486 insuper
3611 4417 3715 4470 Ec-

2147 4515 2311 4569 clesia
2346 4513 2667 4567 orientalem
2689 4511 2886 4567 Acacio
2915 4511 3184 4564 addictam
3212 4509 3596 4564 communione
3620 4522 3722 4562 sua

2147 4606 2468 4666 abstineret,
2497 4615 2592 4656 aut
2632 4617 2741 4656 non
2775 4601 3106 4655 audiebatur
3129 4598 3458 4654 Theodoreti
3492 4612 3717 4659 nomen,

2147 4713 2258 4766 pra:
2289 4696 2440 4750 orbis
2472 4695 2709 4749 tumultu
2741 4713 2756 4760 ;
2785 4703 2879 4748 aut
2912 4694 2954 4747 si
2991 4692 3337 4753 audiebatur,
3362 4689 3510 4760 quod
3535 4691 3722 4744 credi-

2145 4787 2330 4852 bilius,
2376 4785 2505 4854 quid
2549 4801 2616 4840 eo
2673 4785 2865 4848 ﬁeret,
2918 4783 3199 4838 memoriae
3243 4797 3406 4835 nemo
3443 4779 3720 4834 tradidit:

2146 4878 2345 4949 conjici
2391 4887 2571 4932 tamen
2614 4887 2897 4947 utcunque
2949 4884 3128 4946 potest
3151 4891 3218 4930 ex
3249 4883 3499 4929 veterum
3524 4887 3726 4927 monu-

2147 4969 2366 5032 mentis,
2419 4985 2542 5038 quze
2592 4977 2911 5038 supersunt,
2955 4979 3011 5023 et
3051 4967 3266 5023 duobus
3308 4963 3613 5035 praesertim
3655 4979 3726 5016 ex

2147 5059 2418 5122 conciliis,
2478 5060 2624 5128 quod
2691 5069 2984 5127 utrumque
3027 5056 3346 5112 Anastasius
3399 5055 3723 5124 imperator,

2146 5151 2344 5218 partim
2373 5149 2865 5219 Constantinopoli,
2899 5151 3096 5218 partim
3128 5147 3330 5201 Sidone
3354 5147 3408 5201 in
3436 5144 3724 5200 Palaestina

2147 5239 2392 5307 coegisse
2427 5239 2631 5292 dicitur
2658 5257 2668 5291 ε
2695 5241 2920 5294 alterius
2951 5239 3134 5294 Victor
3172 5236 3539 5299 Tunonensis,
3585 5236 3729 5289 alte-

2146 5329 2260 5380 rius
2278 5307 2542 5398 Evagrius
2571 5330 2840 5390 meminit.

2219 5417 2294 5470 De
2345 5418 2528 5487 priore
2589 5420 2659 5474 ita
2703 5411 2887 5473 Victor
2910 5421 2954 5450 τ’
2988 5440 2999 5474 :
3036 5440 3054 5469 ‹
3089 5419 3266 5474 Gibbo
3300 5419 3362 5474 Υ.
3400 5417 3460 5474 C.
3495 5416 3728 5473 consule

1772 5541 2086 5601 SClllllle
2127 5547 2360 5604 NOTAE.

540 5632 584 5664 ⁸⁸
607 5629 729 5684 Vid.
758 5633 917 5700 epist.
959 5633 1024 5689 ad
1071 5633 1387 5692 Himerium.

468 5698 564 5757 Lib.
597 5701 696 5754 Pro
725 5698 886 5756 tribus
913 5705 1068 5771 capit.
1150 5708 1192 5739 '-‘
1235 5707 1372 5761 Vict.
1415 5707 1627 5761 Tunon.
1671 5698 1726 5759 iri
1758 5707 1999 5762 Chronic.

1466 5639 1509 5668 ”
1546 5638 1681 5713 Vid._
1713 5649 1850 5713 pa_r_t.
1909 5656 1965 5713 nt
1995 5653 2149 5695 conc.
2185 5641 2444 5698 Chalcrd.
2475 5656 2595 5713 cap.
2631 5641 2712 5698 l0.

2819 5647 2860 5678 '°
2896 5638 3030 5702 Vide
3057 5662 3241 5717 supra,
3275 5662 3310 5717 p
3369 5645 3488 5703 164.
3573 5649 3617 5678 ⁷⁸
3663 5644 3726 5702 In
