3954 6294
215 454 252 506 Α
277 450 530 506 iastasius
594 451 912 520 imperator,

217 543 513 598 Philoxeno
568 541 980 611 Hierapolitano
1042 542 1408 611 praesulibus,
1475 542 1790 596 Constanti-

217 633 455 705 n0polim
533 633 805 704 synodum
887 645 1209 704 congregat,
1282 644 1338 688 et
1405 643 1596 688 contra
1668 633 1793 687 Dio-

217 729 411 782 dorum
487 727 835 791 Tarsensem,
900 728 1252 781 Theodorum
1326 727 1790 796 Mopsuestenum,

215 835 336 874 cum
386 820 630 889 scriptis,
701 819 1096 874 Theodoritum
1168 820 1315 892 Cyri,
1400 821 1546 874 Ibam
1621 820 1792 874 Edes-

216 927 429 976 senum,
466 911 764 973 Andream,
794 912 1360 984 Eutherium,Cyrum
1417 923 1473 966 et
1524 912 1790 967 Joannem

213 1003 532 1072 episcopos,
579 1011 914 1071 caeterosque
953 1003 1109 1067 alios,
1145 1004 1239 1073 qui
1306 1004 1359 1057 in
1407 1002 1628 1058 Christo
1655 1003 1792 1057 duas

212 1094 589 1164 pnedicabant
657 1102 902 1157 naturas,
957 1095 1202 1164 duasque
1267 1095 1502 1160 formas,
1562 1106 1620 1151 et
1695 1097 1788 1166 qui

213 1202 322 1241 non
395 1185 790 1241 confiterentur
858 1203 1028 1240 unum
1107 1187 1176 1241 de
1260 1187 1526 1242 Trinitate
1614 1188 1794 1242 eruci-

213 1277 407 1342 fixum,
443 1294 551 1332 una
587 1293 711 1331 cum
763 1278 944 1332 Leone
987 1278 1246 1349 episeopo
1291 1279 1559 1342 Romano,
1590 1287 1645 1333 et
1673 1281 1793 1349 ejus

212 1380 396 1435 tumo,
434 1379 600 1440 atque
655 1368 1089 1424 Chalcedonensi
1145 1373 1352 1426 svuodo
1411 1371 1610 1425 inferre
1659 1385 1791 1424 ana-

213 1464 399 1518 thema
433 1461 727 1532 persuasit.
767 1481 784 1512 ι
1139 1512 1164 1534 ³

283 1553 363 1606 Ex
410 1551 520 1606 illis
572 1560 698 1606 octo
745 1551 1020 1621 episcopis
1076 1550 1286 1620 priores
1331 1567 1423 1604 sex
1477 1551 1589 1605 noti
1641 1558 1790 1616 sunt,

212 1644 553 1715 posteriores
579 1644 691 1698 duo
730 1645 931 1714 partim
967 1661 1033 1698 ex
1063 1643 1396 1698 Theodoreti
1432 1643 1679 1712 epistolis
1705 1641 1792 1696 in-

212 1745 529 1801 notescunt,
559 1738 758 1807 partim
789 1753 857 1793 ex
895 1736 1034 1791 actis
1071 1737 1291 1791 concilii
1330 1735 1622 1806 Ephesini;
1665 1750 1790 1790 nam

1397 336 1756 397 HISTORIA
1797 335 2309 398 THEODUBETI.

995 451 1251 505 Flaviano
1322 452 1665 505 Autiocheno
1743 459 1798 504 et
1829 458 1870 508 Α
1904 450 2171 522 integrata
2211 452 2478 521 pravitate
2512 452 2832 507 Anastasius
2872 450 3128 506 infamem
3159 461 3212 507 ct
3243 453 3479 509 irriden-

3381 340 3481 406 166

1901 543 2024 596 dam
2055 543 2320 614 synodum
2352 544 2494 613 apud
2525 543 2781 598 Sidonem
2807 543 3106 608 civitatem,
3141 560 3275 597 Lxxx
3309 544 3480 598 ferme

1902 633 2238 702 perfidorum
2278 635 2551 704 episcopis
2598 635 2958 704 congregatis,
2987 635 3252 690 adversus
3288 635 3481 690 ortho-

1900 725 2165 779 doxorum
2201 725 2488 796 episcopos
2538 726 2655 781 fieri
2701 727 3009 796 imperavit.
3053 727 3342 782 Flavianus
3373 728 3483 783 An~

1903 816 2118 871 tiochize
2159 818 2465 873 catholicus
2506 819 2846 888 patriarcha,
2889 829 2944 874 et
2985 821 3222 876 Joannes
3268 822 3482 877 Pallen-

1901 908 2040 962 sium
2068 911 2256 980 oppidi
2289 912 2553 982 pontifex,
2587 914 2846 982 quoniam
2885 914 3032 968 hunc
3070 924 3272 969 emtum
3306 916 3478 970 sacri—

1899 1000 2077 1070 legum
2108 1003 2446 1070 refellerunt,
2481 1006 2532 1059 in
2561 1007 2863 1069 castellum,
2895 1007 3038 1078 quod
3067 1008 3226 1064 Petra
3255 1008 3477 1072 dicitur,

1897 1095 2117 1149 exsules
2150 1097 2300 1151 missi
2329 1109 2476 1154 sunt.
2508 1099 2588 1153 lbi
2621 1099 2906 1154 Flavianus
2937 1100 3218 1155 confessor
3249 1099 3478 1165 Christi,

1898 1183 1955 1238 in
1996 1186 2228 1241 Domino
2258 1190 2527 1258 requievit
2557 1209 2568 1244 :
2602 1191 2866 1246 Joannem
2902 1192 3150 1247 Justinus
3179 1191 3477 1262 Augustus,

1900 1291 2024 1330 mox
2065 1277 2362 1347 imperator
2394 1279 2587 1345 factus,
2626 1283 2921 1336 revocavit.
2963 1301 2980 1332 ›

1970 1369 2174 1423 Verum
2212 1371 2482 1437 Palaestini
2529 1373 2782 1428 monachi
2827 1375 2881 1427 in
2919 1373 3118 1428 litteris
3156 1373 3221 1427 ad
3259 1372 3482 1444 Alcyso-

1898 1476 2024 1514 nem
2057 1478 2170 1516 rem
2202 1464 2528 1533 explicatius
2557 1475 2786 1520 narrant
2817 1485 2828 1520 :
2867 1465 2909 1522 si
2942 1475 3142 1530 tamen,
3167 1476 3227 1521 ut
3255 1467 3482 1537 quibus-

1899 1547 2024 1602 dam
2057 1550 2294 1614 videtur,
2333 1567 2401 1607 eo
2442 1555 2738 1624 pertinent,
2776 1571 2895 1625 qua:
2928 1555 2995 1610 de
3021 1556 3226 1611 Xenaia
3270 1565 3325 1610 et
3359 1557 3482 1612 Fla-

1899 1641 2062 1696 viano
2100 1642 2442 1700 Antiocheno
2477 1648 2736 1717 episcOpo
2753 1648 3018 1706 referunt.
3056 1668 3073 1699 ι
3111 1648 3368 1713 Xenaias,
3400 1649 3484 1704 in.

1899 1733 2100 1804 quiunt
2131 1737 2197 1800 "‘,
2235 1738 2420 1792 nescio
2469 1755 2578 1808 quo
2625 1739 2877 1805 consilio,
2918 1756 3021 1796 nec
3063 1757 3170 1810 qua
3212 1741 3279 1796 dc
3319 1757 3482 1797 causa

211 1831 269 1886 in
303 1831 444 1886 actis
464 1829 641 1902 Cyrus
661 1831 867 1886 dicitur
889 1830 1368 1900 Mareopolitanus,
1395 1830 1634 1885 Joannes
1659 1830 1797 1886 Ger-
1831 1819 1869 1872 Β
1899 1836 2182 1898 susceptas
2205 1829 2472 1885 adversus
2509 1831 2826 1886 Flavianum
2859 1833 3173 1888 inimicitias
3195 1849 3480 1896 exercens,

212 1925 574 1980 maniciensis
615 1924 926 1994 episcopus.
955 1923 1037 1977 Ad
1080 1931 1376 1992 utrumque
1417 1922 1798 1978 Theodoretus

209 2017 478 2090 epistolas
519 2016 686 2082 fecit;
737 2015 804 2070 ad
850 2015 1054 2086 Cyrum
1105 2013 1376 2068 decimam
1433 2013 1682 2077 tertiam,
1729 2013 1796 2066 ad

205 2111 478 2166 Joannem
511 2109 871 2164 centesimam
912 2105 1229 2162 vicesimam
1269 2105 1538 2175 quintam,
1568 2115 1625 2159 et
1670 2120 1798 2158 cen-

213 2201 467 2256 tesimam
500 2199 818 2254 vicesimam
851 2203 1124 2267 quartam.

281 2290 405 2344 Erit
437 2287 691 2352 fortasse,
722 2287 817 2356 qui
846 2293 1065 2340 moneat
1098 2299 1204 2338 non
1237 2298 1357 2338 esse
1387 2283 1504 2336 sine
1536 2282 1796 2335 observa-

211 2381 362 2436 tione
394 2377 862 2450 praatereundum,
904 2375 1050 2446 quod
1090 2374 1157 2429 de
1195 2373 1413 2428 Andrea
1443 2382 1497 2427 et
1530 2372 1798 2427 Eutherio

212 2472 478 2528 scribitur
505 2489 518 2524 :
544 2469 674 2524 inde
703 2469 854 2525 enim
881 2469 1058 2522 lucem
1091 2467 1341 2536 accipere
1368 2465 1513 2535 quod
1543 2464 1795 2529 traditur,

213 2575 327 2620 tum
357 2581 389 2619 a
424 2563 761 2635 Theophane
794 2563 852 2617 in
887 2561 1362 2633 Chronographia,
1393 2559 1663 2614 Andream
1701 2559 1798 2614 Sa-

211 2666 561 2713 mosatenum
607 2673 637 2710 a
679 2656 940 2710 Dioscoro
979 2655 1178 2724 Ephesi
1216 2652 1526 2721 depositum
1572 2670 1584 2703 :
1619 2660 1732 2704 tum
1765 2666 1796 2705 a

210 2749 502 2804 monachis
546 2748 847 2803 Palaestina:
884 2747 939 2801 in
985 2745 1229 2815 Epistula
1267 2743 1334 2798 ad
1374 2743 1696 2814 Alcysonem
1728 2742 1795 2796 de

211 2858 445 2897 numero
485 2841 892 2910 episc0porum,
925 2853 1062 2908 quos
1094 2834 1417 2907 Eutychiani
1450 2834 1796 2887 anathemate

211 2948 510 3004 percussos
538 2933 764 2987 vellent.
793 2931 995 2985 Verum
1033 2929 1240 2982 fallitur
1276 2927 1465 2980 Victor
1493 2940 1645 2978 more
1673 2938 1794 2987 suo,

211 3042 315 3081 nec
365 3025 731 3094 Theophanes
780 3022 1092 3077 audiendus
1136 3029 1246 3084 est,
1300 3019 1541 3087 fidesque
1588 3027 1794 3071 temere

209 3116 502 3173 monachis
529 3114 840 3169 adhibenda
868 3131 882 3166 :
910 3128 1010 3167 nec
1045 3112 1191 3166 enim
1219 3121 1317 3164 aut
1347 3111 1438 3164 ille
1470 3117 1565 3162 aut
1593 3109 1682 3162 isti
1708 3123 1796 3163 sa-

1899 1927 2163 1987 praatextu
2200 1928 2378 1974 tamen
2407 1921 2552 1986 lldci,
2585 1930 2643 1975 ut
2670 1922 2917 1991 plerique
2945 1929 3188 1986 narrant,
3219 1922 3484 1976 adversus

1899 2025 2026 2064 eum
2074 2013 2436 2076 commoveri,
2497 2028 2733 2083 eumque
2784 2023 3042 2084 tanquam
3094 2015 3480 2070 Nestorianum

1899 2101 2220 2154 calumniari
2269 2103 2455 2172 coepit.
2493 2102 2598 2157 Sed
2645 2120 2768 2159 cum
2819 2105 2906 2158 ille
2949 2105 3260 2161 Nestorium
3297 2108 3480 2172 simul,

1897 2191 2128 2260 ejusque
2159 2195 2474 2263 opinionem
2505 2211 2606 2250 suo
2632 2198 2977 2252 anathemate
3017 2199 3349 2265 damnasset,
3375 2194 3482 2255 XC-

1900 2282 2053 2335 naias
2085 2283 2276 2337 relicto
2301 2284 2552 2339 Nestorio
2577 2288 2642 2340 ad
2671 2287 2966 2342 Diodorum
3000 2299 3486 2360 tranSgressusest,

1898 2381 1953 2425 et
1979 2373 2044 2426 ad
2073 2373 2423 2430 Theodorum
2459 2386 2514 2431 et
2539 2379 2958 2445 Theodoritum,
2987 2381 3135 2435 Ibam
3167 2397 3230 2437 ac
3256 2381 3480 2454 Cyrum,

1897 2472 1954 2518 et
1995 2464 2317 2520 Eutherium
2370 2484 2433 2523 ae
2481 2469 2769 2532 Joannem,
2808 2472 3054 2542 aliosque
3095 2473 3283 2528 nescio
3319 2490 3478 2545 quos,

1899 2568 2000 2608 nec
2061 2555 2206 2608 unde
2264 2557 2559 2621 collectos,
2610 2575 2677 2615 cx
2732 2562 2934 2631 quibus
2985 2563 3204 2632 quidam
3244 2562 3481 2620 Nestorii

1899 2645 2095 2717 dogma
2141 2665 2329 2703 revera
2373 2651 2546 2704 secuti
2589 2651 2824 2717 fuerant,
2851 2655 3070 2723 quidam
3109 2673 3240 2711 vero
3269 2673 3392 2712 cum
3425 2659 3480 2714 in

1897 2739 2265 2807 suspicionem
2306 2743 2425 2812 ejus
2455 2744 2531 2796 rei
2565 2744 2861 2808 venissent,
2896 2756 3083 2816 postea
3114 2749 3255 2804 idem
3284 2750 3481 2821 dogma

1897 2843 1998 2882 suo
2031 2830 2379 2884 anathemate
2413 2831 2826 2896 damnaverant,
2855 2843 2910 2888 et
2942 2837 2996 2889 in
3036 2836 3292 2894 Ecclesia:
3332 2856 3484 2894 com-

1899 2919 2159 2974 munione
2201 2932 2504 2976 extremum
2546 2924 2690 2978 diem
2734 2926 3064 2982 clauserant.
3110 2927 3236 2992 Hos,
3279 2931 3478 2999 inquit,

1899 3026 2076 3065 omnes
2122 3013 2425 3067 Nestoriani
2473 3015 2732 3084 dogmatis
2787 3027 3073 3072 assertores
3114 3023 3214 3074 nisi
3261 3025 3484 3076 anathe-

1899 3105 2253 3167 matizaveris,
2265 3105 2612 3159 Nestoriamts
2626 3125 2696 3170 es,
2716 3110 2830 3161 licet
2846 3110 3031 3164 millies
3047 3111 3343 3167 Nestorium
3361 3131 3479 3169 cum

211 3210 282 3264 tis
313 3208 602 3263 historiam
638 3214 911 3261 noverunt
949 3203 1256 3266 hominum,
1287 3216 1426 3272 quos
1451 3208 1792 3253 memorant:
1825 3180 1866 3236 (ἶ
1899 3195 2140 3248 doctrina
2179 3198 2342 3266 ipsius
2377 3200 2812 3253 anathematizcs.
2838 3201 3070 3272 Scriptis
3100 3207 3114 3222 ’
3140 3205 3305 3260 etiam
3335 3207 3482 3262 litte-

212 3316 408 3371 nempe
437 3308 564 3354 ante
588 3298 856 3368 synodum
893 3295 1267 3351 latrocinalem
1290 3294 1402 3346 vita
1425 3299 1794 3356 excesserant,

212 3403 308 3448 aut
349 3401 498 3448 certe
538 3391 854 3461 episcopatu
897 3388 1146 3444 Andreas
1184 3395 1240 3440 et
1274 3384 1572 3438 Eutherius
1613 3401 1626 3437 :
1670 3397 1796 3436 nam

211 3483 475 3538 Rusticus
511 3481 743 3536 Andreae
789 3494 1074 3535 successor
1113 3478 1257 3531 inter
1301 3475 1588 3544 episcopos
1629 3474 1800 3527 latro-

211 3575 346 3630 cinii
391 3583 645 3629 censetur
677 3573 744 3634 ⁷³,
803 3581 862 3626 et
911 3569 1130 3624 Patricii
1191 3569 1500 3638 Tyauorum
1549 3565 1797 3636 praesulis

210 3666 364 3720 vices
394 3666 449 3718 in
483 3664 676 3720 eodem
709 3662 1000 3718 latrocinio
1031 3659 1195 3730 2M,
1225 3659 1534 3729 Authymus
1568 3659 1795 3730 presby-

213 3770 300 3814 ter
330 3758 516 3828 gessit.
564 3756 694 3811 lude
734 3755 941 3825 pariter
989 3752 1374 3816 emendantur,
1406 3751 1500 3820 qui
1546 3766 1644 3820 pro
1682 3751 1795 3805 Eu-

210 3850 396 3904 therio
425 3847 758 3902 Eucherium
800 3855 890 3900 aut
933 3843 1310 3899 Eleutherium
1330 3883 1343 3905 ,
1370 3859 1470 3910 pro
1495 3841 1634 3912 Cyro
1659 3841 1795 3908 Qui-

209 3955 333 3993 rum
362 3948 456 3993 aut
479 3937 741 4009 Cyrillum
765 3939 972 4008 legunt.

309 4030 423 4086 Cttr
479 4039 664 4085 autem
736 4029 975 4083 Diodoro
1032 4029 1356 4084 Theodorus
1409 4030 1792 4099 conjungatur,

205 4121 505 4177 Theodoro
549 4120 932 4175 Theodoretus
977 4129 1033 4174 et
1083 4120 1238 4183 lbas,
1292 4120 1511 4189 utrique
1550 4120 1796 4173 Andreas

205 4225 268 4270 et
296 4215 616 4279 Eutherius,
653 4215 910 4268 omnibus
940 4212 1116 4284 Cyrus
1149 4223 1204 4267 et
1245 4213 1502 4275 Joannes,
1539 4228 1702 4266 causa
1739 4213 1794 4265 in

205 4313 466 4375 promptu
509 4315 593 4358 est
637 4321 649 4357 :
695 4319 820 4358 nam
874 4303 1142 4357 Diodorus
1193 4303 1542 4357 Theodorum
1583 4302 1791 4364 docuit,

207 4404 508 4464 utrumque
552 4393 931 4448 Theodoretus
975 4402 1031 4447 et
1080 4393 1202 4447 lbas
1253 4393 1646 4456 defenderunt,
1686 4392 1794 4445 An-

204 4486 370 4540 dreas
421 4495 478 4541 et
537 4486 836 4541 Eutherius
893 4487 1156 4540 adversus
1207 4485 1471 4556 Cyrillum
1523 4485 1791 4538 virulenta
1827 4519 1868 4574 Β

202 4578 410 4647 scripta
458 4577 771 4632 ediderunt.
824 4577 998 4648 Cyrus
1053 4585 1105 4631 et
1161 4577 1399 4633 Joannes
1459 4575 1790 4630 Theodoreti

202 4676 393 4738 partes
459 4669 727 4723 acerrime
781 4684 1154 4739 propugnasse
1213 4669 1573 4738 perhibentur
1625 4685 1638 4721 :
1680 4668 1790 4720 imo

200 4759 488 4816 societatis
525 4775 649 4814 cum
695 4759 947 4815 Nestorio
993 4761 1308 4829 suspicione
1353 4761 1592 4815 Joannes
1634 4760 1791 4813 labo-

200 4851 380 4915 ravit,
428 4865 662 4920 eamque
709 4851 780 4905 ob
819 4867 934 4906 rem
975 4851 1031 4905 in
1085 4851 1319 4906 concilio
1355 4849 1788 4906 Chalcedoneusi

194 4944 391 5015 jussus
422 4950 508 4998 est
531 4942 788 4997 Nestorio
816 4943 1105 4997 anathema
1129 4942 1314 4997 dicere
1341 4943 1406 4995 ⁷⁵.

273 5033 413 5089 Vlll.
449 5033 526 5089 De
565 5035 738 5088 altero
771 5034 1006 5088 concilio
1048 5044 1142 5088 aut
1173 5033 1460 5088 latrocinio
1491 5032 1694 5103 potius,
1733 5033 1788 5087 in

196 5139 315 5196 quo
367 5123 704 5179 mentionem
770 5123 1104 5180 Theodoreti
1166 5123 1364 5178 factam
1431 5123 1785 5194 scripsimus,

194 5215 461 5289 quodque
511 5223 763 5270 coactum
817 5215 1052 5285 legimus
1097 5215 1167 5269 ab
1222 5214 1539 5279 Anastasio,
1586 5214 1787 5269 Sidone

195 5305 258 5360 in
299 5303 586 5359 Palaestina
626 5318 773 5358 anno
806 5302 1011 5359 Christi
1043 5303 1167 5368 512,
1195 5303 1465 5358 Anastasii
1493 5303 1582 5367 2Q,
1617 5303 1788 5357 Paulo

191 5401 253 5450 et
277 5391 531 5448 Muciano
552 5408 722 5459 eoss.,
754 5393 871 5448 haec
899 5393 1066 5448 tradit
1092 5393 1436 5448 Marcellinus
1463 5394 1507 5424 τδ
1538 5411 1551 5446 :
1593 5412 1611 5444 ι
1644 5393 1789 5447 Red-

1901 3285 1978 3340 ris
2001 3285 2064 3339 ad
2093 3286 2334 3342 fautores
2361 3289 2605 3343 Dioscori
2640 3300 2693 3344 et
2727 3292 3006 3363 Eutychis,
3040 3310 3136 3349 eos
3165 3299 3478 3362 concitavit,

1899 3377 2134 3433 suadens
2175 3380 2276 3443 eis,
2320 3388 2379 3434 ut
2423 3381 2524 3435 sibi
2565 3381 2828 3437 adverSus
2867 3385 3182 3441 Flavianum
3225 3389 3484 3458 praesidio

1897 3479 2104 3533 essent,
2141 3470 2302 3540 215
2351 3473 2745 3544 exigerentque
2786 3477 2853 3529 ab
2890 3492 2978 3537 eo,
3015 3494 3124 3533 non
3165 3481 3387 3549 quidem
3423 3493 3484 3537 ut

1899 3557 2070 3627 ipsam
2101 3561 2390 3630 synodum,
2415 3561 2509 3616 sed
2541 3573 2603 3617 ut
2631 3580 2723 3618 eas
2750 3565 3008 3620 duntaxat
3036 3585 3321 3638 personas,
3344 3587 3482 3642 quas

1898 3667 2062 3721 supra
2083 3654 2379 3717 nominavi,
2410 3657 2755 3712 anathemate
2781 3658 3067 3716 damnaret
3091 3680 3104 3714 :
3127 3664 3330 3732 quibus
3352 3682 3478 3721 eum

1899 3744 2188 3798 Flavianus
2211 3747 2502 3816 episcopus
2523 3748 2616 3802 diu
2640 3751 2982 3822 multumque
3017 3756 3328 3821 restitisset,
3363 3758 3483 3812 alii-

1897 3852 2003 3905 que
2032 3853 2222 3891 rursus
2255 3854 2378 3892 cum
2417 3838 2622 3894 Xenaia
2662 3841 2926 3897 adversus
2956 3844 3106 3897 illum
3148 3846 3480 3902 insurrexis-

1897 3937 2050 3992 sent,
2099 3929 2392 3984 Eleusinus
2447 3932 2658 3985 scilicet
2721 3933 2942 4002 quidam
2992 3933 3350 4004 Cappadociae
3396 3953 3482 3991 se-

1897 4019 2091 4074 cunda:
2119 4021 2432 4089 episcopus,
2458 4020 2640 4075 Nicias
2663 4020 2945 4076 Laodicea:
2969 4039 3088 4091 quae
3110 4035 3194 4079 est
3219 4025 3273 4078 in
3301 4026 3475 4096 Syria,

1897 4122 1951 4166 et
1977 4129 2042 4167 ex
2076 4113 2196 4167 aliis
2226 4113 2364 4168 locis
2398 4113 2512 4177 alii,
2549 4131 2781 4183 quorum
2823 4115 2934 4168 odii
2971 4115 3235 4170 adversus
3269 4117 3479 4172 Flavia-

1895 4220 2026 4258 num
2055 4221 2304 4274 quamam
2329 4220 2506 4259 causa:
2534 4205 2758 4270 fuerint,
2785 4205 2930 4258 haud
2965 4215 3213 4262 nostrum
3241 4217 3344 4274 est,
3379 4210 3475 4264 sed

1895 4297 2126 4349 aliorum
2162 4311 2474 4366 exponere:
2517 4297 2733 4350 tandem
2778 4297 2900 4351 illos
2931 4297 3035 4352 hoc
3075 4297 3220 4353 facto
3258 4301 3477 4369 quietu-

1897 4404 1986 4442 ros
2022 4389 2338 4450 arbitratus,
2371 4389 2536 4443 cessit
2576 4389 2793 4444 illorum
2831 4392 3204 4458 contentioni;
3241 4385 3475 4464 cumque

1897 4479 2240 4550 supradictas
2261 4495 2523 4550 personas
2546 4481 2747 4550 scripto
2769 4481 3302 4548 anathematizasset,
3321 4483 3476 4540 libel-

1898 4571 2010 4624 lum
2042 4586 2200 4625 suum
2231 4569 2297 4624 ad
2330 4570 2716 4640 imperatorem
2746 4571 2895 4627 misit
2921 4590 2932 4624 :
2962 4589 3084 4627 nam
3117 4582 3172 4628 et
3205 4573 3352 4630 hunc
3384 4576 3470 4630 ad-

1898 4679 2091 4717 versus
2136 4663 2452 4717 Flavianum
2480 4704 2492 4727 ,
2545 4673 2800 4735 tanquam
2846 4665 3159 4721 Nestoriani
3208 4666 3476 4737 dogmatis

1897 4764 2379 4825 propugnatorem,
2421 4766 2847 4810 commoverant.
2900 4757 3004 4811 Sed
3054 4773 3230 4826 neque
3269 4757 3371 4811 hac
3417 4773 3474 4812 re

1897 4857 2188 4903 contentus
2221 4847 2455 4902 chaias
2495 4849 2676 4918 exegit
2722 4847 2919 4902 iterum
2955 4865 2984 4904 a
3027 4849 3303 4914 Flaviano,
3334 4859 3387 4905 ut
3420 4860 3476 4908 et

1894 4938 2162 5008 synodum
2190 4937 2382 5007 ipsam,
2413 4944 2468 4990 et
2501 4953 2596 4991 eos
2630 4936 2723 5006 qui
2758 4937 2894 4990 duas
2923 4947 3145 4992 naturas
3173 4938 3227 4993 in
3255 4937 3476 4992 Christo

1896 5030 2361 5099 przedicaverant,
2419 5029 2643 5083 alteram
2696 5029 2911 5092 carnis,
2959 5029 3186 5083 alteram
3233 5028 3473 5094 deitatis,

1895 5122 2228 5176 anathemati
2258 5121 2569 5192 suhjieeret.
2602 5141 2618 5171 ι

1966 5212 2056 5266 IX.
2087 5211 2235 5282 Opus
2257 5211 2359 5266 fuit
2386 5221 2494 5266 tam
2521 5210 2731 5279 prolixo
2759 5209 3093 5274 testimonio,
3128 5209 3323 5279 partim
3347 5211 3476 5282 quia

1895 5303 2181 5358 historiam
2199 5305 2424 5374 exponit
2445 5302 2665 5358 aliunde
2683 5303 2995 5369 obscuram,
3014 5303 3212 5373 partim
3225 5303 3292 5359 ad
3315 5305 3477 5361 intel-

1893 5395 2195 5466 ligendum,
2219 5411 2326 5466 qua
2359 5397 2446 5451 via
2473 5395 2712 5451 solerent
2735 5394 3085 5466 Eutychiani,
3113 5409 3255 5468 quos
3299 5396 3480 5454 abdu-

1547 5557 1862 5617 SCHULZII
1901 5557 2130 5614 NOTAE.

265 5691 317 5724 "
348 5688 468 5745 νεά.
503 5689 627 5749 Aet.
651 5704 808 5748 conc.
845 5687 1106 5747 Chalced.

179 5777 320 5833 cap.
367 5759 458 5818 34.

1188 5691 1228 5722 ⁷³
1255 5689 1374 5747 Vid.
1406 5691 1536 5746 Acta
1575 5709 1730 5748 conc.
1763 5694 2024 5748 Chalced.
2056 5702 2160 5748 act.
2197 5695 2245 5749 8.

2328 5698 2368 5724 ”‘
2397 5696 2453 5750 In
2489 5695 2733 5749 Chronic.
2816 5694 2858 5725 τ’
2885 5693 3006 5750 Vid.
3029 5694 3221 5768 Evagr.
3261 5694 3359 5752 lib.
3395 5711 3474 5758 ut.
