3954 6294
422 325 555 407 ,167

1585 320 1964 382 GARNERII
2006 320 2507 384 DlSSERTATIO
2542 322 2592 385 I.

3626 298 3728 381 {es

452 451 581 491 cere
610 433 856 489 vellenta
887 431 1013 495 fide,
1050 446 1147 485 eos
1166 429 1231 483 ad
1267 427 1783 483 condemnationem
1817 427 2037 500 concilii
2072 432 2110 485 A
2142 429 2472 495 calumnias,
2504 438 2670 499 atque
2698 427 2770 483 ab
2820 388 3016 483 iisdein
3061 423 3305 487 defendi,
3341 438 3370 477 a
3406 421 3610 492 quibus
3641 423 3728 477 vel

454 522 923 585 Chalcedonensis
951 537 1166 601 cogere.
1193 519 1470 574 Jubebant
1499 519 1739 589 primum
1788 519 2042 574 Nestorio

458 616 749 672 anathema
771 615 974 676 dicere,
1003 619 1117 665 tum
1139 609 1378 664 Nestorii
1418 607 1747 673 fautoribus,
1770 623 1894 663 mox
1921 607 2038 663 fau-

458 719 641 763 torum
671 703 1080 775 receptoribus,
1116 711 1174 758 et
1218 701 1436 757 tandem
1476 702 1713 757 concilio
1744 700 2045 757 Chalcedo-

458 798 637 862 nensi,
666 795 1009 863 duarumque
1047 802 1370 847 naturarum
1404 792 1804 863 pugnatoribus
1847 809 1863 846 :
1914 807 2042 846 nam

458 891 551 947 ubi
593 888 761 944 semel
797 886 1089 940 damnatus
1131 885 1311 940 fuerat
1358 884 1666 949 NeStorius,
1698 884 1847 954 quod
1879 899 2065 953 nemo,

457 980 761 1038 catholicus
798 979 1086 1043 renuehat,
1114 978 1357 1048 proclive
1385 985 1504 1032 erat
1531 991 1627 1031 eos
1657 975 1865 1046 pariter
1884 973 2042 1030 dam-

439 1082 611 1138 ‘nare,
636 1073 728 1144 qui
779 1073 863 1126 vel
910 1070 1296 1126 Nestorianutn
1324 1068 1644 1123 docuissent
1671 1083 1939 1132 errorem,
1983 1074 2045 1123 ut

442 1164 728 1221 Diodorus
753 1171 807 1217 et
852 1162 1210 1227 Theodorus;
1246 1161 1332 1216 vel
1364 1167 1641 1215 errantem
1680 1158 2044 1213 nihilominus

455 1257 790 1315 laudassent,
830 1263 890 1308 ut
936 1252 1318 1308 Theodoretus
1352 1261 1408 1306 et
1448 1250 1589 1315 lbas,
1614 1249 1810 1322 Cyrus,
1837 1250 2045 1305 Euthe-

459 1350 576 1403 rius
622 1357 680 1403 et
726 1348 968 1402 Joannes
1017 1344 1505 1401 Germanicicnsis.
1563 1343 1869 1398 Anathema
1911 1357 2044 1396 vero

459 1447 748 1509 postquam
786 1437 841 1490 in
881 1451 978 1491 eos
1024 1436 1305 1490 incussum
1337 1443 1475 1500 erat,
1513 1433 1739 1490 retineri
1767 1434 1892 1505 jure
1932 1450 2042 1489 non

459 1537 697 1601 poterat,
724 1528 1021 1599 quominus
1045 1527 1352 1598 pertineret
1386 1526 1453 1582 ad
1479 1524 1651 1595 ipsam
1674 1540 1894 1595 quoque
1914 1541 2043 1588 san-

459 1634 604 1679 ctam
636 1622 929 1694 synodum,
968 1620 1171 1690 quippe
1221 1634 1344 1690 quae
1391 1617 1643 1673 homines
1670 1616 1866 1688 dignos
1908 1632 2042 1671 ana»

467 1714 729 1779 themate,
771 1722 998 1786 propter
1027 1695 1256 1766 haeresis
1289 1710 1633 1774 societatem,
1664 1724 1761 1765 sua
1792 1723 2042 1764 commu-

461 1801 628 1856 nione
655 1801 915 1856 donasset
937 1800 1087 1855 velut
1106 1799 1439 1854 Catholicos.

532 1886 601 1950 Ut
627 1903 715 1949 est
738 1893 897 1949 istius
926 1891 1118 1965 synodi
1164 1890 1462 1947 admodum
1489 1891 1726 1947 obscura
1755 1891 2039 1957 memoria,

450 1984 534 2040 'ita
563 1985 736 2056 ipsius
764 1986 976 2056 singula
1017 2002 1159 2057 aegre
1186 1984 1519 2055 colliguntur
1549 2000 1617 2040 ex
1635 1992 1885 2040 veterum
1928 2000 2045 2039 mo-

458 2064 741 2133 nimentis.
790 2076 1127 2133 Convenisse
1186 2078 1464 2148 octoginta
1504 2077 1678 2133 ferme
1732 2077 2040 2147 episcopos,

459 2169 628 2223 tradit
679 2168 1005 2226 Theodorus
1054 2169 1299 2224 Lector:
1342 2170 1553 2225 indicat
1602 2169 1906 2239 prazfuisse,
1950 2180 2043 2224 aut

458 2260 651 2315 saltem
678 2261 1049 2330 principatum
1073 2261 1178 2315 sibi
1213 2275 1500 2331 arrogasse
1531 2259 1906 2316 Cothcricium
1929 2260 2045 2316 Cae-

454 2362 628 2408 'sare:e
677 2352 1074 2425 Cappadociae,
1114 2365 1171 2409 et
1219 2353 1486 2408 Xenaiam
1533 2367 1629 2408 seu
1681 2354 2043 2409 Philoxenum

459 2444 769 2514 Hierapolis
799 2444 1124 2510 antistitem,
1155 2445 1303 2514 quod
1352 2446 1553 2502 rationi
1594 2455 1903 2515 temporum
1942 2445 2042 2499 ad-

456 2546 712 2591 versatur
748 2554 759 2590 :
794 2537 985 2591 ambos
1008 2535 1302 2607 perhibent
1330 2536 1498 2593 fuisse
1531 2538 1815 2593 hominum
1838 2537 2046 2607 impro-

458 2627 736 2691 bissimos,
762 2628 990 2683 idoneos
1032 2627 1183 2698 impii
1228 2628 1576 2699 imperatoris
1619 2629 1920 2692 ministros,
1949 2644 2043 2698 pa-

459 2731 549 2774 res
571 2719 969 2789 Aeephalorum
996 2718 1306 2789 signiferos,
1330 2721 1517 2776 hostes
1554 2720 1703 2785 ﬁdei,
1726 2728 2044 2777 sanctorum

458 2812 821 2878 victimarios,
860 2819 916 2867 et
946 2828 1087 2882 pene
1117 2812 1405 2868 carniﬁces
1441 2832 1457 2868 :
1497 2813 1794 2883 perhibent
1836 2814 2045 2884 pariter

460 2902 771 2973 suppositas
787 2902 1107 2958 orthodoxis
1136 2903 1530 2969 confessiones,
1550 2905 1849 2975 omniaque
1878 2905 2045 2961 modo

459 3006 559 3065 per
598 2994 730 3059 vim,
770 2993 934 3047 modo
960 3009 1064 3068 per
1078 2992 1264 3047 dolum
1289 3003 1527 3064 peracta.
1551 2993 1693 3060 Quid
1723 2994 1934 3049 multa?
1963 2995 2045 3050 Ex

460 3084 565 3141 hac
594 3085 803 3159 synodo
855 3086 999 3155 pulsi
1052 3084 1308 3139 feruntur
1356 3085 1579 3142 sedibus
1623 3086 1739 3141 suis
1785 3085 2044 3143 catholici

459 3179 743 3250 praesules,
777 3178 1064 3247 exsiliique
1089 3177 1349 3233 aerumnis
1373 3179 1572 3247 partim
1605 3178 1814 3240 afllicti,
1844 3171 2047 3247 partim

460 3268 760 3338 absumpti,
798 3275 859 3321 ut
891 3266 1154 3320 admirari
1182 3276 1434 3336 Oporteat
1457 3282 1657 3321 arcana
1682 3266 1883 3321 divinae
1907 3283 2043 3338 pro-

460 3360 718 3414 videntia:
746 3358 996 3423 consilia,
1045 3357 1214 3416 trium
1246 3358 1610 3427 capitulorum
1639 3357 2047 3415 damnationem

457 3454 568 3524 jam
605 3450 733 3504 inde
756 3449 1054 3503 molientis.

534 3542 700 3613 216
728 3540 799 3594 Χ.
827 3541 1028 3595 Narrat
1047 3538 1374 3595 Theodorus
1405 3539 1608 3594 Lector
1633 3539 1701 3605 ⁷⁷,
1731 3539 1899 3594 Heliae
1918 3539 2047 3596 Hie-

463 3634 861 3705 rosolymorum
900 3631 1162 3702 episcopo
1201 3631 1529 3701 pratcepisse
1569 3632 1919 3687 Anastasium
1947 3635 2050 3688 im-

461 3733 795 3795 peratorem,
823 3733 884 3778 ut
913 3723 1182 3795 synodum
1211 3727 1618 3795 episcoporum,
1662 3725 1755 3795 qui
1788 3726 1891 3781 sub
1929 3726 2050 3797 ipso

461 3827 641 3879 erant,
675 3813 979 3885 colligeret,
1021 3822 1077 3867 et
1100 3821 1354 3884 quartam
1406 3813 1674 3886 synodum
1719 3814 2045 3871 damnaret:

463 3904 671 3960 Heliam
698 3919 829 3957 vero
865 3903 1135 3974 synodum
1182 3918 1293 3957 non
1324 3919 1706 3975 congregasse,
1731 3906 1824 3961 sed
1871 3907 2048 3961 solum

463 3995 781 4065 imperatori
822 3995 1041 4051 dedisse
1085 3995 1320 4061 litteras,
1373 3996 1577 4067 quibus
1622 3997 1941 4053 Nestorium
1993 4007 2052 4054 et

462 4090 769 4162 Eutychen,
813 4089 1111 4145 Diodorum
1138 4092 1273 4148 item
1309 4100 1365 4146 et
1399 4090 1753 4158 Theodorum
1782 4093 1904 4164 (nec
1942 4092 2048 4146 du-

462 4180 612 4235 bium
636 4182 770 4252 quin
793 4190 1127 4237 memoratos
1147 4184 1329 4253 alios),
1364 4183 1538 4254 ipsam
1577 4200 1796 4255 quoque
1816 4183 2049 4240 Chalce-

460 4275 760 4333 denensem
799 4276 1069 4347 synodum
1120 4276 1426 4333 damnaret.
1455 4275 1726 4348 Opinatur
1779 4276 2050 4332 Baronius

462 4365 517 4421 id
550 4367 816 4438 scriptum
839 4366 872 4422 a
896 4369 1187 4424 Theodoro
1212 4370 1280 4425 de
1302 4369 1458 4426 Helia
1482 4385 1583 4440 per
1620 4384 1869 4425 errorem
1898 4387 1911 4423 :
1949 4369 2049 4425 sed

2146 520 2321 574 sancti
2358 521 2561 577 Leonis
2593 520 2894 591 apostolica
2928 506 3093 583 fides,
3128 516 3214 570 vel
3245 515 3504 571 Ecclesia:
3533 514 3728 570 catho-

2145 610 2265 666 lica“,
2317 610 2568 666 definitio
2616 610 2900 667 miraculis
2950 616 3297 680 propugnata
3351 615 3459 660 est.
3499 605 3729 672 Verum,

2144 703 2404 773 quoniam
2460 704 2630 758 animi
2661 744 2674 766 ,
2735 710 3024 772 postquam
3084 698 3471 756 vehementius
3558 699 3728 754 semel

2144 795 2404 849 commoti
2431 802 2581 859 sunt,
2611 794 2703 849 vix
2751 809 2809 849 se
2853 793 3141 849 continent
3168 792 3309 847 intra
3352 789 3582 845 rationis
3608 805 3733 845 mo-

2144 886 2298 951 dum,
2332 886 2426 940 sed
2464 886 2672 956 impetu
2720 885 2837 955 rapi
2853 886 3042 941 solent
3079 883 3295 954 longius
3320 898 3484 953 quam
3510 882 3594 936 fas
3615 882 3728 936 sit:

2145 976 2375 1048 contigit
2418 986 2477 1033 ut
2520 977 2779 1049 Cyrensis
2801 977 2982 1033 clerus
3008 975 3353 1046 populusque
3380 973 3732 1028 scinderetur

2144 1069 2200 1124 in
2229 1080 2432 1140 partes,
2462 1070 2606 1135 aliis,
2641 1070 2861 1140 opinor,
2895 1068 3277 1139 sequentibus,
3304 1066 3430 1121 aliis
3469 1065 3730 1136 fugienti-

2145 1161 2250 1217 bus
2291 1161 2542 1233 Sergium
2576 1164 2920 1233 episcopum,
2953 1175 3117 1230 quem
3151 1158 3389 1215 Severus
3429 1157 3733 1212 Antioche-

2144 1269 2251 1309 nus
2292 1254 2761 1325 Eutychianorum
2796 1251 3227 1324 perditissimus,
3265 1258 3325 1306 et
3373 1251 3459 1305 sui
3487 1249 3733 1305 nominis

2145 1354 2317 1403 sectae
2354 1356 2549 1401 auctor
2595 1346 2968 1403 ordinaverat.
2995 1343 3237 1414 Contigit
3264 1342 3431 1398 etiam
3461 1343 3479 1364 θ
3514 1350 3576 1398 ut
3602 1354 3733 1411 pars

2145 1437 2320 1507 major
2345 1436 2725 1505 imprudenter
2770 1451 2829 1490 se
2877 1434 3220 1490 Nestorianis
3251 1431 3585 1503 quihusdam
3614 1439 3730 1485 tum

2145 1528 2450 1594 monachis,
2489 1538 2604 1584 tum
2635 1527 2870 1592 clericis,
2901 1524 3236 1599 adjunxerit.

2138 1670 2143 1673 .
2216 1620 2495 1675 incautam
2537 1618 2948 1675 multitudinem
2976 1616 3315 1687 impulerunt
3349 1614 3461 1669 duo
3499 1613 3558 1668 in
3606 1628 3733 1683 spe-

2144 1711 2287 1768 ciem
2322 1698 2553 1767 honesta
2577 1729 2590 1766 :
2616 1710 2951 1767 Theodoreti
2984 1709 3250 1773 studium,
3273 1721 3436 1778 quem
3461 1704 3734 1778 Cyrenses

2147 1822 2291 1877 pene
2314 1806 2641 1869 adorabant,
2662 1814 2717 1861 et
2756 1803 2947 1860 odium
2974 1802 3423 1869 Severianorum,
3462 1816 3494 1854 a
3524 1798 3733 1870 quibus

2150 1898 2387 1954 duarum
2443 1907 2764 1954 naturarum
2805 1904 3110 1953 assertores
3167 1895 3288 1951 dira
3351 1908 3530 1963 nuper
3583 1889 3731 1961 passi

2147 2000 2327 2048 erant.
2374 1990 2674 2061 Utriusque
2740 1989 3050 2046 affectionis
3106 1987 3423 2049 commumo
3466 1985 3734 2042 suadebat

2147 2084 2307 2140 facile
2361 2099 2557 2153 puram
2607 2098 2730 2139 esse
2783 2080 3011 2138 sceleris
3058 2081 3223 2137 hanc
3257 2079 3597 2144 societatem,
3624 2093 3733 2147 qua

2149 2173 2353 2228 bellum
2386 2180 2674 2243 gereretur
2707 2170 2865 2243 quasi
2892 2186 3131 2235 sacrum,
3160 2177 3219 2227 et
3263 2184 3585 2225 communes
3633 2168 3733 2223 hs-

2148 2273 2262 2320 stes
2285 2262 2693 2333 frangerentur,
2718 2262 3009 2331 utriusque
3052 2268 3266 2317 naturae
3304 2260 3535 2315 haeresis
3561 2259 3733 2314 elide-

2149 2366 2323 2411 relur.
2887 2352 2894 2359 ’

2222 2447 2289 2502 ll.
2309 2446 2571 2520 Cyrensis
2599 2446 2766 2517 igitur
2797 2443 3056 2503 Ecclesiae
3076 2441 3263 2499 clerici
3299 2441 3433 2506 duo,
3455 2440 3733 2497 Androni-

2150 2555 2250 2596 cus
2299 2540 2587 2611 presbyter
2625 2553 2691 2593 ac
2721 2537 2999 2600 defensor,
3038 2543 3095 2591 et
3128 2534 3398 2605 Georgius
3441 2533 3731 2598 diaconus,

2150 2641 2403 2687 auctores
2443 2631 2666 2686 fuerunt
2699 2628 3061 2692 multitudini,
3091 2637 3153 2684 ut
3191 2626 3623 2698 aggrederentur
3656 2624 3736 2677 fa.

2150 2723 2309 2778 ciuus
2343 2723 2585 2778 audacia:
2616 2722 3018 2792 plenissimum.
3050 2718 3132 2775 Ad
3162 2719 3479 2775 audendum
3504 2717 3734 2788 juvabat

2151 2815 2396 2871 conditio
2448 2830 2658 2871 rerum.
2708 2814 2946 2870 Severus
2985 2814 3133 2869 enim
3159 2813 3230 2868 ab
3276 2812 3609 2882 imperatore
3636 2809 3734 2865 lu.

2151 2906 2294 2965 stino
2323 2908 2617 2962 Antiochia
2652 2908 2861 2977 ejectus
2891 2906 3103 2977 fugerat
3138 2903 3555 2969 Alexandriam;
3593 2902 3736 2957 Pau-

2150 2999 2237 3055 lus
2269 2999 2504 3055 duarum
2532 3007 2853 3055 naturarum
2889 3007 3132 3053 assertor
3157 2998 3213 3052 in
3250 2997 3433 3052 locum
3472 2994 3737 3065 fugientis

2151 3092 2310 3161 217
2335 3100 2679 3147 successerat
2726 3108 2738 3144 :
2775 3090 2903 3146 inde
2950 3089 3150 3145 afﬂicta
3177 3088 3401 3157 quidem
3434 3094 3519 3142 est
3565 3086 3738 3157 Euty-

2150 3185 2475 3241 ehianorum
2534 3181 2719 3247 factio,
2753 3196 2867 3236 non
2916 3190 3099 3236 tamen
3131 3188 3436 3251 prostrata;
3487 3177 3738 3232 animum

2150 3276 2298 3331 enim
2357 3290 2536 3345 nuper
2581 3274 2739 3344 quasi
2803 3271 3093 3344 tyrannide
3147 3272 3354 3328 elatum
3409 3268 3739 3325 continebat

2152 3368 2339 3437 potius
2373 3381 2537 3436 quam
2566 3366 2901 3436 deponebat.

2222 3458 2309 3513 Ill.
2374 3458 2445 3514 Ut
2501 3456 2721 3511 afﬂictis
2759 3456 3093 3512 insultarent
3134 3453 3346 3519 clerici,
3397 3467 3538 3523 quos
3599 3451 3739 3515 dixi,

2150 3548 2485 3604 Theodoreti
2509 3548 2803 3617 imaginem
2831 3548 3018 3603 currui
3052 3547 3363 3618 impositam
3395 3545 3743 3616 triumphan-

2153 3642 2221 3697 tis
2250 3656 2403 3697 more
2440 3641 2494 3695 in
2523 3640 2802 3695 civitatem
2839 3639 3231 3705 introducunt;
3267 3638 3638 3695 circumfusus
3654 3646 3739 3693 est

2148 3730 2418 3801 plaudens
2440 3730 2698 3799 p0pulus,
2724 3736 2781 3784 et
2820 3738 3151 3799 personante
3179 3729 3422 3799 epinicio
3442 3769 3458 3793 ,
3485 3727 3741 3798 procedit

2149 3837 2346 3892 pompa
2392 3821 2461 3876 ad
2501 3821 2788 3891 templum,
2840 3836 3052 3890 suoque
3101 3820 3302 3875 throno
3352 3820 3739 3875 Theodoretus

2148 3913 2489 3979 restituitur;
2522 3914 2835 3967 celebratur
2858 3914 3078 3983 synaxis
3104 3925 3259 3966 saera
3290 3911 3349 3965 in
3377 3909 3732 3972 Theodoreti,

2149 4004 2509 4074 Diodorique,
2550 4015 2607 4060 et
2634 4005 2912 4060 Theodori
2936 4005 3239 4070 honorem;
3268 4002 3378 4057 imo
3406 4013 3465 4058 et
3493 4003 3734 4060 Nestorii

2148 4098 2406 4167 martyris
2459 4097 2518 4150 fit
2574 4097 2864 4163 memoria;
2912 4103 3174 4166 operatur
3219 4096 3413 4160 sacris,
3446 4094 3595 4164 quod
3647 4096 3737 4149 in-

2147 4202 2319 4243 nuere
2350 4188 2570 4243 videtur
2588 4188 2790 4243 Justini
2830 4187 3065 4250 sanctio,
3107 4187 3341 4256 ipsemet
3371 4184 3599 4255 Sergius
3619 4185 3734 4254 epi-

2147 4292 2367 4347 scopus.
2394 4276 2532 4343 Quid
2559 4276 2706 4331 enim
2730 4292 2840 4331 non
2864 4276 3008 4332 ausit
3039 4274 3320 4345 popularis
3341 4274 3584 4338 vesania,
3610 4289 3733 4328 cum

2147 4367 2305 4425 furor
2332 4367 2653 4438 religionem
2679 4367 3016 4424 ementitur?

461 4450 801 4529 argumentis
831 4460 944 4514 suis
964 4475 1073 4514 non
1098 4459 1285 4528 eﬂicit,
1311 4468 1372 4517 ut
1394 4461 1499 4533 ipsi
1521 4475 1713 4517 omnes
1736 4460 2045 4517 assentian—
2079 4489 2124 4544 θ
2221 4459 2310 4514 iV.
2347 4460 2481 4514 Tam
2534 4460 2789 4529 projects:
2833 4457 3102 4522 audaciae,
3132 4465 3404 4527 tantaeque
3438 4456 3736 4526 impietatis

465 4561 575 4606 ιιιτ.

1091 4666 1317 4724 CAPUT
1353 4665 1468 4723 XV.

463 4758 505 4812 Ι.
544 4755 822 4830 Conversio
860 4775 1040 4830 rerum
1080 4759 1386 4815 Theodoreti
1417 4759 1489 4830 ob
1532 4756 1817 4830 tumultum
1848 4757 2048 4830 Cyren-

530 4845 658 4883 sem.
692 4829 757 4894 ll,
785 4829 1177 4900 [litinducitur
1210 4830 1376 4900 ipsius
1409 4828 1589 4900 imago
1619 4827 1832 4900 Cyrum,
1854 4827 2047 4900 trium-

530 4901 618 4969 phi
650 4916 810 4953 more.
851 4899 931 4953 Fit
978 4902 1193 4972 synaxis
1244 4899 1529 4972 injpsius,
1567 4899 1675 4972 imo
1717 4907 1767 4972 et
1815 4899 2045 4972 {Vestorii

532 4968 785 5041 martyris
811 4968 1079 5024 honorent.
1113 4970 1198 5023 IV.
1235 4968 1376 5041 Inde
1401 4970 1679 5041 commotio
1720 4970 1776 5022 in
1808 4968 2039 5025 Oriente.

532 5041 595 5103 γ.
630 5038 929 5111 Imperator
951 5039 1313 5111 jubetiinquiji
1343 5038 1407 5091 de
1432 5055 1505 5091 re.
1528 5039 1605 5093 Vl.
1637 5039 1876 5093 Incertus
1898 5058 2045 5110 qua:-

528 5108 723 5165 stionis'
772 5108 1002 5163 eventus.
1078 5108 1195 5180 VII.
1244 5108 1463 5180 Tempus
1534 5117 1668 5164 acta
1752 5108 2040 5180 tragaédiw.

538 5181 667 5236 \‘lll.
716 5180 861 5237 Unde
902 5179 1277 5231 monachorum
1324 5177 1507 5249 religio
1548 5196 1675 5250 erga
1720 5177 2039 5236 Nestorium.

867 5265 942 5314 Ab
968 5279 1096 5314 anno
1120 5263 1299 5315 Christi
1324 5267 1416 5316 518
1445 5267 1502 5316 ad
1527 5268 1635 5316 527.

534 5365 577 5420 Ι.
613 5365 889 5419 Hactenus
913 5364 1205 5420 honestum
1237 5364 1419 5421 fuerat
1447 5366 1517 5421 ab
1550 5366 1617 5423 iis
1643 5368 1832 5423 vexari
1867 5368 2047 5422 Theo-

462 5456 642 5511 doreti
673 5472 894 5521 nomen,
926 5474 1161 5527 quorum
1194 5459 1447 5529 impietas
1476 5469 1605 5515 nota
1643 5469 1791 5517 esset
1824 5479 1835 5515 :
1871 5461 2047 5514 fuerat

463 5557 522 5603 et
558 5547 877 5617 gloriosum,
907 5565 1227 5606 communes
1276 5552 1387 5622 pali
1436 5568 1560 5607 cum
1601 5562 1788 5607 sancta
1836 5552 2046 5622 synodo

2150 4550 2365 4605 novitas
2385 4552 2681 4606 commovit
2708 4552 2927 4614 merito,
2947 4566 3058 4604 non
3091 4557 3302 4604 tantum
3328 4549 3551 4620 Cyrum,
3577 4549 3736 4618 cujus

2145 4642 2201 4697 in
2232 4641 2410 4697 oculis
2452 4658 2540 4698 res
2570 4644 2851 4714 agebatur,
2903 4642 2999 4698 sed
3033 4643 3219 4707 etiam,
3249 4642 3391 4697 fama
3450 4643 3731 4713 vulgante,

2147 4742 2316 4790 totam
2360 4734 2803 4806 Euphratesiam,
2838 4737 2996 4806 cujus
3032 4735 3330 4805 provinciae
3360 4749 3485 4804 pars
3511 4743 3597 4789 est
3628 4732 3732 4804 Cy-

2144 4843 2240 4883 rus
2282 4844 2294 4880 :
2322 4827 2434 4882 imo
2455 4837 2511 4883 et
2549 4827 2722 4897 ipsam
2751 4826 3124 4891 Antiochiam,
3155 4823 3453 4882 Orientalis
3477 4824 3734 4880 diceeesis

2150 4920 2387 4990 primam
2426 4919 2634 4985 sedem,
2667 4928 2834 4989 atque
2861 4919 3029 4975 etiam
3053 4918 3610 4989 Constantinopolim,
3634 4916 3737 4969 im-
3770 4968 3777 4977 .

2152 5010 2289 5081 perii
2317 5020 2502 5081 caput.

2222 5101 2326 5168 Qui
2375 5099 2575 5173 Cyrum
2611 5100 2946 5166 incolebant,
2986 5099 3312 5172 Eutychiani
3369 5099 3739 5154 communiter

2152 5202 2317 5262 atque
2364 5192 2633 5248 Catholici
2672 5204 3008 5249 curaverunt
3038 5209 3069 5247 a
3097 5192 3389 5247 defensore
3416 5199 3567 5262 gesta
3606 5207 3740 5245 con-

2156 5284 2267 5347 fici,
2292 5300 2414 5352 quae
2446 5284 2513 5338 ad
2547 5284 2837 5352 praesidem
2880 5285 3182 5355 provincia:
3212 5285 3586 5338 mitterentur.
3621 5282 3740 5336 Eu-

2155 5372 2395 5442 tychiani
2430 5373 2782 5443 singulariter
2813 5375 2882 5430 ad
2922 5377 3218 5446 primatem
3256 5374 3743 5444 Hierapolitanum

2153 5462 2221 5515 de
2247 5478 2305 5514 re
2333 5471 2441 5515 tota
2475 5464 2802 5519 retulerunt.
2843 5466 2893 5520 Is
2922 5478 3039 5521 erat
3076 5465 3315 5520 Xenaias
3338 5481 3433 5519 seu
3475 5464 3740 5534 Philoxe:

2152 5569 2258 5607 nus
2276 5554 2675 5623 Acephalorum
2702 5558 3093 5627 nequissimus.
3121 5556 3377 5612 Confecta
3418 5564 3547 5611 sunt
3566 5553 3740 5609 etiam

1803 5687 2123 5745 SCIIULZII
2164 5687 2395 5744 NOTAE.

528 5770 578 5815 ’⁷⁷
610 5784 729 5840 Lib.
759 5785 950 5840 ""581.
982 5782 1158 5837 eccies.
