3954 6294
239 262 347 329 i6}

1427 273 1787 334 HISTORIA
1827 277 2336 342 TliEODORE‘l’L

3402 288 3501 353 Ῑτο

180 374 192 435 ζ
245 385 550 444 Antiochia
575 397 748 460 gesta,
773 388 981 444 auditis
1009 386 1276 444 militibus
1295 387 1363 442 de
1395 386 1557 442 tertio
1593 402 1822 440 numero
1854 392 1898 448 Α
1924 395 2170 459 consule,
2199 395 2266 450 ad
2311 395 2553 452 orientis
2585 397 2896 468 ρτείεειωη
2935 397 3105 454 sam
3141 399 3498 456 scriberetur.

245 479 748 546 Stabilisianorum,
793 483 887 551 qui
943 481 1068 552 Cyri
1113 480 1364 544 aderant,
1392 479 1522 533 dum
1572 486 1825 548 ageretur

246 573 461 640 fabula;
490 577 701 644 perlata
761 585 889 630 sunt
935 575 992 629 in
1037 575 1231 629 urbem
1286 574 1487 645 regiam
1517 580 1572 628 et
1627 571 1742 626 lucc
1770 582 1826 625 et

249 666 338 720 illa
372 683 384 718 :
420 665 642 721 additur
667 667 1044 735 Euphratesia
1076 666 1369 738 provincia:
1419 665 1823 735 episcOpornm,

249 759 527 829 ipsiusque
546 757 722 830 Sergii
747 759 986 823 libellus,
1009 775 1119 830 quo
1140 758 1423 815 Nestorins
1451 757 1823 816 damnaretur,

247 862 300 906 et
331 859 570 921 quatuor
589 851 953 906 conciliorum
983 849 1120 905 ﬁdes
1147 849 1494 919 probaretur.

318 943 381 996 ν.
413 942 681 997 Perlectis
711 942 990 1006 omnibus,
1025 941 1325 1012 imperator
1353 936 1614 1009 praifecto
1633 934 1828 990 Orien-

251 1035 320 1090 tis
352 1033 447 1089 dat
477 1033 790 1104 inquirendi
830 1033 1169 1095 mandatum,
1195 1038 1253 1086 ct
1282 1030 1416 1084 illud
1453 1027 1676 1098 quidem
1705 1041 1829 1079 ver-

250 1128 356 1191 bis,
392 1137 453 1182 ut
485 1142 583 1197 par
615 1135 753 1186 erat,
782 1125 908 1180 ﬁdei
943 1125 1126 1180 studio
1151 1121 1390 1179 incensis
1424 1120 1488 1172 ⁷⁸.
1534 1139 1550 1169 ι
1585 1119 1662 1174 Ne
1693 1115 1831 1171 emi—

250 1219 438 1275 nentia
464 1228 553 1273 tua
593 1227 836 1272 nostram
877 1216 1256 1272 tantummodo
1286 1208 1830 1280 timeatindignatio—

249 1327 399 1374 nem,
442 1309 538 1365 sed
570 1309 738 1365 etiam
784 1309 880 1364 Dei
929 1309 1104 1373 iram;
1135 1323 1246 1362 non
1273 1307 1418 1378 piget
1461 1318 1565 1359 nos
1603 1309 1658 1357 et
1681 1301 1833 1372 jura-

250 1411 497 1458 mentum
527 1400 577 1454 ei
626 1400 909 1472 imponere
952 1400 1007 1454 in
1045 1399 1265 1454 nomine
1296 1396 1512 1453 Domini
1551 1402 1608 1449 et
1647 1390 1834 1446 Salva-

251 1493 389 1548 toris
412 1491 622 1548 Christi
651 1491 747 1546 Dei
781 1490 976 1554 nostri,
1005 1489 1074 1545 ad
1103 1505 1267 1559 quem
1290 1488 1417 1543 talia
1444 1485 1740 1556 pertinent,
1775 1487 1834 1531 ut

252 1587 425 1655 ipsam
450 1585 740 1639 veritatem
773 1583 1018 1652 undique
1048 1583 1336 1653 requiras:
1371 1588 1426 1636 et
1455 1577 1726 1650 siquidem
1751 1573 1834 1626 in-

251 1681 546 1734 veniantur
584 1677 787 1732 milites
815 1693 911 1747 per
937 1677 1119 1731 omnia
1146 1675 1277 1730 falsa
1319 1673 1542 1735 dixisse,
1569 1679 1624 1725 et
1652 1678 1830 1737 neque

249 1785 352 1840 pro
399 1769 660 1839 imagine,
692 1783 871 1838 neque
921 1783 1020 1838 pro
1066 1766 1387 1821 collectione
1434 1778 1560 1818 vera
1599 1761 1822 1821 dixisse,

249 1872 361 1911 non
399 1866 611 1911 tantum
642 1872 736 1919 ea,
767 1871 886 1925 qua:
923 1855 980 1908 in
1017 1853 1330 1908 Nestorium
1359 1852 1695 1914 referuntur,
1729 1851 1822 1904 sed

249 1950 420 2004 etiam
451 1949 563 2013 illa,
597 1965 716 2016 qua:
741 1948 795 2002 in
821 1945 1232 2002 Theodoretum
1259 1954 1314 1999 et
1362 1944 1712 1999 Theodorum
1765 1960 1826 1996 ac

227 2029 575 2102 Diodorum,
615 2055 741 2093 mox
789 2037 1088 2092 fortissimo
1127 2052 1360 2092 numero
1404 2036 1718 2106 ejiciantur,
1771 2034 1826 2086 in

247 2146 360 2200 quo
391 2131 632 2185 militare
673 2137 994 2190 noscuntur,
1018 2136 1073 2183 et
1119 2127 1378 2183 omnibus
1407 2127 1696 2182 tormentis
1738 2140 1830 2178 eo-

251 2238 373 2277 rum
397 2237 632 2291 corpora
663 2222 1000 2276 crucientur.
1030 2220 1087 2276 Si
1116 2228 1298 2274 autem
1323 2218 1611 2273 veritatem
1637 2217 1692 2271 in
1715 2217 1831 2270 suis

252 2311 698 2381 depositionibus
733 2310 992 2375 dixerint,
1036 2310 1150 2364 sive
1174 2325 1275 2379 pro
1302 2309 1557 2378 imagine,
1585 2309 1697 2362 sive
1731 2323 1830 2376 pro

247 2404 580 2459 collectione
610 2404 695 2458 vel
725 2403 988 2467 Nestorii,
1018 2402 1105 2457 vel
1133 2403 1368 2456 aliorum
1392 2401 1578 2463 trium,
1612 2399 1679 2454 de
1713 2414 1833 2452 om-

250 2495 419 2550 nibus
451 2495 615 2550 nobis
657 2508 907 2564 suggere,
943 2501 1004 2546 ut
1039 2508 1372 2562 cognoscere
1401 2492 1672 2560 possimus
1714 2504 1830 2552 eos,

253 2587 348 2656 qui
383 2587 440 2640 in
494 2601 680 2640 veram
708 2595 762 2640 et
802 2585 1227 2648 immaculatum,
1255 2599 1418 2653 quam
1450 2593 1505 2638 et
1549 2599 1650 2637 nos
1697 2583 1833 2636 coli-

254 2693 399 2739 mus,
460 2676 622 2730 iidem
667 2683 1056 2746 peccaverunt.
1099 2673 1176 2728 Nc
1215 2673 1346 2744 quid
1393 2683 1578 2728 autem
1623 2689 1690 2727 ex
1725 2672 1832 2733 his,

254 2785 377 2840 qua:
399 2784 431 2822 a
457 2768 618 2822 nobis
647 2767 786 2822 lecta
828 2772 977 2830 sunt,
1005 2773 1155 2819 tuam
1189 2765 1626 2836 magnitudinem
1670 2763 1839 2835 218

255 2859 459 2922 lateat,
499 2857 766 2928 iussimus
799 2855 991 2910 eadem
1028 2864 1208 2927 gesta,
1246 2870 1370 2924 qua:
1414 2854 1542 2926 Cyri
1588 2854 1836 2908 confecta

255 2957 410 3012 sunt,
447 2956 504 3002 et
543 2947 613 3001 ad
659 2962 761 3002 nos
800 2947 1001 3008 relata,
1030 2961 1133 3001 nec
1161 2962 1270 3001 non
1317 2945 1582 3016 rescripta
1620 2959 1833 3007 eorum,

1999 485 2130 541 V’Ill.
2169 489 2286 543 Non
2325 489 2465 553 erit,
2501 490 2717 560 Opinor,
2766 490 3006 546 alienum
3047 505 3076 546 a
3105 491 3227 546 loco
3264 493 3501 563 aperire,

1927 579 2073 633 unde
2099 590 2218 634 orta
2243 581 2314 635 sit
2348 583 2741 639 monachorum
2767 581 3130 638 Orientalium
3161 599 3290 656 erga
3311 585 3499 642 Nesto-

1929 671 2071 726 rium
2117 673 2332 743 religio.
2389 691 2498 744 qua
2560 675 3006 746 improbissimus
3045 673 3256 731 Christi
3303 677 3499 738 hostis.

1927 765 2082 833 quasi
2120 775 2329 838 martyr
2360 767 2509 829 lidei,
2533 775 2590 822 et
2623 768 2808 823 cultus
2842 769 2915 824 sit
2937 767 3064 822 olim
3086 806 3100 831 ,
3126 777 3182 822 et
3199 769 3501 822 etiamnum

1929 856 2142 911 colatur
2165 857 2240 912 ab
2264 858 2528 922 Ecclesia,
2547 861 2634 914 cui
2661 875 2862 914 nomen
2896 860 3043 915 fecit.

2009 948 2088 1002 Ex
2108 965 2218 1019 quo
2257 949 2472 1021 imperii
2495 951 2655 1006 sedes
2673 950 2962 1006 Antiochia
2985 950 3304 1022 Byzantium
3331 959 3512 1006 trans-

1930 1039 2038 1095 lata
2067 1051 2170 1106 est,
2206 1041 2438 1112 perfecit
2471 1043 2687 1098 artibus
2713 1042 2829 1098 suis
2860 1043 3018 1100 urbis
3044 1043 3207 1115 regiae
3241 1043 3504 1106 antistes,

1932 1138 1992 1182 ut
2021 1132 2364 1186 Antiocheno
2415 1133 2633 1202 praeiret
2660 1148 2673 1185 :
2718 1131 2843 1186 inde
2867 1138 2994 1187 nata
3019 1130 3251 1186 Asianos
3279 1129 3420 1184 inter
3449 1137 3508 1184 et

1927 1218 2238 1277 Orientales
2268 1221 2492 1277 invidia:
2533 1223 2693 1292 plena
2720 1221 2998 1277 aamulatio
3027 1233 3042 1268 :
3071 1219 3198 1274 inde
3222 1218 3510 1289 episcopo.

1932 1331 2053 1370 rum
2090 1318 2254 1373 etiam
2290 1319 2344 1373 in
2381 1317 2654 1379 conciliis.
2685 1325 2741 1372 et
2767 1317 3012 1387 ipsorum
3046 1329 3266 1384 quoque
3289 1321 3506 1370 sancto-

1933 1419 2055 1459 rum
2099 1407 2494 1462 monachorum
2538 1405 2798 1474 frequens
2834 1403 3029 1459 scissio
3062 1419 3075 1455 :
3121 1401 3246 1457 inde
3272 1400 3508 1457 Asiana-

1935 1511 2056 1550 rum
2100 1505 2220 1550 orta
2267 1495 2628 1565 impatientia,
2652 1495 2697 1548 si
2741 1493 2961 1564 quando
3006 1507 3073 1546 ex
3114 1489 3506 1553 Orientalibus,

1933 1589 2235 1657 przesertim
2258 1587 2560 1651 monachis,
2590 1584 3253 1655 Constantinopolitanum
3276 1582 3332 1637 in
3353 1582 3511 1637 thro-

1933 1694 2066 1733 num
2104 1678 2303 1750 aliquis
2347 1677 2676 1733 eveheretur
2705 1693 2718 1729 :
2752 1676 2878 1731 inde
2909 1691 3018 1731 non
3056 1674 3282 1729 minima
3314 1687 3507 1738 causa,

1930 1788 2032 1826 cur
2051 1771 2474 1842 Chrysostomns
2508 1771 2728 1841 indigna
2770 1769 3007 1840 plurima
3046 1781 3238 1838 passus
3263 1765 3356 1830 sit,
3377 1773 3434 1820 et
3474 1779 3507 1818 a

1928 1865 2044 1918 suis
2067 1864 2304 1929 clericis,
2329 1870 2385 1918 et
2410 1863 2478 1917 ab
2505 1861 2975 1917 urbismonachis.

2024 1955 2402 2010 Antiochenus
2427 1962 2546 2008 erat
2575 1953 2897 2017 Nestorius;
2926 1952 2980 2006 in
3010 1949 3273 2021 Euprepii
3312 1963 3504 2004 mona-

1931 2049 2101 2102 sterio
2136 2046 2439 2102 sanctitatis
2479 2047 2796 2117 opinionem
2837 2044 3166 2114 collegerat;
3194 2041 3426 2097 ﬂorebat
3451 2041 3506 2096 in

1932 2138 2270 2194 Antiochena
2297 2137 2561 2201 Ecclesia,
2583 2152 2708 2190 cum
2729 2132 3348 2203 Constantinbpolitante
3371 2147 3510 2201 prai-

1932 2228 2110 2284 fectus
2145 2235 2258 2293 est;
2298 2225 2351 2280 id
2389 2241 2567 2296 neque
2608 2224 2861 2280 monachi
2910 2237 3089 2292 neque
3133 2221 3319 2276 clerici
3355 2221 3511 2274 urbis

1934 2319 2098 2390 regiae
2146 2333 2304 2388 :equo
2347 2316 2532 2371 animo
2573 2317 2840 2378 tulerunt,
2876 2313 3027 2368 velut
3064 2311 3151 2366 sui
3190 2318 3510 2381 contemptu

1935 2410 2160 2473 factum;
2189 2405 2646 2462 dissimulandum
2674 2415 2854 2459 tamen
2878 2403 2982 2457 fuit
3006 2410 3234 2471 propter
3256 2399 3504 2453 volunta-

1936 2508 2044 2554 tem
2067 2498 2354 2569 principis,
2370 2506 2425 2550 et
2451 2494 2794 2550 cohibendus
2816 2491 3161 2556 livor,donec
3178 2488 3404 2544 ultionis
3423 2505 3513 2542 oc-

1934 2591 2086 2645 casio
2101 2606 2159 2644 se
2176 2589 2350 2644 daret.
2370 2587 2571 2645 Verum
2593 2585 2684 2640 ubi
2709 2584 2944 2655 primum
2963 2581 3251 2637 Nestorius
3271 2577 3516 2649 prodidit

1939 2681 2212 2744 haeresim,
2259 2681 2370 2751 jam
2404 2695 2513 2734 non
2561 2693 2618 2732 se
2647 2674 2922 2731 continuit
2954 2671 3349 2727 monachorum
3384 2669 3518 2723 aﬂ'eo

1937 2783 2082 2836 ctus,
2109 2774 2274 2844 219
2308 2771 2404 2828 sed
2440 2769 2628 2824 divino
2667 2766 2932 2821 instinctu
2978 2770 3289 2818 commotus
3331 2758 3518 2829 erupit

1941 2868 1996 2922 in
2028 2877 2271 2937 apertam
2320 2863 2746 2922 dissensionem.
2782 2857 2969 2913 Saaviit
3003 2854 3292 2910 Nestorius
3335 2853 3389 2906 in
3421 2850 3516 2906 ad—

1941 2966 2264 3012 versantes:
2301 2954 2489 3008 libcllo
2516 2952 2594 3006 illi
2626 2949 2908 3020 petierunt
2933 2946 3005 3001 ab
3040 2945 3371 3012 imperatore
3396 2939 3514 3010 cogi

255 3056 381 3112 quae
419 3038 724 3094 Ληιὶοειίῖω
767 3040 1014 3094 conice“!
1073 3047 1222 3102 sum.
1258 3037 1358 3091 tibi
1404 3036 1725 3099 transmitti.
1777 3044 1839 3090 ιιι
1867 3061 1912 3120 ο
1945 3047 2261 3108 concilium,
2292 3060 2402 3114 quo
2443 3041 2666 3097 haeresis
2707 3040 3064 3094 damnaretur
3095 3052 3108 3088 :
3138 3049 3253 3088 rem
3300 3046 3522 3102 promo-

259 3141 385 3203 post
423 3131 669 3188 confecta
715 3133 920 3194 omnia,
953 3145 1074 3200 qua:
1113 3129 1398 3200 iussimus,
1444 3129 1644 3183 iterum
1679 3127 1841 3181 nobis

261 3222 622 3276 remittantur
651 3222 791 3291 ipsa,
821 3237 944 3291 quae
983 3221 1037 3273 in
1082 3219 1224 3289 Cyro
1247 3218 1497 3273 confecta
1535 3223 1665 3272 sunt
1696 3236 1709 3270 :
1740 3233 1840 3286 pro

263 3315 368 3368 hac
400 3313 605 3368 etenim
639 3330 803 3367 causa
830 3312 1230 3366 destinavimus
1258 3310 1522 3364 Thomam
1553 3310 1829 3364 devotissi-

261 3422 415 3463 mum
452 3414 701 3476 agentem
731 3404 786 3457 in
824 3404 989 3458 rebus
1013 3411 1072 3457 et
1115 3401 1493 3470 subadjuvam.
1536 3400 1730 3453 Latum
1770 3415 1839 3452 vn

264 3497 396 3556 ldus
437 3496 685 3567 Augusti,
716 3492 1215 3563 Constantinopoli,
1254 3491 1479 3545 Rustico
1521 3489 1584 3543 Υ.
1610 3489 1671 3544 C.
1711 3503 1842 3543 con-

261 3590 404 3644 sule.
443 3607 461 3640 ι

338 3682 426 3736 Ἦ.
457 3679 600 3747 Quid
637 3688 994 3734 consecutum
1028 3677 1120 3740 sit,
1149 3686 1243 3731 aut
1282 3691 1446 3746 quam
1499 3675 1689 3730 tulerit
1745 3672 1842 3729 Ju-

263 3773 466 3836 stinus,
499 3771 727 3842 perlatis
755 3769 821 3824 ad
873 3784 933 3824 se
978 3768 1166 3839 gestis,
1195 3767 1546 3830 sententiam,
1595 3765 1840 3834 ignotum

262 3871 353 3918 est
376 3880 390 3916 :
417 3862 680 3917 credibile
716 3869 918 3925 tamen,
947 3867 1043 3913 aut
1068 3873 1284 3912 causam
1319 3866 1437 3911 arte
1463 3855 1682 3926 politica
1705 3870 1839 3909 con-

264 3955 522 4025 sopitam,
547 3970 616 4009 ne
635 3953 762 4023 quis
781 3951 1133 4022 inquisitione
1162 3965 1290 4004 reus
1314 3949 1840 4020 deprehenderetur,

263 4060 432 4114 quem
463 4045 760 4099 innocuum
786 4041 958 4095 videri
983 4040 1276 4104 intererat;
1307 4047 1402 4092 aut
1429 4037 1839 4107 inquisitionem

262 4136 437 4207 gestis
469 4152 579 4190 non
605 4135 900 4189 admodum
928 4133 1270 4188 consensisse
1301 4149 1314 4185 :
1361 4147 1541 4202 neque
1577 4131 1724 4185 enim
1748 4129 1844 4183 Ju-

265 4229 544 4282 stinianus
594 4227 890 4296 imperator
917 4224 1262 4294 neglexisset,
1288 4238 1388 4293 pro
1419 4238 1520 4278 suo
1546 4215 1713 4278 triu'm
1749 4236 1841 4276 ca-

264 4317 570 4388 pitulorum
609 4316 757 4380 odio,
789 4314 835 4369 si
877 4314 1009 4385 quid
1048 4313 1305 4369 acerbius
1349 4313 1649 4368 indicatum
1675 4319 1852 4378 esset,

1943 3138 2022 3192 vit
2051 3137 2274 3199 acriter,
2307 3145 2470 3203 atque
2499 3131 2663 3186 etiam
2707 3128 2937 3200 perfecit
2969 3123 3294 3186 Dalmatius,
3330 3136 3520 3176 mona-

1941 3231 2170 3285 chorum
2219 3225 2373 3280 urbis
2416 3222 2690 3278 exarchus
2721 3237 2735 3274 :
2767 3218 3014 3275 Orientis
3037 3232 3068 3273 e
3103 3213 3379 3272 contrario
3403 3229 3520 3268 mo-

1943 3322 2104 3377 nachi
2137 3318 2364 3390 Ephesi,
2391 3331 2500 3386 quo
2525 3312 2925 3375 conﬂuxerant,
2947 3325 3071 3366 cum
3096 3309 3288 3364 Patres
3313 3319 3518 3361 conve-

1943 3415 2148 3476 nirent,
2177 3427 2279 3482 pro
2327 3409 2584 3464 Nestorio
2638 3420 2739 3460 suo
2788 3401 3106 3458 tumultuati
3152 3407 3301 3464 sunt,
3349 3406 3401 3452 et
3443 3395 3519 3451 ita

1940 3507 2185 3577 quidem,
2211 3513 2272 3558 ut
2297 3503 2385 3556 vix
2410 3497 2841 3570 comprimendis
2873 3510 3034 3566 pares
3058 3502 3246 3548 essent
3265 3506 3391 3546 cum
3419 3489 3521 3543 mi-

1942 3599 2130 3654 litibus
2154 3594 2404 3652 comites.
2433 3592 2712 3662 Deiectum
2743 3587 3055 3644 Nestorium
3087 3582 3429 3639 reduxerunt
3450 3580 3519 3634 ad

1943 3688 2206 3760 Euprepii
2245 3683 2680 3742 monasterium:
2713 3681 2769 3734 in
2798 3679 2904 3733 hoc
2943 3678 3035 3732 ille
3073 3685 3246 3730 annos
3282 3683 3522 3743 quatuor

1944 3783 2184 3852 integros
2205 3778 2405 3848 exegit,
2422 3775 2549 3830 inde
2572 3771 2816 3828 Orientis
2839 3766 3172 3823 monasteria
3193 3763 3518 3827 sollicitans,

1944 3883 2106 3944 atque
2134 3872 2300 3926 etiam
2343 3883 2469 3924 suas
2499 3867 2555 3922 in
2593 3873 2778 3936 partes
2804 3861 3103 3916 abducens.
3135 3854 3378 3911 Fallendi
3427 3869 3521 3908 ars

1942 3969 2080 4023 erat,
2115 3960 2199 4014 vel
2229 3974 2358 4021 una,
2396 3957 2481 4011 vel
2503 3951 2900 4014 efﬁcacissima,
2934 3946 3176 4019 pietatis,
3214 3945 3516 4015 patientiae,

1944 4067 2128 4108 rerum
2159 4051 2523 4104 humanarum
2575 4041 2950 4114 despicientiae
2979 4054 3043 4093 ac
3066 4036 3408 4108 paenitentia:
3440 4036 3520 4090 af-

1942 4144 2141 4199 fectata
2180 4140 2414 4211 species.

2014 4233 2057 4287 E
2111 4227 2446 4285 monasterio
2489 4225 2810 4294 deportatus
2861 4218 2917 4272 in
2972 4215 3182 4281 Oasim,
3219 4227 3522 4284 perpessus

1944 4331 2028 4379 est
2064 4337 2185 4391 qua:
2229 4320 2319 4372 vix
2371 4329 2612 4386 unquam
2659 4309 3062 4384 generosissimi
3106 4318 3374 4378 martyres
3411 4323 3424 4359 :
3455 4321 3521 4361 ca

266 4407 327 4462 id
353 4409 417 4462 ad
445 4407 639 4479 SY'Wdi
664 4407 853 4462 Ρίὶιτθε
875 4407 1269 4470 transmittere»
1291 4420 1417 4460 cum
1443 4405 1634 4459 Charta
1662 4404 1843 4459 Sacra
1873 4399 1917 4455 θ
1953 4409 2378 4468 lamentabiliter
2405 4405 2546 4461 mala
2571 4401 2846 4472 exposuit,
2869 4415 2976 4469 qua
3015 4397 3256 4468 pollebat
3280 4404 3396 4450 arte
3433 4394 3522 4450 di—

265 4515 302 4554 a
336 4499 554 4555 Justino
578 4498 826 4568 scriptae,
854 4513 1018 4566 quam
1043 4512 1074 4552 e
1111 4496 1333 4552 scriniis
1376 4495 1625 4566 diligenti
1660 4494 1846 4550 studio

264 4591 439 4646 eruit.

347 4683 458 4737 VII.
491 4683 616 4738 llzec
657 4698 822 4753 porro
849 4683 964 4738 sive
1008 4683 1293 4753 tragoedia,
1319 4682 1434 4737 sive
1488 4681 1690 4746 fabula,
1719 4681 1846 4754 Cyri

267 4783 396 4829 acta
420 4781 506 4828 est
525 4789 669 4828 anno
703 4773 908 4829 Christi
931 4773 1033 4829 519
1049 4780 1307 4838 exeunte,
1331 4773 1478 4843 quod
1505 4773 1846 4837 credibilius,

267 4874 373 4920 aut
394 4866 778 4934 consequentis
811 4865 985 4930 initio,
1008 4881 1118 4935 quo
1149 4879 1294 4919 anno
1315 4865 1572 4920 Rusticus
1592 4865 1843 4919 consula-

266 4966 392 5010 tum
431 4956 602 5026 gessit
652 4973 664 5009 :
703 4971 884 5025 neque
923 4956 1070 5010 enim
1116 4956 1298 5024 potuit
1341 4971 1502 5011 causa
1539 4964 1618 5011 tot
1654 4957 1841 5026 gestis,

264 5058 464 5117 totque
509 5046 767 5116 precibus
804 5053 860 5101 et
905 5046 1146 5102 libellis'
1194 5046 1480 5110 instructa,
1511 5047 1664 5101 brevi
1709 5057 1846 5103 tem-

263 5156 429 5210 pore,
462 5150 559 5195 aut
593 5139 1124 5210 Constantinopolim
1166 5141 1356 5196 venire
1389 5139 1531 5213 Cyro
1560 5148 1666 5195 tam
1714 5157 1844 5210 pro-

261 5242 364 5289 cul
395 5237 668 5300 distante,
694 5244 790 5290 aut
825 5235 882 5290 in
908 5235 1032 5290 aula
1065 5234 1301 5304 negotiis
1334 5241 1558 5304 propter
1589 5233 1845 5288 Vitaliani

181 5377 202 5404 5
262 5327 518 5381 consulis
545 5325 836 5380 factionem
865 5334 922 5378 et
956 5339 1170 5387 necem,
1201 5340 1322 5393 qua:
1352 5340 1537 5378 mense
1568 5323 1714 5379 Julio
1756 5339 1847 5379 ac-

163 5413 176 5423 ’
268 5417 428 5481 cidit,
449 5414 1011 5486 impedita,cognosci,
1033 5423 1093 5468 ut
1116 5431 1187 5469 vn
1207 5415 1334 5469 ldus
1352 5413 1602 5485 Augusti,
1617 5414 1844 5470 Rustico

1943 4503 2142 4561 cendi:
2180 4497 2521 4556 miserabiles
2576 4495 2792 4550 litteras
2835 4491 2989 4547 dedit
3037 4489 3105 4544 ad
3146 4486 3520 4543 Theodosium

1947 4599 2357 4667 imperatorem,
2379 4599 2435 4646 et
2451 4589 2518 4644 ad
2535 4585 2827 4659 pr:rsidem
2847 4580 3168 4648 Thebaidis,
3193 4594 3332 4650 quas
3354 4577 3520 4634 etiam

1946 4688 2249 4743 amicorum
2301 4680 2606 4736 ministerio
2648 4692 2746 4748 per
2767 4667 3011 4731 Orientis
3048 4671 3308 4726 mandras
3337 4668 3521 4740 spargi

1948 4780 2178 4837 curabat
2231 4795 2243 4830 :
2303 4773 2638 4844 querebatur
2691 4784 2750 4825 se
2795 4767 2987 4823 exsilio
3035 4763 3260 4819 duriora
3308 4760 3443 4831 pati,
3488 4776 3522 4814 a

1951 4869 2232 4928 Blemmiis
2284 4867 2546 4936 primum,
2601 4860 2727 4916 Oasi
2779 4867 3010 4922 vastata,
3056 4855 3110 4909 in
3148 4851 3522 4922 captivitatem
3597 4875 3606 4886 -

1953 4963 2250 5018 abductum
2267 4998 2283 5020 ,
2308 4971 2432 5011 mox
2452 4951 2758 5008 Nomadum
2785 4958 2936 5004 metu
2960 4946 3247 5000 dimissum
3269 4942 3521 5009 Panopo-

1952 5050 2047 5102 lim
2071 5045 2306 5107 venisse,
2348 5041 2473 5096 inde
2517 5037 2932 5108 Elephantinam
2975 5041 3243 5103 raptatum
3275 5045 3304 5083 a
3331 5028 3522 5085 militL

1955 5140 2080 5204 bus,
2113 5147 2229 5192 tum
2261 5133 2548 5189 reductum
2573 5127 2914 5197 Panopolim,
2939 5123 3290 5195 postmodum
3329 5117 3524 5175 detru-

1947 5245 2071 5284 sum
2097 5229 2150 5283 in
2179 5227 2420 5282 vicinum
2450 5219 2740 5290 Panopolis
2772 5217 2980 5280 locum,
3007 5213 3246 5283 denique
3283 5211 3339 5268 in
3360 5226 3523 5283 quar-

1955 5332 2070 5377 tum
2106 5318 2359 5376 exsilium
2404 5314 2662 5384 ejectum,
2706 5323 2832 5365 cum
2883 5322 2995 5362 uno
3022 5306 3318 5362 damnatus
3353 5309 3522 5358 esset.

2021 5411 2192 5467 Tanta
2224 5387 2567 5462 miseriarum
2619 5399 2972 5467 perrf'tsi‘nc
3019 5407 3132 5453 tam
3175 5394 3430 5452 ﬂebiliter
3453 5391 3522 5446 ab

1634 5601 1638 5605 ι
1667 5567 1980 5628 SCHULle
2019 5563 2246 5621 ΜΤᾸΞ.

351 5686 394 5714 τὶ

425 5707 546 5765 Vid.
583 5706 777 5777 synodi
804 5722 855 5769 v,
889 5704 1067 5760 eollat.
1095 5704 1149 5759 8.

523 5802 794 5860 PA'I‘ltOL.
842 5799 958 5856 Gn.
1008 5793 1320 5855 LXXXIV.
