3952 6294
416 264 538 333 ’ΠΙ

1574 255 1951 316 GARNERII
1989 254 2487 317 DISSERTATIO
2523 256 2572 315 Ι.

3599 253 3707 320 172

435 373 891 448 eloquentissimo
916 369 1147 426 'misero
1202 365 1445 437 exposita
1466 406 1479 430 ,
1541 380 1572 419 a
1624 364 2023 435 potentissimis
2051 371 2099 427 Α
2124 364 2320 435 opinio
2357 364 2428 421 de
2461 364 2752 419 sanctitate
2777 364 3015 421 Nestorii
3037 405 3052 431 ,
3108 374 3170 420 ut
3205 362 3531 420 saeculorum
3563 366 3708 422 duo-

437 466 750 525 l‘autoribus
780 461 1131 534 ampliﬁcata,
1159 476 1189 513 a
1236 456 1370 512 viris
1421 455 1477 510 in
1524 456 1763 527 speciem
1815 455 2021 511 sanctis

440 557 695 622 laudata,
750 554 964 613 inﬂexit
1030 549 1251 605 tandem
1329 547 1677 617 imperatoris
1740 547 2019 615 animum;

441 663 612 718 quare
650 644 901 716 permisit
944 641 1224 696 hominem
1267 639 1338 695 ab
1361 639 1558 694 exsilio
1595 639 1778 696 redire
1799 640 1844 672 ⁷’
1879 656 1892 692 :
1925 638 2024 694 sed

428 720 615 804 senio,
647 734 1057 793 calamitatibus
1103 740 1160 789 et
1202 731 1465 788 aerumnis
1517 732 1573 786 in
1608 731 1697 785 via
1738 730 2023 787 confectus

438 837 545 892 est,
584 828 695 882 Deo
728 825 1026 880 damnante
1061 823 1424 895 irreligiosam
1472 822 1769 878 Theodosii
1804 822 2024 878 miseri-

434 917 709 974 cordiam.

510 1009 642 1067 Haec
677 1023 804 1063 cum
864 1005 921 1061 in
947 1003 1076 1061 Oasi
1117 1004 1406 1061 Nestorius
1439 1012 1740 1073 pateretur,
1781 1018 1813 1058 a
1850 1003 2030 1059 Theo-

427 1098 719 1155 θοι-(ηοω
765 1096 993 1155 Oriente
1035 1094 1438 1166 prmdicabatur
1459 1094 1610 1148 velut
1648 1092 2029 1149 sanctissimus

441 1192 569 1248 ﬁdei
602 1191 882 1255 defensor,
926 1207 944 1241 ι
977 1166 1073 1258 qui
1102 1187 1242 1242 nihil
1270 1196 1475 1257 praeter
1495 1201 1683 1240 sanam
1722 1184 2028 1241 doctrinam

443 1284 692 1340 novisset
730 1291 787 1337 et
815 1280 1123 1345 docuisset;
1164 1278 1260 1350 qui
1288 1294 1401 1348 pne
1430 1276 1634 1349 Cyrillo
1662 1276 1927 1333 innocens
1950 1278 2032 1334 fo-

440 1382 550 1438 ret,
582 1380 641 1428 et
670 1370 833 1427 morti
862 1378 1043 1426 tamen
1083 1369 1434 1434 traderetur;
1475 1383 1640 1437 quem
1677 1368 1812 1422 socii
1844 1377 2031 1437 pasto-

439 1478 531 1520 res
577 1461 806 1519 calamis
847 1458 1214 1525 occidissent;
1266 1474 1430 1528 quem
1471 1457 1670 1513 laedere
1720 1473 1831 1513 non
1882 1457 2033 1513 aliud

440 1551 607 1620 foret,
633 1568 800 1623 quam
835 1551 1094 1621 pietatem
1127 1550 1302 1620 ipsam
1323 1549 1558 1604 violare.
1584 1568 1603 1601 ι

512 1643 998 1716 Exaggerabantur
1048 1641 1324 1714 ejusmodi
1356 1642 1549 1697 laudes
1597 1656 1632 1696 a
1689 1642 1812 1696 viro
1861 1641 2034 1697 totius

438 1735 687 1794 Orientis
719 1735 1193 1806 eloquentissimo,
1224 1742 1281 1789 et
1324 1733 1382 1788 in
1425 1733 1784 1789 concionibus
1822 1734 2024 1804 palam,
2064 1727 2103 1779 Β

440 1837 499 1884 et
540 1829 598 1883 in
623 1827 1013 1898 congressibus
1039 1826 1184 1896 apud
1215 1825 1597 1881 sanctissimos
1627 1840 1875 1896 quosque
1906 1840 2024 1880 mo-
2110 1836 2122 1872 ι

439 1920 672 1976 nachos.
711 1918 948 1989 Cyrillus
986 1926 1179 1973 contra
1221 1916 1512 1974 dicebatur
1536 1919 1581 1950 ⁸ο
1617 1936 1636 1969 ι
1674 1917 1730 1972 in
1770 1917 2027 1987 blasphe-

439 2024 560 2065 mas
602 2024 666 2063 ac
698 2007 897 2078 impias
927 2022 1093 2064 voces
1131 2008 1382 2078 erupisse
1404 2047 1418 2074 ,
1473 2022 1763 2063 revocasse
1815 2006 2026 2061 dudum

438 2101 768 2156 exstinctam
816 2098 1143 2170 Apollinarii
1199 2099 1421 2154 inanem
1467 2098 1631 2155 simul
1688 2105 1745 2154 et
1801 2098 2025 2168 impiam

439 2192 753 2248 doctrinam
774 2232 790 2257 ,
818 2193 1127 2247 aulicorum
1162 2192 1395 2263 gratiam
1424 2206 1718 2246 munerum
1747 2190 2024 2261 pollicita-

438 2285 592 2340 tione
639 2284 963 2348 redemisse,
1009 2283 1065 2337 in
1112 2283 1348 2339 concilio
1395 2282 1534 2338 nihil
1571 2298 1682 2337 non
1720 2281 2028 2337 Memnonis

438 2391 544 2447 ope
581 2392 680 2446 per
723 2376 834 2431 vim
862 2376 1061 2446 egisse,
1093 2376 1385 2446 episcopos
1411 2375 1480 2430 ad
1513 2374 1886 2430 damnandum
1915 2374 2024 2428 Ne-

440 2465 677 2520 storium
712 2464 851 2519 alios
885 2479 1020 2519 auro
1048 2463 1299 2528 traxisse,
1339 2464 1477 2520 alios
1506 2470 1656 2518 metu
1699 2462 1961 2534 coegisse.
1999 2479 2019 2512 ι

527 2557 692 2627 220
718 2556 844 2611 Habe
869 2565 925 2609 et
950 2556 1055 2610 alia
1087 2572 1213 2611 cum
1242 2555 1438 2611 callide
1467 2565 1879 2626 spargerentur,
1908 2569 2029 2611 cre-

441 2648 717 2704 debantur
741 2646 922 2710 facile,
943 2646 1249 2716 praesertim
1279 2646 1349 2701 ab
1381 2647 1466 2710 iis,
1493 2648 1587 2716 qui
1616 2645 2026 2702 Theodoreth

442 2737 836 2810 suapiciebant,
869 2737 1021 2792 velut
1073 2737 1326 2792 doctrina
1363 2752 1690 2808 morumque
1737 2735 2026 2792 sanctitate

441 2830 579 2885 nulli
611 2829 916 2885 secundum
948 2847 961 2881 :
991 2829 1368 2899 suspiciebant
1393 2844 1527 2885 vero
1564 2829 1910 2884 anachoreta:
1944 2829 2023 2883 illi

370 2902 376 2909 ’
424 2919 652 2984 eximii,
687 2934 754 2973 ex
808 2934 1044 2989 quorum
1097 2926 1234 2997 nutu
1270 2918 1585 2989 pendebant
1629 2919 2025 2973 monachorum

435 3010 772 3073 voluntates,
816 3009 1258 3079 populorumque
1278 3010 1508 3080 judicia.
1539 3008 1868 3080 Opinionem
1911 3019 2028 3064 tan—

2126 454 2306 511 dee'rm
2323 454 2478 526 lapsu
2496 470 2606 511 non
2622 454 2926 523 eliluxerit;
2954 456 3065 510 imo
3082 455 3289 526 plures,
3305 468 3445 524 quos
3459 468 3711 512 recenset

2126 546 2183 601 in
2203 561 2304 601 suo
2314 545 2572 618 Catalogo
2589 546 2956 612 Hebed-Jesu,
2968 546 3344 603 defensionem
3354 548 3476 618 ejus
3487 546 3709 620 Syriace

2126 637 2451 707 scripserint
2474 656 2487 692 :
2515 654 2623 693 una
2642 646 2792 694 certe
2814 637 3177 695 Orientalium
3199 637 3596 702 Ecclesiarum,
3610 653 3713 693 no-

2126 728 2256 784 stris
2286 728 2591 784 etiamnnm
2620 731 2967 801 temporibus
2985 771 3000 795 ,
3039 732 3161 801 ejus
3187 729 3411 785 nomine
3443 729 3713 801 gloriatur

2124 819 2353 889 ejusque
2395 819 2736 887 doctrinam,
2788 821 2920 877 licet
2953 821 3303 893 aliquatenus
3323 827 3711 890 temperatam,

2127 909 2399 979 sequitur.

2723 1002 2948 1059 CAPUT
2988 1003 3124 1059 XVI.

2129 1111 2171 1167 1.
2206 1110 2389 1190 Status
2420 1131 2595 1190 rerum
2633 1116 2934 1190 imperante
2976 1115 3318 1190 Iustiniano._
3332 1116 3409 1190 11ζ
3426 1118 3510 1171 Ad
3539 1119 3714 1190 ipsum

2196 1184 2464 1271 legatione
2494 1184 2735 1271 fungitur
2764 1185 3220 1271 sanctus‘ﬁabb‘as.
3250 1187 3339 1241 Ill.
3544 1184 3713 1271 egerit

2200 1254 2320 1327 cum
2370 1254 2639 1327 Theodoro
2687 1256 2960 1327 Augusta.
2982 1256 3070 1311 IV.
3107 1255 3266 1327 Origo
3311 1254 3616 1327 quaestionis
3647 1260 3715 1312 de

2204 1325 2367 1396 tribus
2416 1325 2685 1396 capitulis.
2724 1324 2790 1380 γξ
2843 1324 3072 1380 Collatia
3123 1324 3264 1379 inter
3314 1324 3609 1383 Catholica:
3662 1339 3714 1383 et

2202 1392 2535 1460 Severianos,
2564 1397 2650 1450 ubi
2683 1404 2857 1449 actum
2883 1396 2947 1448 de
2970 1396 3307 1450 Theodoreto.
3330 1397 3417 1452 Vl.
3441 1396 3712 1454 Theodoro

2205 1466 2343 1535 favet
2373 1463 2697 1531 Severianis,
2729 1475 2776 1519 et
2820 1466 3038 1535 molitur
3080 1468 3139 1520 in
3188 1483 3420 1521 errorem
3464 1468 3715 1523 inducere

2205 1534 2372 1609 totam
2393 1534 2980 1609 Ecclesiant_._V_’ll_._Qucr
3008 1537 3327 1609 fueritNlll.
3358 1536 3423 1592 Et
3451 1540 3712 1609 quomoda

2205 1606 2478 1660 dominata
2512 1607 2644 1660 orbi.
2661 1605 2774 1678 1X:
2801 1605 2917 1659 Vult
2945 1607 3184 1678 omnibus
3204 1605 3492 1678 majoribus
3510 1612 3714 1663 throni:

2205 1692 2325 1730 suos
2355 1679 2640 1746 imponere.
2661 1675 3309 1748 X.Contantin0politand:
3335 1676 3581 1732 Ecclesia:
3603 1679 3716 1733 Λιι-
3786 1744 3787 1747 η

2208 1748 2431 1800 thimum
2484 1745 2725 1814 praeﬁcit.
2787 1745 2879 1800 XI.
2950 1747 3103 1802 Hunc
3156 1750 3423 1814 Agapetus
3480 1748 3711 1803 abdicat.

2265 1761 2431 1800 unum
2484 1761 2725 1802 υι-ιεηειι.
2791 1761 2879 1800 Kl.
2950 1761 3103 1802 nunc
3156 1761 3423 1802 Aaanetus
3480 1761 3711 1802 abdicat.

2208 1764 2431 1800 rmmum
2468 1764 2725 1869 frwpcu.
2791 1764 2879 1800 Μ.
2950 1764 3103 1802 nunc
3156 1764 3423 1819 agapetus
3480 1764 3711 1803 aoatcat.

2205 1815 2323 1890 ΧΠἶ
2358 1816 2468 1887 Vigi
2492 1818 2603 1890 ium
2629 1825 3106 1890 aurocorruptnm
3141 1820 3400 1890 tentatin
3417 1819 3559 1890 _sede
3582 1836 3712 1890 apo-

2203 1887 2391 1941 stolica
2417 1884 2709 1959 collocare.
2735 1886 2881 1959 erll.
2912 1884 3037 1940 Ideo
3077 1887 3231 1958 jubet
3260 1888 3377 1959 ινῤίσὶ
3406 1884 3709 1959 siluerium.

2204 1959 2294 2027 qui
2328 1957 2538 2011 tandem
2567 1958 2790 2027 miseriis
2822 1957 3158 2027 consumptus
3188 1957 3432 2012 moritur.
3450 1958 3590 2014 XIV.
3629 1959 3714 2014 Vi-

2202 2024 2363 2099 gilius
2402 2030 2698 2099 exintrnso
2728 2025 2791 2093 ﬁt
2810 2024 3085 2099 legitimus
3124 2028 3378 2099 pontifex.
3411 2028 3533 2099 XV.
3561 2029 3713 2099 ᾼΙίαι

2206 2096 2436 2168 majores
2460 2096 2722 2178 Ecclesia:
2740 2096 2897 2165 221
2920 2110 3105 2178 regunt
3126 2096 3401 2153 Catholici.
3423 2097 3714 2179 XVl._Pau-

2208 2167 2291 2222 lus
2336 2166 2731 2223 Alexandrinus
2760 2167 3057 2236 deponitur.
3098 2167 3261 2223 XVII.
3305 2170 3344 2223 A
3393 2170 3714 2236 depositione

2208 2186 2291 2222 tus
2336 2186 2731 2223 Atexanarmus
2760 2186 3057 2236 aeponuur.
3101 2186 3261 2223 λιιι.
3305 2186 3344 2223 Α
3393 2186 3712 2238 αρροδιιιοηθ

2204 2247 2468 2292 revertens
2496 2236 2743 2308 Pelagius
2774 2237 2985 2308 adducit
3013 2239 3293 2308 monachos
3313 2239 3375 2308 de
3403 2236 3712 2308 Origenistis

2238 2317 2497 2368 nesturos,
2514 2316 2561 2359 et
2581 2304 2647 2360 de
2661 2307 2924 2359 Theodoro
2942 2304 3253 2377 Cappadoce
3263 2307 3470 2377 Pelagii
3497 2304 3712 2364 lemulo.

2238 2326 2497 2368 uesturos,
2514 2326 2561 2359 et
2581 2326 2642 2360 ae
2666 2326 2924 2359 lneoaoro
2942 2326 3253 2377 oappaaoce
3263 2326 3468 2377 retagu
3498 2326 3712 2364 wmuto.

2202 2326 2391 2448 §VIIL
2443 2377 2700 2448 Pelagius
2738 2377 2970 2448 inpendit
3028 2378 3402 2448 imperatorem
3462 2380 3715 2432 adversus

2203 2446 2547 2518 Origenistas.
2580 2435 2725 2501 XIX.
2781 2435 3123 2518 Damnantur
3172 2447 3277 2514 illi,
3325 2446 3512 2503 silente
3553 2449 3716 2502 Theo-

2203 2516 2350 2582 doro,
2377 2519 2466 2571 sed
2493 2518 2775 2571 vindictam
2801 2516 3107 2572 meditante.

2528 2629 2602 2679 Ab
2626 2643 2753 2678 anno
2785 2626 2965 2680 Christi
2989 2629 3079 2678 527
3104 2629 3162 2679 ad
3189 2629 3270 2679 5H
3289 2665 3303 2681 .

2202 2734 2252 2787 l.
2281 2733 2482 2803 Sopita:
2512 2734 2686 2788 videri
2727 2743 3029 2804 potuerunt
3051 2734 3106 2789 in
3134 2734 3291 2807 Syria
3315 2734 3510 2799 turbae,
3539 2749 3718 2806 quan-

2133 2826 2228 2881 diu
2257 2826 2513 2882 Justinus
2545 2827 2842 2897 imperium
2883 2827 3139 2891 retinuit,
3181 2827 3280 2883 sed
3322 2828 3507 2882 statim
3549 2835 3717 2898 atque

2134 2919 2268 2974 illud
2302 2920 2614 2974 Iustiniano
2647 2919 2897 2985 tradidit,
2931 2928 3155 2990 repente
3179 2920 3573 2975 tumultuatum
3605 2928 3716 2985 est,

2133 3026 2310 3083 eoque
2336 3012 2725 3067 vehementius
2760 3012 3020 3067 commoti
3051 3012 3241 3077 animi,
3272 3027 3383 3083 quo
3410 3012 3534 3082 plus
3574 3010 3723 3068 acri—

372 3092 373 3095 “
420 3108 553 3156 -tam
614 3100 947 3157 conciliabat
1000 3101 1352 3158 Theodoreto
1400 3101 1664 3173 frequens
1708 3091 2096 3157 sanctorumC
2132 3102 2328 3157 monim
2375 3101 2676 3172 compressi
2723 3102 3325 3172 collegerant,quoque
3354 3104 3720 3172 opportunior

422 3196 713 3267 ejusmodi
759 3196 1038 3259 salutatio,
1066 3197 1213 3262 vitae,
1236 3212 1400 3267 quam
1434 3204 1680 3268 agerent,
1713 3196 2024 3262 admiratio,

441 3287 547 3357 pia:
600 3286 889 3358 cujusdam
938 3286 1161 3342 invidiae
1207 3288 1392 3356 plena,
1442 3287 1719 3357 colloquia
1757 3287 1826 3341 de
1862 3287 2030 3343 rebus

425 3375 649 3431 .diviuis
670 3376 881 3432 fervida
901 3391 964 3431 ac
984 3392 1126 3447 pene
1142 3376 1419 3441 ardentia,
1443 3392 1669 3446 precum
1691 3377 2024 3447 imploratio,

422 3477 502 3523 σει
529 3468 677 3538 quod
706 3468 796 3523 vel
843 3483 1074 3538 superos
1114 3475 1333 3539 tangat,
1368 3469 1678 3539 conscripta
1723 3469 2027 3525 viventium

440 3575 666 3631 quoque
710 3559 966 3624 historia,
996 3562 1013 3579 ‘
1045 3560 1351 3630 etquidem
1386 3561 1682 3633 ejusmodi,
1721 3577 1843 3631 quae
1885 3577 2026 3632 pra:-

436 3650 593 3705 clara
611 3658 950 3721 exaggerata:
985 3649 1207 3707 virtutis
1236 3651 1486 3720 exempla
1518 3651 1816 3706 verborum
1845 3652 2027 3721 splen-

424 3740 580 3797 .dore
608 3741 934 3808 illustraret,
969 3756 1032 3796 ac
1052 3756 1193 3811 pene
1232 3751 1494 3810 aequaret.

514 3832 655 3888 Hinc
693 3841 882 3887 exorta
922 3832 1319 3888 monachorum
1353 3833 1703 3889 orientalium
1739 3833 1794 3889 in
1826 3834 2025 3889 Nesto-

430 3918 591 3974 .rium
622 3920 942 3990 propensio,
972 3920 1271 3991 opinioque
1315 3931 1484 3989 tanta,
1517 3932 1579 3977 ut
1616 3923 1862 3979 defuncti
1896 3924 2027 3979 reli-

424 4011 602 4080 quias
630 4011 882 4066 nonnulli
912 4011 1317 4081 eonquisierint
1359 4012 1427 4067 ad
1476 4014 1709 4068 cultum.
1742 4012 1906 4069 Certe
1933 4028 2026 4069 eo-

442 4118 565 4157 rum
598 4113 667 4158 ex
695 4118 930 4158 numero
959 4103 1205 4170 fuerunt,
1235 4103 1329 4173 qui
1370 4106 1710 4160 tumultuose
1741 4105 1910 4159 semel
1942 4112 2024 4158 at-

424 4207 549 4263 que
568 4194 773 4249 iterum
802 4194 862 4249 in
890 4194 1126 4251 concilio
1149 4194 1606 4260 Chalcedonensi,
1636 4211 1819 4251 coram
1845 4195 2021 4266 impe-

424 4293 623 4340 .ratore
671 4285 948 4341 Marciano
1004 4285 1406 4357 Pulcheriaque
1458 4288 1728 4358 Angusta,
1765 4288 2022 4344 Patribus

438 4376 730 4431 anathema
752 4377 1187 4433 inelamantibus
1214 4378 1491 4445 Nestorio,
1518 4381 1908 4448 reclamarunt,
1931 4383 2017 4438 vi-

436 4480 562 4519 rum
587 4466 996 4521 sanctissimum
1041 4468 1388 4523 anathemate
1426 4470 1670 4538 percelli.
1704 4491 1721 4521 ι
1760 4471 1817 4525 ld
1848 4480 2018 4527 testa—

426 4564 554 4621 tur,
582 4557 861 4612 referente
887 4558 1125 4629 Evagrio
1149 4559 1216 4622 ⁸¹,
1246 4558 1573 4614 Eustathius
1598 4561 1894 4631 episcopus
1920 4563 2023 4618 Be-

428 4646 549 4717 ‘ryti
568 4646 624 4700 in
668 4646 892 4713 litteris,
929 4664 1068 4719 quas
1102 4647 1170 4703 ad
1199 4648 1467 4704 Joannem
1492 4649 1835 4721 episcopum,
1863 4663 1922 4708 et
1947 4653 2015 4709 ad

428 4737 673 4809 alterum
694 4739 964 4795 Joannem
996 4739 1380 4810 presbyterum
1416 4739 1484 4793 de
1520 4741 1691 4796 rebus
1728 4743 1784 4798 in
1806 4745 2017 4815 synodo

428 4829 609 4897 gestis
646 4830 887 4899 scripsit.
931 4828 1320 4892 Occurrentes,
1364 4828 1563 4901 inquit,
1592 4830 1776 4887 denuo
1832 4836 1869 4889 ii
1920 4838 2013 4907 qui

427 4919 673 4976 Nestorii
700 4922 961 4991 reliquias
996 4922 1368 4989 postulabant,
1399 4933 1587 4979 contra
1626 4930 1894 4999 synodum
1922 4948 2017 4987 vo—

436 5010 654 5067 ciferati
681 5020 847 5066 sunt:
885 5010 1003 5075 Qua
1034 5012 1098 5065 de
1131 5030 1294 5069 causa
1323 5017 1425 5070 viri
1468 5020 1641 5071 sancti
1674 5022 2013 5077 anathemate

438 5102 812 5157 damnantur!
841 5102 981 5158 adeo
1012 5112 1073 5159 ut
1119 5105 1420 5177 imperator
1458 5109 1834 5182 indignatione
1863 5131 2015 5170 com-

436 5205 623 5250 motus
648 5194 1040 5264 prolictoribus
1063 5198 1181 5254 suis
1211 5200 1573 5270 mandaverit,
1605 5213 1667 5260 ut
1693 5220 1790 5261 eos
1818 5206 2014 5276 procul

396 5286 401 5291 ’
434 5286 794 5356 expellerent.
834 5307 852 5340 ι

508 5377 641 5432 Tam
665 5378 774 5435 alte
796 5395 960 5450 porro
984 5382 1188 5440 insedit
1210 5387 1576 5455 quorumdam
1601 5391 1799 5445 animis
1824 5391 2014 5446 isthmc

2130 3194 2245 3249 visa
2268 3204 2353 3249 est
2388 3195 2630 3250 motibus
2660 3195 2940 3250 successio
2987 3194 3321 3267 principum.
3355 3194 3715 3251 Justinianus

2129 3284 2276 3338 enim
2303 3285 2630 3355 jampridem
2653 3285 2915 3340 audiebat
2932 3286 3241 3342 acerrimus
3265 3286 3457 3358 synodi
3482 3286 3715 3342 Chalce-

2129 3374 2411 3438 donensis,
2442 3390 2747 3445 eorumque
2773 3375 2933 3436 adeo,
2964 3391 3105 3445 quos
3129 3376 3371 3448 synodus
3390 3378 3713 3447 recepisset,

2130 3464 2407 3531 defensor,
2436 3465 2581 3519 unde
2603 3473 2661 3519 et
2689 3464 2961 3537 Synoditw
2989 3483 3191 3522 nomen
3225 3468 3311 3523 vel
3336 3483 3364 3521 a
3393 3469 3599 3539 populo
3618 3483 3717 3522 ac--

2128 3564 2463 3625 ceptaverat,
2484 3556 2569 3610 vel
2622 3555 2668 3610 si
2710 3556 2989 3612 credimus
3037 3558 3291 3630 Evagrio,
3338 3560 3711 3614 all‘ectaverat.

2197 3647 2263 3702 ll.
2295 3647 2453 3703 Tunc
2482 3648 2650 3718 igitur
2677 3649 2826 3705 vires
2863 3658 3303 3721 resumpserunt,
3326 3652 3421 3722 qui
3453 3653 3709 3708 Thcodo~

2127 3739 2229 3793 reti
2288 3748 2490 3809 partes,
2525 3742 2731 3811 quique
2766 3743 3003 3798 Nestorii
3047 3744 3424 3814 sequebantur
3462 3744 3709 3800 :eaedem

2127 3834 2275 3888 enim
2301 3843 2432 3890 tunc
2450 3835 2704 3902 creditm;
2728 3836 3001 3906 siquidem
3030 3837 3337 3893 invaluerat
3360 3838 3527 3894 stulta
3555 3853 3710 3909 qum—

2127 3926 2274 3993 dam,
2315 3928 2429 3981 sive
2473 3936 2814 3998 temporum,
2858 3930 2972 3983 sive
3010 3930 3339 3999 populorum
3384 3930 3707 3994 credulitas,

2126 4025 2426 4087 utrumque
2449 4020 2730 4073 communi
2767 4019 2972 4075 invidia
3008 4020 3261 4076 laborare
3291 4038 3305 4075 :
3335 4029 3498 4091 atque
3531 4021 3584 4075 id
3608 4020 3710 4075 fuit

2126 4110 2181 4163 in
2212 4124 2397 4174 causa,
2419 4124 2519 4164 cur
2546 4119 2767 4165 sanctus
2795 4110 3006 4165 Sabbas
3026 4112 3094 4175 ⁸⁸,
3133 4128 3256 4165 cum
3282 4113 3554 4183 legatione
3580 4113 3707 4168 [lie-

2126 4186 2494 4272 rosolymitani
2548 4200 2809 4256 antistitis
2838 4202 2906 4257 ad
2935 4203 3306 4259 Justinianum
3364 4204 3706 4275 fungeretur,

2125 4299 2414 4362 postquam
2444 4293 2691 4346 exoravit
2720 4292 3160 4349 Christianorum
3204 4310 3426 4350 causam
3446 4337 3460 4361 ,
3485 4304 3708 4366 propter

2125 4399 2289 4453 quam
2323 4393 2570 4449 venerat,
2600 4384 2850 4455 iramque
2881 4384 3228 4456 imperatoris
3254 4387 3309 4441 in
3333 4387 3706 4442 Samaritanus

2127 4477 2419 4541 convertit,
2442 4493 2567 4531 mox
2590 4477 2728 4545 Arii,
2746 4478 2982 4532 Nestorii
3013 4488 3070 4534 et
3088 4478 3342 4550 Origenis
3360 4488 3537 4535 sectas
3559 4497 3703 4537 com—

2126 4565 2288 4635 primi
2314 4568 2676 4636 postulaverit
2716 4569 3053 4623 ineluctabili
3081 4570 3317 4639 quadam
3354 4586 3580 4641 precum
3611 4587 3703 4641 ped

2127 4657 2335 4711 tentia:
2364 4673 2488 4712 nam
2523 4659 2700 4714 fuerat
2721 4659 2909 4715 divino
2942 4661 3203 4727 instinctu
3236 4670 3430 4732 pactus
3460 4662 3580 4719 fore
3620 4672 3695 4720 ιιι.

2124 4748 2170 4801 si
2204 4748 2549 4805 Justinianus
2592 4751 2648 4805 id
2673 4752 3038 4821 praestitisset,
3071 4752 3343 4815 Siciliam,
3391 4754 3619 4813 Romam
3649 4766 3703 4809 et

2121 4838 2509 4911 Carthaginem
2530 4859 2629 4913 pro
2656 4848 2913 4903 mercede
2937 4849 3230 4921 reciperet.

2203 4931 2291 4986 Ill.
2337 4931 2579 5004 Contigit
2625 4950 2758 4990 vero
2792 4937 2894 4993 hac
2938 4939 2993 4993 in
3042 4941 3313 5011 legatione
3355 4941 3536 5011 quod,
3575 4941 3697 5012 quia

2122 5021 2362 5091 pertinet
2390 5022 2457 5076 ad
2486 5026 2725 5081 nobilem
2756 5030 2923 5085 trium
2947 5032 3313 5101 capitulorum
3343 5033 3698 5105 impugnatri-

2122 5129 2262 5179 cem,
2304 5113 2510 5171 referre
2541 5133 2650 5172 non
2685 5129 2770 5175 est
2807 5123 3045 5178 alienum
3076 5139 3108 5180 a
3158 5124 3298 5180 loco.
3330 5124 3467 5180 Cum
3496 5125 3702 5180 Sabbas

2125 5206 2181 5259 in
2204 5208 2407 5277 palatio
2426 5220 2761 5279 versaretur,
2785 5213 3102 5284 el'ﬂagitavit
3124 5213 3414 5269 Theodora
3436 5214 3700 5284 Augusta,

2124 5308 2183 5353 ut
2207 5316 2370 5370 quam
2402 5302 2668 5359 hactenus
2699 5305 2902 5361 frustra
2928 5314 3216 5377 aptaverat
3261 5307 3475 5377 prolem
3513 5307 3614 5361 sibi
3662 5309 3694 5363 s

2082 5412 2091 5419 υ
2120 5392 2234 5446 Deo
2266 5392 2406 5459 dari,
2438 5395 2694 5463 precibus
2735 5398 2820 5452 vir
2852 5406 3075 5453 sanctus
3115 5397 3391 5452 obtineret
3423 5413 3437 5449 :
3482 5400 3700 5470 negavit

1777 5542 2089 5598 SCHIJLZII
2126 5542 2356 5603 NOTAE.

505 5630 549 5719 in
571 5632 791 5719 liyagr."
822 5634 981 5719 gis!"
1007 5634 1105 5719 lib‘.
1134 5650 1265 5687 nn.
1343 5635 1388 5666 '°
1417 5634 1593 5704 Epist.
1618 5634 1686 5689 ad
1707 5635 1900 5689 Joann.
1932 5634 2188 5691 Antioch.
2266 5639 2308 5671 ⁸¹
2341 5639 2461 5694 Lib.
2491 5657 2551 5711 ll,
2586 5658 2706 5713 cap.
2746 5646 2801 5699 2.
2878 5647 2922 5679 ⁸²
2953 5645 3141 5718 Cyrill.
3165 5644 3374 5719 in_Vita
3391 5640 3449 5701 S.
3475 5641 3683 5700 Sabine.

435 5718 556 5773 cap.
581 5704 670 5772 94,
693 5703 788 5779 die
822 5705 855 5761 5
882 5703 1138 5760 Decemb.
