3952 6294
214 298 320 368 173

1407 294 1765 358 HISTORIA
1799 294 2304 357 THEODORETI.

3365 303 3467 369 174

147 449 152 454 -
222 415 310 472 ille
333 427 393 468 se
414 411 716 479 facturum,
756 431 774 466 ι
819 429 889 469 ne
917 412 1089 486 (quod
1117 411 1314 469 amicis
1345 411 1658 483 importune
1701 423 1792 464 ro-
1821 413 1868 469 Λ
1898 405 2205 466 Theodosia
2227 420 2283 468 et
2305 409 2572 468 Curesina
2591 411 2658 467 ad
2696 411 2954 485 Cyprum.
2977 413 3173 470 Mirum
3206 431 3337 473 vero
3367 435 3468 490 pro

221 506 471 579 gentibus
493 505 749 576 privatim
777 507 1038 580 aperuit),
1066 506 1111 562 si
1130 505 1352 577 quidem
1382 504 1619 560 fructum
1649 519 1716 558 ex
1732 517 1797 559 ea

221 599 308 655 edi
337 599 479 654 Deus
508 598 739 664 sineret,
769 598 886 670 ipse
926 614 1146 670 quoque
1171 605 1414 670 gustaret
1450 597 1640 652 Severi
1667 595 1800 666 dog-

225 700 385 755 mata,
427 697 482 744 et
509 688 818 744 deteriores
841 705 1008 759 quam
1052 690 1204 760 prius
1239 689 1308 744 ab
1362 689 1683 753 Anastasio,
1712 696 1800 740 tu-

228 782 451 847 multus,
482 781 580 836 Dei
611 781 1009 836 conturbarent
1031 781 1334 837 Ecclesiam
1359 781 1426 836 ⁸³.
1470 800 1489 834 υ

304 871 393 925 1V.
425 870 667 925 Fovebat
709 870 926 925 scilicet
977 870 1220 941 Augusta
1270 869 1670 940 Acephalorum
1717 883 1803 923 se-

227 970 389 1027 ctam,
425 961 730 1033 synodique
771 961 950 1016 hostis
978 969 1118 1026 erat,
1148 961 1263 1016 sive
1295 959 1370 1016 ita
1403 959 1584 1030 reipsa
1629 958 1798 1014 senti-

229 1062 340 1118 ret,
389 1051 537 1122 quod
583 1063 778 1108 eventa
825 1053 1164 1118 docuerunt,
1207 1053 1344 1118 sive,
1379 1051 1524 1123 quod
1565 1050 1802 1122 politieis

229 1153 360 1200 tunc
389 1143 708 1208 videbatur,
739 1142 1016 1198 divisisset
1042 1158 1166 1197 cum
1216 1141 1414 1196 marito
1457 1149 1632 1196 totum
1673 1138 1802 1194 reli-

227 1235 403 1306 gionis
430 1233 833 1305 principatum,
861 1241 923 1288 ut
958 1234 1076 1304 ipsa
1112 1234 1222 1289 dux
1257 1232 1680 1304 Accphalorum,
1709 1229 1805 1286 Iu-

231 1327 497 1383 stinianus
529 1325 918 1397 Synoditarum
953 1324 1125 1390 foret,
1155 1334 1320 1394 atque
1353 1326 1427 1380 ita
1463 1323 1628 1378 ambo
1655 1337 1806 1377 com-

231 1417 522 1472 municatis
545 1415 788 1472 consiliis
807 1432 902 1470 sua
926 1431 1027 1485 pro
1049 1424 1291 1487 tempore
1314 1426 1367 1470 et
1390 1417 1508 1470 loco
1533 1423 1804 1468 momenta

230 1509 476 1580 partibus
497 1509 850 1564 alternarent.

305 1598 480 1657 Silere
517 1617 630 1657 non
666 1617 891 1672 possum
925 1601 1073 1674 quod
1097 1600 1336 1672 Cyrillus
1366 1599 1662 1655 Monachus
1693 1598 1806 1652 ⁸1η-

230 1693 464 1765 gationis
505 1693 744 1764 scriptor
782 1693 970 1759 tradit,
1011 1694 1142 1748 dum
1177 1708 1370 1748 causas
1410 1691 1674 1761 inquirit,
1708 1705 1807 1745 cur

231 1785 542 1855 222apud
586 1786 974 1856 imperatorem
1003 1785 1214 1841 Sabbas
1234 1785 1470 1840 Nestorii
1493 1793 1656 1854 atque
1685 1783 1807 1838 Ori-

229 1877 382 1947 genis
399 1876 747 1934 meminerit:
774 1877 903 1933 facit
927 1877 1075 1933 enim
1097 1877 1164 1932 ad
1198 1877 1377 1932 lucem
1408 1876 1652 1931 historiae
1678 1873 1808 1930 alie-

231 1969 481 2024 rendam.
527 1988 546 2021 ς
581 1970 840 2036 Nestorii,
870 1970 1050 2040 inquit
1086 1971 1152 2036 ⁸⁸,
1192 1981 1249 2025 et
1287 1969 1541 2040 Origenis
1583 1969 1810 2022 haeresis

231 2061 426 2116 morbo
479 2061 636 2115 multi
684 2061 940 2116 monachi
981 2060 1342 2126 laborabant,
1391 2069 1449 2116 et
1503 2058 1808 2114 timendum

229 2159 346 2205 erat
383 2166 454 2206 ne
496 2151 634 2204 alios
662 2151 1004 2207 attraherent
1033 2151 1101 2206 ad
1148 2151 1418 2205 malorum
1442 2150 1762 2204 societatem
1793 2166 1806 2202 :

232 2257 354 2296 nam
390 2257 518 2296 cum
540 2241 767 2311 quidam
797 2257 975 2310 nuper
1002 2241 1388 2296 convenissent
1417 2238 1669 2294 monachi
1705 2239 1809 2310 By—

228 2333 497 2398 zantium,
527 2333 630 2388 visi
659 2342 787 2388 sunt
818 2333 988 2404 aliqui
1023 2343 1210 2389 tenere
1248 2332 1500 2403 dogmata
1534 2330 1810 2386 Theodori

227 2423 612 2494 Mapsuestiae,
657 2424 750 2479 alii
807 2432 991 2479 autem
1052 2423 1324 2496 Origcnis.
1368 2423 1668 2486 Leontius,
1717 2420 1810 2493 qui

225 2521 342 2567 erat
396 2513 516 2582 ipse
553 2527 775 2582 quoque
827 2513 1164 2578 monachus,
1202 2527 1406 2582 genere
1435 2511 1807 2583 Byzantinus,

229 2619 370 2659 unus
404 2603 583 2668 exiis,
608 2604 700 2674 qui
737 2620 863 2659 cum
886 2603 1085 2660 Nonne
1110 2603 1342 2675 ingresSi
1372 2602 1592 2659 fuerant
1616 2619 1812 2658 novam

226 2693 492 2760 Lauram,
519 2710 659 2766 quos
689 2705 976 2766 postquam
1023 2695 1279 2767 cognovit
1316 2709 1545 2766 magnus
1582 2694 1810 2757 Sabbas,

227 2803 259 2843 a
280 2803 517 2844 suorum
545 2788 732 2843 statim
757 2789 968 2859 expulit
988 2789 1428 2853 conversatione,
1458 2807 1476 2840 ι
1513 2796 1621 2842 etc.

295 2880 375 2934 Ex
421 2878 509 2932 his
547 2885 798 2947 apertum
839 2887 925 2932 est
953 2878 1068 2949 jam
1108 2876 1236 2933 inde
1269 2893 1300 2932 a
1325 2877 1524 2932 Iustini
1556 2877 1816 2947 tempori-

226 2973 328 3028 bus
351 2969 840 3041 Constantinopoli
872 2969 1016 3024 rixas
1051 2969 1221 3026 fuisse
1253 2977 1429 3024 motas
1458 2970 1604 3024 inter
1636 2969 1816 3024 Theo-

1900 499 2104 558 Severo
2148 519 2419 575 pugnasse
2454 504 2887 576 Euphratenses,
2933 523 3166 577 quorum
3205 507 3472 565 hactenus

1898 591 2077 648 fuerat
2102 592 2158 648 in
2184 594 2592 650 Theodoretu'm
2624 598 2877 666 pertinax
2915 613 3106 654 amor:
3151 601 3247 656 sed
3290 603 3470 658 studia

1901 685 2241 754 temporibus
2262 687 2462 742 mutari
2488 703 2599 743 non
2634 689 2877 745 insolens
2899 699 3002 746 est.

1974 775 2054 831 Ex
2087 776 2377 834 duodecim
2416 794 2581 849 porro
2614 782 2900 836 recensitis
2925 783 3201 854 episcopis
3223 784 3472 841 Catholi-

1903 885 1996 925 cos
2041 884 2137 925 sex
2167 870 2466 941 imperator
2505 883 2832 940 vocaverat;
2863 874 2956 928 alii
2987 874 3196 929 dudum
3243 875 3298 930 in
3337 877 3474 932 urbe

1902 963 2050 1032 regia
2076 963 2451 1029 morabantur,
2496 965 2632 1029 suis,
2667 967 2887 1036 opinor,
2909 966 3122 1036 expulsi
3153 983 3185 1020 a
3223 968 3477 1038 plebibus

1898 1062 2128 1124 propter
2165 1054 2421 1110 haeresin.
2451 1054 2621 1126 Opem
2673 1057 2752 1111 illi
2794 1057 3054 1128 precibus
3085 1058 3478 1116 efficacissimis

1901 1144 2196 1201 Iustiniani
2244 1146 2632 1216 implorabant,
2662 1149 2956 1218 sponsione
3005 1149 3262 1205 nimirum
3313 1151 3474 1216 facta,

1903 1245 1999 1302 ut,
2052 1237 2099 1294 si
2147 1237 2215 1292 de
2261 1238 2378 1294 suis
2413 1240 2812 1308 quzestionibus
2871 1240 3224 1306 docerentur,
3279 1252 3479 1298 sancta:

1905 1326 2114 1398 synodo
2155 1329 2558 1383 consentirent.
2587 1329 2919 1386 Conditione
2955 1343 3202 1403 accepta,
3242 1334 3480 1406 impera-

1878 1425 1994 1470 -tor
2028 1415 2215 1472 doceri
2241 1433 2335 1472 eos
2367 1419 2560 1484 voluit,
2590 1419 2776 1476 habita
2815 1423 3113 1479 collatione
3140 1440 3264 1479 cum
3289 1426 3479 1480 erudi-

1908 1507 2135 1563 tissimis
2166 1509 2503 1580 quibusque,
2530 1526 2640 1566 non
2661 1527 2861 1584 magno
2882 1523 3065 1570 tamen
3084 1532 3264 1587 operae
3283 1519 3482 1588 pretio;

1907 1609 2196 1670 propterea
2234 1602 2380 1671 quod
2421 1601 2693 1673 Augusta,
2722 1613 2777 1658 et
2824 1605 2942 1676 ipsa
2979 1607 3294 1677 Severiana,
3320 1613 3481 1684 223

1909 1692 2048 1746 clam
2075 1700 2332 1748 nutantes
2359 1694 2649 1759 retinebat,
2679 1711 2774 1766 spe
2799 1697 2960 1764 facta,
2988 1698 3104 1755 fore
3136 1710 3196 1756 ut
3222 1703 3276 1757 in
3300 1704 3480 1769 sedes,

1912 1783 2063 1838 salvo
2089 1798 2309 1849 errore,
2336 1785 2597 1842 Ecclesiae
2646 1803 2785 1858 pene
2832 1790 3001 1846 totius
3022 1795 3294 1849 sententia
3320 1795 3485 1851 resti-

1909 1883 2218 1932 tuerentur.
2253 1877 2578 1933 Moliebatur
2597 1880 2806 1936 scilicet
2823 1881 2934 1952 jam
2963 1883 3089 1939 inde
3117 1885 3292 1941 audax
3323 1888 3480 1958 quid-

1910 1969 2045 2024 libet
2077 1977 2286 2024 tentare
2323 1971 2540 2036 mulier,
2575 1988 2682 2042 qua
2718 1977 2930 2030 ratione
2971 1986 3156 2046 posset
3185 1980 3488 2050 majoribus

1913 2057 2090 2113 tribus
2150 2058 2395 2125 sedibus,
2441 2059 2722 2126 Romanae,
2752 2061 3374 2137 Constantinopolitanae
3431 2081 3488 2125 et

1910 2149 2326 2216 Alexandrinae,
2383 2151 2634 2206 homines
2696 2168 2810 2208 suae
2866 2153 3119 2212 factionis
3171 2158 3485 2228 praeﬁcere,

1911 2238 2115 2307 quibus
2174 2239 2545 2296 servientibus
2598 2256 2690 2296 res
2747 2242 3007 2299 Ecclesia:
3045 2246 3273 2315 perinde
3323 2257 3488 2319 atque

1914 2328 2131 2400 imperii
2165 2345 2271 2402 pro
2287 2330 2520 2386 arbitrio
2547 2330 2838 2387 inclinaret
2865 2352 2879 2386 :
2911 2343 2967 2389 et
2994 2335 3048 2389 id
3073 2351 3204 2392 sane
3238 2339 3488 2409 perfece—

1913 2429 2019 2486 rat,
2043 2422 2170 2487 nisi,
2193 2423 2306 2478 Deo
2335 2423 2637 2478 Ecclesiam
2667 2434 3009 2496 protegente,
3034 2428 3359 2484 muliebrem
3385 2431 3489 2486 im-

1913 2513 2242 2584 probitatem
2273 2529 2398 2584 spes
2427 2513 2765 2570 frustrasset.

1986 2603 2072 2659 Vl.
2108 2603 2167 2658 id
2191 2613 2306 2658 tum
2344 2603 2566 2660 demum
2595 2606 2814 2677 planius
2839 2619 3167 2678 exponetur,
3211 2626 3333 2666 cum
3371 2628 3489 2668 ina-

1914 2693 2112 2749 nifeste
2144 2695 2424 2760 claruerit,
2457 2711 2579 2766 quae
2612 2697 2782 2753 fuerit
2821 2699 3055 2765 indoles,
3078 2701 3284 2772 quique
3310 2719 3494 2760 mores

1894 2785 2132 2840 'feminze
2193 2795 2438 2840 sanctam
2512 2786 2782 2858 synodum
2831 2787 3334 2846 Cbalcedonensem
3391 2807 3491 2864 per

1916 2878 2060 2932 latus
2113 2877 2444 2932 Theodoreti
2503 2877 2850 2948 aliorumque
2912 2879 3150 2935 duorum
3209 2883 3490 2950 petentis;

1917 2965 2024 3020 hoc
2065 2973 2171 3030 est,
2209 2965 2468 3020 Ecclesiae
2524 2965 2620 3019 toti
2667 2965 2990 3022 facessentis
3032 2967 3299 3023 famosum
3355 2971 3490 3026 illud

224 3065 344 3120 dori
377 3063 760 3136 Mopsuesteni
788 3071 845 3118 et
874 3061 1130 3133 Origenis
1169 3070 1471 3118 sectatores
1508 3080 1526 3117 :
1562 3071 1811 3133 apertum
1839 3080 1885 3138 ο
1919 3057 2082 3112 trium
2113 3057 2479 3135 capitulorum
2505 3057 2806 3127 negotium,
2839 3071 2950 3127 quo
2984 3066 3131 3112 totus
3157 3059 3309 3114 orbis
3328 3059 3491 3115 Chri-

227 3160 392 3213 etiam
446 3157 610 3212 initia
638 3163 885 3211 motuum
922 3154 1034 3224 jam
1082 3153 1211 3208 inde
1244 3153 1409 3208 ducta
1441 3168 1592 3216 esse,
1622 3161 1681 3205 ut
1716 3151 1816 3205 mi-

230 3267 350 3305 rum
376 3266 498 3306 non
520 3250 611 3326 sit,
638 3256 828 3319 postea
858 3247 984 3302 odia
1006 3256 1063 3300 et
1095 3260 1307 3316 pugnas
1330 3245 1476 3299 inter
1499 3243 1814 3298 eorumdem

229 3343 561 3398 defensores
597 3340 888 3396 exarsisse.

295 3431 431 3498 Quze
473 3430 825 3485 narravimus
871 3428 1142 3482 hactenus
1186 3422 1563 3494 delegatione
1602 3420 1814 3487 Sabine,

227 3523 594 3594 contigerunt
644 3535 790 3574 anno
835 3517 1128 3574 Iustiniani
1168 3517 1233 3580 4,
1279 3514 1483 3570 Christi
1524 3512 1647 3577 530,
1692 3528 1818 3567 cum

227 3610 444 3666 Sabbas
479 3607 856 3680 nonagenario
896 3608 1071 3677 major
1106 3613 1273 3669 esset,
1295 3611 1353 3659 et
1381 3613 1562 3658 tamen
1611 3603 1820 3672 aliquot

225 3711 355 3758 ante
379 3701 720 3773 legationem
745 3699 904 3754 annis
929 3696 1182 3752 monachi
1203 3696 1412 3769 iurgari
1435 3703 1737 3766 cmperant.

294 3794 362 3847 γ.
410 3791 651 3848 Duobus
694 3799 814 3860 post
851 3789 1010 3844 annis
1048 3796 1144 3842 aut
1187 3787 1357 3842 ferme
1392 3787 1596 3852 tribus,
1632 3786 1820 3842 habita

221 3893 306 3939 est
339 3881 834 3951 Constantinopoli
863 3879 1083 3935 collatio
1107 3877 1420 3934 Catholicos
1462 3877 1607 3933 inter
1634 3885 1692 3933 et
1726 3877 1822 3933 Se-

221 3975 521 4037 verianos,
541 3973 597 4026 in
633 3988 741 4042 qua
772 3972 840 4025 de
861 3970 1210 4025 Theodoreto
1235 3969 1499 4023 nonnulla
1537 3967 1643 4041 fuit
1675 3983 1822 4038 qua:-

222 4069 374 4122 stio:
420 4067 556 4121 haec
581 4065 636 4119 in
679 4063 902 4134 primis,
931 4061 1211 4133 quomodo
1241 4059 1589 4116 CbalCedone
1624 4059 1824 4115 dixerit

219 4159 539 4214 anathema
563 4153 838 4220 Nestorio,
862 4170 932 4209 an
956 4169 1022 4209 ex
1054 4153 1260 4218 animo,
1286 4168 1354 4208 an
1390 4151 1820 4217 dissimulanter,

218 4256 277 4302 et
297 4247 480 4302 verbo
504 4254 697 4299 tenus.

290 4338 409 4394 Res
441 4338 504 4393 in
545 4335 696 4391 hunc
722 4333 944 4400 modum
986 4342 1136 4405 gesta
1171 4342 1274 4387 est.
1301 4331 1689 4387 Convenerunt
1725 4331 1825 4387 Iu-

1922 3147 2132 3202 stianus
2157 3146 2472 3217 impeditus,
2501 3163 2600 3217 pro
2630 3147 2807 3203 tribus
2839 3148 3158 3205 hominibus
3174 3165 3285 3206 non
3311 3153 3496 3210 minus

1920 3239 2201 3309 pugnavit,
2235 3253 2398 3309 quam
2433 3255 2534 3309 pro
2563 3238 2768 3295 Christi
2805 3239 2932 3296 ﬁde.

1991 3330 2100 3385 Vll.
2135 3329 2321 3384 Traxit
2342 3329 2629 3384 Theodora
2661 3329 2982 3400 impcratrix
3019 3332 3286 3403 originem
3320 3349 3388 3390 ex
3409 3335 3497 3390 in-

1921 3421 2062 3476 ﬁma:
2119 3421 2282 3476 sortis
2326 3421 2672 3492 parentibus,
2724 3429 2882 3492 patre
2929 3423 3202 3494 siquidem
3236 3441 3499 3482 ursorum

1922 3513 2122 3568 theatri
2178 3513 2374 3577 altore,
2429 3521 2607 3568 matre
2661 3515 2924 3569 scenica:
2979 3515 3158 3570 caruit
3209 3526 3364 3588 patre
3406 3518 3499 3574 vix

1921 3606 2314 3677 quinquennis,
2366 3605 2603 3676 ideoque
2657 3605 2714 3661 in
2762 3607 2955 3663 matris
2996 3608 3160 3663 domo
3202 3619 3498 3681 egestatem

1921 3713 2082 3770 passa
2112 3706 2198 3754 est
2227 3713 2352 3753 cum
2387 3699 2676 3754 sororibus
2701 3698 2942 3766 duabus,
2974 3716 3137 3771 quam
3175 3711 3236 3758 ut
3261 3703 3496 3775 fugeret,

1924 3791 2106 3846 statim
2140 3797 2303 3860 atque
2349 3805 2448 3860 per
2490 3798 2708 3846 {etatem
2767 3790 2944 3857 licuit,
2991 3792 3256 3862 producta
3305 3806 3390 3850 est
3442 3797 3499 3852 in

1923 3897 2164 3947 scenam,
2223 3881 2318 3937 ubi
2377 3881 2521 3936 inter
2567 3882 2764 3937 mimos
2808 3881 3004 3938 didicit
3039 3899 3296 3954 spernere
3326 3885 3499 3956 pudo-

1924 3989 2039 4030 rem
2085 3974 2151 4028 ⁸⁸.
2205 3971 2363 4031 Hunc
2401 3988 2526 4029 cum
2553 3973 2831 4044 posuisset
2856 3973 2912 4028 in
2939 3973 3077 4028 urbe
3101 3974 3270 4044 regia,
3297 3975 3498 4030 Penta-

1924 4066 2066 4135 polis
2101 4065 2442 4137 prtefectum,
2471 4066 2631 4137 cujus
2665 4065 2882 4119 libidini
2913 4064 3207 4129 serviebat,
3241 4063 3499 4122 comitata

1923 4165 2008 4210 est
2055 4156 2112 4211 in
2151 4154 2465 4227 IEgyptum,
2521 4155 2667 4210 unde
2711 4153 3243 4224 Constantinopolim
3280 4169 3501 4212 reversa

1927 4247 2129 4302 meruit
2154 4247 2300 4301 inter
2331 4245 2704 4301 emboliarias.

1996 4337 2210 4392 Placuit
2231 4345 2362 4392 tunc
2391 4335 2654 4406 temporis
2694 4333 3003 4391 Iustiniano
3041 4335 3363 4406 iuveniliter
3413 4336 3501 4391 in-

221 4429 462 4484 stiniani
503 4425 771 4482 mandato
797 4426 928 4481 hinc
955 4433 1011 4479 et
1036 4424 1162 4478 inde
1195 4439 1288 4479 sex
1314 4423 1593 4493 episcopi;
1617 4421 1823 4478 Catho-
1857 4421 1899 4476 D
1928 4425 2183 4490 sanienti,
2215 4426 2316 4481 sed
2335 4433 2396 4480 ut
2421 4425 2592 4481 amica
2628 4425 2888 4496 primum,
2917 4425 3116 4482 deinde
3145 4426 3296 4481 velut
3327 4443 3500 4482 uxor:

220 4524 470 4579 licorum
521 4521 641 4576 dux
675 4527 796 4574 erat
833 4519 1100 4591 Hypatius
1122 4517 1456 4588 Ephesinus,
1497 4517 1826 4573 Severiano-

220 4631 346 4668 rum
387 4613 633 4684 Sergius
673 4609 803 4681 Cyri
825 4610 1136 4680 episcopus.
1163 4609 1393 4680 Hypatio
1434 4609 1661 4664 aderant
1705 4609 1828 4664 Ste-

218 4707 450 4776 phanus
506 4703 801 4768 Seleuciae,
840 4701 1134 4756 Antbimus
1187 4702 1582 4772 'l‘rapezuntis,
1633 4703 1828 4757 Deme-

218 4797 366 4850 trius
397 4795 818 4863 Philipporum,
858 4793 1097 4847 Ioannes
1120 4792 1336 4848 V'ezniaa
1370 4792 1627 4856 civitatis,
1653 4802 1710 4847 et
1735 4793 1825 4847 1η-

216 4884 536 4939 nocentius
588 4881 845 4935 Maroniae
893 4881 1159 4950 episcopi,
1204 4897 1396 4937 omnes
1443 4882 1819 4951 metrOpoliue.

214 4978 478 5032 Aderant
533 4973 734 5042 Sergio
787 4975 1026 5029 Thomas
1072 4974 1451 5038 Germaniciae,
1492 4976 1825 5031 Philoxenus

215 5067 514 5131 Dolichos,
548 5065 749 5120 Petrus
782 5065 1252 5135 Theodosiopolis,
1284 5067 1520 5122 Ioannes
1561 5070 1827 5124 Constan-

216 5155 371 5220 tinm,
397 5155 655 5209 Nonnus
675 5151 954 5207 Curesina:
975 5153 1166 5219 urbis;
1195 5169 1406 5220 omnes,
1425 5155 1469 5210 si
1492 5156 1633 5213 forte
1657 5159 1824 5214 Joan«

215 5261 348 5301 nem
386 5242 679 5313 excipias,
716 5243 991 5297 minorum
1023 5245 1309 5300 civitatum
1338 5247 1689 5319 episc0pi,cx
1714 5250 1826 5305 Eu-

215 5339 520 5410 phratesia
573 5343 635 5389 et
680 5335 904 5406 Cypro:
945 5335 1119 5408 Cyrus
1159 5337 1342 5404 cnim,
1384 5338 1730 5396 Germanicia
1773 5353 1830 5397 et

213 5436 458 5492 llofiihe
496 5431 575 5488 ad
614 5429 1035 5500 Euphratesiam
1083 5434 1361 5502 pertinent
1395 5452 1408 5487 :
1441 5433 1822 5499 Constantina,

1926 4534 2052 4574 nam
2091 4517 2395 4589 Euphemia
2451 4518 2711 4590 Augusta,
2765 4517 2966 4574 Iustini
2999 4519 3222 4590 conjux,
3258 4518 3504 4589 quandiu

1927 4610 2083 4676 vixit,
2122 4609 2397 4664 indecoris
2427 4609 2634 4680 nuptiis
2666 4609 2880 4664 obstitit
2907 4625 2922 4677 ;
2954 4625 3019 4665 ea
3047 4625 3179 4664 vero
3211 4610 3501 4676 exstincta,

1905 4702 2177 4757 'rescissa3
2205 4709 2334 4756 sunt
2369 4701 2540 4772 leges,
2573 4701 2774 4770 quibus
2795 4702 3233 4771 prohibebantur
3262 4701 3499 4771 patricii,

1929 4808 2000 4848 ne
2061 4793 2307 4849 scenicas
2349 4792 2635 4847 ducerent.
2690 4791 2783 4847 Sic
2828 4793 3117 4847 Theodo‘ra
3162 4809 3230 4846 ex
3285 4793 3506 4847 scenica

1929 4885 2105 4939 evasit
2171 4884 2371 4955 conjux
2428 4881 2693 4948 Caesaris,
2756 4899 2883 4938 mox
2931 4884 3208 4954 Augusta,
3267 4882 3504 4951 denique

1931 4976 2120 5031 mundi
2172 4976 2341 5030 totius
2396 4975 2650 5044 domina,
2689 4991 2851 5045 quem
2911 4991 3038 5030 cum
3086 4974 3283 5039 bellis.
3339 4973 3504 5028 cadi-

1931 5067 2056 5134 bus,
2090 5067 2318 5150 rapinis,
2371 5065 2700 5139 ﬂagitiisque
2749 5081 2921 5120 unum
2971 5077 3028 5121 et
3087 5064 3276 5136 viginti
3333 5077 3507 5118 annos

1932 5167 2202 5223 vexasset,
2240 5159 2467 5230 ipsaque
2503 5157 2598 5212 Dei
2623 5157 2886 5229 patientia
2915 5173 3070 5214 versa
3107 5157 3324 5212 tandem
3359 5165 3508 5212 esset

1931 5253 1988 5306 in
2015 5252 2287 5317 nemesin,
2318 5251 2483 5322 periit
2514 5267 2660 5307 anno
2687 5251 2810 5316 548,
2840 5251 2933 5306 lue
2966 5250 3150 5306 cancri
3202 5265 3403 5322 corpus
3440 5251 3509 5303 li—

1932 5343 2215 5398 bidinibus
2249 5343 2511 5399 foedatum
2545 5343 2563 5362 ⁴
2592 5343 2961 5413 depascente;
3003 5349 3167 5413 atque
3200 5341 3348 5396 hunc
3387 5340 3505 5394 exi-

1932 5445 2046 5491 tum
2088 5436 2277 5492 sortita
2311 5445 2398 5493 est
2436 5437 2647 5506 impura
2679 5436 2893 5500 mulier,
2932 5436 3106 5490 hostis
3131 5444 3332 5490 sancta:
3361 5432 3508 5486 illius

1610 5589 1928 5647 SCliULle
1970 5589 2200 5646 ΝΟΤᾸΞ.

279 5743 330 5776 ⁸³
361 5748 616 5820 magn,
648 5743 742 5798 lib.
774 5759 830 5823 tt.
904 5746 949 5778 "‘
982 5745 1036 5800 in
1069 5746 1187 5803 Vita
1227 5747 1283 5803 S.
1317 5747 1530 5814 Sabbae,
1565 5751 1684 5820 cap.
1714 5751 1802 5806 95.
1876 5751 1920 5785 ⁸⁸
1957 5752 2242 5821 Evagrius,
2289 5752 2596 5820 Liberatus,
2639 5753 2869 5824 Procop.
2920 5751 2974 5808 in
3001 5753 3136 5808 υἱεῖ.
3172 5760 3366 5805 Arcuit.
