3952 6294
471 294 571 363 175

1584 280 1964 350 ὈΑΗΝΕΗΙῘ
2003 278 2496 345 DISSERTATIO
2534 282 2584 342 Ι.

3618 272 3720 342 176

467 410 682 483 synodi,
726 425 889 481 quam
921 407 1261 467 nobilissima
1294 404 1557 474 Augusta,
1590 399 2106 468 sanctissimaqueca
2140 411 2285 461 care,
2333 396 2522 451 statuit
2576 393 2831 449 maximis
2870 393 3129 448 Ecclesiae
3171 391 3409 483 sedibus
3441 390 3723 462 impunem

468 508 620 577 virgo
644 503 933 561 Puleheria
962 508 1234 571 coegerat.

542 597 758 651 Mulieri
810 594 914 648 fuit
968 592 1184 647 animus
1233 602 1431 659 genere
1474 586 1668 657 major,
1726 582 1822 638 sed
1866 581 2042 637 elatus

2142 488 2397 542 homines
2426 484 2679 541 factionis
2710 499 2843 549 suae,
2870 495 2930 538 ut
2952 498 3144 538 eorum
3179 482 3451 538 sententia
3479 490 3721 553 postmo-

2143 578 2273 633 dum
2328 577 2456 633 fldei
2508 576 2922 641 defensionem,
2971 576 3328 631 constitutam
3354 572 3719 637 Chalcedone,

468 687 644 757 magis
685 699 849 755 quam
904 682 1174 745 excelsus,
1221 678 1538 734 dominandi
1597 674 1832 745 cupidus
1877 688 2043 742 supra
2141 677 2435 726 everteret.

469 787 695 840 sortem,
745 772 1145 829 incredibiliter
1183 780 1471 842 promptus
1515 766 1786 837 quidlibet
1828 761 2047 833 excogi-

472 880 586 924 tare
634 874 689 922 et
748 865 991 936 aggredi,
1045 864 1312 918 infractus
1359 861 1519 916 malis
1566 867 1623 914 et
1673 856 1849 911 audax
1891 852 2043 908 abuti

468 961 690 1014 fortuna
742 957 893 1011 velut
937 956 1232 1026 mancipio.
1268 955 1370 1008 l’ar
1405 952 1591 1007 animo
1622 948 1923 1020 ingenium,
1954 962 2046 1000 va—

470 1052 633 1115 frum,
670 1048 978 1118 multiplex,
1024 1047 1335 1116 versipelle,
1374 1052 1549 1099 totum
1583 1057 1614 1096 a
1637 1050 1833 1097 natura
1861 1038 2047 1093 inimi-

469 1158 593 1197 cum
627 1160 640 1193 :
678 1149 975 1209 utrumque
1004 1138 1297 1208 adjuvahat
1318 1136 1456 1191 mira
1481 1134 1730 1204 quaedam
1753 1128 2046 1201 eloquendi

469 1234 724 1297 facilitas,
778 1248 884 1302 qua
931 1232 1070 1285 nihil
1116 1245 1227 1284 non
1281 1236 1497 1299 poterat
1551 1226 1727 1281 cuivis
1775 1223 2042 1279 suadere:

472 1324 663 1379 aderat
702 1333 760 1379 et
794 1323 1041 1377 liberalis
1068 1321 1223 1392 quasi
1251 1318 1515 1385 avaritia;
1547 1332 1742 1373 aurum
1770 1317 1919 1371 enim
1948 1329 2047 1384 ap-

472 1416 713 1486 petebat,
757 1423 815 1469 ut
855 1413 1164 1469 effunderet
1218 1413 1272 1467 in
1317 1413 1673 1468 consiliorum
1728 1408 2045 1464 ministros:

473 1506 665 1562 aderat
697 1507 904 1577 pariter
941 1521 1031 1560 ars
1073 1504 1337 1559 induendi
1387 1502 1627 1573 speciem
1678 1499 1919 1571 pietatis,
1954 1512 2052 1568 po-

474 1597 779 1667 nendique,
814 1612 915 1668 pro
940 1595 1294 1650 inclinatione
1336 1592 1500 1664 224
1544 1608 1726 1648 rerutn
1763 1610 1775 1644 :
1818 1591 1913 1647 sed
1965 1590 2052 1645 bis

476 1689 736 1743 omnibus
758 1703 860 1759 per
889 1703 946 1742 se
976 1684 1377 1757 potentissimis
1402 1685 1512 1739 vim
1552 1684 1936 1739 incredibilem
1957 1684 2053 1739 ad-

2214 761 2281 816 Χ.
2333 763 2643 834 Epiphanio
2689 763 2855 834 igitur
2887 761 3041 817 urbis
3067 760 3233 831 regia:
3251 760 3509 829 episeopo
3533 756 3726 812 Anthi—

2144 867 2293 908 mum
2313 854 2549 919 suffecit,
2566 870 2679 911 suae
2696 854 3061 923 Trapezuntis
3076 852 3335 908 Ecclesiae
3358 850 3722 911 desertorem,

2146 944 2340 1000 aulicis
2387 947 2603 1002 artibus
2656 945 2904 1015 apprime
2958 944 3261 1008 eruditum,
3320 941 3724 1011 Acepltalorum

2147 1040 2470 1107 pessimum,
2518 1048 2575 1093 et
2611 1039 2700 1093 cui
2753 1047 2963 1092 tantum
3010 1036 3229 1106 pietatis
3275 1034 3330 1089 in
3371 1033 3608 1104 speciem
3656 1031 3727 1086 ad

2147 1128 2447 1185 fallendum
2474 1129 2598 1194 fuit,
2620 1138 2884 1200 quantum
2929 1126 3296 1196 improbitatis
3340 1124 3407 1179 ad
3457 1122 3732 1192 quidlibet

2148 1220 2287 1275 clam
2320 1220 2655 1275 audendum.

2162 1374 2167 1378 ,
2221 1308 2314 1365 Xl.
2348 1311 2456 1366 Sua
2487 1320 2667 1366 tamen
2704 1325 2829 1381 spes
2854 1309 3138 1364 mulierem
3165 1307 3391 1362 fefellit:
3429 1321 3554 1360 nam
3582 1318 3731 1361 sum-

2152 1419 2279 1460 mus
2298 1405 2544 1474 pontifex
2565 1405 2843 1474 Agapetus
2864 1402 3093 1457 veniens
3110 1400 3637 1469 Constantinopolim
3661 1396 3730 1462 ⁸⁸,

2153 1509 2337 1549 rerum
2390 1494 2702 1548 Italicarum
2756 1506 2942 1555 causa,
2996 1492 3306 1545 adulterum
3355 1490 3517 1558 225
3561 1489 3731 1553 hunc,

2153 1584 2528 1655 nequidquam
2577 1584 2863 1640 obnitente
2900 1599 3009 1653 qua
3058 1582 3243 1646 minis,
3296 1597 3402 1651 qua
3454 1581 3732 1652 precibus,

2155 1677 2387 1745 aurique
2417 1675 2696 1730 oblatione
2719 1675 2985 1746 Augusta,
3015 1689 3168 1730 suam
3190 1674 3428 1744 primum
3456 1673 3525 1728 ad
3546 1673 3735 1730 Eccle-

475 1777 644 1834 dcbat
666 1750 855 1834 formae
877 1750 1212 1849 praestantia,
1235 1785 1494 1848 quantam
1524 1791 1686 1830 nemo
1716 1776 1933 1840 artifex,
1964 1775 2051 1830 vel
2083 1750 2126 1804 Β
2155 1770 2290 1824 siam
2345 1769 2578 1834 remisit,
2639 1778 2755 1824 tum
2810 1770 3030 1840 penitus
3054 1769 3348 1834 abdicavit,
3385 1768 3616 1838 ipsoque
3641 1782 3736 1838 vo-

475 1871 732 1940 pcnieillo
769 1869 951 1939 potuit
995 1871 1079 1925 vel
1114 1854 1245 1926 callo
1290 1868 1636 1939 exprimere;
1679 1883 1841 1922 nemo
1876 1877 2047 1932 certe,

474 1961 605 2015 licet
634 1960 946 2031 superbam,
979 1977 1090 2016 non
1121 1961 1311 2015 coluit.

546 2052 684 2108 Vlll.
717 2051 813 2107 llis
842 2053 1176 2124 adjumentis
1222 2053 1515 2115 instructa,
1571 2051 1771 2105 marito
1816 2049 2054 2120 primum

472 2141 749 2216 dominari
793 2142 987 2207 voluit,
1036 2157 1149 2212 quo
1202 2140 1414 2196 caztcris
1463 2141 1654 2211 jugum
1705 2140 2053 2208 imponeret:

476 2238 647 2301 utque
710 2238 943 2285 noverat
986 2240 1262 2286 amantem
1312 2231 1447 2295 otii,
1505 2230 1816 2299 scholazque
1874 2230 2059 2299 potius

477 2337 644 2391 quam
688 2338 856 2393 regno
878 2332 1091 2387 natum,
1117 2324 1378 2394 cupidum
1410 2324 1532 2379 auri
1554 2341 1620 2380 ac
1642 2324 1765 2379 vani
1794 2324 2054 2388 nominis,

478 2411 657 2483 ipsum
689 2427 718 2466 a
741 2414 892 2483 regni
912 2415 1062 2471 curis
1088 2414 1156 2469 ad
1184 2431 1273 2470 res
1296 2431 1480 2471 sacras
1503 2415 1816 2471 tractandas
1835 2416 2053 2480 avertit,

478 2502 894 2574 scribendisque
922 2506 1186 2575 applicuit
1221 2506 1455 2577 legibus,
1497 2506 1703 2576 quibus
1746 2514 1803 2561 et
1843 2508 2056 2577 opimas

480 2591 836 2651 hatreditates
877 2596 1051 2662 adire,
1096 2598 1295 2668 etjura
1329 2599 1587 2663 vendere,
1625 2607 1681 2654 et
1716 2600 2056 2669 privatorum

480 2700 614 2755 opes
641 2686 899 2742 invadere
924 2688 1120 2743 liceret
1149 2705 1161 2740 :
1200 2688 1280 2743 sic
1302 2676 1450 2744 enim
1476 2690 1803 2759 suppetebat
1827 2690 2056 2753 affatim,

479 2778 627 2847 quod
659 2777 713 2832 in
739 2778 921 2845 ludos,
951 2780 1246 2850 pensiones
1274 2780 1656 2845 barbarorum,
1689 2780 1908 2835 insanas
1929 2781 2058 2835 sub-

477 2869 833 2935 structiones,
866 2876 921 2924 et
955 2870 1183 2925 bellicos
1211 2880 1463 2940 sumptus
1495 2870 1894 2926 effunderetur.
1929 2871 2060 2927 Cin-

478 2957 558 3012 xit
587 2958 754 3030 igitur
782 2959 1061 3015 hominem
1091 2960 1259 3023 valde,
1281 2961 1510 3027 bonum,
1539 2962 1863 3018 clericorum
1884 2963 2055 3031 juris-

477 3050 890 3120 peritorumque
933 3051 1213 3116 satellitio,
1260 3053 1355 3121 qui
1402 3053 1638 3123 scriptos
1686 3069 1717 3106 a
1769 3068 1829 3108 se
1884 3053 2058 3109 libros
2082 3091 2126 3149 ο

477 3150 852 3211 supponerent
870 3142 1165 3198 vanissimo
1195 3143 1447 3214 principi.

549 3236 619 3291 Ut
648 3237 812 3291 etiam
836 3239 1071 3307 serviret
1090 3238 1271 3292 mariti
1296 3238 1606 3302 affectibus,
1630 3238 1766 3294 fovit
1789 3240 2052 3296 immensa

477 3327 700 3382 licentia
725 3328 1077 3386 Prasinorum
1108 3330 1551 3401 Venetorumque
1570 3332 2056 3403 amphitheatrales

478 3419 936 3484 concertationes,
967 3435 1200 3490 quarum
1242 3421 1424 3476 studio
1460 3423 2054 3478 insanicbatJustinia-

479 3521 604 3559 nus.
630 3506 699 3562 Ut
721 3505 947 3562 vanitati
974 3508 1335 3574 blandiretur,
1359 3511 1531 3567 suasit
1552 3512 1755 3582 ubique
1785 3521 2054 3566 terrarum

477 3593 827 3651 aedificandas
854 3596 1041 3664 urbes,
1088 3598 1304 3670 aliaque
1345 3616 1513 3672 opera
1564 3602 1805 3671 publica,
1852 3604 2054 3673 quibus

477 3701 680 3742 nomen
746 3701 907 3741 suum
958 3688 1301 3747 Justinianus
1352 3693 1677 3763 imponeret.
1730 3694 1871 3762 Quin
1927 3711 2054 3751 cum

478 3776 623 3830 bella
662 3777 922 3847 gessisset
950 3776 1185 3834 feliciter
1223 3780 1360 3837 orbe
1392 3789 1506 3836 toto
1537 3797 1637 3852 per
1676 3782 2049 3851 administros,

477 3882 544 3922 ex
578 3868 665 3923 his
702 3868 821 3922 viro
863 3868 1059 3924 stolide
1108 3870 1306 3941 ignavo
1343 3871 1553 3929 aﬂinxit
1586 3873 1906 3929 inanissima
1948 3889 2052 3928 no-

479 3960 646 4025 mina,
704 3960 1030 4029 Alemauiei,
1090 3964 1329 4030 Gothici,
1381 3964 1655 4031 Francici,
1716 3965 2047 4031 Germanici,

475 4050 680 4118 Antiei,
710 4053 941 4120 Alanici,
965 4056 1264 4121 Vandalici,
1288 4055 1478 4123 Africi,
1513 4068 1620 4115 etc.

546 4143 643 4201 His
676 4146 892 4202 artibus
928 4148 1192 4203 illudebat
1218 4150 1612 4215 Iustinianum,
1646 4150 1919 4220 simulque
1965 4157 2051 4205 to-

478 4234 589 4288 tius
635 4234 785 4289 orbis
831 4236 1121 4307 imperium
1165 4240 1389 4310 tenebat
1427 4239 1710 4313 tyrannica
1737 4248 2045 4309 potestate:

475 4340 603 4380 nam
626 4325 694 4381 ad
721 4326 1032 4394 arbitrium,
1062 4338 1121 4385 et
1144 4330 1434 4400 praefectos
1460 4331 1782 4402 provinciis,
1810 4340 1867 4387 et
1893 4347 2052 4386 exer-

2151 1862 2299 1918 lente
2316 1862 2646 1928 Iustiniano,
2666 1863 2915 1918 Mennam
2930 1864 3110 1917 virum
3130 1863 3411 1917 meliorem
3429 1862 3735 1919 substituit.

2229 1953 2341 2009 Xll.
2372 1955 2569 2010 Verum
2591 1971 2754 2025 quam
2774 1954 3391 2024 Constantinopolitanae
3410 1969 3517 2008 non
3534 1952 3735 2023 potuit.

2154 2046 2416 2103 Romanae
2468 2064 2594 2103 mox
2637 2048 2897 2104 Ecclesia:
2945 2047 3248 2117 perniciem
3295 2046 3500 2101 inferre
3546 2045 3736 2101 molita

2155 2144 2258 2192 est.
2293 2135 2536 2208 Agapeto
2559 2136 2729 2203 enim,
2762 2152 2886 2191 cum
2919 2137 2976 2191 in
3017 2150 3085 2192 eo
3121 2142 3285 2201 esset,
3327 2143 3389 2190 ut
3436 2143 3742 2190 revertere-

2158 2234 2249 2282 tur
2295 2229 2352 2283 in
2390 2226 2754 2284 Occidentem
2781 2268 2796 2291 ,
2837 2228 2906 2282 ad
2962 2242 3193 2298 superos
3237 2228 3499 2282 translato
3525 2266 3539 2290 ,
3588 2227 3739 2299 Vigi-

2155 2318 2290 2373 lium
2335 2318 2563 2389 Agapcti
2593 2318 3035 2389 apocrisiarium,
3084 2334 3248 2389 quem
3283 2317 3398 2375 sedi
3427 2318 3742 2388 apostolica

2158 2411 2374 2465 inhiare
2402 2418 2651 2475 noverat,
2686 2410 2974 2480 promissis
3006 2410 3337 2481 aggreditur.
3387 2408 3632 2480 Spondet
3681 2419 3743 2465 ut

2156 2501 2404 2557 Belisarii
2457 2502 2685 2557 Romam
2735 2511 2867 2557 tunc
2914 2502 3154 2558 tenentis
3185 2518 3290 2573 ope
3313 2502 3558 2571 pontifex
3584 2516 3744 2557 crea-

2157 2602 2330 2657 retur,
2351 2594 2395 2648 si
2416 2593 2767 2664 promitteret
2799 2602 3010 2649 tautum
3040 2608 3120 2659 se,
3142 2608 3267 2648 cum
3291 2593 3528 2664 primum
3550 2593 3740 2648 sedem

2157 2688 2514 2757 apostolicam
2535 2696 2880 2755 occupasset,
2907 2695 2965 2741 et
2981 2687 3192 2758 synodo
3208 2687 3317 2740 vim
3335 2687 3744 2753 detracturum,

2156 2784 2213 2829 et
2251 2774 2570 2840 Theodosii,
2604 2775 2874 2840 Anthimi,
2908 2776 3211 2846 Severique
3230 2776 3394 2831 fidem
3416 2777 3620 2832 litteris
3650 2777 3746 2832 flr-

2156 2874 2431 2921 maturum
2458 2884 2471 2919 :
2501 2866 2716 2922 addidit
2739 2866 3027 2937 promissis
3044 2867 3209 2931 dona,
3234 2868 3355 2922 auri
3376 2876 3585 2939 septem
3609 2885 3747 2926 cen-

2159 2958 2366 3012 tenaria
2400 2974 2414 3024 ;
2451 2958 2572 3012 auri
2604 2959 2818 3029 species
2855 2959 3176 3028 perstrinxit
3213 2959 3493 3016 hominem
3512 2975 3745 3016 ararum

2156 3050 2309 3120 juxta
2335 3059 2389 3102 et
2419 3048 2791 3105 ambitiosum.
2815 3048 2997 3116 Quare
3027 3050 3156 3105 dato
3179 3049 3546 3122 chirographo
3574 3052 3743 3107 fidem

2161 3139 2475 3211 obstringit,
2525 3149 2580 3196 et
2625 3141 2694 3196 ad
2740 3140 2978 3211 praedam
3030 3142 3217 3197 volat:
3266 3142 3361 3198 sed
3395 3142 3622 3198 ltomam
3646 3160 3745 3215 ap-

2160 3232 2355 3302 pulsus
2412 3230 2711 3286 Silverium
2771 3234 2978 3301 reperit
3022 3232 3134 3302 jam
3186 3232 3524 3288 ordinatum.
3557 3235 3746 3290 Monet

2160 3322 2228 3377 de
2254 3337 2315 3377 re
2347 3321 2712 3387 Theodoram,
2751 3320 2913 3392 jubet
2943 3320 3033 3376 illa
3066 3322 3385 3377 Belisarium
3412 3324 3746 3393 proditionis

2160 3415 2489 3469 calumniam
2522 3413 2756 3470 Silverio
2781 3413 2984 3478 facere,
3023 3422 3077 3469 et
3122 3414 3177 3469 in
3220 3415 3475 3469 exsilium
3515 3416 3744 3486 ejicere,

2159 3507 2334 3577 ejecto
2350 3506 2649 3576 subrogare
2664 3506 2941 3576 Vigilium.
2968 3506 3120 3561 Fecit
3138 3507 3403 3575 imperata
3421 3506 3745 3573 Belisarius,

2161 3606 2389 3668 cogente
2435 3597 2710 3652 Antonina
2764 3613 2956 3664 uxore,
3012 3614 3123 3669 qua
3178 3598 3428 3654 ministra
3480 3600 3748 3655 utebatur

2162 3686 2473 3752 Theodora,
2502 3688 2804 3758 redemptis
2836 3688 3235 3745 adulteriorum
3258 3691 3615 3746 excusatione
3638 3693 3748 3747 mi-

2159 3778 2422 3835 nisteriis.

2230 3868 2371 3925 Xlll.
2398 3871 2629 3941 Ejicitur
2655 3887 2789 3944 ergo
2812 3874 3060 3928 Pataram
3090 3875 3142 3928 in
3172 3874 3427 3929 exsilium
3448 3873 3745 3936 Silvcrius;

2160 3968 2175 3984 '
2204 3963 2301 4018 sed
2332 3963 2644 4019 Patarensis
2680 3965 2926 4036 episcopi
2970 3966 3074 4020 viri
3124 3967 3455 4023 sanctissimi
3504 3968 3745 4030 monitu,

2154 4053 2312 4125 jubet
2370 4053 2501 4109 inde
2569 4054 2761 4111 reduci
2817 4057 3152 4126 imperator,
3205 4065 3266 4111 ut
3316 4069 3748 4127 cognosceretur

2158 4145 2345 4202 Romae
2373 4161 2557 4201 causa.
2596 4147 2712 4204 Hae
2754 4156 2939 4203 tamen
2984 4149 3251 4213 inaudita,
3300 4165 3551 4205 summus
3607 4167 3750 4221 pon-

2158 4238 2291 4293 tifex
2327 4238 2522 4310 Vigilio
2550 4240 2810 4295 venditur
2857 4241 3112 4295 ducentis
3156 4242 3276 4296 auri
3329 4242 3533 4312 pondo,
3583 4244 3749 4312 cujus

2156 4329 2413 4385 mandato
2432 4330 2488 4384 in
2520 4330 2755 4386 insulam
2774 4331 3057 4388 Palmaria:
3073 4332 3376 4401 proximam
3393 4333 3743 4403 deportatus.

476 4415 678 4473 citibus
709 4417 897 4485 duces,
952 4429 1009 4475 et
1057 4421 1317 4476 Eeclesiis
1369 4423 1645 4478 antistites
1692 4423 2044 4493 praeficiebat,
2080 4447 2124 4503 ι)
2154 4422 2525 4492 terumnisque
2554 4429 2649 4476 ant
2694 4422 2874 4478 inedia
2916 4422 3241 4493 absumptus
3282 4423 3530 4495 martyrii
3584 4440 3747 4479 corn-

475 4522 635 4576 quos,
671 4508 765 4563 ubi
800 4510 1103 4576 colliberct,
1144 4510 1427 4581 redigebat
1458 4511 1512 4566 in
1538 4512 1807 4576 ordinem,
1860 4528 2048 4568 amans

474 4597 680 4652 arbitra
732 4599 899 4655 sortis
937 4601 1148 4655 audire.
1190 4600 1410 4654 Nullum
1445 4600 1639 4654 habuit
1663 4600 2049 4671 obsequentio—

475 4705 591 4744 rem
629 4690 825 4746 ducem
868 4692 1152 4756 Belisario,
1185 4692 1277 4760 qui
1320 4691 1669 4749 serviendum
1703 4691 1918 4748 feminae
1942 4710 2050 4764 pu-

456 4768 631 4847 ltavit,
658 4792 719 4837 ut
757 4782 1018 4838 Romanis
1050 4784 1385 4838 exercitibus
1427 4784 1762 4854 imperaret;
1812 4796 1869 4842 et
1919 4803 2049 4843 vero

473 4875 671 4947 dignus
699 4886 818 4931 erat
838 4883 987 4930 tanto
1007 4875 1310 4941 dominatu,
1344 4877 1621 4947 gloriaque
1658 4878 1852 4935 bellica
1885 4891 2048 4949 atque

473 4968 715 5035 politica,
765 4967 872 5041 nisi
929 4966 1219 5022 Antonium
1260 4969 1498 5038 conjugi,
1553 4968 1881 5027 feminarum
1926 4982 2049 5042 post

473 5058 813 5113 Theodoram
841 5056 1208 5125 ncquissimze,
1231 5059 1526 5130 nupsisset.

542 5149 633 5203 IX.
672 5146 994 5216 llujusmodi
1023 5146 1222 5202 femina
1247 5165 1371 5204 cum
1392 5148 1662 5219 potiretur
1685 5166 1890 5215 rerum,
1915 5168 2044 5208 ansa

469 5246 554 5292 est
590 5245 755 5288 totam
800 5234 1129 5290 labefactare
1174 5237 1514 5292 Ecclesiam:
1559 5228 1795 5310 cumque
1845 5255 2045 5296 concc-

462 5338 623 5400 ptum
645 5312 972 5397 jampridem
1014 5328 1305 5384 consilium
1337 5330 1405 5385 de
1429 5331 1785 5386 convcllcnda
1815 5334 2042 5403 synodo,

466 5418 755 5489 tribusque
784 5419 1035 5489 capitulis
1066 5421 1389 5476 damnandis
1418 5424 1580 5478 vellet
1614 5424 1830 5478 tandem
1865 5426 2043 5493 expli-

2152 4527 2278 4567 nam
2311 4513 2544 4584 adeptus
2567 4522 2671 4568 est.

2226 4601 2360 4659 XIV.
2393 4603 2588 4659 Fertur
2619 4605 2848 4676 Vigilius
2873 4606 3095 4662 interim
3122 4607 3362 4672 dedisse,
3388 4623 3525 4678 quas
3546 4618 3748 4678 pactus

2154 4706 2290 4757 erat,
2323 4710 2553 4750 arcanas
2582 4697 2814 4761 litteras,
2857 4706 2921 4753 ut
2962 4699 3164 4770 pignus
3196 4698 3395 4765 forent,
3437 4711 3533 4754 aut
3572 4701 3746 4755 arrha

2155 4787 2357 4856 potius,
2411 4787 2559 4853 fidei,
2614 4804 2741 4844 cum
2795 4797 3013 4859 tempus
3040 4791 3267 4855 sineret,
3310 4791 3650 4861 prodendae:
3689 4793 3745 4846 in

2157 4878 2224 4933 iis
2251 4879 2600 4934 Theodorum
2623 4882 2949 4936 nominatim
2970 4892 3136 4952 atque
3159 4883 3569 4937 Theodoretum
3589 4886 3749 4938 dam-

2155 4971 2339 5035 nabat,
2389 4972 2678 5041 ipsumque
2733 4973 2972 5028 Leonem
3027 4975 3301 5044 Magnum,
3349 4983 3513 5044 atque
3570 4977 3748 5029 etiam

2155 5071 2398 5116 sanctam
2433 5064 2721 5134 synodum.

2226 5152 2367 5209 Sunt
2416 5154 2511 5223 qui
2550 5155 2761 5210 litteras
2814 5156 3042 5212 credant
3095 5158 3404 5226 suppositas
3449 5157 3518 5211 ab
3568 5157 3747 5223 Afris,

2154 5245 2351 5315 Vigilio
2396 5246 2746 5316 impudenter
2772 5247 3003 5303 infensis
3031 5266 3044 5313 ;
3082 5266 3185 5303 nec
3218 5265 3355 5303 vana
3391 5250 3749 5305 credentium

2155 5339 2290 5393 ﬁdes
2320 5340 2541 5395 videtur
2576 5358 2749 5396 :‘nam
2776 5346 2959 5413 primo
2990 5344 3133 5412 apud
3185 5343 3397 5397 nullum
3430 5353 3753 5400 auctorem

2152 5428 2431 5498 leguntur,
2466 5441 2669 5500 praeter
2717 5431 2878 5488 Afros
2931 5432 3073 5488 duos
3120 5433 3518 5501 schismaticos,
3570 5434 3753 5492 Libe-

1855 5579 2187 5636 StIllI'Lle-
2215 5580 2443 5637 ΝΟἸἌΕ.

542 5730 585 5758 "‘
615 5735 856 5791 Librrat.
894 5734 950 5790 Β.
977 5750 1080 5800 riu,
1129 5751 1247 5804 cap.
1284 5738 1342 5789 ‘21
1388 5748 1439 5789 Li.
1476 5740 1578 5805 χες
1612 5740 1801 5793 Amat.
1853 5740 2048 5797 Bibliot

2162 5754 2201 5801 τι
2235 5745 2464 5817 Procop.
