3952 6294
182 370 271 436 ῙΠ

1356 375 1716 436 HISTORIA
1755 369 2264 433 THEODORE'II.

3334 371 3436 434 1.73

184 493 347 538 ratum
373 493 434 537 et
467 483 742 537 Victorem
770 485 1154 539 Tunoucuscm
1186 503 1198 549 ;
1231 484 1428 538 deinde
1456 484 1601 537 nulla
1629 480 1757 535 alibi
1792 485 1831 538 Α
1865 482 2388 554 Hierosolymorum,
2440 483 2668 550 aliisque
2716 496 2813 549 pro
2850 496 2997 532 more
3028 481 3317 548 episcopis.
3362 481 3437 534 Ab

189 571 386 642 uspiam
413 571 663 640 ipsarum
687 573 890 627 mentio
911 572 990 637 ﬁt,
1015 582 1376 642 praeterquam
1403 573 1485 626 vel
1516 572 1569 625 in
1603 569 1760 624 libris

194 663 420 720 Facundi
469 663 902 726 Hermianensis,
961 665 1174 724 eodem,
1224 679 1331 733 quo
1391 663 1678 716 Liberatus
1709 669 1762 714 et

200 755 386 817 Victor,
403 754 600 807 morbo
619 754 939 816 laborantis.
955 757 1037 810 vel
1063 757 1205 826 apud
1229 757 1575 811 Anastasium
1598 754 1760 809 Afro-

201 862 303 900 rum
357 845 668 900 mendaciis
718 845 962 900 illusum.
1012 848 1256 917 Denique
1296 847 1573 916 quomodo
1597 845 1764 900 .Iusti-

201 939 401 998 nianus,
431 951 559 990 cum
595 935 804 990 fureret
845 937 898 990 in
934 938 1212 1008 Vigilium,
1271 938 1533 992 damnare
1584 937 1763 1006 capita

199 1027 604 1090 detrectantem,
650 1043 749 1081 suo
791 1028 1065 1081 hominem
1110 1029 1492 1099 chirographo,
1527 1036 1622 1082 aut
1653 1043 1762 1080 non

201 1119 344 1180 ursit,
404 1127 502 1172 aut
555 1133 664 1172 non
721 1119 1047 1172 infamavit?
1087 1118 1202 1184 Qua
1236 1120 1444 1174 ratione
1477 1117 1766 1172 Theodora

202 1224 298 1265 non
338 1209 601 1264 convenit
636 1224 701 1262 ex
741 1209 1044 1279 syngrapha
1092 1209 1141 1262 id
1172 1217 1448 1278 praestare,
1492 1207 1636 1277 quod
1681 1224 1767 1262 ac-

201 1308 346 1368 cepto
371 1299 550 1367 pretio
583 1307 776 1368 pactus
799 1299 960 1352 erat?

263 1389 366 1444 Sed
393 1390 892 1460 quomodocunque
941 1390 1040 1444 ista
1091 1405 1149 1444 se
1197 1391 1512 1452 habuerint,
1553 1406 1660 1444 non
1700 1390 1769 1443 Ii-

204 1481 306 1534 euit
330 1481 512 1550 impia:
536 1480 752 1534 femina:
782 1495 881 1536 suo
916 1481 1124 1535 scelere
1151 1480 1242 1534 diu
1280 1481 1386 1535 frui
1419 1499 1430 1534 :
1465 1497 1609 1545 nam,
1650 1496 1772 1550 qua:

206 1573 291 1628 Dei
328 1572 674 1642 providentia
717 1579 800 1625 est
839 1573 1134 1643 singularis
1179 1589 1306 1643 erga
1337 1573 1521 1628 sedem
1557 1583 1772 1642 aposto-

206 1664 376 1726 licam,
427 1662 610 1716 statim
659 1663 919 1717 defuncto
974 1664 1138 1734 226
1187 1663 1455 1724 Silverio,
1519 1663 1770 1733 Vigilius,

206 1764 425 1825 urgente
468 1755 682 1809 arcanis
715 1755 1067 1810 instinctibus
1105 1755 1360 1818 Numine,
1397 1756 1771 1824 episcopatum

205 1863 296 1918 per
350 1848 532 1902 scelus
609 1856 894 1917 acceptum
967 1857 1159 1917 sponte
1213 1847 1484 1915 deposuit.
1541 1847 1774 1900 Romani

207 1937 384 1992 clerici
426 1937 629 1991 factum
678 1937 882 2000 mirati,
911 1937 1269 1990 mutationem
1305 1936 1539 1990 dextera:
1562 1935 1776 1990 Excelsi

206 2029 496 2099 perfectam
540 2029 737 2083 merito
784 2029 908 2092 rati,
960 2029 1014 2082 in
1041 2029 1188 2083 Petri
1215 2029 1475 2083 cathedra
1507 2035 1780 2098 reponunt

207 2117 504 2188 legitimum
531 2119 642 2188 jam
687 2117 1024 2188 pontificem,
1066 2134 1229 2188 quem
1255 2118 1397 2172 Deus
1426 2134 1490 2172 ex
1527 2118 1654 2187 lupo
1688 2131 1779 2188 pas

208 2221 406 2265 storem
446 2208 685 2263 fecisset.

274 2301 507 2354 Indutus
555 2300 645 2353 ille
691 2300 893 2354 virtute
940 2315 1007 2353 ex
1053 2300 1182 2362 alto,
1231 2299 1364 2352 etin
1398 2299 1564 2352 alium
1589 2314 1782 2353 versus

208 2391 405 2451 virum,
446 2389 500 2442 id
531 2389 664 2458 egit,
694 2387 841 2457 quod
872 2395 1035 2457 caput
1060 2388 1317 2442 Ecclesia:
1341 2386 1590 2451 decebat,
1619 2387 1779 2443 fidem

207 2479 451 2534 defendit
502 2481 804 2548 apostolico
854 2479 1057 2540 studio,
1107 2479 1366 2548 stetitque
1422 2493 1521 2548 pro
1573 2479 1782 2550 synodo

209 2578 466 2624 constans
495 2579 551 2624 et
594 2571 1040 2639 imperterritus;
1093 2585 1404 2639 quanquam
1463 2586 1564 2640 pro
1607 2571 1784 2626 tribus

206 2659 462 2728 capitulis
513 2660 730 2714 videtur
765 2676 827 2714 ea
859 2661 1268 2730 dispensatione
1300 2678 1408 2716 non
1437 2665 1604 2719 semel
1630 2680 1781 2730 usus,

209 2771 313 2824 qua
340 2755 544 2809 Paulus
583 2754 699 2824 ipse
733 2756 1013 2825 apostolus
1051 2757 1386 2825 aliquando:
1431 2774 1554 2812 nam
1598 2772 1784 2812 amore

208 2848 360 2914 pacis
410 2854 468 2900 et
516 2847 823 2901 animorum
856 2848 1163 2902 concordiae
1194 2850 1490 2904 retinenda:
1523 2865 1684 2904 causa
1718 2849 1786 2903 de

209 2936 390 3007 legum
421 2937 602 3006 rigore
638 2939 887 2992 nonnihil
920 2939 1150 2992 remisit.

277 3026 393 3081 XV.
449 3029 636 3083 Rebus
689 3029 946 3083 Ecclesiae
999 3029 1254 3084 Romanae
1309 3030 1383 3084 ita
1442 3031 1784 3093 constitutis,

1864 577 1949 630 his
1996 586 2117 646 post
2152 577 2424 646 cognitam
2459 590 2674 628 causam
2710 583 2889 627 motus
2930 581 3012 626 est
3053 574 3172 626 loco
3215 574 3434 636 Paulus,

1864 667 2049 720 Zoilus
2078 665 2460 720 Alexandrina:
2492 665 2747 719 Ecclesia:
2778 664 3120 733 praepositus.
3427 724 3430 728 λ

1935 758 2097 812 XVII.
2127 759 2352 811 Peracto
2379 759 2596 825 negotio
2634 756 2901 822 Pelagius,
2936 754 3064 808 dum
3114 753 3253 807 Gaza
3295 753 3439 812 Cor.—

1866 850 2280 920 stantinopolim
2335 849 2583 903 terrestri
2638 848 2722 900 via
2777 848 3093 909 revertitur,
3139 847 3331 898 incidit
3388 847 3440 899 in

1866 944 2171 1000 Palestinos
2214 944 2532 1006 monachos,
2580 943 2671 1013 qui
2720 943 2934 996 libellos
2960 958 3182 1011 precum
3211 943 3444 1010 impera-

1868 1038 1974 1091 tori
1997 1037 2226 1098 ferrent,
2265 1036 2612 1106 postulaturi,
2662 1046 2720 1089 ut
2767 1034 3197 1103 Origenistarum
3251 1034 3446 1087 tumul-

1871 1129 2143 1183 tuantium
2190 1128 2418 1182 audacia
2478 1128 2806 1180 retineretur
2854 1124 3008 1178 freno
3037 1125 3238 1192 legum,
3283 1133 3337 1176 et
3388 1130 3447 1174 ut

1871 1219 1987 1290 ipsa
2034 1217 2366 1272 tumultuum
2411 1231 2573 1268 causa
2619 1214 2921 1276 tolleretur,
2951 1211 3296 1281 dogmatibus
3329 1209 3448 1264 Ori-

1872 1312 2024 1381 genis
2054 1310 2232 1363 edicto
2259 1308 2408 1376 regio
2435 1307 2774 1376 proscriptis.

1943 1401 2102 1470 227
2157 1399 2356 1454 Didicit
2399 1398 2467 1450 ab
2515 1397 2582 1450 iis
2631 1397 2768 1449 duas
2815 1394 3157 1464 potissimum
3197 1392 3451 1461 Origenis

1873 1493 2203 1562 quaestiones
2235 1501 2361 1546 tunc
2390 1489 2650 1558 temporis
2671 1487 3011 1541 contentiosa
3045 1485 3235 1556 agitari
3265 1501 3278 1548 ;
3313 1486 3450 1537 alte-

1877 1599 1989 1636 ram
2018 1582 2083 1637 de
2113 1581 2547 1652 prteexsistentia
2566 1580 2892 1642 animarum,
2921 1579 3145 1632 alteram
3168 1577 3234 1630 de
3264 1592 3449 1630 rerum

1877 1684 1997 1743 post
2027 1668 2186 1727 certa
2205 1673 2401 1726 szecula
2431 1670 2777 1724 restitutione
2812 1689 2822 1722 :
2860 1670 2926 1723 ad
2963 1669 3060 1722 has
3086 1676 3287 1730 tamen,
3324 1668 3450 1736 quia

1879 1765 2134 1818 Patribus
2181 1763 2509 1833 quihusdam
2555 1763 2686 1815 olim
2735 1778 2841 1815 non
2897 1758 3226 1814 videbantur
3268 1758 3446 1826 perni-

1880 1858 2061 1920 ciosae,
2111 1856 2324 1910 additas
2358 1871 2476 1910 esse
2525 1855 2657 1909 alias
2702 1854 2908 1923 plures,
2941 1868 3060 1920 qua:
3085 1852 3343 1918 majorem
3371 1849 3451 1903 fa-

1881 1956 2069 2003 cerent
2127 1948 2334 2002 auctori
2395 1947 2676 2000 invidiam.
2726 1943 2966 1998 Rescivit
3006 1942 3169 1996 etiam
3213 1941 3454 1994 acriores

1881 2050 2103 2110 propter
2129 2041 2229 2093 ista
2257 2039 2506 2109 dogmata
2544 2038 2596 2090 in
2648 2034 2996 2090 monasteriis
3038 2031 3248 2096 turbas,
3289 2047 3451 2100 quam

1882 2130 1936 2184 in
1972 2129 2286 2184 civitatibus
2317 2125 2523 2179 moveri
2552 2144 2565 2191 ;
2591 2126 2753 2194 idque
2781 2141 2847 2177 ex
2881 2139 2945 2177 eo
2981 2121 3120 2185 fieri,
3146 2119 3291 2189 quod
3317 2119 3454 2173 Eva-

1882 2221 1984 2290 grii
2019 2219 2228 2273 Pontici
2255 2227 2308 2272 et
2339 2216 2550 2288 Didymi
2579 2214 2884 2286 presbyteri
2911 2216 2925 2232 ⁶
2959 2228 3144 2282 opera,
3175 2211 3226 2265 in
3254 2211 3455 2281 quibus

1883 2313 2077 2366 lateret
2112 2311 2361 2380 Origenis
2408 2324 2700 2370 venenum,
2732 2316 2954 2378 propter
2981 2306 3270 2360 asceticam
3295 2305 3457 2359 disci-

1885 2403 2086 2473 plinam
2114 2417 2142 2455 a
2171 2400 2453 2454 monachis
2487 2398 2643 2452 avide
2673 2399 3004 2467 legerentur.

1954 2492 2178 2548 Audivit
2208 2490 2392 2554 simul,
2447 2488 2594 2558 quod
2650 2487 2865 2542 avidius
2913 2487 3148 2557 excepit,
3205 2494 3460 2539 auctores

1886 2586 2221 2640 tumultuum
2259 2583 2314 2636 in
2344 2597 2484 2635 nova
2528 2580 2830 2650 praisertim
2883 2578 3059 2632 Laura
3107 2578 3245 2632 duos
3297 2578 3462 2630 exsti-

1890 2675 2017 2728 tisse
2062 2673 2296 2735 nobiles,
2349 2670 2600 2726 Nonnum
2634 2677 2688 2723 et
2726 2667 3038 2729 Leontium,
3074 2681 3212 2735 quos
3241 2677 3463 2720 sanctus

1889 2764 2097 2819 Sabbas
2146 2779 2266 2818 eam
2292 2762 2363 2816 ob
2399 2777 2619 2817 causam
2646 2758 2771 2813 inde
2793 2753 3093 2828 expulisset
3121 2773 3136 2822 ;
3172 2757 3317 2826 ipsos
3345 2763 3462 2824 post

1887 2854 2061 2909 sancti
2105 2853 2207 2907 viri
2252 2853 2460 2906 obitum
2498 2849 2726 2904 rediisse
2775 2847 2838 2902 ad
2871 2847 3125 2912 Lauram,
3165 2846 3330 2899 fretos
3359 2861 3462 2913 cpe

1889 2944 2165 3000 Theodori
2229 2952 2287 2998 et
2335 2941 2662 3003 Domitiani,
2713 2940 3033 3008 priusquam
3088 2937 3463 3006 episcopatum

1889 3037 2346 3107 adipiscerentur,
2402 3033 2490 3087 ille
2537 3025 3325 3097 CmsaricnsemCappadocite,
3364 3024 3464 3077 isto

210 3133 337 3187 spes
373 3127 496 3172 erat
549 3120 910 3173 diuturnioris
944 3121 1093 3189 pacis
1136 3138 1150 3185 ;
1181 3120 1451 3190 siquidem
1489 3137 1556 3174 ex
1582 3137 1647 3174 ρο
1677 3137 1784 3174 uno

1895 3131 2234 3199 Ancyranum
2284 3124 2504 3180 Galatia:
2532 3141 2546 3188 ;
2581 3133 2874 3192 utrumque
2903 3119 3347 3174 tumultuantium
3374 3135 3466 3188 pa-

211 3209 505 3264 videbatur
553 3210 818 3280 pendere,
867 3211 911 3264 si
965 3211 1283 3266 defensores
1335 3212 1524 3282 synodi
1582 3212 1788 3280 primos

214 3300 384 3353 totius
440 3300 699 3354 Ecclesia:
744 3300 971 3354 thronos
1017 3300 1318 3370 primisque
1351 3316 1615 3370 suppares
1640 3311 1794 3355 tene-

212 3402 358 3446 rent.
408 3392 653 3447 Tenebat
687 3409 816 3448 vero
847 3393 1149 3448 Rotnanum
1184 3394 1432 3464 Vigilius,
1483 3393 1793 3449 Constanti-

214 3484 595 3553 nopolitanum
627 3482 867 3547 Mennas,
901 3485 1102 3538 Paulus
1129 3485 1578 3549 Alexandrinum,
1607 3486 1794 3541 Antio-

214 3573 453 3628 chenqu
489 3574 836 3643 Ephremius,
858 3576 1054 3630 Petrus
1080 3574 1652 3648 Ilierosolymitanum,
1681 3575 1793 3649 Hy-

213 3665 399 3732 patius
421 3665 777 3735 Ephesiuum,
807 3666 1129 3721 Theodorus
1157 3666 1546 3724 Caesariensem
1580 3669 1792 3741 Cappa—

215 3755 409 3818 dociae,
435 3772 627 3811 omnes
671 3773 859 3812 revera
899 3759 1170 3825 catholici,
1214 3770 1411 3830 praeter
1434 3769 1791 3830 postremum,

217 3848 380 3917 cujus
439 3848 575 3902 fides
630 3858 725 3903 aut
773 3850 942 3904 dubia
987 3850 1110 3912 fuit,
1161 3851 1795 3919 autforsannulla;sed

215 3937 495 3992 obstinata
525 3940 773 4010 placendi
803 3941 1144 4011 principibus
1175 3943 1427 3998 voluntas
1459 3945 1637 4013 potuit
1675 3959 1796 4000 esse

216 4044 324 4100 pro
369 4031 679 4085 constantia
716 4031 769 4084 in
821 4031 1215 4102 propugnanda
1255 4033 1484 4102 synodo,
1524 4035 1796 4103 siquidem

219 4118 474 4172 addictos
498 4119 596 4188 ipsi
619 4120 839 4173 videbat
862 4121 1159 4191 principes,
1190 4122 1554 4178 Iustinianum
1595 4127 1796 4196 reipsa,

215 4209 636 4263 dissimulanter
662 4210 1024 4266 Theodoram.

295 4300 418 4354 Non
469 4300 662 4355 fuisset
702 4317 868 4371 porro
915 4306 1066 4375 pacis
1113 4312 1260 4359 tanta
1313 4322 1437 4377 spes
1481 4307 1656 4370 irrita,
1693 4309 1799 4363 nisi

226 4393 492 4461 Augusta,
519 4393 774 4448 Ecclesiae
797 4393 958 4459 furia,
993 4396 1199 4451 intenta
1225 4397 1276 4450 in
1303 4412 1519 4452 omnem
1542 4398 1801 4453 turbandi

1895 3230 2112 3275 trouum
2149 3233 2289 3279 esse,
2321 3226 2614 3285 utrumque
2645 3213 2865 3283 Origeni
2899 3213 3142 3282 apprime
3163 3210 3462 3271 addictum,

1895 3318 2190 3376 utrumque
2239 3305 2353 3359 suis
2394 3303 2608 3357 artibus
2633 3310 2872 3357 tentasse
2906 3300 3067 3354 fidem
3101 3295 3465 3351 monasterio--

1895 3414 2040 3457 rum,
2078 3397 2174 3451 sed
2206 3410 2358 3451 novae
2395 3393 2693 3465 praesertim
2722 3391 2937 3454 Laurae,
2966 3389 3054 3444 cui
3082 3403 3191 3441 suae
3219 3386 3467 3440 factionis

1895 3489 2170 3544 hominem
2242 3483 2651 3556 praeficiendum
2732 3488 3062 3544 curassent;
3115 3475 3466 3532 Theodorum

1894 3579 2423 3647 Constantinopolim
2451 3577 2667 3630 venisse
2694 3582 2820 3628 ante
2849 3574 3059 3642 aliquot
3094 3585 3285 3625 annos.
3323 3567 3467 3621 suis-

1896 3688 2001 3742 que
2057 3669 2344 3740 prmstigiis
2397 3669 2452 3722 in
2499 3667 2727 3738 gratiam
2776 3663 3124 3734 principum,
3187 3660 3469 3740 ipsiusque

1895 3763 2106 3820 Mennae
2157 3760 2464 3830 irrepsisse,
2510 3774 2607 3812 sua
2660 3755 2904 3826 potentia
2949 3754 3199 3809 efPecisse
3256 3758 3465 3821 postea,

1895 3869 1964 3909 ne
2000 3854 2216 3911 Gelasio
2246 3868 2346 3924 pro
2385 3848 2736 3906 monasteriis
2757 3857 3024 3917 questuro
3049 3854 3262 3914 pateret
3287 3844 3470 3898 aditus

1896 3943 1963 4000 ad
1989 3942 2377 4003 Iustinianum,
2420 3939 2530 4010 jam
2583 3951 2715 3990 vero
2767 3933 3025 3988 Ecclesia
3074 3930 3392 3987 CCBStll‘lCtlSl
3439 3945 3468 3984 a

1897 4035 2090 4090 Menna
2110 4032 2329 4103 quidem
2346 4040 2400 4086 et
2417 4026 2724 4084 Iustiniano
2743 4039 2839 4094 per
2855 4037 3120 4080 errorem.
3141 4035 3170 4074 a
3185 4018 3473 4073 Theodora

1898 4135 2125 4197 propter
2149 4123 2503 4177 consiliorum
2537 4117 2854 4172 societatem
2882 4120 2937 4166 et
2961 4125 3248 4164 commune
3279 4107 3470 4178 synodi

1900 4215 2107 4276 odium,
2141 4212 2455 4282 praefectum
2504 4221 2623 4262 esse
2655 4223 2666 4258 :
2725 4202 2776 4256 id
2822 4200 3014 4271 jactari
3043 4201 3182 4253 fama
3214 4200 3268 4253 in
3294 4198 3469 4269 Syria.

1902 4302 2065 4372 idque
2101 4316 2241 4369 :9ng
2288 4301 2450 4361 ferre,
2500 4300 2770 4366 quotquot
2811 4305 2998 4362 parem
3043 4289 3251 4360 angelis
3307 4289 3474 4344 vitam

1903 4402 2098 4450 asceta:
2138 4391 2421 4445 ducerent.
2986 4433 2988 4436 ,

221 4484 596 4546 occasionem,
631 4485 868 4539 oblatam
908 4488 1252 4556 arripuisset,
1281 4497 1335 4542 et
1365 4503 1430 4542 ex
1461 4488 1695 4544 scintilla
1718 4490 1801 4544 fe-
1836 4491 1877 4544 Ι)
1974 4481 2160 4539 XVIII.
2187 4481 2269 4536 Ad
2289 4481 2405 4534 haec
2433 4477 2698 4549 gestiebat
2721 4475 2904 4530 animo
2930 4471 3199 4543 Pelagius,
3232 4480 3292 4524 ut
3312 4485 3479 4524 armu-

223 4574 397 4627 cisset
430 4573 620 4642 ingens
650 4576 814 4630 totius
859 4575 1010 4631 orbis
1063 4577 1400 4633 incendium.
1442 4578 1636 4650 Opera:
1675 4598 1806 4653 pro-

228 4665 370 4718 tium
395 4674 479 4718 est
504 4682 638 4727 rem,
693 4683 813 4736 quae
855 4671 1106 4724 omnium
1145 4674 1600 4742 consequentium
1643 4675 1807 4730 cardo

227 4756 358 4814 fuit.
390 4758 554 4825 paulo
584 4759 747 4813 altius
771 4760 962 4814 ordiri.

305 4844 447 4899 XVI.
503 4846 702 4902 Paulus
735 4849 957 4918 quidam
1005 4866 1070 4904 ex
1114 4853 1406 4921 praeposito
1437 4853 1807 4908 Tabennesio-

235 4945 416 4990 tarum
442 4936 836 4992 monachorum
860 4939 1124 4994 suffectus
1148 4940 1324 4994 fuerat
1350 4941 1402 4995 in
1431 4943 1608 4997 locum
1633 4943 1812 4998 Theo-

232 5027 403 5089 dosii,
443 5043 604 5097 quem
636 5030 751 5082 suis
779 5032 1028 5100 partibus
1056 5033 1334 5086 addictum
1368 5033 1657 5090 Theodora
1689 5036 1812 5091 Ale-

236 5118 521 5174 xandrinae
554 5121 810 5176 Ecclesia:
848 5137 946 5191 per
979 5120 1118 5177 ﬁdos
1151 5125 1433 5179 ministros
1469 5126 1806 5197 prtef‘ecerat.

233 5211 489 5266 Nondum
522 5212 612 5267 ille
649 5228 850 5268 annum
881 5223 1052 5269 totum
1081 5227 1336 5285 exegerat
1373 5217 1425 5270 in
1469 5218 1806 5288 episcopatu,

233 5318 364 5356 cum
419 5305 728 5373 postulatus
782 5312 866 5361 est
921 5307 1064 5377 apud
1119 5307 1499 5376 imperatorem
1550 5309 1617 5365 de
1665 5311 1812 5366 caede

237 5394 458 5450 diaconi
489 5413 504 5449 :
538 5411 660 5450 eam
684 5397 754 5450 ob
789 5414 903 5452 rem
932 5399 1000 5452 ab
1030 5398 1314 5470 Augustali
1343 5402 1548 5470 ejectus
1579 5401 1812 5456 Alexan-

237 5484 382 5549 dria,
427 5484 632 5541 Gazam
685 5486 983 5543 Palaestina:
1019 5476 1073 5543 in
1098 5489 1348 5543 exsilium
1371 5490 1523 5543 venit
1553 5509 1564 5544 :
1596 5491 1670 5544 ibi
1694 5493 1812 5562 jus-

235 5592 332 5630 sus
359 5587 440 5631 est
482 5593 706 5633 causam
751 5577 931 5632 dicere
959 5595 1144 5634 coram
1182 5580 1460 5650 judicibus
1484 5582 1551 5636 ab
1582 5582 1816 5652 impera-

234 5677 352 5724 tore
376 5669 542 5733 datis,
567 5670 785 5739 Pelagio
819 5687 1013 5740 netnpe
1058 5672 1236 5743 Vigilii
1261 5673 1631 5743 apecrisiario,
1681 5674 1818 5730 duo-

231 5763 443 5836 busque
507 5763 858 5834 patriarchis,
918 5765 1211 5834 Ephremio
1272 5765 1594 5834 Antiochiae,
1654 5767 1822 5834 Petro

1905 4577 1992 4632 Ius
2039 4575 2270 4645 quisque
2310 4570 2469 4632 solet,
2515 4583 2638 4622 cum
2692 4565 2933 4621 occurrit.
2978 4564 3193 4620 occasio
3245 4560 3478 4638 faciendi

1906 4665 2220 4723 adversario
2244 4659 2476 4731 negotii:
2510 4658 2741 4729 spondet
2775 4655 3057 4711 monachis
3089 4655 3474 4725 patrocinium,

1907 4775 2008 4815 suo
2037 4767 2282 4826 tempore
2326 4751 2503 4807 audiri
2559 4751 2628 4804 ab
2678 4749 3006 4818 imperatore
3053 4754 3248 4800 curat:
3302 4744 3478 4812 impe-

1908 4858 2078 4911 rator,
2123 4846 2327 4901 furiose
2359 4849 2622 4912 appetens
2646 4839 2835 4893 audire
2869 4837 3174 4905 theologus,
3207 4833 3320 4888 edit
3350 4849 3479 4888 san-

1909 4941 2144 4996 ctionem
2195 4938 2365 4992 instar
2416 4932 2637 5004 grandis
2696 4930 3010 4991 voluminis,
3064 4941 3170 4996 qua
3230 4925 3481 4994 dogmata

1908 5031 2158 5102 Origenis
2204 5027 2446 5098 exponit,
2495 5023 2716 5088 refutat,
2763 5018 3077 5091 proscribit,
3111 5029 3166 5070 et
3198 5014 3342 5085 quod
3376 5013 3480 5066 mi-

1913 5123 2158 5185 rabilius,
2187 5133 2426 5175 canones
2447 5115 2654 5178 condit,
2680 5111 3118 5168 contradicentes
3138 5107 3482 5162 anathemate

1913 5211 2185 5286 percellit,
2242 5210 2400 5280 jubet
2453 5219 2645 5262 omnes
2681 5202 3039 5275 patriarchas,
3080 5200 3244 5254 etiam
3283 5200 3484 5254 Roma—

1887 5322 2066 5370 'num,
2097 5314 2152 5359 et
2194 5303 2299 5358 sibi
2335 5299 2608 5360 assentiri,
2642 5307 2696 5353 et
2731 5304 2921 5352 coacto
2947 5292 3197 5348 dimcesis
3227 5289 3482 5347 concilio.

1915 5413 2043 5453 suos
2095 5408 2331 5450 canones
2384 5389 2776 5447 subscribere:
2828 5387 2960 5457 quin
3020 5395 3074 5440 et
3112 5393 3260 5440 vetat
3312 5385 3482 5439 ullum

1914 5488 2127 5558 uspiam
2175 5493 2466 5546 terrarum,
2509 5482 2593 5536 vel
2624 5479 2865 5535 ordinari
2890 5478 3225 5548 episcopum,
3255 5476 3339 5529 vel
3369 5490 3487 5528 mo-

1915 5579 2170 5637 nasteriis
2225 5585 2436 5649 patrem
2479 5573 2703 5645 praefici,
2731 5571 2823 5642 qui
2855 5571 2957 5625 suo
2977 5567 3336 5640 chirographo
3365 5567 3488 5621 edi-

1917 5682 2196 5729 Ctumnon
2217 5668 2533 5735 recepisset.
3451 5661 3454 5676 ⁵

1989 5761 2128 5822 XIX.
2156 5759 2489 5819 Beclamavit
2513 5773 2670 5815 nemo
2698 5757 2892 5827 palam,
2937 5755 3089 5827 cujus
3128 5760 3268 5809 esset
3302 5749 3484 5819 aliqua
