3952 6294
473 267 576 334 179

1593 265 1968 330 GARNERII
2011 263 2503 331 DISSERTATIO
2541 269 2589 332 Ι.

2165 158 2244 170 >0-

3615 263 3715 333 180

469 379 530 436 in
581 379 822 435 Ecclesia
847 380 1167 436 auctoritas.
1195 380 1266 436 Ut
1292 381 1438 435 enim
1460 382 1536 436 rei
1569 382 1819 454 gerenda:
1846 380 2041 436 modus
2070 381 2109 437 Δ
2143 381 2354 447 suadet,
2406 385 2713 456 Acephalos
2756 400 2867 438 non
2903 390 3010 438 tam
3045 381 3204 438 facile
3231 381 3496 438 debellari
3532 397 3713 454 posse,

471 469 810 542 displiceret,
865 487 954 525 res
1001 481 1180 526 tamen
1223 471 1337 542 ipsa
1387 488 1689 542 paucorum
1739 474 2036 528 intererat:

470 563 744 634 siquidem
776 564 880 616 hoc
899 562 966 617 de
992 561 1210 633 Origine
1244 563 1450 618 bellum
1483 565 1538 619 in
1559 565 1793 620 desertis
1817 564 2040 635 potissi-

470 669 619 708 mum
661 653 796 708 locis
844 654 984 706 inter
1029 655 1327 710 monachos
1370 657 1652 727 agebatur.
1699 655 1800 723 Qui
1857 664 2040 710 autem

471 746 612 817 style
637 743 1001 814 imperatoris,
1023 761 1133 814 quo
1161 746 1412 817 Pelagius
1449 749 1726 812 utebatur,
1774 747 2039 817 peteban-

472 845 560 890 tur
583 834 824 905 episcopi
853 833 983 900 duo,
1029 835 1355 893 Theodorus
1401 847 1456 894 et
1509 839 1872 901 Domitianus,
1920 853 2040 892 ser-

469 927 691 982 viebant
731 943 826 996 pro
865 941 1016 982 more
1049 939 1150 982 Suo
1183 931 1435 999 tempori,
1471 930 1731 999 tacitique
1761 928 1927 998 228
1954 943 2040 983 se-

469 1019 779 1089 quebantur
841 1018 1185 1088 imperatoris
1245 1029 1430 1087 nutus,
1489 1022 1591 1076 etsi
1639 1031 2044 1092 aucuparentur

471 1112 814 1165 occasionem
861 1112 1079 1183 Pelagio
1126 1113 1316 1184 synodi
1351 1113 1598 1168 studioso
1630 1111 1928 1183 reponendi
1956 1111 2041 1165 vi-

472 1215 610 1253 cem.
645 1199 872 1255 Occasio
905 1201 1180 1270 quomodo
1211 1217 1269 1256 se
1297 1202 1532 1268 dederit,
1557 1219 1680 1257 mox
1707 1203 2040 1268 narrabitur,

474 1289 564 1345 nhi
592 1289 660 1344 de
688 1293 898 1347 ratione
927 1292 1190 1362 temporis
1221 1308 1392 1362 pauca
1439 1295 1688 1364 quaedam
1735 1293 1913 1349 obiter
1955 1294 2042 1348 di-

473 1381 735 1436 serimus.

545 1471 856 1529 Obscurum
896 1484 1000 1539 est,
1046 1490 1154 1544 quo
1188 1493 1330 1529 anno
1358 1485 1506 1545 gesta
1537 1477 1665 1539 sint,
1695 1493 1817 1546 quae
1848 1479 2042 1532 retuli-

476 1578 618 1628 mus,
667 1579 886 1635 qtroque
929 1566 1054 1621 data
1095 1567 1390 1622 Justiniani
1441 1567 1683 1637 Epistola
1717 1569 1816 1639 (sic
1842 1569 2044 1623 librum

476 1651 592 1722 ipse
622 1655 912 1727 nominat).
943 1654 1249 1711 Obscurum
1296 1672 1427 1712 vero
1467 1657 1693 1721 idcirco,
1722 1659 1868 1727 quod
1897 1658 2043 1713 nulla

478 1743 741 1813 temporis
785 1752 935 1810 nota,
982 1753 1076 1800 aut
1115 1746 1170 1800 in
1198 1746 1424 1816 epistola
1448 1748 1819 1820 consignetur,
1855 1757 2048 1806 contra.

476 1848 688 1889 morem
739 1833 1048 1901 Sacrarum,
1095 1846 1190 1892 aut
1228 1839 1296 1892 ab
1343 1838 1620 1894 historicis
1660 1841 1764 1894 hac
1811 1840 1867 1894 in
1891 1848 2045 1910 parte

477 1925 769 1980 incuriosis
810 1925 1055 1981 tradatur
1088 1946 1101 1982 :
1151 1929 1316 1982 certis
1345 1937 1527 1983 tamen
1549 1931 1884 2000 argumentis
1912 1946 2045 1984 con-

473 2018 690 2072 clusum
731 2025 817 2072 est
865 2018 920 2073 in
951 2018 1335 2076 dissertatione
1374 2021 1441 2076 de
1478 2023 1668 2091 quinta
1699 2021 1926 2094 synodo,
1959 2021 2047 2075 Li—

475 2103 650 2161 berali
687 2107 966 2162 Breviario
992 2109 1302 2180 subiuncta,
1362 2108 1500 2164 Zoili
1551 2109 1772 2180 quidem
1821 2109 2045 2165 ordina-

476 2197 680 2252 tionem
711 2215 854 2253 anno
879 2199 1002 2266 540,
1021 2200 1290 2271 judicium
1320 2216 1457 2256 vero
1502 2202 1851 2271 imperatoris
1904 2217 2047 2256 anno

478 2276 741 2358 sequente
791 2291 1106 2362 contigisse.
1161 2292 1297 2346 Nam
1343 2292 1514 2362 quod,
1553 2292 1863 2362 Nicephoro
1908 2291 2050 2347 Con-

478 2381 964 2450 stantinopolitano
986 2391 1228 2447 auctore,
1269 2399 1300 2436 a
1333 2382 1662 2453 quibusdam
1713 2381 1914 2437 dicitur
1964 2399 2050 2437 sc-

479 2480 628 2542 ptem
661 2487 834 2528 annos
869 2482 1081 2529 tantum
1113 2474 1320 2530 sedisse
1376 2474 1582 2539 Zoilus,
1630 2491 1793 2544 quem
1838 2484 2050 2529 constat

479 2577 624 2615 anno
675 2562 769 2617 5‘o'l
826 2562 1160 2632 depositum,
1184 2562 1397 2616 mini-mi
1422 2571 1508 2617 est
1534 2578 1646 2633 pra:
1677 2563 1798 2617 aliis
1827 2563 2051 2618 rationi-

481 2651 585 2706 bus
635 2653 919 2706 momenti.
969 2652 1312 2722 Nicephorus
1357 2653 1527 2718 enim,
1579 2664 1639 2708 ut
1676 2654 1744 2708 de
1776 2653 1891 2708 suis
1911 2652 2050 2709 Con-

481 2741 1005 2811 stantinopolitanis,
1030 2743 1207 2813 iisque
1229 2760 1340 2798 sua:
1353 2744 1498 2798 aetati
1518 2744 1895 2809 vicinioribus,
1916 2743 2052 2798 certi

479 2831 689 2901 aliquid
737 2833 1038 2904 scripserit,
1086 2833 1154 2888 de
1201 2834 1327 2890 aliis
1380 2843 1527 2890 certe
1571 2835 1798 2890 aliarum
1837 2835 2052 2890 sodium

481 2924 810 2993 patriarchis
855 2925 1058 2995 ubique
1102 2925 1216 2981 fere
1282 2926 1570 2981 manifeste
1623 2926 1758 2981 falsa
1807 2926 2051 2993 tradidit,

483 3023 546 3070 ut
573 3016 627 3070 in
647 3015 962 3086 praefatione
983 3016 1049 3072 ad
1077 3015 1394 3073 Liberatum
1424 3017 1858 3073 demonstratum
1879 3027 1980 3073 est.

1045 3127 1269 3185 CAPUT
1321 3127 1484 3184 XVII.

487 3220 529 3274 1.
559 3218 749 3291 Scribit
775 3222 1063 3291 imperator
1086 3221 1334 3291 adversus
1375 3220 1664 3290 Acephalos
1718 3237 1813 3291 pro
1859 3222 2057 3290 synodo

555 3289 982 3344 Chalcedonensi.
1013 3290 1077 3343 II.
1110 3289 1364 3344 Scribenti
1388 3289 1569 3343 auctor
1617 3300 1693 3344 est
1719 3289 2056 3356 Theodorus,

558 3367 617 3430 ut
647 3360 847 3430 _stylum
874 3368 1154 3430 convertat
1199 3361 1255 3412 in
1286 3361 1389 3414 tria
1415 3361 1612 3429 capita,
1639 3361 1821 3430 quibus
1853 3361 2058 3430 favebat

558 3425 826 3500 Pelagius.
871 3429 985 3500 Ill,
1005 3425 1194 3484 Scribit
1218 3425 1526 3500 imperator,
1555 3425 1908 3500 scriptumque
1931 3431 2062 3500 reci-

557 3499 710 3570 piunt
755 3498 1030 3552 orientalis
1069 3500 1276 3570 imperii
1294 3498 1601 3570 lantistites.
1639 3498 1727 3555 IV.
1762 3498 1951 3570 Rejicit
1975 3498 2061 3556 Vi-

556 3567 714 3641 gilius
747 3586 880 3641 cum
923 3567 1241 3641 occidentali
1291 3569 1550 3636 Ecclesia,
1603 3567 1872 3641 frendente
1903 3569 2063 3623 Theo-

560 3637 714 3690 doro.
743 3639 808 3694 γ.
837 3637 1041 3709 Pelagii
1076 3638 1299 3693 Romam
1325 3641 1522 3694 reditus
1546 3657 1565 3707 ;
1603 3637 1662 3694 eo
1697 3640 1909 3709 absente
1940 3655 2064 3709 pro-

559 3717 666 3762 stat
696 3709 936 3790 edictum
988 3708 1052 3761 de
1086 3710 1380 3790 recipiendo
1422 3712 1635 3790 scripto.
1679 3709 1769 3764 VI.
1805 3708 2065 3790 ludimur

561 3777 840 3849 c_oncilium
895 3778 1139 3849 generale
1185 3777 1242 3832 in
1290 3797 1450 3834 causa
1499 3777 1656 3834 trium
1710 3777 2062 3849 capitulorum

559 3845 1382 3919 Constantinopoli,habendum.
1438 3851 1550 3905 VII.
1609 3845 1824 3919 Cogitur
1876 3864 1934 3919 e_o
1986 3849 2065 3919 ire

562 3919 818 3989 pontifex.
854 3916 988 3973 Vlll.
1014 3918 1081 3989 In
1112 3921 1196 3974 via
1250 3927 1418 3989 tentat
1455 3916 1757 3989 (φθίσει-εζητ
1791 3920 1846 3972 iu
1880 3916 2064 3972 Sicilia

562 3987 822 4060 habeatur
856 3987 1109 4060 synodus.
1142 3989 1233 4044 IX.
1269 3987 1775 4060 Constantinopolim
1804 3990 2068 4060 ingressus

563 4057 786 4130 damnat
804 4057 910 4130 eos,
939 4060 1026 4128 qui
1049 4059 1271 4113 edictum
1290 4057 1626 4130 receperant,
1639 4059 1798 4130 etiam
1816 4057 2069 4130 Mannum

564 4129 893 4200 regiwiurbis
942 4127 1259 4200 episcopum.
1293 4128 1362 4183 Χ.
1408 4127 1929 4200 ΝἱιὶιιινίΤΙιεοάοςρ
1969 4129 2068 4200 liae

565 4196 835 4268 occasione
857 4196 1162 4253 Anthimum
1185 4215 1449 4264 revocare,
1489 4200 1578 4253 sed
1609 4199 1826 4268 frustra.
1861 4197 1950 4251 XI.
1985 4196 2072 4251 Vi—

565 4265 754 4340 gilium
782 4269 1238 4340 imperatorimetu
1257 4285 1439 4340 cogere
1470 4265 1692 4340 conatur
1715 4267 1784 4321 ad
1811 4268 2070 4340 recipien-

567 4336 716 4408 dum_
729 4336 974 4392 edictum.
1009 4337 1124 4392 XII.
1150 4336 1491 4393 Habet'suum
1516 4338 1792 4393 concilium
1815 4336 2067 4408 pontifex,

568 4415 620 4459 et
646 4475 654 4477 Α
679 4405 988 4462 Ῑιιάὶσαιιιπι
1014 4408 1218 4477 scribit,
1257 4425 1382 4477 quo
1431 4410 1655 4477 damnat
1709 4393 1851 4477 tria:
1865 4393 2068 4477 capita,
2101 4395 2149 4452 ι)
2177 4408 2297 4453 rem
2321 4393 2644 4468 Ρθΐῑίηὲείθν

569 4475 730 4558 saluis
743 4478 996 4548 personis.
1013 4476 1151 4558 XIII.
1166 4473 1478 4532 Rcluctatur
1494 4476 1793 4533 Facuudus.
1810 4473 1948 4530 XIV;
1965 4473 2073 4530 Alii

570 4555 734 4600 etiam
760 4556 1168 4601 commoventur.

900 4657 980 4710 Ah
995 4671 1122 4708 anno
1146 4658 1322 4710 Christi
1346 4656 1432 4708 5H
1471 4657 1529 4707 ad
1563 4657 1672 4706 5l8.

572 4762 616 4819 Ι.
649 4761 943 4832 Postquam
969 4761 1314 4818 Justinianus
1340 4778 1503 4818 suum
1525 4761 1592 4817 de
1620 4761 1854 4833 Origene
1873 4764 2076 4819 librum

2078 1708 2120 1763 Β

2143 490 2306 544 quam
2357 474 2714 546 Origenistas,
2760 490 2886 530 cum
2924 475 2999 529 illi
3035 475 3088 529 in
3115 474 3433 530 civitatibus
3463 473 3717 529 domina-

2143 578 2357 635 rentur,
2414 570 2502 624 isti
2542 570 2780 625 laterent
2830 569 2884 622 in
2924 569 3096 623 lauris
3139 575 3236 623 aut
3256 567 3541 633 mandris;
3573 567 3716 623 Ace-

2143 658 2335 725 phalos
2393 675 2423 713 a
2471 658 2635 729 229
2694 658 2900 730 synodo
2953 658 3067 729 ipsa
3121 657 3556 714 Chalcedonensi
3604 672 3716 712 non

2143 749 2464 818 abhorrere,
2511 751 2607 806 sed
2665 749 2734 805 ab
2796 750 2864 804 iis
2911 760 3122 805 tantum
3165 749 3502 813 hominibus,
3552 765 3713 818 quos,

2142 839 2392 894 Nestorio
2425 855 2533 895 non
2561 841 2774 896 sincere
2796 843 3032 912 eiurato,
3066 839 3382 908 recepisset,
3405 839 3720 909 quibusque

2146 929 2395 998 receptis,
2424 929 2598 984 videri
2634 939 2868 1000 poterat,
2907 945 3030 983 cum
3073 927 3326 982 Nestorio
3372 925 3720 995 aliquatenus

2143 1021 2392 1086 sentire;
2451 1021 2610 1076 unica
2663 1022 2766 1076 hac
2823 1019 3185 1076 confessionis
3231 1016 3414 1087 specie
3448 1017 3720 1088 plurimos

2145 1113 2390 1174 oﬂ‘cndi.
2449 1113 2652 1184 alioqui
2701 1113 3030 1177 Catholicos,
3079 1121 3134 1166 et
3184 1109 3354 1180 pacis,
3413 1125 3521 1179 qua
3579 1108 3720 1164 ﬁdes

2147 1212 2258 1257 tuta
2296 1205 2386 1268 sit,
2422 1203 3039 1259 amantes:Catholicos
3084 1200 3374 1272 ejusmodi,
3420 1199 3564 1254 facto
3609 1198 3720 1255 sibi

2143 1292 2545 1362 Acephalorum
2589 1292 2832 1358 nomine,
2887 1291 3076 1347 testari
3115 1291 3248 1346 satis
3281 1304 3340 1345 se
3383 1305 3562 1359 neque
3601 1289 3716 1343 Eu-

2145 1385 2364 1457 tychen,
2390 1400 2569 1456 neque
2592 1384 2904 1440 Nestorium
2944 1383 3121 1454 sequi,
3183 1389 3347 1452 atque
3388 1381 3463 1435 ita
3497 1389 3720 1451 paratos

2145 1478 2399 1533 assentiri
2430 1477 2638 1549 synodo
2658 1485 2952 1546 utrumque
2984 1473 3262 1529 damnanti
3291 1490 3307 1538 ;
3333 1471 3467 1542 quin
3499 1484 3596 1525 eos
3624 1484 3719 1540 pa-

2144 1570 2251 1632 lam
2284 1584 2596 1624 asseverare
2639 1567 2963 1638 sincereque
3015 1565 3280 1637 proﬁteri,
3331 1563 3376 1618 si
3422 1560 3718 1636 proscripti

2149 1658 2353 1713 fuerint
2377 1659 2760 1714 haereticorum
2794 1657 3037 1728 magistri
3079 1672 3142 1710 ac
3171 1656 3510 1719 defensores,
3552 1661 3719 1722 atque

2148 1749 2285 1804 adeo
2321 1757 2523 1804 sanctae
2561 1746 2751 1820 synodi
2789 1747 3081 1817 Ephesium
3101 1745 3400 1817 Cyrillique
3421 1742 3720 1799 calumnia-

2147 1848 2313 1906 tores,
2337 1854 2705 1895 consensuros
2732 1852 2790 1894 se
2834 1837 3073 1892 libenter
3111 1836 3168 1890 in
3217 1851 3381 1890 unam
3430 1833 3556 1888 ﬁdei
3602 1832 3720 1886 for-

2147 1949 2336 1988 mam:
2375 1948 2592 1988 causam
2639 1931 2805 1987 trium
2851 1929 3163 1991 hominum;
3208 1927 3374 1982 etiam
3420 1926 3718 1988 bonorum,

2147 2037 2256 2076 non
2308 2038 2428 2076 esse
2479 2021 2637 2085 tanti,
2672 2019 2805 2089 quin
2843 2017 3028 2088 sperni
3053 2017 3227 2088 possit
3249 2031 3362 2086 pra:
3386 2013 3537 2068 orbis
3563 2027 3717 2084 pace.

2219 2113 2357 2170 Tres
2384 2114 2527 2178 illos,
2563 2113 2630 2167 de
2661 2112 2864 2182 quibus
2899 2110 3101 2181 agitur,
3142 2125 3252 2162 non
3302 2122 3423 2162 esse
3469 2106 3712 2175 integros

2149 2209 2326 2273 famae,
2363 2222 2465 2262 nec
2497 2204 2795 2261 criminum
2843 2217 3045 2273 puros;
3096 2199 3454 2254 Theodorum
3481 2197 3574 2251 diu
3614 2210 3720 2250 no-

2152 2299 2316 2353 minis
2351 2297 2434 2353 sui
2473 2296 2666 2351 umbra
2695 2295 2894 2351 texisse
2919 2291 3170 2348 infandas
3191 2291 3452 2349 haereses.
3477 2301 3713 2358 quarum

2152 2405 2315 2445 causa
2344 2387 2518 2444 fuerit
2551 2403 2580 2442 a
2605 2385 2811 2458 Cyrillo
2840 2383 3064 2455 scriptis
3112 2381 3270 2438 libris
3315 2379 3723 2450 reprehensus;

2151 2498 2297 2547 eum,
2333 2480 2464 2535 dum
2493 2480 2726 2543 viveret,
2752 2486 3000 2532 coactum
3053 2471 3358 2528 Antiochiae
3385 2466 3724 2540 palinodiam

2149 2572 2444 2643 aliquando
2470 2585 2691 2634 canere,
2737 2575 2861 2638 post
2885 2574 3116 2620 mortem
3156 2579 3186 2617 a
3235 2562 3406 2618 sacris
3445 2555 3726 2630 diptychis

2158 2673 2494 2736 expunctum
2515 2665 2681 2718 etiam
2707 2678 2735 2716 a
2762 2661 2897 2715 suis.

2223 2755 2632 2812 Theodoretum
2681 2753 3060 2821 Pentalogium
3109 2747 3396 2818 scripsisse
3459 2743 3727 2798 adversus

2153 2847 2488 2919 Ephesinam
2552 2845 2844 2918 synodum,
2883 2841 3149 2914 Cyrillum
3198 2839 3352 2896 velut
3399 2836 3726 2892 hatretieum

2153 2937 2482 3002 traduxisse,
2500 2935 2758 2990 laudasse
2825 2931 3140 2988 Nestorium
3173 2938 3430 2998 tanquam
3481 2922 3731 2981 Catholi-

2079 3035 2123 3096 (ε
2155 3044 2301 3094 cum,
2331 3029 2499 3083 etiam
2522 3035 2647 3098 post
2668 3024 3038 3080 Ecclesiarum
3062 3037 3250 3092 pacem
3293 3037 3306 3073 :
3346 3019 3526 3073 virum
3557 3016 3731 3072 exsti-

2158 3120 2290 3175 tisse
2315 3117 2530 3174 factiosi
2560 3116 2786 3186 ingenii,
2818 3112 2912 3184 qui
2947 3113 3202 3168 debuerit
3232 3109 3582 3182 imperatoris
3609 3121 3734 3162 san-

2159 3211 2341 3266 ctione
2362 3207 2634 3264 eontineri
2659 3205 2802 3276 Cyro
2827 3203 2983 3274 quasi
3017 3216 3260 3266 carcere,
3311 3215 3381 3254 ne
3407 3194 3732 3252 tumultuari

2159 3309 2442 3373 pergeret;
2463 3301 2609 3370 juste
2635 3297 2862 3367 Ephesi,
2881 3296 3011 3350 licet
3039 3294 3106 3349 ab
3128 3293 3354 3364 injusto,
3393 3288 3733 3358 depositum,

2159 3408 2263 3448 nec
2294 3391 2362 3446 ab
2392 3387 2842 3446 Occidentalibus
2877 3385 3196 3440 restitutum
3236 3395 3316 3438 ex
3352 3381 3528 3436 forma
3571 3393 3738 3433 cano-

2160 3498 2329 3538 num:
2385 3481 2729 3536 renuntiasse
2768 3477 2991 3549 quidem
3040 3475 3294 3532 Nestorio
3349 3472 3733 3536 Chalcedone,

2165 3576 2260 3631 sed
2282 3575 2453 3630 vet-bo
2474 3583 2663 3638 tenus;
2687 3571 2897 3643 Syriam
2922 3567 3305 3633 commovisse,
3325 3565 3457 3622 dum
3486 3565 3736 3627 viveret;

2165 3667 2376 3732 orbem,
2417 3673 2542 3736 post
2575 3671 2830 3718 mortem.

2233 3759 2352 3815 Jam
2382 3773 2513 3812 vero
2542 3756 2690 3810 Ibam
2729 3752 2948 3825 iudiciis
2971 3751 3188 3807 duobus
3235 3747 3574 3820 postulatum
3607 3743 3743 3798 fuis-

2166 3865 2225 3906 se
2268 3848 2336 3904 de
2393 3847 2743 3912 criminibus,
2776 3860 3013 3916 quorum
3063 3841 3304 3912 susmcio
3339 3838 3564 3894 infamia
3619 3845 3740 3901 est;

2170 3956 2389 3997 causam
2404 3940 2706 4012 judicatam
2735 3953 2845 3992 non
2871 3934 3127 4000 esse,scd
3157 3931 3573 3989 dissimulanter
3594 3943 3745 3983 com-

2170 4030 2437 4102 positam:
2463 4028 2683 4084 Edessat
2711 4026 2953 4082 scholam
2981 4021 3364 4078 Nestorianam
3403 4017 3471 4072 ab
3518 4032 3606 4082 eo,
3636 4031 3746 4085 qua

2170 4123 2278 4176 late
2305 4137 2405 4192 per
2437 4119 2670 4190 populos
2698 4117 2870 4188 pestis
2935 4119 3304 4185 spargeretur,
3338 4108 3427 4163 vel
3476 4116 3746 4177 apertam,

2171 4215 2260 4270 vel
2295 4213 2499 4278 lotam;
2527 4211 2597 4266 ab
2627 4225 2694 4270 eo
2723 4206 3013 4279 Ephesina:
3057 4202 3268 4274 synodo
3313 4208 3615 4268 sanctoque
3639 4197 3746 4267 Cy-

2174 4305 2300 4360 rillo
2327 4304 2533 4359 illatam
2557 4299 2854 4373 injuriam;
2881 4296 3071 4352 eadem
3106 4295 3285 4364 ipsum
3313 4307 3438 4346 cum
3494 4287 3752 4343 Theodo—

2669 4401 2725 4446 et
2749 4389 2976 4446 haeresis
2995 4394 3251 4442 auctores
3304 4380 3608 4438 honoriﬁce
3649 4394 3747 4450 ap-

2177 4486 2430 4558 pellasse,
2459 4490 2517 4539 et
2544 4479 2818 4552 sprevisse
2850 4477 2977 4532 ﬁdei
3021 4474 3364 4531 defensores.

2246 4575 2326 4631 Ad
2381 4576 2500 4630 haec
2549 4586 2771 4628 causam
2819 4567 3011 4641 synodi
3067 4560 3531 4621 Chalcedonensis
3589 4571 3752 4629 posse

2175 4667 2337 4724 facile
2354 4682 2385 4722 a
2407 4679 2574 4720 causa
2595 4663 2764 4718 trium
2791 4658 3078 4715 hominum
3135 4653 3383 4726 seiungi;
3425 4651 3574 4706 illam
3625 4648 3754 4704 ﬁdei

2178 4776 2324 4826 esse,
2356 4759 2518 4814 istam
2548 4766 2946 4827 personarum;
2995 4749 3161 4804 ﬁdem
3191 4757 3310 4802 tum
3363 4743 3588 4800 demum
3609 4741 3756 4796 inte-

503 4852 575 4908 ab
626 4854 885 4908 omnibus
932 4851 1226 4923 probatum
1265 4853 1529 4920 vidisset,
1583 4832 1765 4909 simile
1816 4855 2079 4926 quiddam
2181 4866 2336 4923 gram
2373 4847 2609 4912 servari,
2649 4859 2775 4900 cum
2804 4841 3097 4898 anathema
3118 4838 3344 4903 dicitur,
3375 4850 3488 4890 non
3511 4832 3756 4926 homini-

505 4946 809 5003 meditatus
856 4953 942 4998 est
989 4945 1258 5000 adversus
1309 4945 1635 5016 Acephalos,
1689 4961 1801 5016 quo
1833 4923 2079 5018 perinde
2179 4941 2286 4996 bus
2309 4947 2528 4995 tantum
2557 4934 2791 4990 heresin
2815 4927 3208 5004 professis,sed
3229 4926 3366 4999 ipsis
3391 4927 3559 4982 etiam
3583 4923 3758 4978 haere—

511 5038 741 5107 probato
785 5035 1100 5102 ﬁnirentur,
1151 5047 1214 5093 ut
1269 5037 1495 5108 quidem
1519 5038 1795 5108 sperabat,
1824 5039 2084 5097 Ecclesiae

507 5129 670 5194 bella,
698 5143 1001 5198 omnesque
1030 5128 1087 5182 in
1109 5131 1439 5186 sententiam
1459 5130 1650 5202 synodi
1681 5131 2078 5202 conspirarent.

578 5215 646 5273 ll.
679 5217 817 5274 Cum
847 5226 995 5275 totus
1021 5219 1078 5274 in
1103 5235 1170 5276 eo
1197 5231 1364 5290 esset,
1382 5221 1655 5293 simulque
1677 5223 1870 5296 synodi
1897 5223 2085 5279 defen-

510 5308 723 5364 sionem
765 5317 959 5366 contra
993 5312 1301 5383 Acephalos
1345 5329 1486 5384 pene
1526 5315 1871 5382 absolvisset,
1901 5315 2084 5370 Theo-

512 5401 680 5456 dorus
732 5400 1089 5458 Caesariensis
1141 5402 1435 5474 episcopus
1483 5403 1904 5459 communicatis
1959 5419 2083 5459 cum

510 5492 753 5562 Augusta
779 5493 1044 5559 consiliis,
1074 5495 1338 5550 utendum
1374 5503 1525 5551 ratus
1542 5504 1627 5551 est
1653 5495 2088 5567 opportunitate,

513 5598 620 5651 qua
655 5585 870 5654 Pelagio
903 5588 1154 5650 diacono,
1184 5586 1450 5657 synodum
1477 5586 1721 5655 apprime
1745 5584 2083 5652 observanti,

515 5690 614 5744 par
639 5675 885 5733 referret.
929 5677 1249 5745 Imperatori
1288 5691 1418 5746 ergo
1446 5677 1683 5729 scribere
1713 5674 1925 5728 ardenti
1956 5691 2086 5747 per-

2184 5034 2262 5090 sis
2297 5032 2522 5087 nomine
2546 5027 2835 5098 suspectis.

2254 5123 2501 5191 Denique
2524 5119 2767 5181 futuram
2795 5115 2938 5170 hanc
2985 5111 3244 5168 erunibus
3287 5105 3762 5178 consequentibus

2185 5215 2402 5272 saeculis
2428 5209 2760 5282 singularem
2787 5205 3140 5278 imperatoris
3173 5201 3442 5289 .gloriam,
3480 5199 3526 5254 si
3560 5212 3762 5266 tepor-,-

2185 5316 2366 5381 gasset
2392 5304 2659 5379 synodum
2693 5317 2728 5357 a
2751 5300 3002 5366 maculis,
3046 5314 3184 5370 quas
3231 5291 3590 5351 humanitatis
3640 5291 3766 5381 fato

2187 5379 2583 5460 contraxisset;
2611 5393 2658 5448 si
2695 5391 2939 5448 dedisset
2974 5403 3165 5460 pacem
3190 5384 3448 5442 Ecclesiae
3503 5379 3770 5435 omnibus

2189 5489 2354 5546 bonis
2377 5485 2708 5558 optabilem;
2749 5483 2796 5539 si
2830 5482 3076 5538 omnium
3134 5478 3448 5534 voluntates
3476 5473 3531 5528 in
3593 5485 3768 5526 unam

2188 5581 2382 5644 ﬁdem,
2411 5578 2642 5635 sublatis
2671 5577 2992 5648 opinionum
3037 5570 3305 5633 dissidiis,
3351 5567 3683 5623 adunassct:
3711 5560 3768 5616 id

2192 5674 2268 5730 ab
2291 5673 2625 5744 imperatore
2643 5671 2814 5724 Deum
2844 5679 3156 5740 reposcere,
3193 5670 3480 5734 postquam
3524 5657 3766 5715 Africam
