3952 6294
253 355 350 424 ῙΘΙ

1422 328 1787 414 HISTORIA
1821 346 2330 410 THEODORETI.

3415 338 3517 405 l82

252 464 629 539 ιωιοςωη,
660 460 1013 532 Siciliamque
1038 468 1094 515 et
1122 458 1334 515 italiam
1367 475 1491 515 cum
1528 460 1701 515 Roma
1739 472 1833 513 ve-
1863 461 1906 519 Α
1935 453 2213 525 dorusque
2262 451 2669 539 subripuissent
2705 468 2718 506 :
2771 449 3091 507 metuebant
3144 450 3358 507 scilicet
3404 467 3473 507 nc
3497 492 3514 518 ,

255 566 370 612 tere
392 554 449 609 in
474 554 652 625 ipsius
679 552 946 608 ditionem
976 550 1280 622 redegerit:
1312 550 1366 606 id
1402 566 1571 605 unum
1604 548 1834 621 rependi

259 660 420 719 posse
443 661 473 699 a
506 644 764 715 piissimo
797 643 1069 715 principe,
1092 657 1192 712 pro
1238 650 1319 696 tot
1372 641 1620 697 victoriis
1644 657 1675 697 a
1724 641 1836 697 Nu-

256 736 404 791 mine
431 736 683 803 indultis,
718 735 849 790 dare
875 749 1068 804 pacem
1116 733 1401 796 Ecclesiae,
1432 749 1555 803 qua:
1607 732 1703 787 Dei
1746 747 1833 789 ταν

259 842 423 897 gnum
448 834 563 891 est,
581 840 747 897 quam
800 825 949 880 Deus
987 823 1148 879 dedit
1172 822 1319 889 orbi,
1357 822 1508 894 quod
1540 822 1835 880 Iustiniani

261 917 578 986 imperium.

328 1006 420 1062 ΙΙΙ.
450 1006 551 1060 His
570 1005 805 1075 aliisque
832 1004 1156 1073 imperator,
1192 1013 1255 1058 ut
1296 1013 1418 1058 erat
1458 1003 1626 1058 homo
1676 1004 1837 1058 valde

260 1097 458 1164 bonus,
492 1112 690 1168 passus
722 1105 806 1151 est
827 1095 1065 1165 primum
1104 1110 1162 1149 se
1221 1094 1464 1149 amoveri
1520 1109 1550 1149 a
1580 1101 1838 1163 suscepto

262 1186 530 1242 adversus
586 1185 897 1255 Acephalos
945 1199 1146 1254 opere,
1210 1192 1324 1237 tum
1377 1183 1577 1238 deinde
1632 1183 1836 1239 librum

263 1274 540 1330 Theodori
565 1275 749 1330 studio
773 1273 1181 1337 elucubratum,
1228 1289 1329 1328 suo
1378 1274 1601 1328 nomine
1639 1274 1838 1328 inscri-

262 1368 373 1437 psit
391 1377 557 1438 atque
577 1367 787 1422 edidit:
824 1366 1067 1420 edictum
1091 1373 1306 1435 postea,
1342 1365 1489 1436 quod
1541 1366 1839 1421 voluminis

264 1458 435 1514 instar
458 1459 566 1523 sit,
618 1474 650 1512 a
692 1455 1094 1513 'l'heodorianis
1149 1457 1516 1527 compositum
1574 1456 1839 1512 adversus

262 1551 365 1607 tria
392 1551 631 1621 capitula
656 1550 864 1605 edidit:
893 1550 1129 1620 denique
1173 1549 1457 1604 mandavit
1482 1548 1687 1618 ubique
1729 1557 1839 1604 ter-

260 1660 472 1706 rarum,
527 1644 597 1699 ab
658 1643 915 1700 omnibus
962 1658 1117 1698 suam
1173 1642 1355 1697 ediCto
1379 1640 1838 1710 subscriptionem

258 1749 522 1803 supponi.

1937 553 2046 610 qua
2074 539 2288 595 valebat
2307 538 2451 610 apud
2481 540 2871 610 imperatorem
2909 539 3104 610 gratia,
3136 554 3357 610 quoque
3399 540 3521 594 ani-

1937 646 2029 687 mo
2079 641 2199 687 erat
2237 647 2366 702 erga
2399 639 2642 686 sanctam
2691 629 2984 702 synodum,
3032 629 3332 702 praestigias
3390 644 3519 683 suas

1939 722 2286 787 dissolveret,
2321 732 2377 779 et
2397 720 2711 777 Iustiniano
2746 721 2993 785 fraudes,
3017 737 3139 791 quae
3182 720 3286 791 ipsi
3317 719 3509 774 tende-

1940 814 2163 880 bantur,
2196 814 2565 885 factionisquc
2598 814 2834 869 infanda:
2862 813 3158 868 consilium
3185 812 3449 882 aperiret.

2006 906 2227 975 Pelagio
2252 905 2424 975 igitur
2447 906 2637 975 procul
2680 906 2881 977 posito,
2932 906 3277 976 suffectoque
3320 906 3377 963 iu
3400 904 3520 975 ejus

1940 998 2122 1052 locum
2154 997 2456 1067 Stephano,
2488 998 2712 1052 homine
2737 997 2887 1069 paris
2934 998 3158 1066 quidem
3211 998 3384 1053 studii
3418 1013 3518 1068 pro

1941 1088 2068 1151 fide,
2099 1087 2197 1144 sed
2218 1087 2447 1158 imparis
2467 1088 2523 1144 in
2556 1090 2682 1144 aula
2710 1076 2899 1159 gratiae
2935 1098 3101 1159 atque
3141 1089 3515 1153 auctoritatis,

1941 1180 2187 1250 prostitit
2214 1179 2695 1250 Constantinopoli
2720 1180 2997 1243 edictum.
3054 1180 3399 1250 missumque
3448 1182 3517 1237 ad

1942 1289 2138 1328 omnes
2184 1274 2339 1330 orbis
2371 1275 2683 1345 episcopos.
2737 1275 2978 1329 concivit
3020 1290 3164 1337 eam,
3199 1290 3322 1344 quae
3370 1275 3518 1331 dicta

1941 1374 2046 1428 est,
2086 1365 2514 1421 commotionem
2561 1367 2893 1421 animorum.
2941 1366 3067 1421 llaec
3119 1375 3181 1420 ut
3207 1366 3515 1434 sedaretur,

1942 1458 2352 1514 convocandam
2410 1460 2581 1515 totius
2634 1458 2896 1513 Ecclesia:
2960 1459 3228 1528 synodum
3258 1459 3523 1519 Iustinia-

1942 1565 2046 1605 nus
2075 1550 2333 1614 credidit,
2360 1552 2473 1622 ipsa
2496 1560 2822 1622 perurgente
2858 1552 3125 1621 Augusta,
3162 1551 3257 1608 sed
3301 1563 3521 1609 comm

1944 1642 2027 1696 rio
2055 1643 2311 1699 consilio.
2343 1644 2647 1699 Videbatur
2672 1643 2820 1698 enim
2867 1643 2973 1698 sibi
3007 1658 3202 1698 secura
3251 1645 3517 1710 victoriae,

1946 1742 2000 1787 et
2021 1733 2090 1787 de
2107 1735 2317 1805 synodo
2361 1734 2801 1791 Chalcedonensi
2842 1735 3049 1790 certius
3092 1736 3517 1805 triumphatura,

334 1824 396 1879 ω
429 1824 562 1879 fecit
592 1826 916 1894 imperator,
952 1824 1243 1893 Acephalis
1298 1824 1704 1894 gratulantibus
1730 1825 1838 1899 sibi
1875 1833 1911 1884 It
1944 1825 2228 1894 siquando
2261 1836 2482 1881 coactos
2511 1827 2567 1881 in
2593 1827 2787 1881 urbem
2819 1826 3025 1897 regiam
3060 1827 3213 1882 orbis
3244 1828 3523 1884 antistites

259 1922 476 1984 partam
500 1914 604 1970 hac
631 1925 747 1970 arte
779 1914 1085 1968 victoriam.
1149 1914 1375 1969 Mennas
1402 1932 1526 1970 eum
1576 1918 1691 1972 suis
1722 1915 1841 1986 epi-

257 2007 444 2076 scopis
468 2007 715 2062 edictum
742 2007 972 2077 recepit,
1004 2023 1068 2062 ea
1107 2018 1288 2064 tamen
1321 2008 1599 2074 cautione,
1622 2008 1667 2063 si
1688 2024 1840 2064 sum-

257 2114 384 2153 mus
409 2099 659 2169 pontifex
691 2099 982 2170 probaret:
1012 2100 1104 2154 alii
1147 2109 1259 2155 tres
1291 2098 1591 2156 Orientalis
1618 2099 1839 2168 imperii

258 2191 587 2260 patriarcha:
617 2190 874 2247 reluctari
904 2206 1015 2245 non
1042 2200 1173 2247 sunt
1202 2192 1343 2255 ausi,
1378 2199 1527 2244 metu
1581 2190 1841 2244 amitten-

256 2279 343 2335 dae
366 2279 671 2350 dignitatis,
702 2278 849 2351 quod
884 2280 1190 2351 contigerat
1240 2280 1652 2346 deccssoribus,
1690 2280 1846 2350 prin-

256 2371 398 2441 cipis
430 2372 681 2426 animum
704 2371 988 2427 olIendere
1010 2386 1122 2426 non
1152 2371 1362 2426 veritis.

338 2464 429 2518 IV.
456 2462 721 2519 Restabat
752 2479 895 2533 unus
919 2463 1093 2518 instar
1113 2463 1364 2518 omnium
1411 2478 1662 2517 summus
1704 2476 1848 2531 pon-

1943 1915 2174 1972 haberet
2195 1918 2248 1971 in
2288 1933 2385 1973 sua
2418 1926 2708 1988 potestate.

2021 2006 2106 2061 Vl.
2134 2007 2403 2062 lndicitur
2432 2024 2566 2080 ergo
2594 2010 2837 2081 synodus
2857 2010 3388 2081 Constantinopolim
3439 2014 3515 2078 ⁸⁸ς

1941 2105 2171 2152 vocatur
2220 2098 2335 2168 ipse
2383 2100 2616 2169 Vigilius
2676 2116 2776 2169 pro
2821 2116 2973 2155 more
3025 2116 3126 2171 per
3172 2086 3521 2172 imperatoris

1945 2186 2168 2241 Sacram
2194 2206 2206 2240 :
2234 2189 2328 2242 sed
2352 2190 2514 2244 datur
2537 2190 2698 2244 simul
2722 2206 2752 2244 a
2783 2189 3073 2245 Theodora
3122 2192 3261 2245 clam
3289 2192 3520 2248 manda-

1944 2287 2057 2333 tum
2087 2280 2152 2333 ad
2182 2280 2533 2343 Belisarium.
2564 2297 2677 2352 quo
2700 2282 3016 2353 pontificem
3066 2284 3252 2339 venire
3300 2292 3520 2355 cogeret

1940 2371 2033 2425 vel
2053 2371 2307 2426 invitum.

2014 2461 2125 2516 VII.
2157 2462 2361 2515 Verum
2389 2461 2483 2515 diu
2510 2477 2569 2516 se
2604 2462 2850 2532 pontifex
2882 2465 3166 2522 excusavit
3207 2466 3372 2521 allato
3399 2480 3520 2521 ma-

261 2553 414 2617 tifex,
440 2569 605 2622 quem
636 2552 924 2608 Theodora
947 2553 1016 2608 ad
1036 2551 1841 2623 consentiendum,urgendum
1935 2552 2122 2622 jorum
2170 2553 2444 2622 exemplo,
2493 2553 2588 2622 qui
2633 2568 2815 2624 neque
2861 2555 3122 2621 Nicaeam,
3171 2556 3348 2613 accitu
3379 2557 3523 2613 Con-

260 2644 496 2713 putavit,
526 2644 726 2713 partim
749 2643 926 2697 uxorii
959 2643 1329 2712 imperatoris,
1370 2642 1570 2712 partim
1588 2642 1841 2697 Belisarii

258 2734 578 2790 famulantis
631 2736 916 2806 potentia:
951 2736 1030 2792 sic
1060 2734 1205 2790 enim
1256 2735 1547 2789 videbatur
1608 2734 1841 2790 convelli

259 2841 422 2896 posse
476 2826 729 2881 funditus
779 2825 1249 2882 Chalcedonensis
1305 2825 1575 2898 synodus,
1618 2825 1664 2880 si
1720 2841 1844 2897 quae

259 2918 452 2988 primm
478 2918 629 2972 sedis
658 2918 984 2973 auctoritate
1028 2918 1334 2981 nitebatur,
1401 2916 1649 2988 ejusdem
1693 2918 1844 2974 sedis

260 3010 597 3066 auctoritate
625 3008 1097 3065 labefieret.'Sua
1145 3023 1270 3079 spes
1305 3007 1567 3063 feminam
1612 3007 1837 3063 fefellit:

264 3116 391 3155 nam
423 3100 674 3172 Vigilius,
709 3102 725 3119 ‘
754 3100 954 3155 Leonis
974 3101 1149 3171 Magni
1204 3108 1425 3170 sumpto
1466 3100 1683 3171 spiritu,
1719 3100 1839 3156 edi-

1944 2641 2193 2706 stantini,
2239 2658 2421 2712 neque
2444 2643 2726 2712 Ephesum
2769 2656 2866 2698 aut
2907 2644 3336 2711 Chalcedonem,
3370 2646 3522 2702 eilia-

1943 2734 2249 2805 gitantibus
2272 2735 2401 2790 licet
2432 2734 2744 2795 Theodosio
2789 2738 3012 2808 juniore
3035 2748 3092 2794 et
3133 2739 3401 2795 Martiano
3423 2744 3541 2795 ac-'

1944 2827 2240 2882 cessissent
2273 2846 2287 2881 :
2314 2828 2580 2882 afferebat
2607 2828 2805 2884 deinde
2836 2829 2966 2894 loci,
3025 2830 3094 2885 ad
3137 2846 3300 2899 quem
3329 2832 3522 2886 condi-

1944 2927 2093 2973 ctum
2125 2926 2264 2984 erat,
2295 2920 2834 2986 incommoditatem;
2860 2922 3109 2986 alterius,
3135 2930 3264 2992 puta
3294 2924 3516 2983 Sicilire.

1943 3012 2411 3080 opportunitatem
2453 3012 2614 3084 longe
2648 3014 2941 3083 majorem;
2977 3029 3044 3068 eo
3092 3015 3339 3083 undique
3371 3015 3513 3069 faci-

1944 3102 2053 3157 lius
2073 3102 2333 3158 advenire
2369 3105 2560 3160 Patres
2585 3120 2767 3175 posse,
2804 3107 3140 3177 paribusque
3183 3106 3381 3162 studiis
3419 3106 3524 3163 Oc-

262 3200 412 3246 ctum
431 3191 615 3262 rejeei'
643 3209 659 3257 ;
691 3190 743 3246 id
774 3200 1052 3256 causatus,
1085 3190 1233 3261 quod
1260 3200 1484 3245 sanctus
1507 3190 1638 3246 olim
1654 3190 1843 3246 deces-
1873 3183 1915 3239 C
1950 3194 2228 3251 eidentem
2277 3195 2670 3267 Orientemque
2715 3197 2772 3252 in
2832 3213 2997 3252 unam
3028 3198 3359 3254 sententiam
3384 3213 3520 3254 con-

262 3297 378 3345 sor,
402 3280 662 3354 religiose
691 3281 1039 3359 retinendam
1081 3281 1229 3336 omni
1255 3296 1322 3335 ex
1343 3289 1497 3349 parte
1536 3279 1839 3352 synodum:

273 3372 453 3439 «Quia
502 3389 683 3444 neque
730 3373 995 3444 perfectio
1039 3373 1462 3438 incrementum,
1515 3388 1695 3442 neque
1743 3368 1843 3427 ad-

257 3464 558 3536 j-ectionem
592 3464 877 3535 plenitudo
912 3463 1111 3535 recipit
1142 3462 1209 3517 ".
1253 3482 1272 3516 ο

336 3557 536 3613 Secuta
556 3566 642 3612 est
674 3558 761 3612 sui
783 3557 979 3627 capitis
1007 3557 1319 3626 exemplum
1352 3555 1633 3611 Ecclesia:
1666 3556 1846 3611 sicubi

262 3667 375 3705 non
405 3650 685 3705 serviebat
721 3650 958 3720 turpiter
990 3649 1246 3719 principi,
1297 3648 1401 3702 hoc
1430 3656 1537 3712 est,
1591 3648 1646 3702 in
1686 3646 1846 3703 Occi-

264 3742 432 3797 dente
455 3749 515 3798 et
549 3742 604 3796 in
629 3742 835 3807 Africa,
868 3742 963 3798 sed
990 3742 1300 3812 praesertim
1350 3740 1405 3794 in
1438 3740 1678 3812 Illyrico,
1715 3741 1846 3796 Dal-

271 3838 443 3890 matia
470 3852 536 3891 ac
573 3836 787 3901 Galliis,
825 3836 1059 3906 aliisque
1118 3835 1513 3891 remotioribus
1561 3836 1630 3903 ab
1688 3835 1844 3892 Italia

265 3929 601 3999 provinciis:
653 3938 819 3999 atque
876 3929 1003 3985 inde
1062 3929 1167 3984 fuit
1219 3937 1419 3991 metus,
1481 3946 1551 3983 ne
1606 3929 1846 3983 schisma

266 4017 584 4072 llormisdte
609 4019 950 4087 temporibus
989 4019 1320 4075 exstinctum
1370 4018 1760 4074 revivisceret:
1793 4027 1851 4073 et

264 4109 494 4178 quidem
527 4117 679 4164 tanto
701 4110 1090 4165 vehementius
1115 4118 1378 4180 tantoque
1402 4110 1742 4179 pertinacius
1767 4109 1851 4164 fu-

269 4209 479 4265 turum,
536 4210 747 4271 quanto
780 4216 945 4256 causa
1001 4201 1296 4257 videbatur
1339 4201 1648 4266 honestior,
1689 4216 1851 4271 syno-

269 4291 403 4347 dum
438 4293 840 4348 mcumenicam
875 4293 1218 4363 tueri,quam
1252 4293 1514 4349 Acacium
1563 4292 1845 4347 damnare.

344 4383 408 4437 V.
440 4382 568 4438 Hac
602 4384 899 4439 commotio
944 4384 1193 4454 contigit,
1240 4399 1353 4453 quo
1398 4399 1541 4437 anno
1600 4382 1853 4453 Pelagius

270 4476 540 4531 diaconus
574 4476 806 4531 Romam
827 4476 1009 4531 rediit.
1040 4476 1181 4532 Sunt
1199 4475 1292 4545 qui
1320 4483 1643 4530 revocatum
1687 4489 1719 4529 a
1751 4475 1846 4530 Vi-

270 4566 405 4636 gilio
431 4565 681 4629 credant,
705 4572 831 4634 post
854 4565 1095 4620 edictum
1119 4565 1483 4636 publicatum,
1516 4580 1608 4627 ne,
1647 4572 1708 4619 ut
1728 4573 1849 4620 erat

271 4653 551 4723 gratiosus
575 4653 937 4724 principibus,
972 4654 1028 4708 in
1051 4670 1244 4710 eorum
1295 4653 1626 4710 sententiam
1654 4669 1851 4711 conce-

270 4744 454 4800 deret.
496 4744 638 4800 Sunt
673 4746 767 4815 qui
795 4745 1092 4815 conjiciant
1120 4761 1151 4800 a
1180 4745 1492 4801 Iustiniano
1531 4746 1844 4810 remissum,

269 4843 339 4890 ut
361 4835 699 4904 periclitanti
738 4836 925 4891 Romae
952 4850 1112 4904 Opem
1157 4834 1351 4900 ferret,
1379 4835 1526 4904 quod
1555 4844 1612 4892 et
1646 4837 1855 4905 praesti-

277 4925 371 4989 tit,
406 4925 662 4995 pecunia,
692 4941 857 4995 quam
881 4940 1132 4996 magnam
1159 4936 1448 4996 acceperat
1492 4927 1561 4981 ab
1614 4927 1852 4997 impera-

278 5025 421 5078 tore,
470 5029 592 5069 cum
653 5014 987 5079 discederet,
1042 5015 1109 5069 ad
1160 5015 1448 5071 levandam
1501 5016 1852 5073 obsessorum

278 5104 527 5174 inopiam
556 5107 775 5160 collata.
809 5105 994 5177 Longe
1044 5106 1386 5170 credibilius,
1419 5108 1670 5172 rediisse,
1702 5108 1856 5178 prius

275 5212 445 5265 quam
469 5197 717 5253 edictum
747 5199 1016 5254 adversus
1064 5198 1172 5252 tria
1212 5199 1451 5270 capitula
1503 5200 1765 5255 ederetur
1799 5201 1856 5255 in

275 5287 498 5355 lucem;
537 5290 703 5360 idque
738 5290 968 5355 factum,
1005 5292 1319 5345 autsummi
1348 5292 1626 5361 pontiﬁcis
1664 5291 1855 5356 solius,

276 5386 379 5431 aut
444 5380 618 5434 solius
709 5379 1099 5450 imperatoris,
1151 5388 1248 5435 aut
1300 5382 1588 5450 utriusque
1651 5383 1859 5451 jussio-

273 5484 389 5532 ue,
444 5486 606 5540 quam
672 5469 791 5526 suis
841 5472 1054 5527 artibus
1134 5475 1377 5542 Augusta
1453 5473 1611 5543 231
1683 5472 1861 5529 Theo-

1947 3287 2176 3357 spirare.
2201 3288 2573 3342 Nihilominus
2597 3289 2881 3343 annitente
2909 3288 3185 3343 Antonina
3219 3288 3522 3343 Tlieodora

1947 3376 2199 3433 ministra
2221 3377 2520 3433 Belisarius
2546 3379 2862 3449 pontiﬁcem
2889 3395 2956 3435 ex
2990 3379 3143 3435 Italia
3185 3379 3336 3435 exire
3374 3395 3524 3436 com-

1948 3467 2110 3537 pulit,
2141 3476 2197 3522 et
2221 3483 2362 3538 pene
2391 3484 2488 3538 per
2523 3469 2632 3542 vim
2668 3470 2851 3539 ejecit.

1996 3558 2158 3613 Vill.
2193 3560 2364 3615 Roma
2416 3559 2602 3629 igitur,
2649 3567 2939 3629 postquam
2981 3577 3013 3615 a
3082 3562 3258 3618 Totila
3309 3562 3523 3632 direpta

1948 3658 2053 3711 est,
2106 3664 2362 3719 egressus
2408 3648 2668 3719 Vigilius,
2730 3648 2820 3703 die
2880 3649 2951 3704 22
3008 3648 3337 3704 Novembris
3378 3665 3525 3704 anno

1951 3740 2056 3794 546
2081 3742 2293 3810 trajecit
2322 3742 2377 3796 in
2408 3740 2673 3805 Siciliam,
2706 3739 2798 3795 ubi
2822 3749 2879 3795 et
2899 3739 3284 3796 ordinationes
3316 3740 3527 3811 aliquot

1950 3845 2140 3886 mense
2170 3828 2458 3884 Decembri
2490 3828 2705 3894 habuit,
2763 3837 2821 3883 et
2848 3828 3178 3898 legationem
3228 3828 3367 3884 Zoili
3399 3829 3527 3884 Ale-

1951 3922 2202 3979 xandrini
2230 3922 2466 3991 excepit,
2501 3930 2557 3977 et
2576 3938 2606 3976 a
2630 3922 2786 3976 Datio
2812 3921 3204 3976 Mediolanensi
3223 3929 3530 3977 conventus

1951 4013 2164 4079 didicit,
2191 4029 2301 4082 quo
2331 4019 2477 4067 statu
2515 4028 2606 4067 res
2635 4012 2762 4067 fidei
2805 4012 2987 4067 forent
3027 4011 3522 4081 Constantinopoli,

1956 4113 2013 4160 et
2039 4105 2107 4159 ab
2148 4104 2297 4160 Afris
2325 4103 2624 4173 Sardisque
2655 4120 2754 4173 per
2786 4103 2996 4172 legatos
3019 4114 3240 4171 rogatus
3264 4110 3370 4164 est,
3399 4116 3529 4170 pro-

1949 4195 2141 4249 videre
2168 4209 2237 4249 ne
2279 4194 2411 4264 quid
2434 4192 2773 4246 detrimenti
2796 4190 3043 4262 synodus
3066 4190 3528 4247 Chalcedonensis

1952 4294 2256 4355 pateretur;
2292 4293 2348 4340 et
2372 4284 2587 4339 litteras
2620 4283 2687 4337 ad
2714 4283 3103 4351 imperatorem
3128 4282 3301 4354 dedit,
3322 4283 3531 4352 quibus

1955 4376 2157 4431 ibidem
2185 4375 2373 4429 haberi
2399 4374 2691 4429 concilium
2727 4371 3016 4444 ﬂagitaret.
3067 4372 3173 4428 Sed
3201 4372 3373 4428 irritae
3406 4374 3528 4429 fue~

1956 4473 2086 4521 runt
2116 4479 2343 4536 preces:
2374 4478 2542 4533 quare
2570 4463 2844 4518 Natalitiis
2873 4463 3028 4518 festis
3063 4464 3322 4534 peractis,
3346 4474 3530 4520 trans-

1958 4559 2111 4615 misit
2140 4558 2196 4613 in
2222 4558 2619 4622 continentem,
2659 4556 2917 4628 factoque
2941 4572 3040 4627 per
3065 4556 3343 4613 llelladem
3364 4565 3531 4627 atque

1956 4650 2235 4725 Illyricum
2267 4650 2487 4715 itinere,
2511 4649 3050 4719 Constantinopolim
3086 4650 3367 4720 ingressus
3422 4657 3526 4716 est,

1960 4742 2050 4798 die
2091 4741 2350 4797 vicesima
2391 4740 2580 4812 quinta
2625 4740 2872 4797 Ianuarii
2897 4755 3042 4796 anno
3083 4741 3208 4805 547,
3270 4757 3396 4797 cum
3432 4756 3533 4795 cx-

1960 4840 2149 4888 oratus
2173 4832 2363 4889 fuisset
2386 4831 2456 4886 ab
2486 4831 2716 4903 Illyricis
2736 4830 2804 4885 de
2838 4829 2947 4895 via,
2983 4843 3052 4883 ne
3081 4828 3250 4883 trium
3291 4828 3531 4899 capitum

1961 4923 2298 4982 damnationi
2330 4924 2715 4979 assentiretnr.

2033 5015 2125 5073 1X.
2153 5016 2224 5072 Ut
2254 5015 2310 5069 in
2339 5016 2482 5071 banc
2534 5015 2874 5087 Illyricorum
2916 5007 3245 5070 sententiam
3294 5019 3405 5066 tota
3436 5028 3532 5067 vo-

1967 5107 2202 5164 luntatis
2228 5107 2584 5162 inclinatione
2614 5106 2916 5171 ferebatur,
2952 5105 3025 5160 ita
3047 5103 3231 5160 statim
3285 5110 3450 5172 atque
3479 5102 3535 5157 in

1968 5199 2160 5254 urbem
2194 5198 2399 5268 regiam
2432 5197 2604 5261 venit,
2626 5198 2891 5270 judicium
2943 5193 3290 5253 exercuitde
3317 5194 3533 5259 Menna,

1966 5288 2200 5358 aliisque
2243 5288 2715 5359 subscriptoribus
2741 5288 3018 5359 episc0pis
3053 5305 3066 5340 :
3102 5301 3274 5357 quare
3331 5284 3537 5340 factum

1971 5380 2587 5452 Stephani-apocrisiarii
2612 5382 2719 5446 sui,
2733 5381 3177 5443 communionem
3198 5377 3363 5448 232
3387 5376 3538 5433 Heu-

1968 5489 2054 5527 me
2088 5474 2380 5539 exsecrati,
2413 5468 2671 5544 probans,
2697 5472 2849 5528 urbis
2880 5472 3039 5542 regia:
3086 5469 3421 5535 antistitem;
3449 5466 3538 5524 vl-

1636 5633 1952 5691 SCIlULZlI
1994 5634 2221 5693 NOT/E.

342 5760 393 5793 ³⁷
422 5768 595 5842 Epist.
639 5768 861 5823 Leonis.
943 5768 984 5798 ⁸⁸
1028 5767 1182 5825 Anno
1211 5770 1332 5839 546,
1375 5770 1475 5827 sub
1506 5770 1739 5826 initium.
