3952 6294
437 321 536 387 183

1558 325 1930 385 GARNERII
1975 327 2472 390 DiSSERTATIO
2503 329 2554 389 Ι.

3580 318 3683 387 184

434 439 599 492 «lente
627 436 956 506 imperatore
1003 443 1058 490 et
1088 435 1454 504 nequidquam
1486 437 1775 491 obnitente
1823 435 2006 491 Theo—
2036 442 2079 498 Α
2109 455 2196 495 sas
2221 449 2280 495 ut
2309 440 2656 512 produceret,
2701 437 2874 492 videri
2925 445 3108 507 potest
3167 437 3337 492 libros
3383 435 3680 492 duodecim

433 526 592 591 dera,
619 526 793 581 sacris
839 524 1137 588 abstinuit;
1195 523 1404 578 Zoilum
1450 524 1664 597 Egypti
1697 527 2008 596 primatem,

443 615 591 686 quod
624 612 979 684 approbasset
1028 611 1290 676 edictum,
1342 614 1578 683 graviter
1641 613 2008 684 objurgatum,

435 705 508 759 ad
534 704 913 775 paenitentiam
946 701 1159 773 adegit;
1187 702 1475 773 dignisque
1503 719 1718 758 summo
1755 704 2012 774 pontifice

441 795 641 852 studiis
693 809 911 849 rursum
956 793 1272 858 contendit,
1319 805 1373 849 ut
1424 796 1476 848 in
1533 795 1720 849 Sicilia
1770 795 2012 866 synodus

441 895 770 956 cogeretur:
807 901 910 949 ne,
975 884 1120 954 quod
1172 886 1350 954 reipsa
1397 886 1600 949 evenit,
1656 886 2012 940 Orientalium

442 975 718 1031 serviliter
750 975 1094 1030 adulantium
1131 977 1364 1046 principi
1396 976 1714 1040 multitudo,
1739 976 2011 1032 Occiden-

441 1064 634 1119 talium
687 1062 870 1119 eidem
926 1079 1188 1134 generose
1253 1063 1619 1120 obnitentium
1683 1067 2011 1135 paucitatem

440 1156 724 1212 obrueret.

514 1246 581 1302 Χ.
615 1247 808 1303 Annus
829 1249 1042 1319 integer
1071 1250 1194 1314 fuit,
1225 1250 1356 1304 dum
1387 1253 1592 1305 mutuis
1626 1252 1728 1307 hac
1759 1253 1827 1306 de
1859 1268 2011 1322 quae-

439 1341 621 1397 stione
655 1340 950 1396 dissidiisa
975 1341 1234 1412 pontifice
1268 1350 1324 1396 et
1367 1342 1697 1413 imperatore
1730 1353 2008 1398 certatur:

440 1449 550 1504 quo
581 1443 827 1504 tempore
854 1432 1168 1501 Theodora,
1203 1450 1330 1490 cum
1356 1434 1607 1490 Mennam
1639 1435 1854 1491 videret
1873 1437 2013 1492 male

440 1536 728 1597 acceptum
770 1542 802 1581 a
835 1527 1064 1598 Vigilio,
1121 1527 1189 1582 de
1245 1528 1505 1582 Anthitno
1554 1545 1656 1584 suo
1707 1529 2015 1586 revocando

442 1617 721 1688 cegitavit.
759 1615 1020 1687 Vigilium
1049 1632 1180 1687 ergo
1199 1617 1537 1689 aggreditur,
1562 1621 1578 1638 '
1612 1634 1719 1689 qua
1745 1632 2013 1690 partepa-

443 1716 604 1773 terat,
634 1707 910 1780 precibus,
944 1709 1251 1778 promissis,
1286 1720 1340 1763 et
1368 1710 1558 1777 minis;
1597 1710 1690 1765 sed
1717 1711 2011 1776 incassum,

2113 529 2379 584 adversus
2421 527 2720 584 Justiniani
2763 526 3004 582 edictum
3054 525 3362 597 scripsisse.
3406 525 3517 580 Hos
3549 541 3682 582 vero

2112 635 2252 690 pene
2275 629 2408 676 tunc
2433 620 2763 683 absolverat,
2790 634 2900 688 quo
2952 627 3197 688 tempore
3227 617 3458 687 Vigilius
3500 618 3684 672 conci-

2112 710 2245 764 lium
2263 711 2558 766 contraxit.

2185 801 2438 856 Actiones
2460 801 2679 856 concilii
2715 800 2898 871 plures
2929 797 3225 864 exstitisse,
3265 813 3330 852 ex
3369 813 3436 852 eo
3469 806 3686 852 constat

2111 891 2259 961 quod
2287 907 2344 948 se
2394 893 2450 946 in
2481 893 2644 948 tertia
2670 891 2962 947 Facundus
2981 898 3170 944 narret
3197 904 3297 960 pro
3319 889 3426 943 lhae
3451 889 3686 958 epistola

2113 982 2258 1054 apud
2280 983 2538 1056 Vigilium
2566 983 2878 1039 vehementi
2903 983 3150 1038 oratione
3177 980 3382 1036 dixisse
3407 999 3420 1034 :
3451 1003 3468 1030 ‹
3496 982 3630 1036 Peto
3655 997 3687 1037 a

2108 1073 2322 1145 justitia
2343 1081 2544 1138 vestra,
2578 1082 2766 1128 utrum
2805 1081 3060 1143 suscepta
3101 1073 3172 1127 sit
3206 1087 3236 1125 a
3291 1071 3499 1143 synodo
3523 1069 3688 1126 Chal-
3739 1110 3742 1112 η

2114 1164 2408 1220 cedonensi
2430 1164 2662 1234 epistola
2691 1164 2818 1230 lhas,
2851 1179 2971 1234 qua:
3000 1165 3152 1219 velut
3181 1163 3505 1218 Nestoriana
3531 1162 3690 1216 dam-

2113 1265 2241 1310 nata
2265 1264 2369 1318 est,
2402 1264 2462 1309 ut
2487 1255 2816 1326 inquiratis;
2847 1264 2904 1309 et
2925 1253 3057 1309 dum
3103 1254 3414 1310 constiterit
3453 1269 3562 1308 non
3589 1254 3692 1308 ob-

2114 1364 2233 1403 esse
2264 1348 2491 1420 synodo,
2515 1347 2660 1418 quod
2694 1364 2820 1418 pars
2868 1347 3096 1402 adversa
3125 1347 3194 1401 de
3234 1345 3514 1400 Theodori
3558 1359 3688 1414 per»

2117 1455 2251 1494 sona
2274 1440 2552 1510 proponit,
2588 1440 2666 1494 sic
2687 1455 2751 1493 ea
2809 1454 2929 1508 qum
2953 1439 3189 1508 proferri
3245 1437 3456 1502 volunt,
3518 1435 3689 1506 relegi

2116 1532 2467 1604 permittatis,
2506 1547 2574 1586 ne
2597 1530 2736 1584 forte
2773 1545 2896 1599 quae
2927 1539 3186 1601 aguntur,
3221 1528 3290 1582 ad
3339 1527 3689 1582 retractatio-

2117 1639 2242 1678 nem
2297 1622 2590 1677 videantur
2629 1630 2946 1674 memoratae
2994 1618 3187 1690 synodi
3237 1619 3540 1688 pertinere.
3575 1615 3693 1686 Ego

2117 1717 2265 1772 enim
2295 1715 2466 1770 fateor
2485 1713 2811 1784 simpliciter
2837 1712 3166 1767 beatitudini
3185 1721 3402 1775 vestrae,
3432 1725 3542 1764 non
3591 1723 3693 1779 pro

443 1801 714 1870 siquidem
750 1801 888 1855 mori
916 1816 1080 1870 quam
1115 1801 1343 1871 obsequi
1373 1802 1607 1858 malebat
1639 1804 1908 1873 pontifex,
1941 1805 2014 1859 ita
2047 1799 2092 1854 Β
2122 1807 2395 1861 Theodori
2446 1805 2812 1876 Mopsuesteni
2873 1803 3227 1858 damnatione
3277 1818 3364 1856 me
3402 1818 3432 1857 a
3474 1811 3697 1858 eontra-

443 1890 760 1960 apostolicis
784 1890 979 1961 plenus
1012 1901 1130 1946 erat
1179 1893 1377 1948 animis
1413 1912 1425 1947 :
1456 1903 1641 1962 atque,
1686 1904 1746 1948 ut
1797 1911 2017 1951 omnem

443 1983 700 2058 Augusta;
729 1999 882 2054 spem
915 1984 1204 2049 adimeret,
1241 1985 1490 2039 Mennam
1543 1987 1599 2040 in
1654 1988 1882 2056 gratiam
1926 2005 2016 2044 re-

443 2083 665 2145 ceptum
690 2075 989 2130 interdicto
1014 2075 1198 2140 solvit,
1225 2086 1280 2131 et
1306 2075 1374 2131 ab
1404 2093 1472 2132 eo
1508 2079 1748 2132 vicissim
1782 2082 2014 2151 accepit,

444 2167 583 2238 grati
621 2167 792 2222 animi
831 2183 981 2238 ergo,
1016 2179 1076 2223 ut
1111 2169 1311 2222 summi
1359 2168 1637 2238 pontificis
1679 2186 1880 2226 nomen
1929 2173 2016 2227 di-

445 2255 666 2328 ptychis
707 2256 1326 2328 Constantinopolitanae
1367 2259 1622 2314 Ecclesiae
1656 2261 1893 2329 primum
1930 2263 2016 2316 in-

446 2348 784 2404 scriberetur
809 2350 875 2402 ".

516 2438 612 2494 X1.
644 2439 860 2494 Nonita
890 2440 1046 2496 facile
1077 2459 1136 2496 se
1184 2443 1464 2512 expedivit
1511 2445 1799 2499 conatibus
1843 2445 2015 2499 Justi-

445 2530 598 2586 niani
625 2530 896 2585 instanter
922 2533 1184 2602 urgentis,
1219 2544 1278 2587 ut
1301 2535 1570 2604 scriptum
1611 2534 1680 2588 de
1722 2534 1898 2590 tribus
1923 2550 2017 2590 ca-

446 2621 634 2692 pitulis
667 2621 911 2676 edictum
934 2621 1224 2692 probaret:
1253 2639 1374 2678 eam
1403 2625 1554 2679 enim
1581 2624 1690 2678 vim
1739 2625 2019 2680 reluctans

398 2702 636 2781 ‘passus
683 2723 789 2778 est,
834 2730 962 2782 qua,
995 2713 1041 2768 si
1076 2714 1352 2769 credimus
1388 2716 1696 2778 Anastasio,
1741 2715 2016 2770 exclama-

445 2811 531 2857 ret
576 2803 902 2872 aliquando:
963 2805 1128 2860 cNon
1163 2823 1193 2860 a
1245 2806 1560 2862 Justiniano
1617 2816 1673 2861 et
1730 2806 2019 2862 Theodora

445 2892 706 2962 piissimis
761 2894 1102 2964 principibus
1145 2897 1450 2952 accersitus
1483 2897 1629 2963 veni,
1663 2897 1760 2952 sed
1792 2898 1848 2952 in
1901 2897 2020 2952 Dio-

445 2985 740 3040 cletianum
761 2996 817 3041 et
843 2985 1219 3043 Eleutheriam
1252 2989 1440 3044 incidi.
1473 3011 1489 3042 ι

515 3076 630 3132 ΧΙΙ.
661 3078 813 3134 Fecit
839 3093 906 3134 ea
927 3080 1030 3144 vis,
1070 3090 1130 3134 ut
1160 3080 1304 3150 apud
1336 3097 1395 3137 se
1455 3085 1749 3139 concilium
1795 3093 2016 3152 septua-

445 3171 596 3240 ginta
619 3170 1006 3240 episcoporum
1038 3171 1284 3237 haberet,
1318 3175 1666 3242 provisurus,
1701 3174 1746 3229 si
1777 3189 1884 3242 qua
1928 3188 2017 3227 ra-

449 3262 600 3316 tione
626 3260 708 3315 fas
731 3270 898 3325 esset,
928 3261 1133 3316 salvam
1163 3272 1422 3331 prastare
1469 3263 1662 3334 synodi
1715 3263 2019 3318 Chalcedo-

449 3349 636 3404 nensis
665 3351 1068 3414 auctoritatem,
1099 3361 1156 3406 et
1185 3352 1347 3406 simul
1364 3352 1571 3422 aliquid
1589 3354 1655 3408 de
1672 3368 1834 3408 causa
1854 3355 2020 3407 trium

450 3437 736 3493 hominum
769 3437 1082 3504 remittere,
1117 3439 1170 3493 id
1205 3449 1311 3500 est.
1343 3440 1580 3511 benigna
1629 3440 1866 3511 quadam
1901 3441 2011 3495 dis-

449 3528 774 3599 pensatione
816 3529 1123 3585 concedere
1163 3530 1436 3595 nonnihil,
1477 3548 1584 3601 qua
1633 3543 1688 3587 et
1727 3533 2020 3602 imperato-

450 3623 529 3676 ris
547 3621 744 3677 honori
767 3630 1107 3690 parceretur,
1126 3631 1180 3676 et
1207 3621 1591 3678 occluderetur
1622 3638 1684 3679 os
1704 3623 2015 3693 Acephalis:

449 3721 610 3768 erant
655 3715 804 3767 enim
857 3711 1125 3767 invidiose
1167 3715 1464 3778 causaturi,
1521 3717 1627 3770 sibi
1675 3726 1808 3770 tunc
1852 3716 2019 3770 fuisse

451 3806 700 3860 clausum
728 3807 938 3860 aditum
960 3805 1026 3859 ad
1064 3805 1381 3872 Ecclesiam,
1438 3823 1563 3862 cum
1623 3809 2019 3864 instantissime

454 3907 702 3968 peterent
727 3898 963 3952 admitti.

524 3988 714 4045 Coetus
731 3989 820 4043 ille
851 3989 1074 4046 Patrum
1097 4008 1164 4046 ex
1187 3993 1254 4044 iis
1268 4002 1490 4046 coactus
1511 4003 1595 4045 est
1616 3993 1709 4062 qui
1737 4009 2018 4062 nunquam

454 4088 773 4134 curvassent
797 4097 973 4152 genua
1004 4097 1185 4137 coram
1211 4081 1399 4146 Belial,
1421 4082 1513 4136 sed
1550 4096 1812 4152 generose
1835 4084 2020 4138 stetis-

451 4179 573 4224 sent
603 4171 867 4226 hactenus
895 4187 994 4242 pro
1016 4189 1179 4228 causa
1204 4170 1321 4228 Dei.

522 4259 662 4321 Xlll.
693 4261 915 4318 Patrum
962 4279 1104 4320 unus
1133 4264 1236 4318 fuit
1287 4263 1576 4320 Facundus
1616 4264 2023 4320 llermianensis

449 4353 505 4406 in
540 4351 724 4409 Africa
773 4356 1086 4425 episcopus,
1139 4355 1375 4412 celebris
1419 4357 1510 4411 ille
1556 4357 1723 4411 trium
1781 4357 2020 4426 capitum

2120 1899 2418 1954 dicentium
2453 1899 2842 1952 communione
2881 1895 3217 1949 subtraxisse
3243 1910 3258 1960 ;
3290 1892 3398 1947 hoc
3427 1892 3576 1946 enim
3605 1891 3695 1945 vel

2119 1992 2164 2045 si
2194 1988 2608 2060 approbandum
2637 2004 2747 2042 non
2772 1988 2863 2051 sit,
2894 1987 3183 2042 ferendum
3213 1998 3395 2041 tamen
3415 1983 3692 2047 existimo,

2117 2098 2221 2136 nec
2244 2090 2448 2136 tantam
2473 2095 2594 2135 esse
2632 2095 2852 2135 causam
2869 2080 3076 2150 judico,
3115 2095 3215 2149 pro
3236 2095 3343 2148 qua
3363 2077 3696 2132 deberemus

2119 2193 2149 2230 a
2183 2173 2571 2230 communione
2625 2172 3001 2226 multitudinis
3041 2170 3340 2242 segregari.
3397 2168 3503 2224 Sed
3562 2167 3695 2238 quia

2119 2285 2191 2322 ex
2228 2281 2458 2336 persona
2515 2263 2792 2319 Theodori
2839 2262 3123 2332 epistolam
3165 2261 3271 2316 [hae
3311 2260 3690 2315 Nestorianam

2120 2359 2352 2429 probare
2379 2357 2560 2412 conati
2594 2366 2743 2420 sunt,
2779 2365 2834 2409 et
2856 2371 2924 2410 ex
2959 2353 3192 2424 epistola
3213 2352 3319 2407 lbm
3344 2351 3634 2424 synodum,
3659 2365 3695 2404 a

2121 2468 2227 2521 qua
2257 2461 2510 2518 suscepta
2546 2459 2649 2511 est,
2689 2447 3022 2517 improbare,
3063 2465 3080 2498 ι
3123 2455 3231 2501 etc.

2193 2540 2434 2595 Facundi
2475 2538 2640 2592 verba
2671 2537 2892 2602 docent,
2919 2537 3165 2591 animose
3197 2536 3382 2589 minus
3410 2543 3541 2587 tunc
3564 2541 3696 2586 tem-

2127 2633 2278 2702 poris
2301 2628 2581 2684 Theodori
2611 2628 3079 2698 Theodoretique,
3116 2644 3280 2698 quam
3313 2627 3422 2682 lbte
3469 2640 3694 2680 causam

2121 2721 2402 2776 defensam
2454 2734 2613 2772 esse:
2649 2733 2774 2770 nam
2821 2716 3169 2772 Chalcedone
3198 2717 3340 2771 lecta
3377 2716 3556 2770 fuerat
3583 2713 3698 2768 Iba:

2121 2811 2384 2880 epistola,
2417 2824 2527 2861 non
2577 2809 2706 2861 item
2749 2805 2916 2859 ullum
2962 2806 3189 2859 alterius
3227 2805 3514 2873 utriusque
3551 2801 3696 2872 scri-

2124 2909 2308 2968 ptum;
2352 2912 2454 2951 nec
2508 2898 2648 2949 lecta
2697 2893 2873 2948 solum
2925 2893 3161 2962 cpistola
3195 2901 3298 2954 est,
3363 2891 3460 2946 sed
3518 2888 3699 2943 videri

2122 2990 2301 3059 potuit
2339 3004 2369 3041 a
2397 2985 2649 3040 Patribus
2671 2992 2766 3037 aut
2792 2983 3109 3053 approbata,
3135 2992 3230 3037 aut
3267 2992 3415 3036 certe
3445 2996 3555 3034 non
3587 2981 3701 3033 im-

2123 3079 2390 3150 probata:
2448 3092 2558 3130 non
2600 3075 2779 3145 potuit
2830 3074 2997 3144 igitur
3027 3073 3094 3127 ad
3145 3088 3372 3126 examen
3445 3071 3700 3125 revocari

2122 3168 2241 3222 sine
2271 3164 2574 3220 oll‘ensione
2605 3163 2849 3226 Patrum,
2881 3163 2999 3216 sine
3016 3177 3123 3230 qua
3169 3171 3352 3214 tamen
3392 3159 3700 3214 examinari

2123 3260 2204 3316 fas
2236 3266 2354 3314 erat
2379 3257 2504 3322 alia,
2535 3271 2656 3327 quae
2698 3253 3045 3310 Chalcedone
3073 3269 3142 3308 ne
3166 3254 3448 3324 proposita
3467 3252 3696 3321 quidem

2123 3353 2362 3413 fuerant,
2390 3359 2600 3404 tantum
2621 3348 2779 3403 abest
2816 3357 2875 3401 ut
2910 3346 3178 3416 probata;
3238 3345 3348 3398 imo
3383 3359 3504 3413 qure
3535 3359 3698 3396 erro-

2123 3457 2240 3496 rem
2263 3441 2546 3494 continere
2579 3438 2816 3508 Cyrillus
2854 3437 3228 3506 impugnando
3263 3435 3548 3491 docuerat.

2191 3531 2495 3587 Causarum
2547 3528 2818 3600 ejusmodi
2861 3527 3143 3582 distinctio
3189 3541 3303 3581 non
3365 3527 3601 3597 primum
3638 3525 3696 3579 in

2125 3621 2301 3692 Vigilii
2344 3619 2580 3674 concilio
2607 3619 2877 3681 innotuit,
2915 3616 3012 3672 sed
3057 3619 3169 3688 jam
3220 3617 3435 3687 pridem
3478 3615 3546 3670 ab
3569 3630 3699 3669 eru-

2123 3714 2251 3768 ditis
2298 3719 2587 3783 perspecta
2631 3709 2810 3764 fuerat
2844 3728 2857 3763 :
2899 3724 3024 3763 nam
3058 3710 3225 3763 Roma
3251 3709 3502 3777 Pelagius
3525 3749 3538 3771 ,
3569 3714 3697 3759 ante

2122 3806 2426 3860 discessum
2487 3802 2794 3872 pontificis,
2850 3800 3192 3856 Ferrandum
3247 3799 3698 3870 Cartltaginensis

2125 3898 2379 3953 Ecclesiae
2425 3896 2738 3958 diaconum,
2789 3911 2851 3950 ea
2908 3902 3237 3964 tempestate
3286 3893 3580 3954 celebrem,
3627 3890 3698 3946 de

2123 3992 2236 4044 sola
2260 3989 2366 4043 Iba:
2387 3987 2619 4058 epistola
2641 3988 2972 4041 sententiam
3023 3993 3346 4056 rogaverat:
3385 3983 3699 4038 Ferrandcs

2123 4089 2271 4135 certe
2301 4079 2369 4133 de
2410 4079 2524 4132 sola
2581 4077 2885 4146 respondit,
2919 4085 2975 4130 et
3025 4076 3093 4131 de
3119 4076 3289 4131 solius
3315 4075 3521 4146 judicio
3559 4090 3694 4129 con-

2123 4181 2416 4242 querentes
2433 4168 2911 4223 Chalcedonenses
2940 4168 3130 4223 Patres
3155 4167 3494 4239 exaggeratis
3515 4166 3700 4220 verbis

2125 4264 2354 4318 inducit.
2401 4283 2416 4313 ι
2444 4262 2501 4316 ln
2556 4262 2874 4325 novissima,
2928 4261 3127 4330 inquit,
3167 4259 3573 4316 resurrectione
3616 4258 3700 4312 di-

2124 4363 2250 4410 cant
2277 4354 2378 4408 viri
2403 4353 2642 4424 religiosi
2665 4370 2678 4406 :
2705 4352 2818 4408 Cur
2843 4352 3128 4422 epistolam
3154 4351 3512 4422 reprobastis,
3539 4351 3699 4419 cujus

449 4445 728 4510 defensor,
781 4462 1061 4515 nunquam
1093 4448 1227 4502 satis
1269 4446 1577 4502 laudandus
1606 4489 1621 4513 ,
1668 4449 1714 4502 si
1753 4448 2011 4517 Vigilium
2049 4463 2093 4518 ι)
2123 4445 2447 4501 catholicam
2478 4459 2598 4500 esse
2627 4444 2927 4499 dictionem
2983 4445 3274 4506 sensimus,
3310 4441 3565 4505 diximus,
3610 4443 3699 4510 ju-

446 4534 644 4589 ducem
669 4537 827 4604 sequi
858 4537 1158 4602 maluisset,
1185 4553 1308 4592 cum
1343 4539 1493 4607 pacis
1522 4554 1686 4592 causa
1718 4539 2019 4607 prudenter

447 4624 655 4694 aliquid
676 4626 743 4681 de
766 4627 998 4695 pristino
1029 4629 1207 4698 rigore
1262 4628 1499 4693 remisit,
1536 4643 1700 4698 quam
1730 4643 1855 4683 cum
1904 4629 2019 4684 suis

445 4717 594 4770 Afris
626 4731 902 4771 summum
929 4717 1270 4788 pontificem,
1323 4718 1466 4774 ultra
1515 4720 1837 4775 reverentiae
1897 4737 2016 4776 mo-

447 4809 604 4872 dum,
635 4823 886 4879 arguere.

516 4899 636 4967 Quo
663 4908 907 4970 tempore
932 4901 1161 4973 Vigilius
1193 4903 1484 4958 concilium
1537 4906 1831 4970 contraxit,
1877 4909 2019 4980 jam-

447 4988 656 5043 dudum
708 4989 799 5044 ille
849 4989 1324 5061 Constantinopoli
1368 4993 1708 5060 morabatur,
1745 5011 1913 5066 agens
1959 4997 2017 5053 in

449 5081 615 5136 rebus
647 5081 910 5138 Ecclesiae
963 5083 1256 5149 Africanae,
1312 5101 1672 5157 magnamque
1713 5088 1917 5145 ibidem
1965 5103 2019 5146 et

448 5170 592 5239 apud
625 5187 754 5225 suos
782 5172 1076 5240 collegerat
1099 5173 1363 5230 doctrinae
1413 5177 1749 5248 opinionem,
1783 5195 1894 5249 qua
1913 5179 2020 5235 fre-

449 5269 538 5312 ius
560 5258 901 5312 confidenter
925 5275 982 5314 se
1025 5275 1150 5315 cum
1186 5261 1487 5333 Stephano,
1516 5263 1665 5320 sedis
1704 5267 2020 5336 apostolicae

448 5347 828 5416 apocrisiario,
868 5350 982 5420 jam
1044 5360 1160 5406 tum
1203 5351 1599 5409 abstinuerata
1630 5357 2019 5414 communione

447 5437 661 5495 Henna:
687 5439 930 5494 edictum
961 5442 1301 5513 recipientis.
1333 5443 1492 5516 233
1522 5444 1881 5504 Abstinentiae
1899 5463 2023 5503 cau-

2119 4537 2445 4602 dicavimus,
2474 4545 2531 4591 et
2569 4535 2837 4607 judicium
2869 4545 3120 4590 nostrum
3172 4531 3573 4589 subscribendo
3606 4530 3700 4583 fir-

2121 4628 2426 4683 mavimus?
2455 4627 2537 4680 An
2587 4627 2716 4696 quia
2771 4625 3100 4680 venerabilis
3151 4623 3275 4679 lhas
3319 4621 3700 4677 Alexandrina:

2121 4718 2378 4773 Ecclesiae
2398 4718 2712 4787 pontificem
2742 4725 2994 4771 sanctum
3024 4713 3394 4783 vituperavit?
3416 4712 3525 4766 Sed
3550 4711 3697 4766 idem

2121 4820 2310 4864 sancto
2331 4807 2534 4880 Cyrillo
2558 4817 2746 4879 postea
2779 4823 2837 4863 se
2880 4805 3309 4862 communicasse
3351 4804 3695 4875 signiﬁcavit.

2123 4900 2179 4954 Si
2213 4899 2528 4954 merebatur
2548 4915 2645 4969 pro
2668 4899 2812 4954 beati
2835 4897 3022 4970 Cyrilli
3034 4896 3437 4967 vituperatione
3460 4895 3696 4965 culpam,

2124 4993 2442 5047 merebatur
2471 5007 2569 5062 pro
2616 4999 2920 5046 restaurata
2964 4989 3354 5045 communione
3381 5004 3492 5042 non
3537 4988 3700 5041 mini-

2127 5100 2268 5138 mam
2298 5084 2546 5154 gratiam.
2584 5082 2651 5138 L't
2705 5083 2881 5136 sancti
2933 5081 3120 5154 Cyrilli
3163 5080 3421 5151 capitula,
3477 5087 3701 5150 propter

2127 5176 2539 5246 ambiguitatem
2612 5183 2668 5230 et
2736 5174 3030 5229 locutionis
3089 5173 3517 5235 obscuritatem,
3574 5185 3698 5224 cum

2125 5266 2494 5322 Orientalibus
2515 5266 2788 5336 episcopis
2819 5282 3013 5336 parum
3037 5265 3389 5336 intelligendo
3427 5263 3695 5333 culparet,

2128 5354 2381 5419 humanm
2412 5356 2512 5410 fuit
2535 5354 2902 5412 infirmitatis:
2935 5355 3098 5428 234
3129 5365 3188 5410 ut
3239 5355 3383 5410 dicta
3430 5370 3528 5408 sua
3558 5354 3697 5407 bene

2128 5447 2509 5518 interpretanti
2539 5445 2752 5503 facilius
2771 5446 3044 5514 crederet,
3076 5462 3140 5500 ac
3178 5444 3538 5501 libentissime
3567 5459 3700 5500 con—

1767 5607 1944 5663 SCllU
1957 5606 2084 5661 Lle
2125 5607 2356 5661 ΝΟΤιιΕ.

520 5741 568 5775 ³ο
599 5743 784 5798 Auast.
824 5743 876 5798 in
917 5743 1030 5798 Vita
1059 5745 1254 5816 Vigilii.

1332 5747 1377 5778 9°
1399 5744 1557 5802 Prtef.
1592 5745 1657 5801 ad
1699 5745 1794 5803 lib.
1822 5761 1897 5801 xu
1923 5756 1976 5801 et
2013 5744 2069 5802 in
2101 5745 2241 5804 libro
2273 5743 2470 5801 Contra
2499 5742 2822 5803 Hocimum.
2859 5739 2864 5746 ’
