3952 6294
219 311 326 377 185

1387 317 1749 378 HISTORIA
1785 320 2238 381 TIIEODOIIET
2249 323 2293 380 I.

3382 320 3477 384 I86

222 424 488 489 sentiret,
550 426 778 481 omnino
830 427 1188 483 sacerdotalis
1248 428 1426 483 fuerat
1486 431 1798 494 charitatis,
1831 437 1874 490 Α
1901 433 2030 501 quid
2067 451 2094 487 a
2127 434 2384 504 pontiﬁce
2413 435 2480 489 de
2509 433 2816 488 constantia
2845 434 3110 489 hactenus
3140 432 3195 487 in
3215 434 3483 502 capitibus

232 514 347 570 sine
378 515 495 570 ullo
537 516 830 587 dispendio
864 519 1129 574 veritatis.
1181 520 1293 575 Cur
1345 522 1632 590 epistolam
1664 537 1764 577 nos
1785 525 1803 542 ‘

224 605 636 671 damnaremus,
663 610 755 663 ubi
794 620 1050 680 tanquam
1080 615 1354 681 praeterita
1383 624 1512 668 sunt
1565 623 1800 684 utraque

222 705 464 759 narrata,
499 713 600 766 per
651 698 798 753 illius
829 701 1003 754 sancti
1045 700 1234 771 Cyrilli
1273 701 1461 755 ﬁdeles
1530 703 1804 773 interpre-

225 786 491 840 tationes?
532 788 673 858 Ipse,
714 791 828 859 ipse
857 801 1080 845 sanctus
1115 793 1348 863 Cyrillus
1383 809 1490 847 non
1530 795 1622 847 uni
1673 795 1796 859 lbte,

220 877 319 930 sed
356 879 615 946 pluribus
639 878 1012 936 Orientalibus
1051 884 1343 954 episcopis,
1392 885 1608 938 auferre
1645 899 1802 939 scan-

218 967 404 1022 dalum
436 971 593 1024 malae
629 972 999 1041 intelligentiae
1053 976 1397 1044 properavit,
1441 975 1579 1029 bene
1621 977 1796 1030 inter-

216 1062 493 1129 pretando
538 1065 776 1133 capitula
814 1082 944 1151 sua':
987 1075 1041 1121 et
1086 1083 1186 1121 nos
1238 1084 1338 1137 pro
1384 1069 1603 1139 injuriis
1657 1070 1798 1139 ejus,

219 1151 465 1205 historiae
501 1153 683 1217 modo,
711 1171 833 1224 quae
880 1158 1257 1227 contigerant,
1291 1167 1656 1228 exponentem
1713 1176 1802 1214 re-

216 1241 588 1310 probaremus
613 1245 920 1314 epistolam.
957 1248 1012 1301 Si
1053 1249 1331 1303 contraria
1359 1265 1503 1304 verae
1554 1250 1682 1305 ﬁdei
1713 1266 1800 1304 re-

214 1335 360 1398 gulis
390 1336 443 1389 in
472 1337 565 1391 illa
588 1339 816 1407 epistola
841 1341 1172 1395 venerabilis
1196 1343 1319 1396 lbas
1341 1342 1632 1411 episcopus
1652 1343 1802 1397 locu-

217 1435 311 1479 tus
336 1427 506 1482 fuisse
541 1429 810 1493 ﬁrmatur,
834 1441 1062 1501 propter
1093 1433 1376 1503 aliquanta
1399 1435 1485 1488 vel
1522 1435 1798 1504 ambigua,

216 1515 304 1567 vel
344 1516 604 1582 obscura,
633 1535 755 1588 quae
782 1519 990 1574 faciunt
1016 1521 1122 1576 hoc
1143 1522 1358 1588 videri;
1396 1534 1586 1579 nostra
1635 1524 1794 1580 debet

211 1619 335 1658 esse
375 1611 646 1662 sententia
676 1610 870 1665 melior
902 1629 915 1665 :
952 1613 1082 1682 quia
1113 1629 1214 1667 nos
1275 1630 1343 1667 ex
1382 1630 1477 1668 ore
1524 1616 1662 1685 ejus,
1701 1618 1796 1684 qui

213 1695 446 1750 dictavit
476 1698 787 1766 epistolam,
851 1717 1074 1757 sensum
1130 1704 1406 1759 valuimus
1462 1707 1793 1775 investigare

214 1785 536 1842 verborum.
599 1790 884 1847 Postremo
923 1809 1095 1863 quare
1146 1804 1465 1865 putaremus
1506 1797 1793 1866 epistolam
1835 1773 1879 1833 Β

212 1882 401 1934 favere
424 1881 698 1947 Nestor-io,
744 1885 901 1955 cujus
941 1895 1156 1951 auctor,
1195 1888 1355 1942 nobis
1408 1889 1792 1958 praesentibus,

207 1971 556 2040 iubentibus,
593 1975 966 2041 audientibus,
997 1995 1130 2033 voce
1172 1980 1293 2033 viva
1325 1979 1546 2033 minime
1573 1979 1795 2032 dubita-

211 2062 294 2118 vit
323 2065 789 2122 anatltematizare
835 2069 1171 2130 Nestorium,
1232 2070 1540 2139 suscipiens
1587 2078 1794 2122 tomum

214 2169 370 2224 papa:
391 2155 615 2223 Leonis,
652 2169 708 2212 et
729 2159 1131 2214 confessionem
1164 2177 1308 2215 verze
1345 2162 1472 2214 ﬁdei
1505 2161 1793 2214 nobiscum

212 2245 614 2302 subscribendo
634 2250 1005 2306 conﬁrmans?
1050 2271 1066 2302 ι
1103 2252 1226 2305 llaec
1253 2251 1580 2306 Ferrandus.

285 2336 421 2393 XIV.
462 2340 600 2394 Cum
629 2358 718 2397 res
751 2352 1011 2412 ageretur
1033 2345 1086 2397 in
1115 2344 1328 2414 synodo
1347 2344 1531 2414 Vigilii
1563 2353 1794 2399 conten-

213 2428 414 2484 tiosius
435 2446 600 2499 quam
635 2433 848 2499 utilius,
876 2450 979 2489 nec
1002 2435 1289 2505 all‘ulgcret
1309 2450 1435 2504 spes
1462 2435 1791 2500 concordiae,

213 2523 421 2590 placuit
471 2525 740 2593 pontiﬁci,
799 2536 860 2581 ut
911 2529 1146 2598 quisque
1198 2529 1529 2582 sententiam
1589 2528 1795 2597 scripto

214 2613 460 2668 traderet
484 2615 625 2670 intra
655 2627 863 2688 septem
888 2619 1028 2683 dies,
1057 2635 1292 2689 quorum
1321 2619 1432 2672 duo
1463 2627 1645 2672 tamen
1669 2617 1794 2672 festi

209 2715 390 2760 erant.
419 2707 480 2762 Id
509 2717 696 2763 monet
753 2711 1064 2776 Facundus,
1115 2727 1290 2782 eoque
1335 2721 1550 2781 tempus
1596 2710 1795 2764 habitae

211 2799 406 2868 synodi
439 2815 552 2854 non
579 2801 816 2855 obscure
870 2803 1070 2857 innuit.
1122 2803 1255 2857 Nam
1297 2819 1422 2857 cum
1463 2803 1796 2856 sententiam

211 2905 368 2942 suam
417 2889 535 2958 ipse
578 2891 821 2960 pontifex
874 2893 1136 2963 scriptam
1187 2893 1402 2947 dederit
1459 2892 1792 2955 Justiniano,

213 2989 337 3048 post
368 2981 506 3035 alias
545 2982 780 3036 aliorum
833 2985 996 3052 paulo
1041 2993 1167 3038 ante
1215 2983 1480 3048 traditas,
1528 2999 1795 3052 suamque

213 3066 459 3123 Sabbato
507 3081 697 3125 sancto
741 3071 1078 3135 exhibuerit,
1128 3071 1181 3124 id
1223 3080 1308 3125 est
1357 3071 1444 3124 die
1507 3070 1795 3123 undecima

213 3159 454 3226 Aprilis;
499 3175 626 3214 nam
670 3161 877 3214 Pascha
905 3161 1000 3215 illo
1039 3134 1188 3214 anno
1245 3161 1298 3213 in
1355 3161 1500 3214 diem
1537 3160 1800 3214 duodeci-
1827 3134 1866 3190 ί)

213 3266 365 3303 mum
415 3251 624 3321 Aprilis
667 3252 963 3307 vincidebat
1002 3268 1275 3327 {necesse
1336 3261 1420 3305 est
1480 3253 1798 3306 inchoatam

213 3344 384 3399 fuisse
405 3344 678 3415 synodum
707 3345 796 3399 die
821 3345 1035 3400 decima
1076 3354 1226 3400 sexta
1256 3344 1456 3407 Martii,
1497 3360 1620 3413 qtne
1661 3343 1797 3397 feria

213 3436 481 3500 secunda,
509 3437 948 3508 productamque
976 3438 1158 3492 tribus
1203 3444 1299 3490 aut
1347 3448 1588 3506 quatuor
1630 3436 1800 3488 actio-

213 3527 382 3584 nibus
419 3529 490 3583 ad
533 3530 782 3599 quintam
820 3545 994 3600 usque
1046 3537 1142 3582 aut
1207 3538 1413 3582 sextam
1461 3529 1673 3580 feriam.
1711 3525 1800 3579 Sic

213 3625 362 3680 enim
381 3625 441 3679 in
465 3623 780 3694 septiduum
798 3624 908 3678 duo
932 3623 1054 3678 festi
1081 3623 1199 3677 dies
1233 3621 1498 3681 incident,
1553 3618 1800 3672 Domini-

215 3730 316 3770 cus
347 3723 402 3770 et
433 3715 867 3786 Εὐαγγελισμδς,
892 3723 1056 3785 atque
1084 3716 1225 3770 intra
1249 3714 1504 3769 idoneum
1541 3712 1801 3782 temporis

217 3807 465 3876 spatium
505 3807 931 3873 concludentur,
975 3824 1096 3877 qua:
1139 3817 1290 3877 gesta
1335 3821 1457 3860 esse
1511 3804 1802 3858 l~"acundus

215 3906 402 3952 narrat
430 3899 496 3950 ⁹¹.
833 3963 840 3975 ι

288 3989 447 4055 Quod
477 3998 662 4045 autem
687 3991 892 4060 scripto
927 3991 1171 4061 pontifex
1200 3991 1517 4060 imperatori
1551 3989 1796 4048 tradidit,

216 4082 488 4137 famosum
521 4083 658 4137 illud
681 4092 763 4137 est
784 4082 1107 4138 Iudicat-um.
1131 4082 1274 4150 quod
1309 4099 1430 4134 cum
1460 4081 1803 4133 .lustinianus

214 4181 418 4242 praeter
445 4183 715 4228 conventa
741 4173 1037 4244 vulgasset,
1061 4174 1374 4226 Occidentis
1397 4173 1635 4224 licuit-sia
1663 4187 1801 4239 pene

217 4271 332 4318 tota
364 4267 419 4319 in
442 4264 729 4336 Vigilium,
774 4267 927 4321 velut
977 4267 1030 4320 in
1085 4265 1280 4336 synodi
1339 4261 1803 4317 Chalcedonensis

219 4356 543 4410 violatorem
566 4355 806 4426 ﬁdeique
837 4356 1199 4418 desertorem,
1235 4363 1506 4409 commota
1539 4363 1642 4405 est.
1674 4353 1795 4406 Non

1910 526 2158 579 tuendis:
2192 526 2453 595 Accphali
2477 525 2778 595 agebantur
2823 525 2878 578 in
2924 524 3116 587 furias,
3155 539 3281 578 cum
3321 540 3482 579 suum

1905 623 2199 668 cernerent
2217 615 2283 669 de
2312 614 2505 686 synodi
2530 613 2753 668 statutis
2795 613 3192 668 labefactandis
3219 623 3478 667 conatum

1904 706 2035 760 hinc
2086 706 2258 771 eludi,
2307 707 2454 761 unde
2480 706 2784 778 juvandum
2827 707 3189 776 jactaverant.

1973 799 2169 852 Parnm
2193 809 2310 853 erat
2330 799 2552 868 quidem
2579 798 2872 852 Justiniani
2902 797 3330 867 indignationem
3362 813 3483 852 mo-

1902 888 2066 953 visse,
2098 898 2218 942 erat
2254 889 2308 942 in
2353 890 2510 943 lucro
2542 888 2800 942 et‘ferasse
2836 887 3141 955 Acephalos
3177 905 3189 940 :
3223 896 3277 940 at
3321 889 3484 941 mise-

1902 995 2023 1032 rum
2065 979 2169 1032 fuit
2215 995 2486 1033 summum
2511 980 2824 1049 pontiﬁcem
2849 995 2877 1030 a
2899 977 3194 1033 Catholicis
3222 977 3480 1032 invidiam

1901 1071 2012 1140 pati
2056 1071 2272 1126 violatae
2316 1073 2528 1142 synodi,
2565 1072 2723 1140 cujus
2767 1070 3066 1140 integritati
3101 1079 3290 1124 contra
3323 1069 3480 1123 inva-

1900 1164 2145 1218 dentium
2196 1165 2492 1234 impetum,
2546 1181 2652 1233 qua
2704 1179 2808 1217 una
2860 1163 3072 1217 ratione
3124 1162 3236 1225 fas,
3283 1179 3482 1215 consu-

1853 1283 1868 1294 -
1899 1254 2065 1308 lebat.

2461 1345 2684 1401 CAPUT
2724 1345 2910 1400 XVIII.

1901 1460 1939 1514 I.
1989 1459 2147 1514 ςωυίι
2189 1461 2480 1526 imperator
2539 1461 2592 1512 in
2646 1459 2912 1528 Vigilium.
2965 1459 3030 1514 II.
3079 1457 3140 1512 In
3188 1475 3339 1526 quem
3377 1459 3480 1528 duo

1970 1529 2221 1585 Ecclesia:
2259 1530 2512 1584 Romana:
2549 1527 2722 1583 clerici
2762 1529 3038 1591 rebellant,
3080 1540 3292 1598 propter
3326 1527 3482 1582 Judi-

1970 1609 2172 1654 catum.
2214 1601 2304 1654 III.
2354 1599 2568 1667 l’igilius
2612 1607 2913 1654 constanter
2953 1601 3119 1652 multa
3165 1600 3384 1668 patitur,
3431 1607 3479 1650 et

1971 1687 2192 1741 censura
2237 1669 2472 1741 percellit
2520 1670 2828 1741 imperatori
2874 1670 3121 1741 [φρειῃιινδ.
3153 1667 3480 1741 Αἰνηὸυηριζί

1977 1741 2030 1792 in
2060 1735 2297 1811 Illyrico,
2337 1740 2517 1811 Africa
2563 1735 2612 1811 et
2647 1739 2854 1793 Galliis.
2889 1735 2950 1792 V'.
2984 1735 3476 1811 Synodnsjllyrici.

1981 1812 2066 1864 VI.
2098 1808 2306 1877 Africae.
2341 1811 2450 1864 VII.
2479 1809 2640 1878 Cujus
2666 1811 2917 1878 primates
2944 1818 3196 1862 vocantur
3221 1808 3482 1863 Constan-

1974 1881 2270 1950 tinOpolim.
2321 1881 2454 1934 VIII.
2507 1878 2747 1947 Synodns
2797 1879 3182 1948 Mopsucstena,
3219 1879 3276 1931 in
3315 1894 3479 1931 causa

1974 1950 2226 2004 Theodori
2255 1966 2317 2003 ea:
2345 1951 2598 2020 diptyc/iis
2630 1951 2895 2020 expuncti.

2314 2054 2387 2104 Ab
2413 2068 2542 2103 anno
2566 2055 2742 2103 Christi
2766 2053 2858 2102 588
2887 2052 2946 2102 ad
2964 2053 3072 2101 353.

1975 2161 2012 2214 Ι.
2040 2162 2176 2215 Cum
2214 2160 2390 2230 tribus
2414 2162 2526 2214 fere
2561 2168 2682 2229 post
2709 2159 2991 2214 mensibus
3015 2158 3270 2228 periisset
3297 2158 3479 2213 Theo-

1901 2253 2033 2308 dora
2068 2254 2157 2307 lue
2193 2253 2400 2315 cancri,
2433 2253 2599 2321 coepit
2638 2253 2790 2306 orbis
2830 2252 3140 2314 universus,
3170 2251 3324 2321 quasi
3361 2268 3479 2306 ma-

1899 2346 2047 2416 ligno
2080 2345 2365 2399 morientis
2396 2344 2592 2414 spiritu
2627 2343 2860 2408 alllatus,
2896 2345 2950 2398 in
2984 2345 3264 2413 Vigilium,
3296 2351 3480 2412 spreta

1900 2437 2047 2490 sedis
2075 2436 2389 2505 apostolica:
2419 2435 2750 2497 reverentia,
2783 2433 3045 2488 insanire.
3075 2433 3209 2487 Nam
3241 2432 3480 2501 impera-

1901 2536 1987 2582 tor
2021 2528 2141 2582 dira
2180 2544 2412 2597 quaeque
2433 2515 2716 2591 ‘minatur;
2765 2525 2895 2591 nisi,
2920 2525 3176 2580 cautione
3216 2523 3478 2588 detracta,

1898 2621 2205 2677 Judicatum
2236 2621 2305 2675 ad
2333 2620 2565 2675 formam
2597 2618 2763 2674 edicti
2797 2619 3025 2674 reﬁciat.

1970 2715 2036 2768 ll.
2073 2715 2298 2785 lpsimet
2329 2714 2561 2769 comites
2597 2712 2781 2782 Vigilii
2821 2719 2984 2781 atque
3026 2709 3334 2772 domestici,
3362 2708 3481 2763 ani-

1901 2805 2007 2859 mis
2061 2820 2160 2874 pro
2210 2811 2454 2874 tempore
2507 2802 2890 2867 commutatis,
2945 2799 3281 2864 Judicatum,
3336 2799 3481 2868 quod

1902 2896 2067 2964 paulo
2098 2904 2224 2950 ante
2248 2895 2606 2949 laudaveram
2633 2902 2694 2948 ut
2719 2893 2963 2963 prudens
2989 2891 3115 2946 mali
3155 2890 3480 2952 remedium,

1904 3003 2029 3041 mox
2057 2987 2351 3040 traducunt
2380 2993 2636 3054 tanquam
2659 2992 2905 3054 apertam
2937 2982 3061 3037 ﬁdei
3093 2981 3480 3052 proditionem.

1903 3077 2101 3131 Clerici
2129 3077 2239 3130 duo
2261 3075 2520 3131 Ecclesia:
2549 3077 2827 3141 Romanre,
2856 3073 3114 3129 Rusticus
3133 3081 3190 3127 et
3212 3071 3484 3126 Sebastia-

1901 3183 2025 3230 nus,
2054 3182 2291 3234 quorum
2321 3181 2464 3219 unus
2499 3165 2776 3235 pontiﬁcis
2809 3180 2876 3219 ex
2913 3163 3082 3218 fratre
3111 3174 3302 3230 nepos,
3334 3160 3484 3214 ludi-

1902 3260 2006 3311 (ιιτὶ
2043 3257 2288 3326 exempla
2323 3257 2614 3326 perﬁdiose
2652 3256 2898 3325 vulgant,
2928 3253 3262 3321 mittuntque
3297 3251 3349 3305 in
3382 3250 3485 3305 Oc-

1901 3350 2174 3404 cidcttteln
2237 3349 2304 3402 ad
2369 3347 2744 3403 sollicitandos
2796 3345 3030 3400 animos.
3089 3342 3220 3398 Inde
3278 3340 3481 3405 Africa,

1902 3440 2085 3503 Italia,
2134 3439 2348 3504 Galliae,
2396 3439 2704 3509 Illyricum,
2753 3433 3052 3498 Dalmatia,
3096 3431 3324 3501 aliaeque
3361 3447 3486 3501 pro-

1903 3532 2092 3586 vincia:
2124 3538 2543 3586 commoventur
2574 3531 2630 3584 in
2663 3527 2940 3599 Vigilium,
2977 3540 3216 3595 eumque
3256 3523 3484 3594 proditae

1905 3624 2028 3677 ΙὶιΙιιί
2070 3633 2162 3677 aut
2200 3631 2480 3686 accusant,
2513 3629 2608 3676 aut
2646 3634 2801 3674 reum
2836 3625 3125 3690 peragunt.

1975 3719 2061 3772 Ill.
2099 3717 2228 3784 Quae
2257 3725 2378 3787 post
2409 3723 2616 3770 tantam
2656 3713 3078 3768 commotionem
3122 3721 3310 3766 secuta
3351 3707 3480 3772 sint,

1903 3827 2133 3880 quaeque
2158 3810 2401 3880 pontifex
2425 3817 2520 3862 aut
2542 3806 2719 3878 egerit
2742 3805 2893 3876 pacis
2916 3803 3120 3867 studio,
3143 3810 3237 3856 aut
3263 3817 3292 3855 a
3316 3799 3484 3856 Justi-

1904 3906 2068 3958 niano
2120 3911 2409 3970 tyrannum
2458 3900 2650 3954 induto
2681 3912 2876 3968 passus
2920 3896 2991 3950 sit
3017 3895 3096 3960 ";
3128 3909 3235 3963 qua
3272 3891 3484 3946 ratione

1901 3998 2006 4063 jam
2044 3995 2318 4065 paenitens
2356 3992 2424 4046 de
2466 3991 2618 4045 irrita
2651 3987 3080 4058 dispensatione,
3116 3985 3360 4037 Judicato
3400 3996 3486 4035 re-

1906 4097 2084 4154 cepto,
2123 4085 2346 4138 redierit
2380 4082 2446 4135 ad
2490 4079 2778 4150 pristinam
2819 4077 2985 4130 trium
3023 4073 3261 4142 capitum
3293 4075 3308 4090 '
3339 4072 3482 4125 inte-

1905 4192 2052 4243 gram
2078 4173 2482 4234 defensionem;
2509 4165 2785 4236 quomodo
2812 4163 3141 4232 templorum
3169 4160 3319 4230 asylo
3343 4159 3483 4214 tueri

1907 4281 1984 4324 se,
2019 4264 2251 4332 fugaque
2284 4268 2341 4313 et
2376 4258 2630 4313 altarium
2663 4253 2952 4323 complexu
2992 4258 3213 4304 coactus
3241 4249 3342 4314 sit;
3377 4266 3484 4319 qua

1907 4358 2140 4412 militum
2185 4353 2388 4408 ferocia
2416 4367 2446 4406 a
2480 4365 2633 4405 sacra
2662 4361 2849 4401 mensa
2891 4342 3058 4398 fuerit
3089 4342 3337 4406 avulsus;
3377 4357 3484 4410 qua

207 4448 324 4514 ,fuit
359 4458 542 4502 tamen
569 4463 668 4504 cur
689 4456 1151 4510 commoveretur,
1188 4446 1376 4500 audito
1413 4445 1647 4497 Jmlicati
1695 4459 1796 4497 ιιο-
1831 4468 1873 4520 θ
1910 4447 2164 4501 ﬁrmitate
2199 4442 2368 4498 animi
2399 4450 2454 4497 et
2476 4439 2830 4496 Theodorum
2853 4434 3245 4493 Caesariensem
3275 4441 3329 4486 et
3357 4447 3486 4487 suos

221 4542 409 4596 mine:
466 4541 574 4596 hoc
624 4542 774 4596 enim
818 4541 1052 4612 Vigilius
1099 4555 1301 4594 nomen
1351 4540 1557 4607 scripto
1602 4547 1801 4607 praster

219 4649 431 4688 morem
471 4633 679 4689 fecerat
704 4674 719 4699 ,
775 4650 886 4703 quo
925 4641 1137 4687 vetaret
1174 4647 1505 4702 quemquam
1552 4630 1798 4692 credere,

223 4724 543 4797 synodicam
565 4740 687 4780 esse
736 4724 1138 4788 deﬁnitionem,
1163 4722 1258 4778 sed
1289 4724 1561 4792 privatum
1605 4721 1802 4774 dunta-

222 4825 315 4870 xat
346 4815 756 4886 prmjudicium.

289 4907 692 4964 Continebatur
711 4906 957 4962 Judicato
997 4907 1162 4960 trium
1194 4905 1434 4974 capitmn
1485 4904 1794 4957 datnnatio:

227 4998 320 5056 sed
347 4999 452 5053 hac
479 4998 758 5061 cautione,
797 5007 860 5053 ut
892 4999 960 5052 de
987 4997 1245 5068 personis
1291 4997 1570 5059 sileretur,
1623 5005 1676 5048 et
1713 4994 1800 5048 in-

228 5101 378 5163 tegra
442 5100 630 5146 essent
672 5090 866 5162 synodi
930 5100 1154 5146 statuta.

290 5182 489 5238 Cautio
535 5181 906 5237 Iustinianum
952 5180 1220 5244 oll‘endit,
1253 5180 1533 5234 damnatio
1608 5179 1801 5242 bonos,

228 5285 460 5346 utraque
493 5275 796 5346 Augustam
820 5290 882 5329 ac
914 5273 1238 5344 Acephalos.
1287 5272 1683 5343 Indignabatur
1711 5271 1804 5326 Ju-

227 5366 495 5423 stinianus
535 5367 798 5430 edictum,
837 5380 948 5436 quo
983 5363 1347 5419 invehebatur
1377 5363 1430 5417 in
1469 5361 1628 5432 235
1679 5377 1803 5430 pcr-

229 5477 408 5526 sonas,
474 5458 808 5529 reprehendi
842 5475 854 5511 :
898 5457 1156 5512 dolebant
1210 5456 1358 5518 boni,
1393 5454 1679 5508 remissum
1709 5453 1806 5507 ali-

1902 4541 2165 4594 diaconos
2209 4535 2380 4591 sacris
2431 4530 2808 4594 interdixerit,
2857 4527 3219 4596 Mennamque
3259 4532 3314 4579 et
3350 4523 3488 4576 alios

1900 4628 2190 4698 episcopos
2231 4625 2520 4695 ipsumque
2562 4620 2913 4676 Theodorum
2955 4617 3022 4672 ad
3060 4617 3274 4671 veniam
3315 4615 3488 4682 culpa:

1901 4720 2233 4775 exorandam
2281 4715 2554 4787 adegerit;
2602 4712 2735 4782 quid
2777 4727 2905 4767 cum
2954 4707 3294 4780 lllyricianis,
3329 4705 3491 4782 236

1903 4812 2082 4877 Afris,
2129 4810 2333 4874 Gallis,
2376 4805 2737 4862 offensionem
2777 4803 2953 4874 passis
2992 4800 3252 4871 gesserit;
3288 4797 3489 4866 quibus

1905 4903 2198 4960 .lustiniani
2235 4899 2492 4971 perjuriis
2530 4897 2723 4951 illusus
2759 4895 2850 4960 sit,
2888 4907 3106 4963 quaque
3152 4889 3319 4946 animi
3359 4903 3489 4941 con-

1907 4996 2128 5058 stantia,
2158 5003 2350 5063 etquo
2376 4992 2500 5046 vitae
2528 4994 2843 5057 contemptu
2886 4984 3048 5040 morti
3089 4997 3189 5052 pro
3227 4979 3488 5048 religione

1911 5104 1968 5142 se
2009 5084 2305 5149 obtulerit;
2351 5095 2512 5152 quam
2548 5080 2801 5132 luctuosa
2837 5075 3077 5144 denique
3109 5070 3276 5126 fuerit
3315 5082 3488 5123 anno-

1911 5194 2031 5231 rum
2061 5186 2298 5247 quatuor
2325 5171 2555 5227 bistoria
2585 5188 2598 5223 :
2625 5177 2810 5223 narrat
2844 5168 2959 5237 ipse
2991 5163 3235 5236 pontifex
3259 5161 3313 5215 in
3344 5159 3484 5214 litte-

1911 5270 2005 5332 ris,
2038 5267 2241 5336 quibus
2277 5263 2470 5335 partim
2510 5260 2858 5315 Theodorum
2884 5258 3251 5325 diaconosque
3273 5265 3480 5308 excom~

1912 5358 2186 5420 municat,
2251 5356 2469 5426 partim,
2511 5350 2877 5407 communiter
2919 5345 3241 5408 Ecclesiam,
3284 5341 3488 5398 amicos

1913 5452 2190 5522 privatim,
2228 5449 2295 5505 de
2329 5447 2442 5503 suis
2481 5445 2644 5500 rebus
2675 5443 2855 5498 docet.
2893 5443 3128 5504 Narrant
3166 5437 3330 5493 etiam
3374 5435 3486 5487 clo-

1603 5589 1924 5643 StIIIIT-LZSI
1967 5586 2192 5642 ΝΟΤᾹῦ.

300 5694 339 5723 θ’
369 5694 423 5746 ln
461 5693 557 5746 lib.
595 5691 674 5745 ΑΛ
701 5691 928 5747 .lfociun.
1010 5693 1053 5726 ’ί
1090 5689 1283 5748 Paucis
1322 5704 1385 5745 ea
1450 5686 1765 5758 complexus
1801 5694 1884 5741 cst
1924 5683 2240 5746 Garncrius,
2290 5697 2408 5751 qua-
2462 5674 2780 5732 memoriam
2840 5670 3016 5742 \‘igilii
3043 5667 3181 5725 male
3211 5665 3274 5720 ad
3303 5673 3484 5734 poste-

230 5776 318 5820 ros
345 5762 822 5823 connucndarunt.
