3952 6294
522 334 624 403 187

1646 353 2022 434 GARNERII
2063 358 2557 420 DlSSERTATIO
2596 360 2646 418 Ι.

3691 381 3793 442 188

520 448 619 503 rici
672 448 877 513 Italiae,
928 451 1129 507 libellis
1181 453 1256 507 ad
1304 454 1513 524 legatos
1567 456 1906 516 Childeberti
1959 466 2104 536 regis
2133 474 2174 528 Α
2205 465 2350 520 enim
2385 476 2737 542 pars‘magna
2763 466 3093 523 miserabilis
3128 478 3453 534 conventus,
3485 472 3581 541 qui
3614 474 3788 529 donzi-

518 539 854 596 Francorum
884 543 1046 599 datis.
1928 586 1933 591 ο

593 630 681 685 IV.
714 633 872 687 Hisce
900 633 1101 690 litteris
1121 635 1432 708 libellisque
1468 648 1705 706 constat,
1734 643 1805 698 ab
1826 645 2105 718 episcopis

518 721 739 795 Illyrici,
768 724 1069 780 Galliarum
1114 736 1174 782 et
1204 728 1401 786 Africae
1432 732 1671 803 synodos
1703 736 2009 794 celebratas
2044 739 2103 794 in

517 831 681 870 causa
725 817 891 871 trium
942 820 1221 889 capitum;
1273 823 1366 877 sed
1419 824 1474 879 in
1517 824 1584 881 iis
1630 828 1878 885 modeste
1923 830 2102 901 egisse

514 904 719 971 Gallos,
758 908 1080 967 iracundius
1122 912 1355 985 Illyrios,
1379 915 1541 972 Afros
1568 933 1669 987 pro
1707 921 1868 989 genio
1899 924 2097 993 gentis.

513 995 871 1054 Stomachum
915 1000 1114 1073 Illyriis
1156 1006 1349 1069 movit,
1386 1008 1535 1078 quod
1576 1024 1703 1064 suas
1736 1027 1927 1080 preces
1958 1013 2103 1084 Vigi-

513 1086 628 1171 lius
660 1088 911 1162 factaque
936 1096 1288 1164 precantibus
1334 1100 1602 1167 promissa
1643 1103 1916 1171 sprevisse
1948 1105 2101 1160 vide—

511 1168 670 1234 retur
701 1198 715 1235 :
743 1181 904 1238 Afros
926 1194 1122 1242 natura
1149 1187 1395 1245 fervidos
1415 1168 1685 1247 accendit
1696 1193 1939 1249 Facundi
1966 1197 2101 1252 alio-

513 1287 746 1343 rumque
795 1276 1007 1344 relatio,
1061 1296 1171 1335 non
1220 1282 1450 1353 simplex
1499 1293 1555 1339 et
1596 1286 1832 1351 sincera,
1875 1288 1994 1354 sed,
2039 1298 2101 1344 ut

511 1362 653 1417 solet
686 1364 757 1419 ab
785 1366 959 1433 iratis,
990 1369 1318 1428 invidiosius
1354 1373 1560 1443 scripta
1596 1392 1609 1427 :
1642 1373 1917 1429 Gallorum
1957 1385 2099 1432 tem-

512 1457 761 1536 perantia
790 1473 856 1512 ex
881 1475 949 1514 en
974 1461 1175 1526 elucet,
1204 1463 1350 1533 quod
1385 1464 1455 1519 de
1484 1465 1619 1535 ipsis
1644 1467 1883 1536 capitum
1910 1468 2099 1523 defen-

512 1556 666 1599 sores
697 1535 834 1601 nihil
877 1551 1156 1606 memoriae
1198 1553 1567 1622 prodiderint,
1601 1535 1869 1625 prodituri
1905 1561 2096 1628 procul

514 1634 703 1701 dubio,
728 1637 773 1692 si
808 1640 937 1708 quid
978 1643 1233 1700 acerbius
1263 1654 1476 1716 gestum
1506 1657 1670 1702 esset.

583 1727 660 1782 De
708 1728 1006 1787 Galliarum
1056 1736 1266 1806 synodo
1304 1739 1468 1793 silent
1511 1741 1777 1809 temporis
1817 1750 2091 1807 auctores,

2204 558 2324 611 nari
2358 558 2532 612 voluit
2559 559 2613 612 in
2648 567 2812 629 caput
2842 560 3112 616 universa:
3140 561 3418 618 Ecclesiae.
3457 583 3476 616 ε
3513 566 3641 621 Post
3659 584 3783 623 con-

2204 647 2443 702 sulatum
2488 647 2694 712 Basilii,
2725 648 2925 718 inquit,
2953 649 3059 704 viri
3081 651 3372 706 clarissimi
3397 668 3526 708 ann.
3554 671 3610 717 ι,
3639 656 3791 711 Afri-

2204 738 2327 793 cani
2361 740 2637 795 antistites
2665 741 2924 812 Vigilium
2954 742 3263 798 Romanum
3294 744 3613 816 episcopum
3638 749 3793 804 dam-

2203 835 2452 885 natorem
2496 833 2663 888 trium
2699 833 3067 903 capitulorum
3096 836 3432 908 synodaliter
3459 852 3488 892 a
3514 838 3790 896 catholica

2202 924 2613 989 communione,
2654 934 2936 982 reservato
2973 927 3026 982 ei
3064 929 3406 997 poenitentia:
3431 929 3573 995 loco,
3608 932 3793 988 reclu~

2202 1012 2374 1079 dunt;
2408 1022 2464 1068 et
2494 1030 2597 1084 pro
2629 1016 2950 1074 defensione
2990 1008 3613 1077 memoratorumﬂtrium
3639 1024 3792 1094 capi-

2200 1104 2442 1159 tulorum
2490 1106 2707 1162 litteras
2751 1109 2884 1163 satis
2933 1108 3160 1166 idoneas
3197 1110 3507 1168 Justiniano
3544 1113 3791 1185 principi

2200 1208 2299 1262 per
2322 1194 2633 1266 Olympium
2661 1197 3074 1268 Magistrianum
3102 1200 3350 1257 mittunt.
3383 1220 3402 1254 ι

2274 1280 2566 1350 Postquam
2608 1298 2676 1339 eo
2710 1300 2886 1355 usque
2918 1286 3154 1343 vesania;
3193 1288 3433 1346 Africam
3475 1290 3610 1347 falsa
3657 1290 3789 1348 reli-

2198 1371 2378 1442 gionis
2412 1375 2606 1430 umbra
2659 1377 2971 1447 mentisque
3002 1380 3218 1436 caecitas
3249 1381 3485 1452 impulit,
3515 1382 3788 1440 Constan-

2199 1462 2426 1533 tinopoli
2461 1466 2772 1532 Facundus,
2798 1469 2979 1539 specie
3001 1472 3370 1541 respondendi
3393 1474 3639 1530 Mos-iano
3663 1478 3787 1533 cui-

2199 1550 2323 1608 dam
2350 1564 2683 1610 conventnm
2715 1558 2980 1628 culpanti,
3011 1559 3187 1630 reipsa
3213 1561 3266 1615 in
3295 1562 3552 1633 Vigilium
3581 1565 3782 1621 acerbe

2199 1639 2359 1694 simul
2399 1651 2456 1697 et
2501 1644 2842 1702 calumniose
2890 1648 3144 1705 invectus
3187 1659 3306 1717 est,
3357 1653 3565 1724 scripto
3605 1653 3778 1722 libro,

2198 1745 2308 1799 quo
2352 1734 2537 1790 nullus
2577 1747 2673 1793 aut
2718 1738 3045 1795 virulentior
3081 1757 3203 1796 esse
3235 1752 3418 1813 queat,
3457 1754 3552 1799 aut
3596 1747 3783 1818 impu-

506 1830 613 1871 nec
661 1820 799 1873 certi
849 1801 1149 1893 quidquam
1198 1828 1341 1883 scire
1386 1829 1547 1896 licet,
1590 1831 1708 1888 sive
1753 1852 1822 1890 ex
1868 1836 2088 1905 litteris,
2126 1801 2166 1858 Β
2196 1819 2434 1877 denuo“

508 1918 644 1973 quas
684 1906 1012 1965 Aurelianus
1045 1914 1400 1979 Arelatensis,
1434 1920 1530 1988 qui
1569 1923 1837 1991 synodum
1875 1926 2087 1994 habuit,

506 2010 606 2065 per
643 1998 990 2055 Anastasium
1038 2004 1190 2059 dedit
1229 2007 1295 2062 ad
1346 2011 1685 2080 pontiﬁcem,
1743 2017 1857 2072 sive
1901 2035 1967 2074 ex
2007 2037 2093 2076 re-

504 2087 712 2160 scripto
741 2093 1015 2161 pontiﬁcis
1044 2114 1057 2151 :
1094 2114 1218 2154 nam
1248 2101 1533 2169 perierunt
1560 2105 1841 2164 Aureliani
1871 2112 2088 2179 litterae,

505 2184 564 2231 et
606 2194 928 2248 responsum
977 2185 1284 2254 pontiﬁcis,
1336 2192 1482 2259 quod
1533 2194 1790 2260 habetur,
1839 2214 1907 2255 ex
1954 2216 2093 2271 prte-

504 2270 710 2339 scripto
747 2272 1065 2330 Graecorum
1107 2278 1421 2335 confectum
1467 2282 1658 2351 fuisse,
1696 2288 1864 2345 Italiae
1903 2270 2089 2346 clerici

503 2375 860 2431 queruntur:
897 2368 1172 2438 conjicere
1216 2378 1396 2426 tamen
1439 2390 1507 2429 ex
1549 2393 1814 2448 responso
1861 2381 1943 2436 fas
1983 2391 2087 2450 est,

505 2453 690 2509 missis
734 2470 765 2510 a
798 2457 1026 2512 Rustico
1062 2467 1120 2514 et
1155 2460 1480 2520 Sebastiano
1518 2467 1571 2521 in
1604 2468 1808 2527 Gallias
1845 2473 2087 2544 scriptis,

503 2546 755 2600 vo‘catum
787 2548 955 2603 fuisse
982 2550 1239 2622 Vigilium
1264 2553 1321 2609 in
1347 2557 1717 2627 suspicionem
1742 2575 2087 2636 oppugnatae,

502 2649 613 2690 non
655 2637 1118 2698 Chalcedonensis
1165 2652 1400 2712 tantum,
1445 2650 1542 2704 sed
1588 2652 1755 2706 etiam
1800 2654 2090 2725 Ephesinae

501 2730 719 2799 synodi,
755 2732 864 2787 imo
900 2743 957 2789 et
994 2736 1240 2806 epistola:
1276 2738 1480 2794 Leonis
1518 2742 1586 2796 ad
1623 2743 1943 2801 Flavianum
1974 2763 1990 2801 :
2032 2748 2088 2803 in

500 2818 609 2876 hoc
638 2823 786 2877 enim
814 2827 1048 2881 crimine
1079 2832 1415 2886 removendo
1441 2839 1587 2888 totus
1607 2844 1709 2890 est.
1735 2837 1874 2894 Illud
1904 2848 2088 2896 autem

499 2908 736 2964 nefanda
776 2911 964 2968 fraude
996 2917 1248 2973 scelerati
1284 2919 1540 2978 homines
1577 2928 1914 2995 persuadere
1940 2932 2086 2986 nite-

498 2999 719 3066 bantur,
753 3012 883 3060 tunc
910 3022 1034 3061 cum
1064 3008 1371 3067 Judicatum
1410 3014 1464 3068 in
1506 3018 1820 3085 provincias
1858 3022 2085 3080 missum

494 3087 788 3145 laudarent
832 3109 846 3145 :
893 3094 1115 3151 aiebant
1161 3098 1432 3169 siquidem
1473 3105 1748 3163 contineri
1784 3112 2081 3168 convictio-
2111 3136 2153 3193 ο

494 3195 624 3235 nem
663 3182 912 3241 criminis
955 3204 1020 3242 ea
1069 3198 1262 3259 parte,
1302 3209 1412 3264 qua
1456 3200 1792 3266 parcebatur
1833 3206 2086 3273 personis

496 3273 833 3330 Theodoreti
883 3286 942 3332 et
981 3278 1119 3347 Ibat;
1168 3282 1462 3341 artiﬁciose
1500 3289 1648 3344 enim
1692 3291 1964 3360 parcitum
1999 3293 2082 3348 id-

494 3364 670 3429 circo,
710 3367 854 3435 quod
883 3376 1116 3439 uterque
1155 3372 1476 3432 crederetur
1506 3393 1538 3432 a
1575 3379 1793 3450 Vigilio,
1824 3397 1933 3436 non
1963 3382 2085 3438 sine

491 3454 641 3528 iusta
684 3471 867 3519 causa,
910 3468 966 3512 et
1002 3459 1357 3520 Theodorum
1397 3470 1834 3539 commendasse,
1879 3481 1937 3528 et
1982 3474 2086 3547 Cy-

495 3545 687 3600 :rillum
721 3547 1031 3605 damnasse.

569 3637 635 3691 ν.
668 3638 744 3694 De
785 3639 1127 3712 Illyricorum
1167 3657 1443 3704 conventu
1480 3651 1534 3705 id
1565 3653 1726 3708 tradit
1755 3655 1943 3710 Victor
1970 3657 2083 3713 Tu-

494 3728 763 3783 ‘uonensis
798 3749 813 3783 :
851 3749 869 3781 ι
900 3732 1027 3788 Post
1055 3737 1406 3794 consulatum
1436 3740 1619 3796 Basilii
1654 3743 1759 3798 viri
1793 3746 2082 3803 clarissimi

498 3834 644 3874 anno
669 3836 742 3884 Ix,
773 3821 1138 3894 lllyricianam
1167 3829 1435 3900 synodum
1468 3832 1522 3886 in
1560 3834 1881 3892 defensione
1917 3839 2083 3894 trium

498 3912 739 3981 capitum
771 3914 1084 3971 Justiniano
1118 3917 1366 3990 Augusto
1404 3923 1710 3993 scripsisse,
1745 3935 1800 3980 et
1834 3927 2081 3985 Benena-

497 4012 615 4058 tum
646 4004 836 4074 prima:
862 4007 1182 4066 .Instinianae
1209 4013 1526 4083 episcopum
1548 4014 1969 4074 obtrectatorem
1990 4037 2085 4077 eo-

498 4096 750 4152 rumdem
781 4099 943 4155 trium
971 4102 1212 4171 capitum
1240 4105 1655 4161 condemnasse.
1691 4126 1709 4158 ι
1743 4107 1937 4166 Annus
1966 4113 2079 4181 ille,

494 4201 662 4255 quem
694 4203 847 4244 more
877 4205 978 4246 suo
1011 4207 1219 4248 nonum
1258 4202 1435 4261 vocat,
1467 4202 1522 4250 et
1560 4196 1616 4250 in
1655 4212 1766 4266 quo
1805 4199 2079 4260 Theodori

495 4277 710 4334 obitum
743 4280 930 4348 refert,
970 4284 1150 4354 reipsa
1184 4293 1410 4341 octavus
1444 4286 1569 4352 fuit,
1602 4303 1709 4357 qua
1745 4291 1958 4348 ratione
1988 4296 2080 4351 alii

496 4385 793 4427 numerare
841 4374 1052 4439 solent,
1100 4383 1265 4444 atque
1312 4377 1389 4431 ita
1428 4376 1901 4448 quingentesimus
1942 4400 2080 4454 qua-

2180 1937 2184 1941 <
2264 1914 2323 1967 Id
2366 1930 2498 1970 vero
2546 1918 2779 1974 maxime
2819 1921 2876 1974 in
2922 1937 2990 1976 eo
3035 1922 3332 1981 defendere
3365 1926 3583 1992 nititur,
3628 1930 3780 1998 quod

2194 2002 2574 2063 incredibilem
2621 2010 2858 2066 habebat
2902 2012 3188 2077 invidiam,
3232 2033 3505 2073 summum
3557 2021 3783 2090 pontiﬁ-

2193 2110 2312 2150 cem
2358 2098 2427 2152 ab
2467 2099 2747 2157 Africanis
2798 2108 3184 2163 communione
3243 2125 3352 2163 non
3404 2126 3526 2166 esse
3584 2115 3781 2169 exclu-

2190 2203 2359 2249 sum:
2390 2193 2677 2251 contendit
2714 2198 2862 2251 enim
2902 2214 2932 2252 a
2971 2200 3151 2270 seipse
3195 2203 3501 2269 exclusum,
3539 2221 3663 2261 cum
3720 2208 3782 2265 in

2190 2281 2437 2338 Judicato
2469 2301 2570 2341 suo
2604 2288 2895 2344 anathema
2936 2291 3168 2359 diceret,
3201 2303 3264 2350 ut
3294 2296 3411 2366 ipse
3440 2298 3664 2367 quidem
3694 2301 3784 2355 in-

2193 2382 2548 2445 terpretatur,
2584 2378 2841 2435 Patribus
2868 2381 3213 2443 Chalcedone
3251 2390 3613 2459 congregatis,
3650 2392 3783 2446 toti-

2190 2481 2298 2535 que
2332 2468 2589 2526 Ecclesiaa
2619 2473 2920 2538 catholicae,
2946 2484 3112 2546 atque
3143 2479 3282 2534 adeo
3305 2480 3593 2538 Africanae.

2263 2556 2391 2612 Post
2411 2559 2579 2614 multa
2608 2559 2777 2630 igitur
2813 2563 3142 2634 impotenter
3168 2570 3381 2625 effutita
3416 2598 3429 2625 .-
3472 2592 3491 2623 ι
3520 2574 3665 2638 llaec,
3693 2576 3781 2630 in—

2190 2647 2331 2716 quit,
2367 2648 2699 2714 suﬁicerent,
2736 2653 2780 2707 si
2811 2655 3136 2724 adversarii,
3164 2676 3306 2731 quos
3336 2671 3393 2718 et
3421 2664 3537 2733 ipse
3566 2666 3778 2737 culpat.

2189 2752 2299 2793 non
2349 2739 2648 2796 inferentes
2689 2745 2981 2802 anathema
3026 2747 3460 2810 Chalcedonensi
3514 2757 3777 2821 concilio,

2188 2844 2369 2898 neque
2407 2831 2461 2884 in
2514 2848 2616 2887 nos
2657 2849 2870 2900 omnes,
2903 2839 2923 2857 ‘
2965 2838 3060 2893 sed
3111 2840 3318 2911 aliquid
3355 2844 3620 2902 adversus
3654 2848 3783 2917 ejus

2189 2921 2565 2976 auctoritatem
2601 2933 2875 2993 gerentes,
2916 2926 3019 2996 ipsi
3049 2929 3233 2998 potius
3262 2947 3293 2986 a
3324 2933 3487 2989 nobis
3509 2936 3612 2991 sub
3643 2953 3784 2993 ana—

2188 3012 2428 3069 themate
2463 3014 2858 3072 damnarentur
2891 3036 2905 3072 :
2936 3036 3083 3076 nunc
3122 3031 3305 3077 autem
3346 3025 3454 3080 illis
3476 3027 3646 3097 impie
3679 3046 3783 3100 ge—

2188 3104 2457 3169 rentibus,
2487 3114 2545 3162 et
2574 3123 2676 3163 nos
2703 3123 2768 3163 ac
2792 3110 2984 3168 Patres
3016 3123 3236 3170 nostros
3263 3117 3783 3175 anathematizanti-

2186 3191 2311 3256 bus,
2353 3209 2584 3264 seseque
2627 3212 2728 3267 per
2770 3198 2876 3254 hoc
2918 3202 3210 3258 anathema
3251 3207 3668 3276 segregantibus
3705 3211 3780 3266 ab

2186 3285 2442 3342 universa
2470 3286 2678 3345 Christi
2718 3290 2991 3361 Ecclesia;
3027 3309 3128 3349 nos
3166 3295 3261 3365 qui
3290 3296 3406 3352 Deo
3438 3308 3682 3369 regente,
3712 3302 3777 3357 in

2185 3387 2414 3448 paterna
2451 3381 2724 3437 sententia
2765 3392 2822 3439 et
2862 3387 3251 3443 communione
3282 3400 3619 3458 perstamus;
3647 3409 3773 3461 nos,

2185 3470 2431 3541 inquam,
2460 3471 2515 3526 in
2539 3474 2783 3529 Ecclesia
2802 3478 3111 3543 constituti,
3133 3480 3221 3534 cui
3250 3480 3513 3537 dixerunt
3541 3485 3775 3542 anathe-

2183 3574 2293 3624 ma,
2309 3561 2601 3616 statuimus
2621 3563 2927 3619 secundum
2940 3565 3265 3625 Christianae
3283 3572 3564 3643 religionis
3581 3574 3777 3631 obser-

2184 3652 2447 3718 vantiam,
2462 3668 2572 3708 non
2590 3656 3000 3712 communicare
3020 3659 3089 3714 ab
3101 3658 3343 3717 Ecclesia
3360 3664 3733 3735 segregatis".
3747 3687 3764 3719 ι

2254 3741 2394 3810 Quid
2445 3744 2604 3813 plura
2650 3747 2924 3815 proferam
2975 3765 3043 3804 ex
3092 3751 3254 3817 libro,
3292 3769 3403 3823 quo
3451 3772 3562 3810 uno
3604 3758 3777 3814 colle-

2183 3841 2328 3891 ctam
2362 3834 2654 3915 duodecim
2683 3836 2809 3893 aliis
2842 3839 3108 3897 doctrinae
3150 3850 3315 3914 atque
3348 3846 3512 3901 etiam
3548 3847 3779 3917 pietatis

2194 3925 2392 3981 famam
2441 3926 2784 3998 inquinavit?
2805 3930 2936 3997 Quae
2985 3931 3200 3987 felicior
3238 3934 3561 3994 exstitisset.
3603 3945 3774 4009 atque

2182 4014 2350 4070 etiam
2393 4016 2738 4086 prudentior,
2776 4019 2822 4073 si
2867 4018 3154 4076 charitatis
3195 4021 3467 4092 impulsu,
3509 4023 3771 4094 Vigilium

2183 4115 2407 4162 secutus
2445 4107 2640 4163 fuisset
2672 4109 2987 4166 studentem
3032 4112 3176 4181 paci,
3218 4128 3320 4170 nec
3358 4114 3769 4173 Donatistarum

2182 4213 2338 4252 more
2367 4197 2611 4252 Africam
2641 4199 2763 4254 orbi
2791 4203 3145 4270 praetulisset.

2252 4291 2367 4347 VII.
2395 4291 2690 4361 Postquam
2720 4292 2967 4348 auditum
2991 4302 3076 4349 est
3106 4296 3160 4350 in
3186 4295 3327 4350 urbe
3359 4297 3506 4367 regia
3530 4298 3599 4353 de
3624 4298 3770 4354 Afri-

2157 4397 2318 4438 cana
2363 4382 2593 4453 synodo,
2640 4383 2892 4454 lectaque
2939 4386 3323 4456 episcoporum
3364 4388 3430 4442 ad
3475 4388 3770 4458 imperato.

495 4459 841 4532 dragcsimus
880 4472 1108 4519 octavus
1153 4464 1394 4532 Christi,
1442 4469 1742 4525 Iustiniani
1785 4473 2081 4533 vicesimus
2112 4475 2157 4533 D
2186 4490 2300 4530 rem
2345 4474 2535 4529 relatio
2580 4489 2679 4543 per
2715 4475 3126 4546 Magistrianum
3164 4477 3352 4541 missa,
3392 4478 3597 4547 placuit
3639 4479 3766 4535 inde

493 4553 796 4619 secundus,
821 4571 851 4608 a
874 4555 1129 4611 Kalendis
1150 4556 1372 4628 Aprilis.
1402 4558 1633 4630 Oportet
1656 4561 1823 4632 igitur
1844 4564 2075 4636 Illyrios,

495 4643 680 4698 statim
711 4645 900 4700 audito
928 4646 1124 4701 nuntio
1155 4647 1223 4702 de
1256 4647 1491 4704 Judicati
1529 4650 1791 4707 missione
1829 4654 1898 4709 ad
1929 4655 2081 4711 Men-

495 4748 656 4799 nam,
702 4735 1049 4791 concurrisse
1087 4737 1155 4792 ad
1198 4738 1359 4809 237
1387 4741 1679 4811 synodum,
1741 4744 1859 4809 sed,
1904 4756 1963 4800 ut
1993 4756 2080 4803 est

488 4823 580 4878 ira
610 4840 855 4895 praeceps
882 4840 947 4881 ac
981 4827 1317 4893 turbulenta,
1348 4832 1689 4888 tumultuose
1721 4843 1777 4889 et
1812 4836 2077 4908 injuriose

495 4929 613 4970 rem
661 4916 865 4985 egisse;
910 4932 1068 4980 nam,
1103 4926 1159 4973 et
1205 4919 1276 4973 ab
1326 4920 1483 4977 iratis
1523 4923 2078 4996 episcopis‘sumnius

496 5006 744 5077 pontifex
780 5006 1003 5077 indigna
1038 5024 1234 5078 passus
1260 5018 1367 5079 est,
1400 5020 1459 5068 et
1484 5013 1794 5072 Benenatus
1825 5035 1856 5073 a
1883 5020 2075 5075 subdi-

496 5099 570 5152 tis
600 5097 923 5160 damnatus.
966 5107 1024 5153 et
1069 5098 1369 5170 imperator
1412 5104 1485 5160 ab
1530 5105 1758 5177 ingratis
1793 5111 1935 5167 male
1973 5113 2072 5167 ha-
2111 5128 2123 5140 '

495 5185 664 5240 bitus.

568 5277 654 5331 Vl.
686 5276 794 5332 Sed
821 5293 965 5333 anno
993 5291 1259 5351 sequente
1281 5284 1501 5357 longius
1522 5288 1776 5346 Afrorum
1808 5292 2080 5362 impoten—

494 5369 569 5425 tia
603 5371 874 5439 prorupit,
902 5372 954 5427 id
985 5390 1137 5439 ausa,
1171 5376 1318 5446 quod
1351 5394 1381 5432 a
1414 5381 1634 5436 nemine
1661 5384 1929 5440 hactenus
1955 5394 2075 5440 ten-

492 5469 689 5515 tatum.
726 5462 920 5522 Narrct
949 5466 1137 5521 Victor
1174 5468 1293 5538 ipse
1335 5470 1450 5525 suis
1493 5472 1701 5529 facinus
1745 5492 1935 5542 suum;
1973 5477 2078 5534 fuit

2184 4576 2417 4618 evocare
2448 4565 2754 4633 prateipuos
2782 4564 3064 4634 praesules,
3096 4566 3248 4620 velut
3273 4566 3339 4620 ad
3369 4569 3765 4623 mcumenicam

2185 4651 2475 4722 synodum.
2500 4652 2779 4707 Venerunt
2804 4654 3069 4723 primates
3099 4654 3264 4724 238
3299 4654 3431 4721 duo,
3462 4654 3766 4726 Reparatus

2184 4744 2690 4806 Proconsularium.
2722 4744 2939 4800 Firmus
2972 4745 3361 4812 Numidarum;
3402 4748 3601 4818 reliqui
3638 4765 3766 4819 pro-

2184 4835 2491 4890 vinciarum
2549 4836 2800 4891 seniores
2849 4837 3120 4891 miserunt
3171 4837 3395 4908 legatos.
3447 4837 3588 4904 Quid
3633 4855 3763 4893 vero

2179 4926 2655 4997 Constantinopoli
2690 4928 2925 4998 egerint,
2951 4944 3058 4999 qua
3086 4929 3389 4999 pertinacia
3418 4929 3645 4987 tulerint
3670 4926 3759 4984 alii

2180 5019 2397 5083 exsilia,
2427 5019 2519 5074 alii
2560 5035 2814 5075 carceres
2857 5036 2959 5090 pro
3003 5021 3182 5076 tribus
3221 5022 3499 5091 capitulis.
3529 5038 3637 5092 qua
3677 5038 3763 5076 ra-

2182 5109 2604 5181 tione,quidam,
2632 5110 2747 5165 sive
2771 5111 3033 5180 praemiis,
3065 5112 3179 5167 sive
3203 5113 3413 5168 scdium
3439 5112 3756 5182 cupiditate,

2181 5203 2510 5257 recesserint
2543 5201 2598 5256 in
2633 5211 2817 5272 partes
2844 5202 3162 5266 Iustiniani,
3201 5213 3387 5259 narrat
3429 5204 3615 5289 Victor
3653 5202 3760 5257 Tu-

2179 5294 2463 5358 nonensis,
2506 5310 2610 5348 nec
2645 5310 2702 5349 se
2748 5294 3070 5349 illaudatum
3116 5307 3238 5352 esse
3281 5296 3441 5363 sinit;
3489 5295 3532 5351 si
3576 5312 3757 5352 tamen

2181 5384 2355 5454 ipsius
2375 5394 2460 5439 est
2485 5400 2613 5454 pars
2630 5394 2872 5440 extrema
2894 5384 3173 5452 Chronici,
3200 5387 3346 5458 quod
3365 5402 3476 5442 non
3507 5402 3651 5442 reor.

2252 5474 2386 5530 VIII.
2421 5476 2557 5530 Dum
2595 5474 2712 5531 hac
2746 5474 2799 5530 in
2835 5476 3004 5533 variis
3034 5477 3224 5532 mundi
3268 5478 3520 5549 partibus
3558 5492 3758 5550 gerun-

1838 5611 2150 5670 SCHULZAI
2185 5612 2413 5668 NOTAE.

568 5685 612 5716 ³³
644 5690 1020 5776 ριεᾳεςαιὶρηρ,
1057 5707 1165 5776 etc.
1191 5697 1339 5776 lianc
1359 5701 1524 5756 animi
1563 5703 1834 5760 levitatem
1876 5714 2104 5762 testatur
2131 5706 2502 5763 Constitufum.
2540 5707 2604 5763 de
2654 5722 2761 5776 quo
2790 5706 2897 5762 \‘iii-
2927 5721 3166 5776 δοτιιιριιε
3191 5714 3351 5776 Capi"
3391 5705 3470 5761 19-
3547 5704 3591 5738 μ
3631 5702 3751 5761 Vm“

506 5758 867 5821 Facundilib.
901 5758 1032 5822 Adv.
1082 5767 1400 5827 Marianum.
