3952 6294
209 317 312 387 189

1382 329 1742 391 HISTORIA
1780 330 2284 392 TI—lEODOllETI.

3361 331 3460 398 l90

208 447 323 501 tur,
373 434 796 507 llepsuestiam,
839 450 961 508 quae
1007 439 1200 496 civitas
1246 439 1449 498 Ciliciae
1496 441 1749 499 secundat
1770 482 1784 505 ,
1816 445 1860 500 Δ
1889 457 2091 496 annum
2127 444 2248 508 490,
2279 453 2372 497 aut
2394 443 2559 497 etiam
2591 440 2714 506 480,
2743 441 3051 496 intercessit
3077 457 3090 494 :
3124 457 3248 496 nam
3277 443 3458 498 Theo-

207 529 467 585 convcnit
489 544 636 583 anno
659 529 781 596 550,
809 531 896 586 die
938 531 1000 585 l7
1030 531 1198 597 Junii,
1224 534 1462 604 synodus
1489 532 1783 590 Justiniani

208 622 412 678 litteris
450 631 678 677 evocata
725 641 738 676 :
791 624 1082 679 evocandtc
1124 639 1288 680 causa
1341 642 1449 681 non
1505 627 1611 681 alia
1659 625 1782 689 fuit,

210 730 373 784 quam
417 722 480 768 ut
543 713 840 784 provinciae
893 715 1061 769 totius
1110 716 1500 786 senidrumque
1549 716 1787 770 civitatis

213 805 527 859 testimonio
556 813 852 867 constaret,
887 805 1234 859 Theodorum
1279 806 1620 876 Mopsuestia:
1655 806 1784 860 olim

211 897 554 968 episcopum,
578 897 902 967 jamdudum
935 898 989 950 in
1019 897 1134 966 ipsa
1162 913 1259 952 sua
1293 898 1538 952 Ecclesia
1562 898 1787 952 damna-

213 999 327 1044 tum
359 989 552 1052 fuisse,
591 989 823 1057 ideoque
849 1005 914 1042 ex
943 989 1114 1043 sacris
1137 988 1408 1060 diptychis
1429 997 1781 1058 expunctum.

210 1079 268 1134 ld
296 1079 580 1150 satagebat
608 1080 929 1148 imperator,
967 1079 1163 1148 partim
1193 1087 1255 1133 ut
1280 1078 1616 1133 satisfaceret
1651 1092 1786 1148 pon-

211 1170 343 1226 tiﬁci
380 1170 600 1240 neganti
645 1185 703 1225 se
739 1185 898 1240 posse
930 1169 1278 1225 Theodorum
1316 1169 1594 1232 damnare,
1629 1170 1787 1240 cujus

209 1264 266 1318 in
297 1263 559 1317 Ecclesia:
587 1277 720 1331 pace
750 1261 996 1317 defuncti
1040 1263 1304 1317 memoria
1338 1277 1406 1316 eo
1445 1276 1616 1331 usque
1649 1260 1788 1316 infa-

211 1360 355 1406 mata
383 1367 494 1407 non
525 1351 730 1415 fuerat;
757 1353 957 1420 partim
988 1357 1049 1404 ut
1076 1350 1264 1416 edicti,
1301 1365 1411 1420 quo
1436 1349 1785 1405 Theodorum

208 1441 439 1512 perinde
476 1451 640 1511 atque
668 1440 958 1511 Origenem
991 1441 1392 1510 proscribebat,
1433 1439 1660 1494 formam
1691 1439 1788 1494 de-

206 1532 488 1599 fenderet;
524 1533 723 1603 partim
763 1534 899 1588 alias
934 1533 1006 1588 ob
1033 1549 1247 1597 causas,
1280 1547 1416 1602 quas
1445 1547 1545 1588 suo
1576 1532 1630 1586 in
1663 1531 1786 1587 loco

207 1624 593 1679 discussimus.

275 1716 589 1771 Adfuerunt
627 1730 819 1770 omnes
854 1715 1152 1785 provinciae
1183 1715 1426 1788 episcopi
1453 1715 1518 1769 ".
1564 1713 1786 1770 Praefuit

202 1807 448 1865 Joannes
485 1808 783 1872 Anazarhi,
819 1824 926 1871 seu
973 1808 1474 1878 Justinianopoleos
1515 1808 1780 1862 antistes:

204 1901 386 1956 vocati
421 1916 614 1956 omnes
652 1901 719 1955 de
763 1900 932 1963 clero,
967 1901 1323 1971 senioresque
1349 1902 1672 1972 optimatum
1707 1899 1786 1954 ci-

207 1990 393 2046 vitatis
417 2009 430 2045 :
455 1991 665 2061 prolata
681 1990 938 2062 diptycha
961 1991 1127 2047 trium
1151 2007 1412 2062 generum
1437 2006 1502 2046 ex
1529 1991 1785 2045 Ecclesia:

201 2083 448 2140 cimelio.
487 2083 767 2150 Constitit,
813 2091 925 2137 tum
971 2083 1284 2138 testimonio
1324 2083 1626 2146 seniorum,
1668 2089 1784 2134 tum

203 2174 596 2247 diptychorum
644 2175 1013 2245 inspectione,
1064 2190 1169 2230 nec
1233 2174 1565 2244 appellatum
1615 2171 1785 2226 fuisse

204 2273 333 2318 ante
382 2265 667 2332 sexaginta
717 2279 923 2328 annos,
968 2278 1070 2318 nec
1127 2262 1453 2332 inscriptum
1511 2259 1785 2331 diptychis

206 2355 484 2411 Theodori
524 2371 744 2420 nomen,
790 2355 886 2410 sed
919 2356 1039 2426 ejus
1067 2355 1188 2410 loco
1218 2355 1573 2410 substitutum
1607 2351 1784 2424 Cyril-

205 2446 322 2501 lum
351 2444 732 2500 Alexandrinae
760 2443 1015 2498 Ecclesia:
1038 2443 1348 2512 praesulem.
1376 2444 1452 2498 De
1481 2459 1539 2498 re
1566 2450 1675 2496 tota
1700 2457 1781 2496 re-

207 2535 379 2591 latum
413 2542 499 2590 est
535 2534 808 2606 synodicis
843 2534 1062 2598 litteris,
1097 2542 1154 2588 et
1186 2533 1255 2588 ad
1293 2534 1695 2602 imperatorem,
1728 2539 1786 2587 et

208 2629 280 2682 ad
317 2643 595 2683 summum
640 2623 957 2696 pontiﬁcem
994 2643 1008 2678 :
1049 2625 1102 2679 id
1143 2625 1288 2680 enim
1328 2625 1584 2679 tractoria
1615 2622 1784 2678 Justi-

209 2722 412 2778 nianus
439 2719 712 2788 expressis
739 2717 923 2772 verbis
953 2726 1198 2782 caverat,
1227 2732 1334 2786 qua
1361 2716 1473 2770 sive
1509 2723 1646 2780 arte,
1671 2714 1786 2769 sive

212 2814 426 2878 fraude,
460 2812 514 2867 id
549 2819 792 2875 cautum,
817 2810 950 2865 alias
974 2809 1345 2879 exposuimus.

280 2903 532 2959 Mirabile
577 2917 748 2973 porro
797 2908 882 2956 est
927 2900 1200 2971 primunt,
1251 2898 1496 2954 seniores
1549 2901 1788 2958 civitatis

210 2999 448 3062 nescire,
477 3012 588 3066 quo
624 3005 870 3065 tempore
908 2993 1081 3048 deleri
1114 3008 1314 3047 nomen
1347 2992 1622 3048 Theodori
1658 3010 1790 3049 con-

1889 532 2132 597 dorctus,
2157 533 2397 603 quandiu
2424 534 2578 596 vixit,
2602 547 2709 602 qua
2739 539 2858 586 erat
2885 531 3029 601 apud
3053 531 3249 587 Cilices
3273 544 3462 589 aucto-

1889 623 2071 687 ritate,
2103 639 2321 693 quoque
2362 638 2490 693 erga
2533 623 2882 678 Theodorum
2919 623 3122 688 studio,
3161 624 3461 681 obstitissd

1887 714 2088 768 acriter
2145 721 2252 766 tam
2305 713 2570 783 iujurioso
2622 714 2885 768 adversus
2933 713 3169 768 amicum
3218 717 3456 770 conatui.

1886 804 2005 860 Non
2041 821 2171 875 ergo
2199 804 2475 875 diptychis
2508 805 2783 859 sublatum
2825 820 3024 858 nomen
3065 805 3340 861 Theodori
3377 819 3461 864 est

1886 903 2013 950 ante
2041 911 2242 950 annum
2277 896 2399 961 458,
2431 911 2608 966 neque
2642 895 2807 950 etiam
2845 905 2967 965 post
3000 896 3135 963 49ος
3167 913 3292 951 nam
3323 899 3462 954 Mar-

1887 987 2060 1058 tyrius
2086 987 2393 1058 presbyter,
2421 988 2513 1057 qui
2546 989 2669 1058 jure
2706 987 3073 1057 interrogatus
3108 998 3212 1054 est,
3242 998 3462 1060 octoge—

1885 1080 2078 1133 narius
2103 1087 2221 1132 erat
2249 1094 2392 1133 anno
2419 1078 2541 1143 550,
2571 1094 2694 1132 cum
2731 1078 2784 1132 in
2821 1079 3030 1150 synodo
3073 1089 3367 1135 testaretur
3401 1098 3461 1136 se

1887 1178 2012 1223 ante
2049 1169 2325 1238 sexaginta
2345 1183 2528 1222 annos
2560 1168 2817 1222 Ecclesia:
2848 1168 3241 1238 Mopsuestenae
3281 1170 3460 1224 inser-

1887 1263 2005 1318 vire
2043 1264 2307 1334 cmpisse,
2345 1278 2446 1317 nec
2480 1262 2755 1317 audivisse
2809 1277 3072 1331 unquam,
3113 1261 3256 1316 inter
3305 1278 3460 1329 sacra

1887 1356 2138 1428 diptycha
2167 1355 2418 1426 legenda,
2449 1354 2776 1424 appellatum
2811 1352 3110 1415 Theodori,
3145 1352 3237 1406 sed
3271 1353 3460 1423 Cyrilli

1886 1463 2115 1513 nomen;
2147 1450 2256 1501 imo
2281 1461 2406 1500 cum
2433 1461 2542 1500 non
2568 1444 2861 1498 admodum
2892 1459 3082 1498 recens
3105 1458 3225 1498 esse
3256 1443 3462 1497 debue-

1887 1539 1962 1594 rit
1999 1537 2225 1602 factum,
2260 1553 2370 1607 quo
2405 1545 2652 1606 tempore
2687 1553 2855 1592 senex
2881 1536 2972 1591 ille
3002 1536 3056 1589 in
3086 1537 3292 1591 clerum
3323 1537 3463 1591 asci-

1889 1638 1976 1683 tus
2011 1635 2115 1692 est,
2140 1627 2386 1698 alioquin
2425 1627 2494 1682 de
2531 1642 2589 1682 re
2627 1635 2778 1682 tanta
2814 1627 3068 1682 nonnihil
3103 1627 3367 1691 audisset,
3392 1627 3460 1681 ad

1887 1720 2209 1785 delendam,
2261 1729 2356 1774 aut
2417 1721 2608 1775 saltem
2675 1719 3072 1776 obscurandam
3139 1720 3458 1773 memoriam

1886 1829 2023 1883 opus
2068 1813 2172 1867 fuit
2221 1812 2406 1882 aliquo
2456 1822 2737 1882 tempore,
2777 1821 2906 1882 puta
2951 1812 3217 1868 decennio
3251 1830 3264 1864 :
3295 1821 3459 1881 atque

1886 1904 1961 1958 ita
2007 1904 2348 1974 probabilius
2397 1904 2532 1957 nihil
2577 1904 2685 1960 dici
2730 1912 2938 1974 potest,
2981 1918 3145 1973 quam
3188 1902 3460 1972 ejusmodi

1885 1997 2274 2052 obductionem
2301 1996 2497 2050 factam
2529 2003 2656 2050 ante
2687 2011 2889 2050 annum
2919 1995 3042 2049 480.
3071 1994 3177 2049 Sed
3203 2009 3313 2063 quo
3345 2003 3462 2046 tan-

1885 2087 2009 2141 dem
2045 2086 2220 2140 anno?
2256 2086 2376 2140 Non
2404 2085 2532 2148 alio,
2567 2086 2782 2154 opinor,
2821 2100 2982 2153 quam
3022 2101 3130 2154 quo
3165 2083 3462 2138 Basiliscus

1887 2177 2229 2249 tyrannidem
2254 2177 2542 2246 occupavit
2570 2177 2639 2247 (is
2660 2185 2745 2230 est
2767 2175 2913 2246 475),
2946 2191 3164 2245 quoque
3191 2175 3457 2237 edictum,

1885 2268 2151 2324 suadente
2196 2267 2474 2321 Zenonide
2523 2281 2714 2330 uxore,
2747 2264 3009 2320 adversus
3051 2264 3462 2347 Chalcedonen-

1885 2376 2000 2416 sem
2024 2358 2289 2431 synodum
2321 2359 2377 2412 in
2409 2357 2720 2428 provincias
2747 2356 2914 2410 misit.

1956 2451 2112 2518 Quod
2143 2450 2188 2517 si
2213 2465 2400 2504 verum
2431 2448 2576 2503 istud
2603 2455 2709 2511 est,
2739 2454 2800 2501 ut
2827 2455 2973 2501 certe
2999 2453 3242 2516 apparet,
3275 2445 3462 2500 mirari

1885 2543 2156 2612 quispiam
2211 2543 2335 2611 jure
2387 2545 2588 2608 queat,
2642 2536 3074 2607 improbissimas
3133 2536 3459 2590 feminarum

1887 2642 1999 2689 tres
2045 2642 2236 2688 contra
2280 2630 2631 2686 Theodorum
2681 2644 2984 2698 pugnasse,
3035 2643 3379 2698 pugnamque
3429 2644 3461 2682 a

1887 2725 2163 2780 Zenonide
2209 2723 2542 2785 inchoatam,
2573 2737 2602 2774 a
2648 2720 2935 2774 Thcodora
2980 2728 3307 2783 consertam,
3340 2735 3466 2789 per-

1887 2824 2060 2871 actam
2097 2813 2276 2884 Vigilii
2318 2812 2444 2867 odio
2487 2812 2555 2865 ab
2588 2810 2882 2873 Antonina,
2917 2809 3312 2863 famulantibus
3353 2811 3463 2863 sin-

1887 2909 2132 2978 gularum
2156 2904 2489 2972 impotentia:
2513 2903 2720 2957 uxoriis
2744 2900 2975 2963 maritis,
3000 2901 3280 2964 Basilisco,
3299 2901 3466 2955 Justi-

1888 2998 2072 3060 niano,
2107 3004 2162 3049 et
2198 2993 2481 3048 Bclisario.
2533 2992 2638 3045 Sed
2685 2992 2800 3044 lucc
2838 2991 2991 3053 alias,
3034 2998 3093 3043 ut
3121 2989 3254 3054 dixi,
3289 2990 3464 3045 fusius

209 3091 426 3161 tigerit;
457 3087 655 3145 deinde
677 3087 892 3142 nullum
915 3085 970 3139 in
995 3084 1266 3156 diptychis
1293 3084 1472 3139 liturae
1495 3086 1784 3154 vestigium
1813 3101 1855 3157 ο
1891 3088 2134 3158 exposita
2167 3093 2316 3140 sunt.

206 3181 508 3244 exstitisse,
540 3185 633 3232 aut
668 3178 712 3232 si
756 3177 878 3240 fuit,
919 3176 976 3230 in
1009 3175 1142 3232 Acta
1181 3191 1292 3230 non
1332 3176 1565 3231 relatum
1593 3194 1606 3230 :
1632 3177 1787 3231 deni—

207 3291 318 3345 que
361 3272 627 3345 Cyrillum
676 3285 777 3341 pro
822 3268 1111 3324 Theodoro
1157 3267 1468 3322 suffectum.
1515 3268 1785 3334 Mirabile,

208 3366 459 3438 inquam,
505 3372 610 3424 est,
657 3378 784 3417 cum
823 3359 1118 3430 aliquando
1152 3359 1477 3414 Theodorus
1509 3360 1654 3415 inter
1701 3376 1789 3416 sa-

209 3475 304 3516 cra
352 3457 611 3529 mysteria
661 3453 1001 3525 coepiscopis
1032 3461 1422 3507 annumeratus
1458 3453 1529 3508 sit
1567 3471 1580 3506 :
1610 3468 1790 3508 annu-

209 3552 532 3607 merabatur
609 3557 794 3611 certe,
852 3561 976 3600 cum
1046 3544 1339 3599 Historiam
1411 3545 1790 3600 Thcodoretus

208 3641 523 3696 absolveret
577 3651 723 3691 anno
769 3634 890 3699 450,
917 3632 1252 3702 summisque
1310 3633 1564 3689 laudibus
1605 3634 1790 3689 virum

209 3731 354 3786 fama
386 3730 662 3786 celebrem
694 3734 931 3781 ornaret.
960 3722 1246 3790 Quomodo
1280 3724 1448 3795 igitur
1479 3726 1616 3780 tanti
1645 3733 1788 3780 tam-

209 3839 318 3894 que
360 3821 649 3877 insolentis
694 3819 819 3874 facti
863 3819 1012 3873 nulla
1056 3818 1320 3874 remansit
1352 3819 1638 3882 memoria,
1667 3835 1791 3874 cum

208 3913 363 3968 orbis
404 3912 518 3968 fere
565 3913 732 3967 totius
778 3913 1174 3968 celeberrimus
1215 3911 1488 3980 interpres
1541 3908 1790 3980 Scriptu-

211 4020 287 4062 ra:
351 4012 558 4062 sanctae
628 4003 952 4060 Theodorus
1026 4003 1273 4059 audiret?
1325 4001 1611 4068 Quomodo
1682 4009 1792 4054 tam

212 4099 456 4154 recentia
521 4098 745 4154 fuerunt
814 4099 1209 4169 Mopsuestenae
1282 4096 1541 4151 Ecclesiae
1612 4095 1791 4165 dipty-

212 4191 337 4255 cba,
370 4207 494 4260 qua:
531 4190 586 4244 in
631 4191 1051 4260 quibuscunquc
1095 4190 1216 4243 aliis
1261 4187 1524 4244 Ecclesiis
1571 4195 1796 4256 propter

212 4290 548 4338 vetustatem
601 4281 658 4335 in
709 4282 891 4352 pretio
941 4281 1322 4336 habebantur?
1365 4277 1651 4346 Quomodo
1695 4291 1793 4345 pa-

218 4375 585 4430 triarcharum
619 4390 783 4440 unus,
810 4383 867 4430 et
899 4375 954 4429 in
981 4375 1160 4428 aliena
1200 4372 1447 4436 dimcesi,
1467 4380 1523 4425 ct
1552 4370 1794 4423 minores

216 4467 362 4521 inter
383 4467 674 4537 episcopos
703 4465 1066 4521 censebatur?
1093 4464 1254 4535 239
1275 4460 1558 4530 Quomodo
1591 4459 1659 4514 ad
1683 4459 1790 4530 Cy-

217 4557 322 4611 rilli
365 4570 570 4610 nomen
620 4562 729 4610 tam
774 4555 1036 4611 inusitato
1079 4554 1243 4610 modo
1288 4553 1575 4607 recitatum
1627 4566 1791 4606 nemo

216 4647 395 4713 laesit,
421 4656 480 4704 et
519 4649 735 4704 curiose
779 4663 975 4704 causas
1002 4647 1151 4712 facti,
1175 4663 1284 4701 non
1322 4643 1614 4700 admodum
1641 4654 1792 4699 vete-

217 4739 314 4805 ris,
345 4737 632 4808 quaesivit?
667 4737 792 4793 llaec
829 4748 885 4793 et
920 4738 1048 4803 alia,
1083 4743 1143 4790 ut
1180 4735 1591 4790 admirationem
1623 4734 1790 4789 vehe-

218 4836 497 4893 mentem,
572 4828 651 4883 sic
715 4828 1036 4882 nonnullam
1113 4825 1511 4881 dubitationem
1571 4839 1792 4879 movere

219 4927 430 4990 queunt
469 4918 680 4973 homini
720 4933 831 4974 non
868 4918 1222 4972 vehementer
1261 4914 1508 4978 credulo,
1542 4930 1612 4970 ne
1653 4914 1796 4970 forte

222 5010 300 5076 id,
323 5010 592 5080 quidquid
617 5018 720 5074 est,
745 5009 962 5064 concilii
986 5025 1016 5064 a
1035 5008 1342 5086 Justiniano
1367 5006 1609 5076 pontifici
1645 5006 1796 5061 frau-

223 5102 343 5156 dein
379 5103 662 5167 moliente,
686 5103 1047 5172 excogitatum
1082 5101 1173 5164 sit,
1201 5109 1258 5154 et
1294 5117 1392 5170 per
1431 5099 1797 5169 obsequentes

225 5193 508 5248 ministros
532 5202 835 5263 peractum.

290 5285 446 5350 Quod
475 5285 522 5338 si
551 5285 736 5338 nullus
765 5284 837 5338 sit
863 5283 1188 5338 dubitationi
1223 5283 1396 5347 locus,
1430 5290 1650 5352 oportet
1682 5297 1799 5334 mu-

226 5382 332 5431 tata
362 5376 536 5430 fuisse
561 5375 817 5447 diptycha
843 5392 910 5431 eo
937 5376 1198 5446 temporis
1224 5376 1532 5440 intervallo,
1558 5374 1704 5444 quod
1733 5375 1801 5428 ab

227 5465 377 5524 obitu
404 5466 765 5532 Theodoreti,
783 5469 876 5536 qui
910 5469 1134 5537 contigit
1163 5483 1304 5523 anno
1338 5469 1438 5522 457
1467 5477 1560 5522 aut
1590 5465 1710 5531 458,
1733 5465 1799 5520 ad

2470 3193 2696 3249 CAPUT
2733 3192 2877 3248 XIX.

1886 3291 1930 3347 l.
1969 3289 2190 3360 Vigilius
2228 3285 2483 3340 consentit
2522 3286 2587 3360 in_
2615 3285 3015 3360 celebrationem
3058 3281 3282 3346 concilii,
3315 3282 3469 3360 modo

1959 3354 2070 3415 tota
2107 3358 2188 3412 illi
2222 3373 2382 3410 causa
2421 3356 2780 3424 permittatur;
2821 3355 2958 3424 quod
2990 3355 3279 3424 imperator
3302 3354 3465 3422 jura-

1959 3440 2041 3482 tus
2079 3428 2355 3499 promittit.
2396 3422 2463 3499 ll.
2506 3424 2800 3499 Theodorus
2834 3422 3351 3499 ρηῃιρηάο-ξ-αη-ςιρν
3391 3431 3469 3475 est

1960 3492 2381 3569 impératori,_ut
2429 3495 2612 3569 datam
2652 3493 2812 3561 ﬁdem
2860 3493 3050 3569 fallat._
3085 3492 3175 3569 lli.
3219 3492 3471 3569 Edictum

1959 3561 2212 3623 aduersus
2257 3565 2360 3619 tria
2411 3562 2646 3633 capitula
2675 3565 2988 3633 proponitur
3031 3563 3085 3615 in
3126 3561 3380 3633 Ecclesia,
3415 3570 3473 3633 et

1961 3639 2231 3708 recipitur.
2261 3636 2349 3690 IV.
2385 3631 2603 3708 Vigilqu
2639 3631 2692 3686 in
2735 3631 3037 3708 recipientcs
3076 3631 3473 3708 animadvertit.

1961 3709 2025 3764 V.
2061 3699 2266 3762 Hennae
2293 3699 2518 3758 succedit
2557 3699 2862 3773 Eutychius,
2894 3710 2942 3755 et
2978 3701 3299 3773 Vigilioidatp
3326 3699 3469 3773 litte-

1963 3795 2051 3832 ras
2083 3793 2192 3830 suaz
2219 3775 2360 3844 ﬁdei,
2393 3775 2650 3844 synodum
2668 3771 2860 3827 'haberi
2895 3771 3230 3844 roga_utt_._}’l.
3267 3771 3474 3844 Annuit

1965 3847 2200 3915 Vigilius.
2219 3839 2338 3900 Ἧι.
2377 3839 2634 3899 Ιήάξσίιω·
2657 3844 2886 3914 synodus
2910 3839 3103 3915 a_d_IIl‘
3116 3840 3294 3895 Nonas
3318 3839 3470 3915 Maii.

1962 3907 2096 3972 Vill.
2141 3916 2373 3970 Habetur
2413 3922 2517 3968 toto
2559 3929 2665 3967 uno
2687 3907 2904 3967 'mense.
2939 3911 3031 3966 IX.
3068 3910 3273 3975 Quarta
3306 3907 3476 3962 colla-

1966 3989 2103 4042 tione
2134 3996 2181 4040 et
2215 3993 2365 4054 parte
2399 3986 2593 4053 quintae
2626 3999 2788 4036 causa
2827 3981 3078 4035 Theodori
3125 3978 3475 4054 Rfopsttcstcni

1966 4059 2161 4122 agitur.
2191 4048 2259 4109 Χ.
2302 4048 2485 4110 Altera
2524 4054 2918 4122 partciquintte
2942 4066 3104 4122 causa
3147 4048 3470 4122 Theodoreti.

1965 4116 2057 4195 x‘i.
2091 4126 2221 4192 Qua:
2250 4127 2350 4195 ipsi
2383 4116 2604 4195 objecta.
2636 4116 2972 4195 XIILSct-ibit
3000 4117 3353 4195 Constitutum
3383 4116 3464 4195 γε-

1965 4185 2144 4267 gilius,
2171 4198 2224 4267 in
2265 4185 2366 4267 quo
2393 4185 2705 4267 nominatim
2734 4189 3036 4267 Theodoreti
3069 4202 3347 4267 personant
3371 4185 3471 4267 de-

1967 4256 2152 4336 Tendit,
2183 4256 2478 4336 doctrinam
2505 4262 2744 4336 dalnnat.
2774 4257 2914 4336 Xlll.
2956 4256 3478 4336 Anatltemald‘icitur

1969 4325 2000 4388 a
2032 4325 2249 4388 concilio
2288 4331 2525 4402 aperiens
2559 4328 2883 4402 Theodoreti,
2921 4336 2970 4402 et
3009 4341 3186 4378 eorum
3230 4325 3474 4393 defenso-

1968 4405 2127 4459 ribus.
2169 4397 2336 4474 2m
2369 4399 2509 4454 XIV.
2558 4397 2896 4474 Quappera
2934 4397 3254 4474 damnentur
3272 4413 3319 4474 ξι
3347 4410 3474 4474 cort-

1966 4474 2107 4536 cilio,
2145 4463 2219 4527 ιιῖῖ
2247 4463 2384 4526 ὶόιω
2421 4463 2843 4541 reprehensiones
2876 4465 3232 4538 capitulorum
3263 4463 3474 4536 Cyrilli,

1969 4563 2038 4599 an
2068 4542 2178 4598 alia
2205 4544 2364 4597 etiam
2388 4558 2571 4612 opera.

2302 4632 2379 4682 Ab
2403 4645 2530 4681 anno
2552 4627 2727 4679 Christi
2753 4626 2843 4678 5l8
2868 4628 2927 4676 ad
2949 4627 3061 4678 5355.

1967 4741 2008 4794 l.
2039 4740 2333 4808 Postquam
2363 4736 2504 4791 duos
2539 4735 2653 4790 fere
2688 4740 2832 4787 totos
2863 4747 3035 4786 annos
3063 4745 3309 4785 summus
3336 4742 3471 4798 pon-

1899 4830 2029 4885 tifex
2059 4838 2114 4883 et
2147 4827 2446 4896 imperator
2479 4823 2863 4884 dimicassent,
2896 4820 2986 4874 ille
3027 4817 3330 4888 apostolico
3368 4813 3479 4885 spi-

1901 4921 2032 4984 ritu,
2055 4919 2148 4972 hic
2190 4915 2472 4989 tyrannica
2521 4911 2724 4972 animo,
2761 4910 3100 4965 celebratum
3137 4917 3221 4962 est
3257 4905 3477 4960 tandem

1901 5013 2156 5084 quintum
2195 5008 2513 5069 concilium,
2543 5001 2741 5073 Vigilio
2773 5000 2970 5070 partim
3006 4998 3244 5062 volente,
3279 4996 3476 5066 partim

1905 5102 2096 5158 invito.
2125 5101 2243 5156 Jam
2275 5098 2401 5152 inde
2424 5095 2644 5167 quidem
2671 5093 2740 5146 ah
2772 5089 2930 5145 initio
2962 5087 3152 5142 haberi
3188 5101 3478 5142 consense-

1900 5202 2005 5258 rat,
2033 5193 2129 5249 sed
2157 5193 2211 5246 in
2236 5189 2444 5252 Sicilia,
2471 5201 2581 5256 quo
2608 5181 2951 5239 commodius
2977 5177 3262 5246 utriusque
3291 5177 3480 5231 Eccle-

1899 5287 1992 5341 si:c
2013 5284 2273 5355 praesules
2294 5279 2680 5342 convenirent;
2706 5274 2978 5344 repulsam
3002 5285 3216 5341 passus,
3234 5282 3479 5324 assense-

1904 5385 1990 5432 rat
2013 5375 2133 5446 cogi
2163 5376 2218 5429 in
2249 5373 2387 5429 urbe
2414 5370 2584 5441 regia,
2615 5366 2776 5421 modo
2807 5363 3015 5433 integra
3044 5361 3210 5417 trium
3240 5359 3478 5429 capitum

1906 5482 2091 5531 causa,
2128 5464 2376 5521 rescissis
2417 5460 2676 5517 omnibus
2706 5457 2971 5512 hactenus
3010 5469 3073 5508 ca
3102 5453 3168 5508 dc
3204 5467 3260 5507 re
3290 5451 3473 5521 gestis,

1570 5619 1880 5676 SCIlULle
1930 5618 2161 5676 ΝΟΤᾸΞ.

283 5707 327 5738 ⁸⁸
370 5715 494 5772 Vid.
531 5713 694 5780 infra,
734 5715 949 5771 dissert.
987 5715 1051 5771 ad
1093 5714 1282 5785 synod.
1313 5731 1365 5781 v,
1401 5730 1520 5784 cap.
1557 5715 1656 5768 ult.
