3952 6294
438 372 439 377 “
513 360 605 426 191

1636 358 2012 419 ΟΛΠΝΕΙΙΙΙ
2054 353 2547 415 DI’SSERTATIO
2588 354 2633 413 Ι.

3664 348 3766 415 192

499 458 711 526 ένιιωάο
740 467 1170 539 permitteretur.
1205 466 1284 520 Ad
1321 464 1374 519 id
1404 475 1750 521 sacramento
1782 467 2081 536 imperator
2111 484 2148 536 Α
2182 462 2276 530 qui
2302 462 2415 515 Deo
2444 461 2676 531 placeat,
2707 471 2763 515 et
2799 467 3111 515 sanctarum
3147 470 3381 531 quatuor
3426 461 3761 531 synodorum

497 572 556 612 se
587 559 945 630 obligaverat,
979 556 1331 624 stetissetque
1373 555 1665 625 promisso,
1699 571 1795 625 spe
1826 553 2076 625 potiundi

497 650 634 718 voti,
668 650 774 706 nisi
822 648 1146 703 Theodorus
1182 646 1496 718 Cappadox,
1531 646 1738 701 humile
1772 646 1906 701 illud
1941 644 2078 699 aula:

498 741 855 812 mancipium,
882 738 1196 811 frangendae
1223 738 1348 794 ﬁdei
1383 747 1575 793 auctor
1602 737 1819 793 fuisset.

566 832 632 888 ll.
675 831 868 886 Aiebat
901 831 1014 896 ille,
1055 846 1180 886 cum
1220 830 1519 902 abjecisset
1548 831 1631 884 sui
1666 828 1957 884 sacerdotii
1989 843 2076 883 re-

492 924 818 988 verentiam,
852 922 1138 994 indignum
1180 938 1393 977 summa
1441 931 1730 993 potestate,
1767 929 1916 991 gesta
1953 936 1983 974 a
2016 934 2074 974 se

493 1014 812 1071 rescindere
841 1015 910 1069 ad
943 1014 1172 1069 alterius
1199 1013 1489 1068 arbitrium
1523 1030 1535 1066 :
1562 1028 1668 1067 non
1696 1027 1817 1067 esse
1839 1011 2075 1081 impera-

492 1102 651 1168 toris,
689 1103 838 1174 leges
884 1104 1156 1174 accipere,
1192 1103 1286 1159 sed
1329 1103 1461 1158 dare
1496 1120 1508 1155 :
1546 1101 1949 1158 intolerandum
1994 1103 2074 1157 vi-

493 1194 634 1260 deri,
669 1195 970 1260 hominem,
1000 1197 1091 1266 qui
1123 1196 1372 1266 captivus
1403 1195 1495 1260 sit,
1524 1202 1580 1251 et
1612 1194 1821 1251 servire
1850 1194 2069 1259 debeat,

491 1284 767 1342 dominari
791 1288 930 1343 velle
953 1289 1008 1342 in
1040 1289 1175 1343 urbe
1201 1288 1348 1359 regia
1375 1307 1387 1342 :
1415 1302 1726 1358 supremam
1750 1293 1875 1358 post.
1898 1287 2069 1343 Deum

489 1381 834 1451 majestatem
878 1395 987 1433 non
1037 1379 1240 1434 debere
1286 1378 1541 1442 aliorum,
1576 1378 1829 1448 quamvis
1867 1378 2071 1448 episco-

491 1482 712 1538 porum,
741 1468 896 1539 sequi
925 1469 1154 1539 judicia,
1215 1468 1312 1524 sed
1352 1478 1583 1524 cunctos
1617 1470 1882 1539 cujusque
1921 1468 2069 1523 modi

490 1557 559 1611 ad
588 1557 910 1628 obsequium
943 1574 1165 1629 cogere;
1199 1559 1432 1614 Romani
1462 1558 1737 1628 pontiﬁcis
1767 1560 2069 1615 auctorita-

492 1656 601 1702 tem
625 1650 1027 1719 suspiciendam
1047 1650 1286 1720 populis,
1324 1650 1423 1705 sed
1444 1650 1513 1704 ab
1537 1649 1632 1704 illo
1652 1644 1860 1719 despici
1884 1664 2064 1720 posse,

489 1741 647 1810 cujus
679 1742 993 1798 sanctiones
1029 1742 1228 1799 divinae
1266 1742 1462 1798 merito
1500 1742 1761 1799 dicuntur
1783 1751 1840 1799 et
1865 1756 2065 1807 sacrae;

2181 550 2598 606 deﬁnitionibus
2626 560 2895 622 congruat
2924 569 2936 604 :
2973 552 3252 621 quoniam,
3288 552 3488 621 inquit,
3528 553 3597 607 ad
3640 568 3769 620 aug-

2180 652 2424 697 mentum
2462 643 2611 712 pacis
2631 651 2694 696 et
2710 642 3058 698 concordiam
3090 643 3459 699 Ecclesiarum
3499 645 3758 714 pertinet.

2179 745 2239 789 ut
2261 735 2409 790 omni
2446 736 2513 790 de
2540 735 2724 790 medio
2766 735 3109 790 dissensione
3141 734 3376 800 sublata,
3405 751 3525 806 quae
3563 752 3591 790 a
3619 752 3760 806 prae-

2177 826 2339 882 dictis
2359 836 2598 897 quatuor
2620 829 2824 882 sanctis
2848 826 3099 882 conciliis
3125 825 3352 881 deﬁnita
3383 838 3531 892 sunt,
3561 827 3758 890 incone

2176 930 2335 971 cussa
2361 928 2676 981 serventur,
2722 926 3036 972 sanctarum
3077 915 3413 987 synodorum
3449 919 3761 975 reverentia

2177 1006 2231 1061 in
2259 1008 2520 1062 omnibus
2538 1007 2832 1081 custodita.
2867 1026 2886 1059 ι

2245 1097 2335 1154 Vl.
2367 1098 2621 1168 Accepta:
2660 1106 2789 1153 sunt
2818 1098 3074 1171 Eutychii
3106 1099 3304 1154 litterae
3352 1099 3471 1169 ipso
3513 1100 3755 1172 Epipha-

2174 1184 2392 1239 niorum
2425 1185 2516 1240 die
2553 1204 2566 1239 :
2599 1193 2770 1256 utque
2795 1196 2954 1241 erant
2983 1186 3291 1242 reverentia
3318 1196 3374 1241 et
3402 1188 3604 1257 pietate
3643 1191 3757 1261 ple-

2172 1291 2276 1341 nae,
2305 1277 2551 1331 animum
2579 1278 2759 1349 Vigilii
2797 1278 3089 1334 infractum
3117 1280 3293 1344 malis,
3326 1288 3381 1335 et
3418 1282 3757 1339 tumultuan-

2174 1369 2246 1424 tis
2266 1370 2525 1426 Ecclesiae
2560 1381 2879 1442 pertaesum,
2910 1372 2966 1426 in
2993 1381 3178 1443 partes
3210 1373 3537 1440 clementiae,
3570 1378 3656 1432 vel
3685 1393 3754 1433 eo

2172 1458 2427 1523 maxime,
2460 1458 2814 1526 inﬂexerant,
2842 1461 2991 1531 quod
3010 1477 3361 1517 communem
3390 1464 3637 1518 omnium
3658 1482 3754 1534 pa-

2171 1549 2537 1605 triarcharum
2569 1551 2733 1606 ﬁdem
2754 1552 3141 1619 continerent,
3186 1553 3379 1624 illique
3424 1556 3539 1611 suis
3568 1556 3757 1612 nomi~

2170 1637 2336 1694 nibus
2380 1639 2709 1712 subscriptis
2738 1650 2925 1698 sancte
2942 1643 3193 1713 jurarent
3227 1659 3285 1699 se
3315 1653 3553 1715 quatuor
3582 1661 3749 1718 syno-

2170 1730 2270 1786 dos
2313 1733 2463 1788 omni
2493 1749 2560 1788 ex
2600 1741 2758 1805 parte
2797 1735 3078 1806 amplecti,
3111 1752 3215 1792 nec
3238 1736 3381 1792 velle
3411 1737 3563 1793 aliud
3586 1738 3753 1809 quid-

489 1838 708 1901 paratos
751 1845 872 1886 esse
921 1829 1281 1887 Orientalium
1328 1832 1542 1887 animos
1565 1831 1635 1886 ad
1689 1832 2065 1895 serviendum,
2103 1820 2140 1874 Β
2171 1822 2317 1889 Piam
2365 1824 2592 1879 οηπιίιιο
2640 1833 2850 1881 “mare
2900 1842 3067 1897 quam
3108 1827 3258 1898 (ἰυοά
3303 1829 3452 1884 salva
3504 1830 3751 1901 ipsum“

488 1922 654 1976 riiodo
679 1923 968 1979 videantur
997 1925 1115 1994 cogi
1144 1938 1160 1977 :
1190 1923 1420 1994 cogendi
1451 1923 1671 1979 modum
1700 1922 2063 1993 aptissimum,

487 2013 532 2069 si
580 2014 959 2079 restituantur,
991 2030 1113 2085 qure
1151 2014 1386 2070 rescindi
1427 2014 1563 2070 velit
1602 2014 1878 2085 pontifex,
1917 2024 1973 2070 et
2010 2015 2065 2070 in

486 2106 728 2163 Ecclesia
762 2117 1162 2178 proponantur,
1191 2108 1247 2163 in
1281 2124 1444 2179 quam
1484 2108 1779 2163 convenire
1821 2108 2064 2179 episcopi

484 2201 903 2270 compellantur,
949 2208 1010 2257 ut
1053 2217 1155 2271 pro
1202 2203 1534 2272 imperatore
1577 2216 1770 2273 preces
1818 2217 2065 2256 commu-

486 2289 629 2345 niter
676 2291 933 2358 fundant;
991 2308 1184 2348 omnes
1226 2308 1573 2357 assensuros,
1612 2300 1814 2363 praeter
1858 2308 2063 2363 paucos

482 2383 576 2453 qui
621 2384 806 2453 sperni
847 2385 999 2439 nullo
1043 2384 1244 2439 damno
1288 2394 1494 2454 queant
1522 2377 1547 2438 ‘:
1585 2399 1867 2439 assensum
1917 2385 2062 2456 ejus-

478 2473 629 2528 modi
668 2473 914 2529 futurum
955 2475 1175 2530 arrbam
1209 2476 1501 2546 praestandi
1531 2492 1562 2529 a
1589 2476 1917 2546 patriarebis
1945 2493 2062 2532 om-

479 2565 645 2620 nibus
668 2566 936 2636 obsequii,
963 2575 1019 2622 cl
1042 2568 1197 2637 quasi
1235 2568 1642 2638 pracjudicatam
1674 2570 1864 2641 synodi
1890 2571 2059 2626 totius

479 2658 807 2713 Sententiam
843 2677 855 2712 :
889 2675 1000 2713 non
1040 2659 1237 2714 decere
1280 2658 1563 2713 dominum
1586 2660 1763 2725 orbis,
1794 2661 2058 2717 adhibitis

477 2750 829 2805 cautionibus
874 2759 1166 2820 praestare,
1209 2749 1354 2821 quod
1393 2750 1638 2822 jussione
1684 2752 1858 2822 possit
1894 2769 1906 2805 :
1946 2769 2054 2808 non

476 2836 620 2894 hanc
654 2839 821 2895 fuisse
858 2840 997 2895 divae
1034 2840 1334 2896 Theodorae
1373 2849 1635 2905 mentem,
1671 2857 1793 2896 cum
1824 2841 2053 2909 diceret,

475 2929 882 2999 imperatoriam
908 2930 1245 2999 majestatem
1269 2930 1381 2984 sola
1403 2928 1586 2983 divina
1610 2929 1878 2984 minorem
1900 2945 2051 2986 esse:

474 3021 871 3090 parentandum
914 3020 1170 3091 Augustae
1206 3020 1481 3085 manibus,
1506 3035 1618 3090 quo
1655 3021 1890 3078 maxime
1930 3039 2055 3078 ave-

474 3112 587 3176 bat,
623 3111 973 3167 inimicorum
1008 3111 1385 3182 depressione.

542 3204 631 3259 Ill.
662 3204 757 3259 llis
784 3204 948 3259 aulici
975 3203 1218 3274 episcopi
1245 3203 1546 3259 mendaciis
1571 3203 1844 3259 abductus
1870 3220 1899 3258 a
1927 3220 2052 3274 pro-

473 3293 653 3365 posito
674 3294 1036 3361 Justinianus,
1062 3303 1247 3364 spreto
1273 3304 1638 3359 sacramento,
1660 3295 1792 3350 fecit
1813 3302 2053 3365 potesta-

473 3392 583 3438 tem
615 3384 941 3440 restituendi
966 3384 1023 3439 in
1049 3384 1347 3456 integrum,
1369 3385 1513 3456 quod
1540 3386 1702 3455 paulo
1726 3393 1854 3439 ante
1886 3386 2053 3439 resci-

471 3475 647 3531 derat.
683 3476 939 3532 Edictum
980 3477 1169 3549 igitur,
1204 3493 1315 3548 quo
1353 3478 1589 3548 quisque
1618 3477 1916 3548 jubebatur
1948 3478 2050 3532 tria

471 3567 709 3639 capitula
740 3567 1022 3635 damnare,
1055 3569 1397 3640 proponitur,
1429 3578 1486 3625 et
1515 3568 1737 3640 quidem
1771 3568 1829 3622 in
1859 3568 2048 3623 Eccle-

471 3659 573 3724 sia,
603 3676 715 3730 quo
747 3661 1057 3732 religiosius
1090 3661 1390 3717 videretur.

540 3750 628 3806 IV.
664 3751 911 3807 Pontifex
946 3761 1055 3807 tam
1078 3750 1434 3821 perﬁdiosum
1461 3751 1676 3807 facinus
1709 3760 2046 3816 exsecratus,

469 3843 727 3914 prohibet
762 3845 984 3910 acriter,
1024 3858 1093 3898 ne
1139 3844 1264 3914 quis
1302 3852 1493 3914 pareat
1530 3861 1543 3897 :
1580 3843 1676 3914 qui
1717 3842 1870 3909 faxit,
1902 3853 2050 3899 vetat

469 3934 579 3991 frui
627 3936 1011 3992 communione
1051 3934 1199 3992 sedis
1245 3934 1578 4005 apostolicae,
1622 3943 1678 3989 et
1717 3935 1802 3990 sui
1837 3935 2048 3990 ordinis

467 4026 667 4098 gradu;
708 4028 1066 4084 denuntiatur
1104 4027 1425 4097 prohibitio,
1462 4034 1524 4081 ut
1560 4035 1800 4096 oportet,
1831 4028 2046 4097 episco-

467 4120 553 4191 pis
581 4138 594 4173 ε
626 4120 767 4175 trahi
815 4129 994 4176 tamen
1025 4135 1083 4175 se
1111 4119 1394 4187 patiuntur
1421 4134 1452 4173 a
1476 4119 1770 4173 Theodoro
1799 4119 1853 4173 in
1888 4119 2048 4174 obse-

466 4213 678 4283 quium,
704 4228 813 4283 quo
835 4213 1028 4283 polluti
1049 4212 1114 4267 ad
1135 4227 1290 4267 sacra
1311 4227 1434 4266 mox
1454 4211 1715 4282 mysteria
1737 4225 1859 4266 cum
1885 4209 2042 4282 24],

466 4305 727 4361 facinoris
762 4315 987 4360 auctore
1017 4304 1306 4359 accedunt.
1335 4302 1695 4359 Becrudescit
1726 4303 1931 4359 bellum
1957 4303 2047 4358 Vi-

2168 1913 2478 1967 reverentia
2508 1912 2685 1970 fieret.

2238 2003 2508 2085 Eutychio
2541 2006 2709 2077 igitur
2731 2007 2977 2078 pontifex
3007 2009 3273 2079 postridie
3302 2011 3578 2077 rescribit,
3616 2011 3752 2070 ﬁde-

2165 2111 2273 2166 que
2309 2096 2484 2166 ipsius
2514 2098 2757 2166 laudata,
2794 2100 3010 2166 annuit,
3051 2110 3113 2156 ut
3143 2101 3212 2157 de
3253 2102 3436 2159 tribus
3463 2104 3748 2174 capitulis,

2164 2203 2232 2242 ex
2255 2188 2458 2257 quibus
2485 2191 2718 2259 quaestio
2738 2199 2867 2246 nata
2893 2200 2997 2256 est,
3028 2191 3173 2249 facto
3191 2193 3429 2264 regulari
3447 2203 3746 2262 conventu.

2162 2280 2422 2348 aequitate
2462 2289 2700 2348 servata,
2761 2284 2958 2340 mediis
3017 2285 3380 2341 sacrosanctis
3435 2285 3749 2359 Evangeliis

2163 2371 2382 2426 collatio
2403 2386 2529 2427 cum
2561 2374 2731 2431 unitis
2753 2374 3018 2430 fratribus
3048 2375 3339 2432 habeatur.
3377 2397 3395 2430 ι

2234 2463 2342 2517 VII.
2380 2465 2510 2519 Post
2547 2464 2690 2521 hanc
2726 2467 2941 2521 veniam
2989 2465 3253 2523 indicitur
3291 2469 3363 2524 ab
3408 2470 3745 2542 imperatore

2161 2555 2404 2625 synodus
2452 2557 2519 2611 ad
2559 2567 2814 2627 quartum
2848 2560 3051 2615 abhinc
3078 2575 3343 2627 mensem,
3375 2564 3471 2633 qui
3512 2563 3688 2620 Maius
3723 2582 3741 2621 :

2162 2645 2445 2712 indicitur,
2484 2647 2731 2717 inquam,
2783 2650 3113 2707 celebranda
3142 2669 3198 2707 nl
3224 2653 3427 2713 Nonas.
3457 2670 3581 2724 quae
3599 2654 3743 2712 feria

2160 2737 2420 2800 secunda,
2452 2748 2573 2807 post
2608 2741 2835 2795 alteram
2861 2759 2890 2795 a
2914 2743 3009 2813 νέᾳ
3034 2747 3266 2816 κυριακῇ
3296 2746 3640 2801 Dominicam
3667 2748 3740 2802 ".

2159 2829 2345 2898 Neque
2374 2830 2522 2884 enim
2569 2832 2724 2900 prius
2768 2832 2969 2887 habere
3003 2833 3199 2888 licuit:
3235 2851 3360 2889 nam
3396 2836 3576 2905 primo
3609 2846 3741 2895 ante

2150 2921 2378 2991 jejunia,
2406 2938 2641 2991 quorum
2671 2924 2888 2977 initium
2934 2924 3129 2979 incidit
3162 2941 3308 2981 anno
3335 2928 3441 2983 555
3482 2929 3541 2985 in
3588 2930 3744 2987 diem

2155 3012 2408 3080 quintum
2450 3012 2660 3074 Martii,
2697 3014 2887 3069 Patres
2934 3017 3118 3070 vocari
3172 3020 3582 3090 convenireque
3622 3037 3742 3078 non

2157 3107 2443 3168 poterant;
2481 3102 2681 3157 deinde
2727 3103 3068 3172 jejuniorum
3114 3116 3362 3176 tempore
3397 3124 3519 3164 mos
3549 3112 3742 3167 eccle-

2155 3189 2412 3247 siasticus
2437 3192 2658 3248 vetabat
2688 3193 2955 3248 celebrari
2980 3195 3237 3266 synodos,
3270 3199 3744 3266 quemadmodum

2152 3291 2210 3338 et
2238 3283 2392 3340 festis
2434 3285 2825 3348 Paschalihus,
2861 3301 3100 3356 quorum
3140 3287 3459 3346 Dominicus
3501 3291 3743 3361 contigit

2152 3372 2241 3428 die
2263 3372 2333 3427 20
2354 3375 2583 3445 Aprilis,
2616 3385 2782 3446 atque
2812 3377 2885 3431 ita
2906 3376 3003 3430 νέα
3023 3378 3283 3449 κυριακὴ,
3306 3394 3414 3448 qua
3445 3378 3581 3436 festa
3609 3397 3742 3452 pcr-

2152 3475 2389 3535 aguntur
2411 3505 2426 3529 ,
2457 3466 2549 3521 die
2583 3467 2652 3520 27
2697 3467 2943 3535 ejusdem
2977 3469 3216 3532 mensis;
3251 3468 3494 3540 denique
3535 3487 3741 3529 conce-

2150 3553 2317 3608 dendi
2350 3556 2566 3609 fuerant
2619 3555 2874 3611 Patribus
2908 3557 3029 3613 dies
3066 3556 3355 3613 minimum
3404 3569 3609 3630 septem
3660 3562 3735 3617 ad

2149 3643 2614 3708 conveniendum,
2645 3644 2948 3715 synodique
2971 3644 3039 3700 de
3074 3660 3228 3700 more
3259 3646 3568 3702 faciendum
3594 3649 3734 3706 feria

2149 3735 2391 3791 secunda
2428 3735 2670 3790 initium.
2712 3734 3073 3791 Suiliciebant
3099 3753 3268 3807 porro
3306 3740 3466 3809 pauci
3501 3740 3580 3794 illi
3609 3741 3735 3797 dies

2149 3827 2547 3898 congregandis
2595 3828 2897 3884 Patribus:
2934 3844 3061 3884 nam
3112 3838 3169 3884 et
3229 3832 3464 3886 maxima
3500 3847 3626 3902 pars
3669 3832 3732 3887 in

2150 3919 2285 3974 urbe
2321 3931 2460 3982 erat,
2493 3929 2550 3975 et
2577 3919 2712 3975 ﬁdes
2741 3919 3093 3991 praesentium
3135 3921 3450 3992 imperatori
3481 3922 3725 3994 obligata

2148 4009 2270 4074 fuit,
2295 4020 2352 4066 et
2378 4011 2737 4076 advenarum,
2769 4013 2815 4066 si
2844 4013 3032 4083 plures
3058 4013 3219 4084 longe
3252 4015 3599 4078 accederent,
3641 4013 3728 4068 af-

2148 4101 2313 4157 fectio
2343 4102 2525 4156 timeri
2552 4101 2752 4172 potuit.

2220 4191 2380 4260 242
2408 4191 2537 4246 VHI-
2564 4191 2859 4246 lnchoatur
2879 4208 3010 4263 ergo
3027 4192 3320 4247 concilium
3346 4192 3436 4246 die
3460 4209 3490 4247 v
3516 4192 3728 4260 Maii",

2148 4282 2383 4337 habetur
2412 4281 2625 4352 integro
2649 4282 2763 4337 fere
2796 4299 2982 4338 mense
3015 4301 3027 4337 :
3062 4291 3187 4338 octo
3214 4282 3603 4338 collationibus
3630 4285 3730 4341 ab-

465 4439 847 4544 ?unominatim
900 4487 968 4541 de
1018 4439 1191 4557 gradu
1208 4439 1519 4557 udejicitur,
1570 4486 1753 4541 caeteri
1788 4439 2042 4557 l«ﬂapiscOpi
2076 4485 2119 4541 D
2148 4463 2348 4557 Ρξίξίιίυξ
2381 4462 3093 4557 ξ’).Ῑίῗξθηάίεξῃίφρέηιξψε
3123 4463 3530 4557 ειᾲᾲεγηςξᾶιιη),
3556 4463 3726 4537 Euty-

467 4579 872 4633 interdicuntur
896 4552 1089 4640 sacris,
1114 4577 1291 4633 donec
1307 4552 1690 4643 consentiant;
1716 4552 1851 4633 cum.
1868 4552 2046 4650 capite
2147 4553 2350 4650 (ξδίίέά
2386 4552 2665 4650 “sum”,
2691 4554 2871 4625 “gilii
2906 4554 2975 4609 ad
2994 4555 3727 4650 Eutyyhiuuﬂiueristim-

464 4669 724 4725 Ecclesia:
748 4669 991 4724 animose
1019 4677 1291 4740 pugnatur
1311 4669 1443 4723 hinc
1469 4678 1525 4724 et
1554 4669 1701 4734 inde,
1730 4669 1825 4725 sed
1858 4684 1885 4723 a
1912 4685 2049 4740 pon-

469 4760 628 4815 tiﬁcis
662 4768 840 4830 parte,
875 4758 1026 4814 velut
1058 4777 1086 4814 a
1125 4759 1458 4831 martyribus
1490 4760 1649 4825 solet,
1695 4760 1763 4815 ab
1793 4760 1899 4814 alia
1931 4766 2049 4814 tan-

461 4866 625 4922 quam
660 4867 688 4904 a
720 4851 1190 4921 persecutoribus.

535 4941 598 4995 ν.
623 4939 845 4995 interim
889 4939 1113 4995 Mcnnas
1146 4942 1401 5005 moritur,
1446 4940 1694 4996 succedit
1736 4943 2041 5016 Eutychins

463 5028 549 5083 vir
592 5038 835 5093 sanctus,
866 5028 960 5100 qui
985 5044 1113 5083 mox
1141 5029 1207 5084 ad
1251 5029 1564 5100 pontiﬁcem
1605 5046 1718 5085 suae
1764 5031 1889 5087 ﬁdei
1924 5032 2039 5089 for-

466 5133 606 5172 mam
649 5117 716 5172 de
758 5132 910 5172 more
965 5117 1629 5182 mittit,communionem
1665 5118 2037 5190 deprecatus:

464 5206 720 5277 emugital
742 5206 903 5260 simul
940 5220 1038 5276 per
1070 5206 1323 5277 Vigilium
1365 5215 1691 5276 potestatem
1734 5206 1854 5262 ﬁeri
1895 5209 2040 5264 cele-

467 5293 690 5348 brandae
729 5293 943 5362 synodi,
978 5311 996 5343 ι
1038 5292 1094 5348 in
1122 5310 1251 5363 qua,
1289 5300 1352 5347 ut
1379 5293 1473 5358 ait,
1503 5293 1830 5364 praesidente
1858 5295 2042 5366 ponti-

469 5380 589 5444 fice,
619 5381 722 5435 sub
759 5380 1157 5451 tranquillitate
1182 5388 1238 5436 et
1259 5381 1703 5447 mansuetudine,
1744 5383 2043 5452 propositis

465 5468 672 5523 sanctis
725 5466 1054 5539 Evangeliis,
1101 5468 1379 5523 communi
1413 5477 1668 5534 tractatu,
1709 5470 1947 5539 capitula
1975 5469 2042 5524 ad

465 5578 691 5616 examen
720 5569 1017 5615 vocentur:
1043 5571 1093 5615 ct
1121 5561 1407 5633 quaestioni
1440 5562 1752 5632 imponatur
1783 5562 1871 5616 ille
1899 5561 2040 5627 ﬁnis,

2144 4646 2241 4701 tim
2271 4645 2327 4700 in
2352 4647 2522 4701 variis
2544 4645 2610 4702 ad
2642 4661 2917 4701 summum
2960 4646 3274 4717 pontiﬁcem
3321 4648 3719 4719 legationibus,

2144 4738 2349 4810 quibus
2420 4745 2709 4809 rogaretur
2770 4754 3003 4809 praeesse
3071 4738 3356 4806 concilio;
3412 4739 3614 4809 partim
3666 4740 3725 4797 in

2145 4830 2409 4886 vocandis
2441 4829 2639 4885 Africae
2664 4839 2720 4884 et
2754 4829 2957 4898 Illyrici
3003 4831 3300 4901 episcopis,
3353 4831 3449 4901 qui
3492 4831 3550 4887 in
3578 4831 3720 4889 urbe

2144 4932 2336 4985 erant;
2384 4923 2579 4989 partim
2610 4922 2848 4991 denique
2875 4921 2932 4976 in
2977 4923 3101 4978 fidei
3128 4923 3495 4995 professione,
3541 4932 3600 4980 et
3639 4940 3724 4982 re-

2147 5032 2267 5073 rum
2299 5016 2631 5087 agendarum
2660 5016 3055 5086 propositione.

2217 5108 2309 5164 IX.
2364 5107 2541 5164 Causa
2588 5107 2864 5164 Theodori
2942 5108 3313 5180 Mopsuesteni
3366 5112 3720 5168 collationem

2139 5206 2389 5269 quartam
2436 5198 2615 5253 tenuit
2644 5197 2733 5253 die
2773 5198 2839 5253 12
2871 5198 3016 5265 Maii,
3045 5209 3101 5255 et
3125 5202 3372 5272 quintam
3401 5202 3493 5258 die
3528 5218 3723 5259 consc-

2140 5296 2361 5359 quente.
2388 5286 2664 5342 Producta
2694 5300 2824 5343 sunt
2855 5303 2921 5343 ex
2962 5289 3130 5345 variis
3163 5291 3342 5355 libris,
3371 5306 3494 5361 qua:
3525 5291 3723 5347 Nesto-

2143 5380 2227 5435 rio
2256 5378 2535 5433 faverent:
2563 5379 2726 5434 allata
2762 5391 3035 5437 momenta
3065 5397 3262 5447 causae,
3294 5383 3529 5440 diversis
3552 5384 3717 5439 etiam

2140 5486 2207 5525 ex
2230 5470 2384 5535 locis,
2419 5479 2533 5524 tum
2567 5470 2752 5543 Cyrilli
2803 5483 2861 5527 et
2896 5474 3096 5539 Procli,
3142 5485 3306 5545 atque
3338 5475 3503 5530 etiam
3540 5475 3720 5530 Thco~

2142 5560 2338 5622 doreti,
2372 5567 2426 5613 et
2453 5558 2719 5626 aliorum,
2767 5569 2880 5615 tum
2921 5561 3164 5619 historiae
3202 5562 3586 5621 ecclesiasticae
3614 5563 3717 5619 lle-

1853 5692 2158 5746 SCllULZli
2204 5690 2430 5747 NOIJ‘Z.

536 5780 580 5810 ’⁸
612 5789 773 5841 Sacra
798 5788 862 5839 ad
902 5786 1188 5855 synodum.
1259 5789 1299 5816 "7
1341 5787 1457 5840 Viti.
1497 5789 1626 5841 Acta
1655 5785 1843 5857 synodi
1886 5801 1934 5838 v.
