  <div class='ocr_page' id='page_1' title='image "/cluster/home/n/w/nwhite01/storage/ocr_20150623/84/pst.000005712830/105.png"; bbox 0 0 3952 6294; ppageno 0'>
   <div class='ocr_carea' id='block_1_1' title="bbox 496 268 599 333">
    <p class='ocr_par' dir='ltr' id='par_1_1' title="bbox 496 268 599 333">
     <span class='ocr_line' id='line_1_1' title="bbox 496 268 599 333; baseline 0.01 -1"><span class='ocrx_word' id='word_1_1' title='bbox 496 268 599 333; x_wconf 81' lang='grc'><strong>195</strong></span> 
     </span>
    </p>
   </div>
   <div class='ocr_carea' id='block_1_2' title="bbox 1620 269 2624 330">
    <p class='ocr_par' dir='ltr' id='par_1_2' title="bbox 1620 269 2624 330">
     <span class='ocr_line' id='line_1_2' title="bbox 1620 269 2624 330; baseline 0.003 -2"><span class='ocrx_word' id='word_1_2' title='bbox 1620 269 1993 329; x_wconf 84' lang='lat' dir='ltr'><strong>GARNERII</strong></span> <span class='ocrx_word' id='word_1_3' title='bbox 2035 269 2531 330; x_wconf 77' lang='lat' dir='ltr'><strong>DISSERTATIO</strong></span> <span class='ocrx_word' id='word_1_4' title='bbox 2573 273 2624 330; x_wconf 89' lang='grc' dir='ltr'><strong>Ι.</strong></span> 
     </span>
    </p>
   </div>
   <div class='ocr_carea' id='block_1_3' title="bbox 3645 278 3745 341">
    <p class='ocr_par' dir='ltr' id='par_1_3' title="bbox 3645 278 3745 341">
     <span class='ocr_line' id='line_1_3' title="bbox 3645 278 3745 341; baseline 0.05 -4"><span class='ocrx_word' id='word_1_5' title='bbox 3645 278 3745 341; x_wconf 80' lang='lat'><strong>196</strong></span> 
     </span>
    </p>
   </div>
   <div class='ocr_carea' id='block_1_4' title="bbox 493 379 3743 452">
    <p class='ocr_par' dir='ltr' id='par_1_4' title="bbox 493 379 3743 452">
     <span class='ocr_line' id='line_1_4' title="bbox 493 379 3743 452; baseline 0.002 -15"><span class='ocrx_word' id='word_1_6' title='bbox 493 392 676 446; x_wconf 74' lang='grc' dir='ltr'><strong>ιειοιιο,</strong></span> <span class='ocrx_word' id='word_1_7' title='bbox 701 395 810 449; x_wconf 91' lang='lat' dir='ltr'><strong>quo</strong></span> <span class='ocrx_word' id='word_1_8' title='bbox 839 381 1152 434; x_wconf 75' lang='lat' dir='ltr'><strong>continetur</strong></span> <span class='ocrx_word' id='word_1_9' title='bbox 1193 379 1482 435; x_wconf 85' lang='lat' dir='ltr'><strong>consensio</strong></span> <span class='ocrx_word' id='word_1_10' title='bbox 1510 395 1637 433; x_wconf 89' lang='lat' dir='ltr'><strong>cum</strong></span> <span class='ocrx_word' id='word_1_11' title='bbox 1682 381 1959 445; x_wconf 89' lang='lat' dir='ltr'><strong>Nestorio,</strong></span> <span class='ocrx_word' id='word_1_12' title='bbox 2004 380 2059 434; x_wconf 89' lang='lat' dir='ltr'><strong>id</strong></span> <span class='ocrx_word' id='word_1_13' title='bbox 2089 389 2133 442; x_wconf 74' lang='grc' dir='ltr'><strong>Α</strong></span> <span class='ocrx_word' id='word_1_14' title='bbox 2162 381 2363 448; x_wconf 82' lang='lat' dir='ltr'><strong>clesiae,</strong></span> <span class='ocrx_word' id='word_1_15' title='bbox 2398 383 2491 452; x_wconf 85' lang='lat' dir='ltr'><strong>qui</strong></span> <span class='ocrx_word' id='word_1_16' title='bbox 2539 383 2805 436; x_wconf 84' lang='lat' dir='ltr'><strong>unitatem</strong></span> <span class='ocrx_word' id='word_1_17' title='bbox 2854 381 3160 438; x_wconf 87' lang='lat' dir='ltr'><strong>secundum</strong></span> <span class='ocrx_word' id='word_1_18' title='bbox 3197 383 3614 440; x_wconf 84' lang='lat' dir='ltr'><strong>subsistentiam</strong></span> <span class='ocrx_word' id='word_1_19' title='bbox 3646 388 3743 442; x_wconf 85' lang='lat' dir='ltr'><strong>Dei</strong></span> 
     </span>
    </p>
   </div>
   <div class='ocr_carea' id='block_1_5' title="bbox 491 465 2066 537">
    <p class='ocr_par' dir='ltr' id='par_1_5' title="bbox 491 465 2066 537">
     <span class='ocr_line' id='line_1_5' title="bbox 491 465 2066 537; baseline 0.003 -17"><span class='ocrx_word' id='word_1_20' title='bbox 491 468 625 537; x_wconf 86' lang='lat' dir='ltr'><strong>egit,</strong></span> <span class='ocrx_word' id='word_1_21' title='bbox 658 466 806 536; x_wconf 91' lang='lat' dir='ltr'><strong>quod</strong></span> <span class='ocrx_word' id='word_1_22' title='bbox 828 467 1108 521; x_wconf 90' lang='lat' dir='ltr'><strong>doctorem</strong></span> <span class='ocrx_word' id='word_1_23' title='bbox 1132 465 1388 520; x_wconf 83' lang='lat' dir='ltr'><strong>Ecclesiae</strong></span> <span class='ocrx_word' id='word_1_24' title='bbox 1413 466 1643 522; x_wconf 89' lang='lat' dir='ltr'><strong>decebat</strong></span> <span class='ocrx_word' id='word_1_25' title='bbox 1673 487 1685 523; x_wconf 89' lang='lat'><strong>:</strong></span> <span class='ocrx_word' id='word_1_26' title='bbox 1719 470 2066 525; x_wconf 87' lang='lat' dir='ltr'><strong>anathemate</strong></span> 
     </span>
    </p>
   </div>
   <div class='ocr_carea' id='block_1_6' title="bbox 491 555 2067 627">
    <p class='ocr_par' dir='ltr' id='par_1_6' title="bbox 491 555 2067 627">
     <span class='ocr_line' id='line_1_6' title="bbox 491 555 2067 627; baseline 0.001 -16"><span class='ocrx_word' id='word_1_27' title='bbox 491 556 726 627; x_wconf 90' lang='lat' dir='ltr'><strong>perculit</strong></span> <span class='ocrx_word' id='word_1_28' title='bbox 775 558 828 610; x_wconf 91' lang='lat' dir='ltr'><strong>in</strong></span> <span class='ocrx_word' id='word_1_29' title='bbox 872 571 1070 627; x_wconf 85' lang='lat' dir='ltr'><strong>genere</strong></span> <span class='ocrx_word' id='word_1_30' title='bbox 1126 555 1396 625; x_wconf 79' lang='lat' dir='ltr'><strong>quidquid</strong></span> <span class='ocrx_word' id='word_1_31' title='bbox 1446 557 1674 614; x_wconf 88' lang='lat' dir='ltr'><strong>haberet</strong></span> <span class='ocrx_word' id='word_1_32' title='bbox 1731 560 2067 614; x_wconf 73' lang='lat' dir='ltr'><strong>Nestoriante</strong></span> 
     </span>
    </p>
   </div>
   <div class='ocr_carea' id='block_1_7' title="bbox 491 646 2064 718">
    <p class='ocr_par' dir='ltr' id='par_1_7' title="bbox 491 646 2064 718">
     <span class='ocr_line' id='line_1_7' title="bbox 491 646 2064 718; baseline 0.003 -19"><span class='ocrx_word' id='word_1_33' title='bbox 491 646 716 701; x_wconf 70' lang='lat' dir='ltr'><strong>haeresis</strong></span> <span class='ocrx_word' id='word_1_34' title='bbox 767 653 850 700; x_wconf 88' lang='lat' dir='ltr'><strong>vel</strong></span> <span class='ocrx_word' id='word_1_35' title='bbox 903 646 1175 714; x_wconf 81' lang='lat' dir='ltr'><strong>speciem;</strong></span> <span class='ocrx_word' id='word_1_36' title='bbox 1208 654 1322 699; x_wconf 90' lang='lat' dir='ltr'><strong>tum</strong></span> <span class='ocrx_word' id='word_1_37' title='bbox 1358 647 1410 699; x_wconf 94' lang='lat' dir='ltr'><strong>in</strong></span> <span class='ocrx_word' id='word_1_38' title='bbox 1451 649 1792 718; x_wconf 85' lang='lat' dir='ltr'><strong>particulari,</strong></span> <span class='ocrx_word' id='word_1_39' title='bbox 1835 651 2064 704; x_wconf 86' lang='lat' dir='ltr'><strong>anathe-</strong></span> 
     </span>
    </p>
   </div>
   <div class='ocr_carea' id='block_1_8' title="bbox 489 738 2064 807">
    <p class='ocr_par' dir='ltr' id='par_1_8' title="bbox 489 738 2064 807">
     <span class='ocr_line' id='line_1_8' title="bbox 489 738 2064 807; baseline 0.003 -17"><span class='ocrx_word' id='word_1_40' title='bbox 489 738 760 792; x_wconf 88' lang='lat' dir='ltr'><strong>matismis</strong></span> <span class='ocrx_word' id='word_1_41' title='bbox 783 738 1030 806; x_wconf 89' lang='lat' dir='ltr'><strong>quinque</strong></span> <span class='ocrx_word' id='word_1_42' title='bbox 1069 746 1329 807; x_wconf 80' lang='lat' dir='ltr'><strong>excerpta</strong></span> <span class='ocrx_word' id='word_1_43' title='bbox 1357 739 1586 793; x_wconf 83' lang='lat' dir='ltr'><strong>totidem</strong></span> <span class='ocrx_word' id='word_1_44' title='bbox 1628 754 1695 794; x_wconf 80' lang='lat' dir='ltr'><strong>ex</strong></span> <span class='ocrx_word' id='word_1_45' title='bbox 1731 740 2064 795; x_wconf 89' lang='lat' dir='ltr'><strong>Theodoreti</strong></span> 
     </span>
    </p>
   </div>
   <div class='ocr_carea' id='block_1_9' title="bbox 487 826 1949 908">
    <p class='ocr_par' dir='ltr' id='par_1_9' title="bbox 487 826 1949 908">
     <span class='ocr_line' id='line_1_9' title="bbox 487 826 1949 908; baseline 0.002 -29"><span class='ocrx_word' id='word_1_46' title='bbox 487 826 643 882; x_wconf 87' lang='lat' dir='ltr'><strong>libris</strong></span> <span class='ocrx_word' id='word_1_47' title='bbox 679 827 978 881; x_wconf 79' lang='lat' dir='ltr'><strong>damnavit.</strong></span> <span class='ocrx_word' id='word_1_48' title='bbox 1943 901 1949 908; x_wconf 83' lang='lat'><strong><em>_</em></strong></span> 
     </span>
    </p>
   </div>
   <div class='ocr_carea' id='block_1_10' title="bbox 559 917 2064 988">
    <p class='ocr_par' dir='ltr' id='par_1_10' title="bbox 559 917 2064 988">
     <span class='ocr_line' id='line_1_10' title="bbox 559 917 2064 988; baseline 0.003 -17"><span class='ocrx_word' id='word_1_49' title='bbox 559 919 612 973; x_wconf 84' lang='lat' dir='ltr'><strong>l.</strong></span> <span class='ocrx_word' id='word_1_50' title='bbox 648 937 666 969; x_wconf 85' lang='grc'><em>‹</em></span> <span class='ocrx_word' id='word_1_51' title='bbox 703 917 759 972; x_wconf 88' lang='lat' dir='ltr'><strong>Si</strong></span> <span class='ocrx_word' id='word_1_52' title='bbox 792 917 916 988; x_wconf 90' lang='lat' dir='ltr'><strong>quis</strong></span> <span class='ocrx_word' id='word_1_53' title='bbox 941 925 1153 973; x_wconf 89' lang='lat' dir='ltr'><strong>servata</strong></span> <span class='ocrx_word' id='word_1_54' title='bbox 1182 918 1707 974; x_wconf 85' lang='lat' dir='ltr'><strong>inconvertibilitate</strong></span> <span class='ocrx_word' id='word_1_55' title='bbox 1739 930 1949 976; x_wconf 72' lang='lat' dir='ltr'><strong>natura:</strong></span> <span class='ocrx_word' id='word_1_56' title='bbox 1977 921 2064 975; x_wconf 87' lang='lat' dir='ltr'><strong>di-</strong></span> 
     </span>
    </p>
   </div>
   <div class='ocr_carea' id='block_1_11' title="bbox 485 1008 2064 1078">
    <p class='ocr_par' dir='ltr' id='par_1_11' title="bbox 485 1008 2064 1078">
     <span class='ocr_line' id='line_1_11' title="bbox 485 1008 2064 1078; baseline 0.004 -17"><span class='ocrx_word' id='word_1_57' title='bbox 485 1009 648 1073; x_wconf 80' lang='lat' dir='ltr'><strong>vime,</strong></span> <span class='ocrx_word' id='word_1_58' title='bbox 680 1025 789 1063; x_wconf 90' lang='lat' dir='ltr'><strong>non</strong></span> <span class='ocrx_word' id='word_1_59' title='bbox 821 1008 1116 1064; x_wconf 91' lang='lat' dir='ltr'><strong>conﬁtetur</strong></span> <span class='ocrx_word' id='word_1_60' title='bbox 1143 1011 1378 1065; x_wconf 90' lang='lat' dir='ltr'><strong>Verbum</strong></span> <span class='ocrx_word' id='word_1_61' title='bbox 1413 1026 1636 1065; x_wconf 90' lang='lat' dir='ltr'><strong>carnem</strong></span> <span class='ocrx_word' id='word_1_62' title='bbox 1666 1012 1890 1078; x_wconf 88' lang='lat' dir='ltr'><strong>factum,</strong></span> <span class='ocrx_word' id='word_1_63' title='bbox 1917 1021 1972 1069; x_wconf 89' lang='lat' dir='ltr'><strong>et</strong></span> <span class='ocrx_word' id='word_1_64' title='bbox 1995 1028 2064 1067; x_wconf 85' lang='lat' dir='ltr'><strong>ex</strong></span> 
     </span>
    </p>
   </div>
   <div class='ocr_carea' id='block_1_12' title="bbox 484 1100 2064 1170">
    <p class='ocr_par' dir='ltr' id='par_1_12' title="bbox 484 1100 2064 1170">
     <span class='ocr_line' id='line_1_12' title="bbox 484 1100 2064 1170; baseline 0.004 -17"><span class='ocrx_word' id='word_1_65' title='bbox 484 1100 602 1169; x_wconf 88' lang='lat' dir='ltr'><strong>ipsa</strong></span> <span class='ocrx_word' id='word_1_66' title='bbox 637 1101 994 1170; x_wconf 90' lang='lat' dir='ltr'><strong>conceptione</strong></span> <span class='ocrx_word' id='word_1_67' title='bbox 1022 1100 1089 1154; x_wconf 89' lang='lat' dir='ltr'><strong>de</strong></span> <span class='ocrx_word' id='word_1_68' title='bbox 1115 1111 1270 1156; x_wconf 87' lang='lat' dir='ltr'><strong>utero</strong></span> <span class='ocrx_word' id='word_1_69' title='bbox 1295 1101 1536 1170; x_wconf 80' lang='lat' dir='ltr'><strong>Virginis</strong></span> <span class='ocrx_word' id='word_1_70' title='bbox 1568 1103 1821 1158; x_wconf 68' lang='lat' dir='ltr'><strong>humana:</strong></span> <span class='ocrx_word' id='word_1_71' title='bbox 1851 1112 2064 1159; x_wconf 72' lang='lat' dir='ltr'><strong>natura:</strong></span> 
     </span>
    </p>
   </div>
   <div class='ocr_carea' id='block_1_13' title="bbox 482 1189 2062 1262">
    <p class='ocr_par' dir='ltr' id='par_1_13' title="bbox 482 1189 2062 1262">
     <span class='ocr_line' id='line_1_13' title="bbox 482 1189 2062 1262; baseline 0.004 -20"><span class='ocrx_word' id='word_1_72' title='bbox 482 1189 588 1243; x_wconf 87' lang='lat' dir='ltr'><strong>sibi</strong></span> <span class='ocrx_word' id='word_1_73' title='bbox 619 1189 921 1243; x_wconf 89' lang='lat' dir='ltr'><strong>secundum</strong></span> <span class='ocrx_word' id='word_1_74' title='bbox 966 1191 1378 1245; x_wconf 89' lang='lat' dir='ltr'><strong>subsistentiam</strong></span> <span class='ocrx_word' id='word_1_75' title='bbox 1428 1191 1612 1246; x_wconf 87' lang='lat' dir='ltr'><strong>unisse</strong></span> <span class='ocrx_word' id='word_1_76' title='bbox 1645 1193 1934 1262; x_wconf 78' lang='lat' dir='ltr'><strong>principia,</strong></span> <span class='ocrx_word' id='word_1_77' title='bbox 1964 1193 2062 1249; x_wconf 91' lang='lat' dir='ltr'><strong>sed</strong></span> 
     </span>
    </p>
   </div>
   <div class='ocr_carea' id='block_1_14' title="bbox 485 1279 2062 1349">
    <p class='ocr_par' dir='ltr' id='par_1_14' title="bbox 485 1279 2062 1349">
     <span class='ocr_line' id='line_1_14' title="bbox 485 1279 2062 1349; baseline 0.004 -18"><span class='ocrx_word' id='word_1_78' title='bbox 485 1286 742 1346; x_wconf 88' lang='lat' dir='ltr'><strong>tanquam</strong></span> <span class='ocrx_word' id='word_1_79' title='bbox 789 1293 913 1332; x_wconf 90' lang='lat' dir='ltr'><strong>cum</strong></span> <span class='ocrx_word' id='word_1_80' title='bbox 954 1280 1251 1333; x_wconf 82' lang='lat' dir='ltr'><strong>exsistente</strong></span> <span class='ocrx_word' id='word_1_81' title='bbox 1295 1280 1406 1349; x_wconf 90' lang='lat' dir='ltr'><strong>jam</strong></span> <span class='ocrx_word' id='word_1_82' title='bbox 1457 1280 1679 1335; x_wconf 88' lang='lat' dir='ltr'><strong>homine</strong></span> <span class='ocrx_word' id='word_1_83' title='bbox 1725 1279 1892 1336; x_wconf 75' lang='lat' dir='ltr'><strong>fuerit</strong></span> <span class='ocrx_word' id='word_1_84' title='bbox 1919 1282 2062 1337; x_wconf 87' lang='lat' dir='ltr'><strong>Deus</strong></span> 
     </span>
    </p>
   </div>
   <div class='ocr_carea' id='block_1_15' title="bbox 485 1366 2061 1442">
    <p class='ocr_par' dir='ltr' id='par_1_15' title="bbox 485 1366 2061 1442">
     <span class='ocr_line' id='line_1_15' title="bbox 485 1366 2061 1442; baseline 0.002 -20"><span class='ocrx_word' id='word_1_85' title='bbox 485 1366 746 1432; x_wconf 80' lang='lat' dir='ltr'><strong>Verbum,</strong></span> <span class='ocrx_word' id='word_1_86' title='bbox 783 1376 839 1421; x_wconf 87' lang='lat' dir='ltr'><strong>ut</strong></span> <span class='ocrx_word' id='word_1_87' title='bbox 866 1383 964 1436; x_wconf 91' lang='lat' dir='ltr'><strong>per</strong></span> <span class='ocrx_word' id='word_1_88' title='bbox 999 1368 1102 1421; x_wconf 89' lang='lat' dir='ltr'><strong>hoc</strong></span> <span class='ocrx_word' id='word_1_89' title='bbox 1124 1383 1233 1422; x_wconf 91' lang='lat' dir='ltr'><strong>non</strong></span> <span class='ocrx_word' id='word_1_90' title='bbox 1267 1378 1457 1423; x_wconf 86' lang='lat' dir='ltr'><strong>sancta</strong></span> <span class='ocrx_word' id='word_1_91' title='bbox 1493 1370 1656 1440; x_wconf 85' lang='lat' dir='ltr'><strong>Virgo</strong></span> <span class='ocrx_word' id='word_1_92' title='bbox 1684 1387 1814 1426; x_wconf 86' lang='lat' dir='ltr'><strong>vere</strong></span> <span class='ocrx_word' id='word_1_93' title='bbox 1844 1372 1940 1425; x_wconf 92' lang='lat' dir='ltr'><strong>Dei</strong></span> <span class='ocrx_word' id='word_1_94' title='bbox 1965 1387 2061 1442; x_wconf 82' lang='lat' dir='ltr'><strong>ge-</strong></span> 
     </span>
    </p>
   </div>
   <div class='ocr_carea' id='block_1_16' title="bbox 482 1459 2058 1531">
    <p class='ocr_par' dir='ltr' id='par_1_16' title="bbox 482 1459 2058 1531">
     <span class='ocr_line' id='line_1_16' title="bbox 482 1459 2058 1531; baseline 0.003 -19"><span class='ocrx_word' id='word_1_95' title='bbox 482 1459 651 1512; x_wconf 78' lang='lat' dir='ltr'><strong>nitrix</strong></span> <span class='ocrx_word' id='word_1_96' title='bbox 692 1474 812 1512; x_wconf 89' lang='lat' dir='ltr'><strong>esse</strong></span> <span class='ocrx_word' id='word_1_97' title='bbox 859 1459 1138 1524; x_wconf 86' lang='lat' dir='ltr'><strong>credatur,</strong></span> <span class='ocrx_word' id='word_1_98' title='bbox 1171 1459 1267 1514; x_wconf 90' lang='lat' dir='ltr'><strong>sed</strong></span> <span class='ocrx_word' id='word_1_99' title='bbox 1318 1459 1491 1513; x_wconf 88' lang='lat' dir='ltr'><strong>verbo</strong></span> <span class='ocrx_word' id='word_1_100' title='bbox 1522 1468 1683 1515; x_wconf 89' lang='lat' dir='ltr'><strong>tenus</strong></span> <span class='ocrx_word' id='word_1_101' title='bbox 1729 1462 2058 1531; x_wconf 87' lang='lat' dir='ltr'><strong>appelletur,</strong></span> 
     </span>
    </p>
   </div>
   <div class='ocr_carea' id='block_1_17' title="bbox 469 1547 945 1601">
    <p class='ocr_par' dir='ltr' id='par_1_17' title="bbox 469 1547 945 1601">
     <span class='ocr_line' id='line_1_17' title="bbox 469 1547 945 1601; baseline -0.004 -1"><span class='ocrx_word' id='word_1_102' title='bbox 469 1547 770 1601; x_wconf 80' lang='lat' dir='ltr'><strong>anathema</strong></span> <span class='ocrx_word' id='word_1_103' title='bbox 801 1549 890 1601; x_wconf 91' lang='lat' dir='ltr'><strong>sit.</strong></span> <span class='ocrx_word' id='word_1_104' title='bbox 927 1567 945 1598; x_wconf 76' lang='grc' dir='ltr'><strong><em>ι</em></strong></span> 
     </span>
    </p>
   </div>
   <div class='ocr_carea' id='block_1_18' title="bbox 551 1638 2058 1708">
    <p class='ocr_par' dir='ltr' id='par_1_18' title="bbox 551 1638 2058 1708">
     <span class='ocr_line' id='line_1_18' title="bbox 551 1638 2058 1708; baseline 0.003 -16"><span class='ocrx_word' id='word_1_105' title='bbox 551 1641 567 1659; x_wconf 78' lang='grc'><strong>¹</strong></span> <span class='ocrx_word' id='word_1_106' title='bbox 598 1640 651 1692; x_wconf 72' lang='grc'><strong>2.</strong></span> <span class='ocrx_word' id='word_1_107' title='bbox 683 1660 700 1690; x_wconf 76' lang='grc' dir='ltr'>ι</span> <span class='ocrx_word' id='word_1_108' title='bbox 751 1638 808 1692; x_wconf 84' lang='lat' dir='ltr'><strong>Si</strong></span> <span class='ocrx_word' id='word_1_109' title='bbox 841 1639 966 1708; x_wconf 84' lang='lat' dir='ltr'><strong>quis</strong></span> <span class='ocrx_word' id='word_1_110' title='bbox 988 1638 1291 1692; x_wconf 85' lang='lat' dir='ltr'><strong>secundum</strong></span> <span class='ocrx_word' id='word_1_111' title='bbox 1334 1638 1747 1694; x_wconf 87' lang='lat' dir='ltr'><strong>subsistentiam</strong></span> <span class='ocrx_word' id='word_1_112' title='bbox 1791 1641 2058 1696; x_wconf 88' lang='lat' dir='ltr'><strong>unitatem</strong></span> 
     </span>
    </p>
   </div>
   <div class='ocr_carea' id='block_1_19' title="bbox 2170 471 3744 539">
    <p class='ocr_par' dir='ltr' id='par_1_19' title="bbox 2170 471 3744 539">
     <span class='ocr_line' id='line_1_19' title="bbox 2170 471 3744 539; baseline 0.004 -14"><span class='ocrx_word' id='word_1_113' title='bbox 2170 471 2334 526; x_wconf 81' lang='lat' dir='ltr'><strong>Verbi</strong></span> <span class='ocrx_word' id='word_1_114' title='bbox 2358 471 2424 526; x_wconf 88' lang='lat' dir='ltr'><strong>ad</strong></span> <span class='ocrx_word' id='word_1_115' title='bbox 2446 487 2669 527; x_wconf 88' lang='lat' dir='ltr'><strong>carnem</strong></span> <span class='ocrx_word' id='word_1_116' title='bbox 2707 472 3064 539; x_wconf 76' lang='lat' dir='ltr'><strong>confitentur,</strong></span> <span class='ocrx_word' id='word_1_117' title='bbox 3090 482 3147 528; x_wconf 89' lang='lat' dir='ltr'><strong>et</strong></span> <span class='ocrx_word' id='word_1_118' title='bbox 3172 489 3282 528; x_wconf 91' lang='lat' dir='ltr'><strong>non</strong></span> <span class='ocrx_word' id='word_1_119' title='bbox 3313 475 3744 532; x_wconf 85' lang='lat' dir='ltr'><strong>anathematizat</strong></span> 
     </span>
    </p>
   </div>
   <div class='ocr_carea' id='block_1_20' title="bbox 2166 566 3739 640">
    <p class='ocr_par' dir='ltr' id='par_1_20' title="bbox 2166 566 3739 640">
     <span class='ocr_line' id='line_1_20' title="bbox 2166 566 3739 640; baseline 0.003 -20"><span class='ocrx_word' id='word_1_120' title='bbox 2166 583 2230 620; x_wconf 91' lang='lat' dir='ltr'><strong>ea</strong></span> <span class='ocrx_word' id='word_1_121' title='bbox 2264 576 2320 621; x_wconf 90' lang='lat' dir='ltr'><strong>et</strong></span> <span class='ocrx_word' id='word_1_122' title='bbox 2358 582 2473 630; x_wconf 92' lang='lat' dir='ltr'><strong>eos,</strong></span> <span class='ocrx_word' id='word_1_123' title='bbox 2514 567 2609 637; x_wconf 89' lang='lat' dir='ltr'><strong>qui</strong></span> <span class='ocrx_word' id='word_1_124' title='bbox 2659 566 2860 621; x_wconf 88' lang='lat' dir='ltr'><strong>similia</strong></span> <span class='ocrx_word' id='word_1_125' title='bbox 2889 567 2978 621; x_wconf 88' lang='lat' dir='ltr'><strong>his</strong></span> <span class='ocrx_word' id='word_1_126' title='bbox 3017 578 3322 637; x_wconf 87' lang='lat' dir='ltr'><strong>sapuerunt</strong></span> <span class='ocrx_word' id='word_1_127' title='bbox 3351 569 3436 623; x_wconf 88' lang='lat' dir='ltr'><strong>vel</strong></span> <span class='ocrx_word' id='word_1_128' title='bbox 3475 570 3739 640; x_wconf 88' lang='lat' dir='ltr'><strong>sapiunt:</strong></span> 
     </span>
    </p>
   </div>
   <div class='ocr_carea' id='block_1_21' title="bbox 2167 655 3744 727">
    <p class='ocr_par' dir='ltr' id='par_1_21' title="bbox 2167 655 3744 727">
     <span class='ocr_line' id='line_1_21' title="bbox 2167 655 3744 727; baseline 0.005 -19"><span class='ocrx_word' id='word_1_129' title='bbox 2167 655 2392 724; x_wconf 89' lang='lat' dir='ltr'><strong>insuper</strong></span> <span class='ocrx_word' id='word_1_130' title='bbox 2417 665 2598 710; x_wconf 88' lang='lat' dir='ltr'><strong>autem</strong></span> <span class='ocrx_word' id='word_1_131' title='bbox 2621 664 2676 710; x_wconf 90' lang='lat' dir='ltr'><strong>et</strong></span> <span class='ocrx_word' id='word_1_132' title='bbox 2701 672 2913 720; x_wconf 91' lang='lat' dir='ltr'><strong>omnes,</strong></span> <span class='ocrx_word' id='word_1_133' title='bbox 2942 657 3036 726; x_wconf 91' lang='lat' dir='ltr'><strong>qui</strong></span> <span class='ocrx_word' id='word_1_134' title='bbox 3063 657 3403 727; x_wconf 86' lang='lat' dir='ltr'><strong>scripserunt</strong></span> <span class='ocrx_word' id='word_1_135' title='bbox 3439 671 3627 713; x_wconf 90' lang='lat' dir='ltr'><strong>contra</strong></span> <span class='ocrx_word' id='word_1_136' title='bbox 3652 677 3744 716; x_wconf 89' lang='lat' dir='ltr'><strong>re-</strong></span> 
     </span>
    </p>
   </div>
   <div class='ocr_carea' id='block_1_22' title="bbox 2166 745 3745 821">
    <p class='ocr_par' dir='ltr' id='par_1_22' title="bbox 2166 745 3745 821">
     <span class='ocr_line' id='line_1_22' title="bbox 2166 745 3745 821; baseline 0.003 -20"><span class='ocrx_word' id='word_1_137' title='bbox 2166 755 2306 801; x_wconf 88' lang='lat' dir='ltr'><strong>ctam</strong></span> <span class='ocrx_word' id='word_1_138' title='bbox 2334 745 2495 801; x_wconf 90' lang='lat' dir='ltr'><strong>ﬁdem</strong></span> <span class='ocrx_word' id='word_1_139' title='bbox 2527 756 2582 801; x_wconf 94' lang='lat' dir='ltr'><strong>et</strong></span> <span class='ocrx_word' id='word_1_140' title='bbox 2616 756 2864 802; x_wconf 90' lang='lat' dir='ltr'><strong>sanctum</strong></span> <span class='ocrx_word' id='word_1_141' title='bbox 2886 747 3171 818; x_wconf 85' lang='lat' dir='ltr'><strong>Cyrillum,</strong></span> <span class='ocrx_word' id='word_1_142' title='bbox 3201 759 3256 802; x_wconf 90' lang='lat' dir='ltr'><strong>et</strong></span> <span class='ocrx_word' id='word_1_143' title='bbox 3301 748 3592 803; x_wconf 89' lang='lat' dir='ltr'><strong>duodecim</strong></span> <span class='ocrx_word' id='word_1_144' title='bbox 3625 752 3745 821; x_wconf 88' lang='lat' dir='ltr'><strong>ejus</strong></span> 
     </span>
    </p>
   </div>
   <div class='ocr_carea' id='block_1_23' title="bbox 2165 839 3743 912">
    <p class='ocr_par' dir='ltr' id='par_1_23' title="bbox 2165 839 3743 912">
     <span class='ocr_line' id='line_1_23' title="bbox 2165 839 3743 912; baseline 0.002 -19"><span class='ocrx_word' id='word_1_145' title='bbox 2165 840 2425 909; x_wconf 88' lang='lat' dir='ltr'><strong>capitula,</strong></span> <span class='ocrx_word' id='word_1_146' title='bbox 2456 848 2511 893; x_wconf 88' lang='lat' dir='ltr'><strong>et</strong></span> <span class='ocrx_word' id='word_1_147' title='bbox 2535 856 2708 909; x_wconf 91' lang='lat' dir='ltr'><strong>usque</strong></span> <span class='ocrx_word' id='word_1_148' title='bbox 2733 840 2802 894; x_wconf 90' lang='lat' dir='ltr'><strong>ad</strong></span> <span class='ocrx_word' id='word_1_149' title='bbox 2824 849 3057 893; x_wconf 90' lang='lat' dir='ltr'><strong>mortem</strong></span> <span class='ocrx_word' id='word_1_150' title='bbox 3097 839 3154 893; x_wconf 91' lang='lat' dir='ltr'><strong>in</strong></span> <span class='ocrx_word' id='word_1_151' title='bbox 3179 840 3271 894; x_wconf 90' lang='lat' dir='ltr'><strong>tali</strong></span> <span class='ocrx_word' id='word_1_152' title='bbox 3308 840 3589 911; x_wconf 88' lang='lat' dir='ltr'><strong>impietate</strong></span> <span class='ocrx_word' id='word_1_153' title='bbox 3615 857 3743 912; x_wconf 89' lang='lat' dir='ltr'><strong>per-</strong></span> 
     </span>
    </p>
   </div>
   <div class='ocr_carea' id='block_1_24' title="bbox 2165 931 3129 995">
    <p class='ocr_par' dir='ltr' id='par_1_24' title="bbox 2165 931 3129 995">
     <span class='ocr_line' id='line_1_24' title="bbox 2165 931 3129 995; baseline -0.001 -11"><span class='ocrx_word' id='word_1_154' title='bbox 2165 939 2506 995; x_wconf 87' lang='lat' dir='ltr'><strong>manserunt,</strong></span> <span class='ocrx_word' id='word_1_155' title='bbox 2538 931 2660 986; x_wconf 93' lang='lat' dir='ltr'><strong>talis</strong></span> <span class='ocrx_word' id='word_1_156' title='bbox 2681 932 2969 986; x_wconf 85' lang='lat' dir='ltr'><strong>anathema</strong></span> <span class='ocrx_word' id='word_1_157' title='bbox 2995 932 3085 987; x_wconf 91' lang='lat' dir='ltr'><strong>sit.</strong></span> <span class='ocrx_word' id='word_1_158' title='bbox 3111 951 3129 983; x_wconf 78' lang='grc' dir='ltr'><strong><em>ι</em></strong></span> 
     </span>
    </p>
   </div>
   <div class='ocr_carea' id='block_1_25' title="bbox 2233 1021 3744 1094">
    <p class='ocr_par' dir='ltr' id='par_1_25' title="bbox 2233 1021 3744 1094">
     <span class='ocr_line' id='line_1_25' title="bbox 2233 1021 3744 1094; baseline 0.003 -18"><span class='ocrx_word' id='word_1_159' title='bbox 2233 1022 2372 1077; x_wconf 80' lang='lat' dir='ltr'><strong>XIV.</strong></span> <span class='ocrx_word' id='word_1_160' title='bbox 2401 1021 2577 1093; x_wconf 88' lang='lat' dir='ltr'><strong>Opera</strong></span> <span class='ocrx_word' id='word_1_161' title='bbox 2609 1023 2720 1078; x_wconf 93' lang='lat' dir='ltr'><strong>duo</strong></span> <span class='ocrx_word' id='word_1_162' title='bbox 2757 1032 2960 1093; x_wconf 73' lang='lat' dir='ltr'><strong>praeter</strong></span> <span class='ocrx_word' id='word_1_163' title='bbox 2981 1024 3242 1094; x_wconf 87' lang='lat' dir='ltr'><strong>epistolas</strong></span> <span class='ocrx_word' id='word_1_164' title='bbox 3272 1034 3330 1079; x_wconf 91' lang='lat' dir='ltr'><strong>et</strong></span> <span class='ocrx_word' id='word_1_165' title='bbox 3379 1025 3744 1081; x_wconf 88' lang='lat' dir='ltr'><strong>allocutiones</strong></span> 
     </span>
    </p>
   </div>
   <div class='ocr_carea' id='block_1_26' title="bbox 2165 1114 3745 1190">
    <p class='ocr_par' dir='ltr' id='par_1_26' title="bbox 2165 1114 3745 1190">
     <span class='ocr_line' id='line_1_26' title="bbox 2165 1114 3745 1190; baseline 0.004 -23"><span class='ocrx_word' id='word_1_166' title='bbox 2165 1123 2481 1184; x_wconf 86' lang='lat' dir='ltr'><strong>tanguntur,</strong></span> <span class='ocrx_word' id='word_1_167' title='bbox 2516 1114 2884 1183; x_wconf 85' lang='grc' dir='ltr'><strong>πενταλόγιον,</strong></span> <span class='ocrx_word' id='word_1_168' title='bbox 2915 1124 2969 1170; x_wconf 89' lang='lat' dir='ltr'><strong>et</strong></span> <span class='ocrx_word' id='word_1_169' title='bbox 3021 1116 3603 1171; x_wconf 88' lang='lat' dir='ltr'><strong>anathematismorum</strong></span> <span class='ocrx_word' id='word_1_170' title='bbox 3641 1118 3745 1190; x_wconf 85' lang='lat' dir='ltr'><strong>Cy-</strong></span> 
     </span>
    </p>
   </div>
   <div class='ocr_carea' id='block_1_27' title="bbox 2162 1205 3744 1274">
    <p class='ocr_par' dir='ltr' id='par_1_27' title="bbox 2162 1205 3744 1274">
     <span class='ocr_line' id='line_1_27' title="bbox 2162 1205 3744 1274; baseline 0.006 -16"><span class='ocrx_word' id='word_1_171' title='bbox 2162 1205 2272 1259; x_wconf 88' lang='lat' dir='ltr'><strong>rilli</strong></span> <span class='ocrx_word' id='word_1_172' title='bbox 2326 1206 2704 1274; x_wconf 90' lang='lat' dir='ltr'><strong>reprehensio.</strong></span> <span class='ocrx_word' id='word_1_173' title='bbox 2741 1206 2801 1261; x_wconf 83' lang='lat' dir='ltr'><strong>In</strong></span> <span class='ocrx_word' id='word_1_174' title='bbox 2853 1207 2947 1260; x_wconf 91' lang='lat' dir='ltr'><strong>illo</strong></span> <span class='ocrx_word' id='word_1_175' title='bbox 2979 1217 3170 1262; x_wconf 90' lang='lat' dir='ltr'><strong>contra</strong></span> <span class='ocrx_word' id='word_1_176' title='bbox 3224 1217 3429 1264; x_wconf 87' lang='lat' dir='ltr'><strong>rectam</strong></span> <span class='ocrx_word' id='word_1_177' title='bbox 3479 1209 3644 1265; x_wconf 91' lang='lat' dir='ltr'><strong>ﬁdem</strong></span> <span class='ocrx_word' id='word_1_178' title='bbox 3686 1221 3744 1267; x_wconf 88' lang='lat' dir='ltr'><strong>et</strong></span> 
     </span>
    </p>
   </div>
   <div class='ocr_carea' id='block_1_28' title="bbox 2161 1296 3742 1369">
    <p class='ocr_par' dir='ltr' id='par_1_28' title="bbox 2161 1296 3742 1369">
     <span class='ocr_line' id='line_1_28' title="bbox 2161 1296 3742 1369; baseline 0.005 -20"><span class='ocrx_word' id='word_1_179' title='bbox 2161 1296 2493 1366; x_wconf 89' lang='lat' dir='ltr'><strong>Ephesinam</strong></span> <span class='ocrx_word' id='word_1_180' title='bbox 2549 1298 2820 1369; x_wconf 85' lang='lat' dir='ltr'><strong>synodum</strong></span> <span class='ocrx_word' id='word_1_181' title='bbox 2869 1298 3199 1354; x_wconf 89' lang='lat' dir='ltr'><strong>Theodorus</strong></span> <span class='ocrx_word' id='word_1_182' title='bbox 3239 1308 3296 1354; x_wconf 92' lang='lat' dir='ltr'><strong>et</strong></span> <span class='ocrx_word' id='word_1_183' title='bbox 3343 1301 3615 1356; x_wconf 83' lang='lat' dir='ltr'><strong>Diodorus</strong></span> <span class='ocrx_word' id='word_1_184' title='bbox 3643 1303 3742 1356; x_wconf 92' lang='lat' dir='ltr'><strong>de-</strong></span> 
     </span>
    </p>
   </div>
   <div class='ocr_carea' id='block_1_29' title="bbox 2161 1388 3742 1464">
    <p class='ocr_par' dir='ltr' id='par_1_29' title="bbox 2161 1388 3742 1464">
     <span class='ocr_line' id='line_1_29' title="bbox 2161 1388 3742 1464; baseline 0.004 -21"><span class='ocrx_word' id='word_1_185' title='bbox 2161 1388 2483 1443; x_wconf 86' lang='lat' dir='ltr'><strong>fenduntur.</strong></span> <span class='ocrx_word' id='word_1_186' title='bbox 2515 1389 2573 1445; x_wconf 90' lang='lat' dir='ltr'><strong>ln</strong></span> <span class='ocrx_word' id='word_1_187' title='bbox 2606 1390 2708 1444; x_wconf 90' lang='lat' dir='ltr'><strong>hac</strong></span> <span class='ocrx_word' id='word_1_188' title='bbox 2743 1391 3097 1460; x_wconf 86' lang='lat' dir='ltr'><strong>impugnatur</strong></span> <span class='ocrx_word' id='word_1_189' title='bbox 3117 1392 3375 1464; x_wconf 89' lang='lat' dir='ltr'><strong>Cyrillus.</strong></span> <span class='ocrx_word' id='word_1_190' title='bbox 3417 1393 3474 1447; x_wconf 88' lang='lat' dir='ltr'><strong>In</strong></span> <span class='ocrx_word' id='word_1_191' title='bbox 3510 1404 3742 1464; x_wconf 87' lang='lat' dir='ltr'><strong>utroque</strong></span> 
     </span>
    </p>
   </div>
   <div class='ocr_carea' id='block_1_30' title="bbox 2160 1479 3742 1555">
    <p class='ocr_par' dir='ltr' id='par_1_30' title="bbox 2160 1479 3742 1555">
     <span class='ocr_line' id='line_1_30' title="bbox 2160 1479 3742 1555; baseline 0.006 -24"><span class='ocrx_word' id='word_1_192' title='bbox 2160 1479 2400 1533; x_wconf 90' lang='lat' dir='ltr'><strong>Nestorii</strong></span> <span class='ocrx_word' id='word_1_193' title='bbox 2439 1489 2626 1548; x_wconf 85' lang='lat' dir='ltr'><strong>partes</strong></span> <span class='ocrx_word' id='word_1_194' title='bbox 2669 1481 2955 1550; x_wconf 84' lang='lat' dir='ltr'><strong>juvantur;</strong></span> <span class='ocrx_word' id='word_1_195' title='bbox 2987 1493 3285 1553; x_wconf 87' lang='lat' dir='ltr'><strong>utrumque</strong></span> <span class='ocrx_word' id='word_1_196' title='bbox 3321 1501 3445 1539; x_wconf 92' lang='lat' dir='ltr'><strong>cum</strong></span> <span class='ocrx_word' id='word_1_197' title='bbox 3491 1486 3742 1555; x_wconf 87' lang='lat' dir='ltr'><strong>epistolis</strong></span> 
     </span>
    </p>
   </div>
   <div class='ocr_carea' id='block_1_31' title="bbox 2161 1570 3741 1645">
    <p class='ocr_par' dir='ltr' id='par_1_31' title="bbox 2161 1570 3741 1645">
     <span class='ocr_line' id='line_1_31' title="bbox 2161 1570 3741 1645; baseline 0.005 -21"><span class='ocrx_word' id='word_1_198' title='bbox 2161 1577 2217 1624; x_wconf 93' lang='lat' dir='ltr'><strong>et</strong></span> <span class='ocrx_word' id='word_1_199' title='bbox 2242 1570 2671 1626; x_wconf 90' lang='lat' dir='ltr'><strong>allocutionibus</strong></span> <span class='ocrx_word' id='word_1_200' title='bbox 2705 1573 3053 1628; x_wconf 88' lang='lat' dir='ltr'><strong>anathemate</strong></span> <span class='ocrx_word' id='word_1_201' title='bbox 3100 1574 3332 1640; x_wconf 83' lang='lat' dir='ltr'><strong>feritur;</strong></span> <span class='ocrx_word' id='word_1_202' title='bbox 3382 1576 3477 1629; x_wconf 88' lang='lat' dir='ltr'><strong>sed</strong></span> <span class='ocrx_word' id='word_1_203' title='bbox 3504 1592 3741 1645; x_wconf 87' lang='lat' dir='ltr'><strong>persona</strong></span> 
     </span>
    </p>
   </div>
   <div class='ocr_carea' id='block_1_32' title="bbox 2162 1661 3738 1736">
    <p class='ocr_par' dir='ltr' id='par_1_32' title="bbox 2162 1661 3738 1736">
     <span class='ocr_line' id='line_1_32' title="bbox 2162 1661 3738 1736; baseline 0.005 -20"><span class='ocrx_word' id='word_1_204' title='bbox 2162 1661 2495 1718; x_wconf 86' lang='lat' dir='ltr'><strong>Theodoreti</strong></span> <span class='ocrx_word' id='word_1_205' title='bbox 2514 1664 2745 1728; x_wconf 87' lang='lat' dir='ltr'><strong>intacta,</strong></span> <span class='ocrx_word' id='word_1_206' title='bbox 2779 1667 2980 1735; x_wconf 85' lang='lat' dir='ltr'><strong>quippe</strong></span> <span class='ocrx_word' id='word_1_207' title='bbox 3000 1683 3162 1736; x_wconf 90' lang='lat' dir='ltr'><strong>quem</strong></span> <span class='ocrx_word' id='word_1_208' title='bbox 3187 1682 3217 1720; x_wconf 89' lang='lat' dir='ltr'><strong>a</strong></span> <span class='ocrx_word' id='word_1_209' title='bbox 3237 1666 3524 1728; x_wconf 80' lang='lat' dir='ltr'><strong>latrocinio</strong></span> <span class='ocrx_word' id='word_1_210' title='bbox 3551 1668 3738 1736; x_wconf 88' lang='lat' dir='ltr'><strong>Ephe-</strong></span> 
     </span>
    </p>
   </div>
   <div class='ocr_carea' id='block_1_33' title="bbox 481 1721 3742 1824">
    <p class='ocr_par' dir='ltr' id='par_1_33' title="bbox 481 1721 3742 1824">
     <span class='ocr_line' id='line_1_33' title="bbox 481 1721 3742 1824; baseline 0.006 -41"><span class='ocrx_word' id='word_1_211' title='bbox 481 1739 803 1784; x_wconf 86' lang='lat' dir='ltr'><strong>naturarum</strong></span> <span class='ocrx_word' id='word_1_212' title='bbox 839 1731 895 1784; x_wconf 92' lang='lat' dir='ltr'><strong>in</strong></span> <span class='ocrx_word' id='word_1_213' title='bbox 919 1730 1139 1786; x_wconf 88' lang='lat' dir='ltr'><strong>Christo</strong></span> <span class='ocrx_word' id='word_1_214' title='bbox 1162 1731 1359 1785; x_wconf 85' lang='lat' dir='ltr'><strong>factam</strong></span> <span class='ocrx_word' id='word_1_215' title='bbox 1393 1731 1656 1802; x_wconf 86' lang='lat' dir='ltr'><strong>denegat,</strong></span> <span class='ocrx_word' id='word_1_216' title='bbox 1683 1733 1780 1786; x_wconf 87' lang='lat' dir='ltr'><strong>sed</strong></span> <span class='ocrx_word' id='word_1_217' title='bbox 1809 1748 2059 1789; x_wconf 90' lang='lat' dir='ltr'><strong>seorsum</strong></span> <span class='ocrx_word' id='word_1_218' title='bbox 2093 1721 2134 1778; x_wconf 79' lang='grc' dir='ltr'><strong><em>Β</em></strong></span> <span class='ocrx_word' id='word_1_219' title='bbox 2162 1750 2282 1804; x_wconf 72' lang='lat' dir='ltr'><strong>sino</strong></span> <span class='ocrx_word' id='word_1_220' title='bbox 2309 1751 2642 1820; x_wconf 55' lang='lat' dir='ltr'><strong>depositum,</strong></span> <span class='ocrx_word' id='word_1_221' title='bbox 2673 1769 2701 1807; x_wconf 64' lang='grc' dir='ltr'><strong>ει</strong></span> <span class='ocrx_word' id='word_1_222' title='bbox 2725 1721 3130 1824; x_wconf 52' lang='grc' dir='ltr'><strong>ιθοῃὲιῇίειὲηθ</strong></span> <span class='ocrx_word' id='word_1_223' title='bbox 3166 1757 3504 1821; x_wconf 59' lang='lat' dir='ltr'><strong>restitutum,</strong></span> <span class='ocrx_word' id='word_1_224' title='bbox 3532 1773 3561 1811; x_wconf 65' lang='grc' dir='ltr'>ει</span> <span class='ocrx_word' id='word_1_225' title='bbox 3580 1757 3742 1813; x_wconf 71' lang='lat' dir='ltr'><strong>Cha]-</strong></span> 
     </span>
    </p>
   </div>
   <div class='ocr_carea' id='block_1_34' title="bbox 479 1823 2060 1893">
    <p class='ocr_par' dir='ltr' id='par_1_34' title="bbox 479 1823 2060 1893">
     <span class='ocr_line' id='line_1_34' title="bbox 479 1823 2060 1893; baseline 0.004 -18"><span class='ocrx_word' id='word_1_226' title='bbox 479 1823 764 1876; x_wconf 78' lang='lat' dir='ltr'><strong>exsistenti</strong></span> <span class='ocrx_word' id='word_1_227' title='bbox 788 1823 997 1877; x_wconf 90' lang='lat' dir='ltr'><strong>homini</strong></span> <span class='ocrx_word' id='word_1_228' title='bbox 1036 1832 1298 1892; x_wconf 90' lang='lat' dir='ltr'><strong>tanquam</strong></span> <span class='ocrx_word' id='word_1_229' title='bbox 1334 1823 1428 1876; x_wconf 91' lang='lat' dir='ltr'><strong>uni</strong></span> <span class='ocrx_word' id='word_1_230' title='bbox 1458 1823 1730 1893; x_wconf 89' lang='lat' dir='ltr'><strong>justorum</strong></span> <span class='ocrx_word' id='word_1_231' title='bbox 1755 1825 2060 1882; x_wconf 88' lang='lat' dir='ltr'><strong>inhabitare</strong></span> 
     </span>
    </p>
   </div>
   <div class='ocr_carea' id='block_1_35' title="bbox 480 1912 2059 1977">
    <p class='ocr_par' dir='ltr' id='par_1_35' title="bbox 480 1912 2059 1977">
     <span class='ocr_line' id='line_1_35' title="bbox 480 1912 2059 1977; baseline 0.005 -13"><span class='ocrx_word' id='word_1_232' title='bbox 480 1912 651 1965; x_wconf 89' lang='lat' dir='ltr'><strong>Deum</strong></span> <span class='ocrx_word' id='word_1_233' title='bbox 687 1912 944 1977; x_wconf 90' lang='lat' dir='ltr'><strong>Verbum,</strong></span> <span class='ocrx_word' id='word_1_234' title='bbox 993 1921 1049 1968; x_wconf 90' lang='lat' dir='ltr'><strong>et</strong></span> <span class='ocrx_word' id='word_1_235' title='bbox 1088 1928 1200 1966; x_wconf 91' lang='lat' dir='ltr'><strong>non</strong></span> <span class='ocrx_word' id='word_1_236' title='bbox 1247 1913 1324 1967; x_wconf 87' lang='lat' dir='ltr'><strong>ita</strong></span> <span class='ocrx_word' id='word_1_237' title='bbox 1358 1916 1690 1968; x_wconf 86' lang='lat' dir='ltr'><strong>conﬁteatur</strong></span> <span class='ocrx_word' id='word_1_238' title='bbox 1735 1923 2059 1972; x_wconf 87' lang='lat' dir='ltr'><strong>naturarum</strong></span> 
     </span>
    </p>
   </div>
   <div class='ocr_carea' id='block_1_36' title="bbox 478 2001 2060 2070">
    <p class='ocr_par' dir='ltr' id='par_1_36' title="bbox 478 2001 2060 2070">
     <span class='ocr_line' id='line_1_36' title="bbox 478 2001 2060 2070; baseline 0.006 -16"><span class='ocrx_word' id='word_1_239' title='bbox 478 2001 778 2055; x_wconf 89' lang='lat' dir='ltr'><strong>secundum</strong></span> <span class='ocrx_word' id='word_1_240' title='bbox 809 2003 1220 2058; x_wconf 89' lang='lat' dir='ltr'><strong>subsistentiam</strong></span> <span class='ocrx_word' id='word_1_241' title='bbox 1251 2005 1540 2070; x_wconf 89' lang='lat' dir='ltr'><strong>unitatem,</strong></span> <span class='ocrx_word' id='word_1_242' title='bbox 1563 2014 1626 2060; x_wconf 91' lang='lat' dir='ltr'><strong>ut</strong></span> <span class='ocrx_word' id='word_1_243' title='bbox 1648 2006 1794 2061; x_wconf 90' lang='lat' dir='ltr'><strong>Deus</strong></span> <span class='ocrx_word' id='word_1_244' title='bbox 1817 2005 2060 2063; x_wconf 87' lang='lat' dir='ltr'><strong>Verbum</strong></span> 
     </span>
    </p>
   </div>
   <div class='ocr_carea' id='block_1_37' title="bbox 477 2097 2063 2168">
    <p class='ocr_par' dir='ltr' id='par_1_37' title="bbox 477 2097 2063 2168">
     <span class='ocr_line' id='line_1_37' title="bbox 477 2097 2063 2168; baseline 0.004 -23"><span class='ocrx_word' id='word_1_245' title='bbox 477 2107 601 2146; x_wconf 90' lang='lat' dir='ltr'><strong>cum</strong></span> <span class='ocrx_word' id='word_1_246' title='bbox 630 2104 909 2164; x_wconf 87' lang='lat' dir='ltr'><strong>assumpta</strong></span> <span class='ocrx_word' id='word_1_247' title='bbox 951 2110 1137 2160; x_wconf 88' lang='lat' dir='ltr'><strong>carne,</strong></span> <span class='ocrx_word' id='word_1_248' title='bbox 1165 2112 1271 2150; x_wconf 90' lang='lat' dir='ltr'><strong>una</strong></span> <span class='ocrx_word' id='word_1_249' title='bbox 1306 2097 1693 2165; x_wconf 86' lang='lat' dir='ltr'><strong>permanserit,</strong></span> <span class='ocrx_word' id='word_1_250' title='bbox 1717 2107 2063 2168; x_wconf 86' lang='lat' dir='ltr'><strong>permaneat-</strong></span> 
     </span>
    </p>
   </div>
   <div class='ocr_carea' id='block_1_38' title="bbox 476 2187 1912 2257">
    <p class='ocr_par' dir='ltr' id='par_1_38' title="bbox 476 2187 1912 2257">
     <span class='ocr_line' id='line_1_38' title="bbox 476 2187 1912 2257; baseline 0.003 -19"><span class='ocrx_word' id='word_1_251' title='bbox 476 2200 582 2254; x_wconf 90' lang='lat' dir='ltr'><strong>que</strong></span> <span class='ocrx_word' id='word_1_252' title='bbox 609 2187 964 2241; x_wconf 86' lang='lat' dir='ltr'><strong>subsistentia</strong></span> <span class='ocrx_word' id='word_1_253' title='bbox 993 2188 1107 2242; x_wconf 86' lang='lat' dir='ltr'><strong>sive</strong></span> <span class='ocrx_word' id='word_1_254' title='bbox 1135 2203 1393 2257; x_wconf 89' lang='lat' dir='ltr'><strong>persona,</strong></span> <span class='ocrx_word' id='word_1_255' title='bbox 1431 2190 1726 2244; x_wconf 89' lang='lat' dir='ltr'><strong>anathema</strong></span> <span class='ocrx_word' id='word_1_256' title='bbox 1759 2191 1850 2246; x_wconf 90' lang='lat' dir='ltr'><strong>sit.</strong></span> <span class='ocrx_word' id='word_1_257' title='bbox 1894 2210 1912 2242; x_wconf 76' lang='grc' dir='ltr'><strong>ι</strong></span> 
     </span>
    </p>
   </div>
   <div class='ocr_carea' id='block_1_39' title="bbox 547 2273 2056 2347">
    <p class='ocr_par' dir='ltr' id='par_1_39' title="bbox 547 2273 2056 2347">
     <span class='ocr_line' id='line_1_39' title="bbox 547 2273 2056 2347; baseline 0.004 -19"><span class='ocrx_word' id='word_1_258' title='bbox 547 2276 600 2329; x_wconf 83' lang='grc'><strong>5.</strong></span> <span class='ocrx_word' id='word_1_259' title='bbox 650 2293 668 2326; x_wconf 74' lang='grc' dir='ltr'>ι</span> <span class='ocrx_word' id='word_1_260' title='bbox 710 2273 767 2328; x_wconf 88' lang='lat' dir='ltr'><strong>Si</strong></span> <span class='ocrx_word' id='word_1_261' title='bbox 800 2277 924 2344; x_wconf 90' lang='lat' dir='ltr'><strong>quis</strong></span> <span class='ocrx_word' id='word_1_262' title='bbox 971 2291 1133 2331; x_wconf 87' lang='lat' dir='ltr'><strong>voces</strong></span> <span class='ocrx_word' id='word_1_263' title='bbox 1186 2278 1532 2346; x_wconf 81' lang='lat' dir='ltr'><strong>evangelieas</strong></span> <span class='ocrx_word' id='word_1_264' title='bbox 1554 2286 1610 2332; x_wconf 91' lang='lat' dir='ltr'><strong>et</strong></span> <span class='ocrx_word' id='word_1_265' title='bbox 1632 2280 1966 2347; x_wconf 80' lang='lat' dir='ltr'><strong>apostolicus</strong></span> <span class='ocrx_word' id='word_1_266' title='bbox 2001 2279 2056 2334; x_wconf 88' lang='lat' dir='ltr'><strong>in</strong></span> 
     </span>
    </p>
   </div>
   <div class='ocr_carea' id='block_1_40' title="bbox 479 2365 2058 2441">
    <p class='ocr_par' dir='ltr' id='par_1_40' title="bbox 479 2365 2058 2441">
     <span class='ocr_line' id='line_1_40' title="bbox 479 2365 2058 2441; baseline 0.004 -22"><span class='ocrx_word' id='word_1_267' title='bbox 479 2381 589 2419; x_wconf 89' lang='lat' dir='ltr'><strong>uno</strong></span> <span class='ocrx_word' id='word_1_268' title='bbox 614 2365 834 2419; x_wconf 87' lang='lat' dir='ltr'><strong>Christo</strong></span> <span class='ocrx_word' id='word_1_269' title='bbox 858 2366 930 2419; x_wconf 89' lang='lat' dir='ltr'><strong>ita</strong></span> <span class='ocrx_word' id='word_1_270' title='bbox 967 2366 1184 2431; x_wconf 86' lang='lat' dir='ltr'><strong>dividit,</strong></span> <span class='ocrx_word' id='word_1_271' title='bbox 1209 2376 1268 2420; x_wconf 93' lang='lat' dir='ltr'><strong>ut</strong></span> <span class='ocrx_word' id='word_1_272' title='bbox 1301 2369 1468 2422; x_wconf 90' lang='lat' dir='ltr'><strong>etiam</strong></span> <span class='ocrx_word' id='word_1_273' title='bbox 1491 2377 1811 2425; x_wconf 89' lang='lat' dir='ltr'><strong>naturarum</strong></span> <span class='ocrx_word' id='word_1_274' title='bbox 1846 2371 1902 2423; x_wconf 89' lang='lat' dir='ltr'><strong>in</strong></span> <span class='ocrx_word' id='word_1_275' title='bbox 1941 2370 2058 2441; x_wconf 90' lang='lat' dir='ltr'><strong>ipso</strong></span> 
     </span>
    </p>
   </div>
   <div class='ocr_carea' id='block_1_41' title="bbox 479 2455 1983 2523">
    <p class='ocr_par' dir='ltr' id='par_1_41' title="bbox 479 2455 1983 2523">
     <span class='ocr_line' id='line_1_41' title="bbox 479 2455 1983 2523; baseline 0 -12"><span class='ocrx_word' id='word_1_276' title='bbox 479 2457 760 2511; x_wconf 82' lang='lat' dir='ltr'><strong>unitarum</strong></span> <span class='ocrx_word' id='word_1_277' title='bbox 785 2455 1111 2510; x_wconf 87' lang='lat' dir='ltr'><strong>divisionem</strong></span> <span class='ocrx_word' id='word_1_278' title='bbox 1149 2458 1484 2523; x_wconf 87' lang='lat' dir='ltr'><strong>introducat,</strong></span> <span class='ocrx_word' id='word_1_279' title='bbox 1511 2459 1802 2513; x_wconf 86' lang='lat' dir='ltr'><strong>anathema</strong></span> <span class='ocrx_word' id='word_1_280' title='bbox 1836 2461 1931 2514; x_wconf 88' lang='lat' dir='ltr'><strong>sit.</strong></span> <span class='ocrx_word' id='word_1_281' title='bbox 1965 2479 1983 2511; x_wconf 74' lang='grc' dir='ltr'><strong><em>ι</em></strong></span> 
     </span>
    </p>
   </div>
   <div class='ocr_carea' id='block_1_42' title="bbox 548 2547 2055 2616">
    <p class='ocr_par' dir='ltr' id='par_1_42' title="bbox 548 2547 2055 2616">
     <span class='ocr_line' id='line_1_42' title="bbox 548 2547 2055 2616; baseline 0.003 -15"><span class='ocrx_word' id='word_1_282' title='bbox 548 2549 602 2601; x_wconf 71' lang='grc'><strong>4.</strong></span> <span class='ocrx_word' id='word_1_283' title='bbox 639 2566 656 2598; x_wconf 89' lang='grc'><strong><em>‹</em></strong></span> <span class='ocrx_word' id='word_1_284' title='bbox 696 2547 751 2601; x_wconf 91' lang='lat' dir='ltr'><strong>Si</strong></span> <span class='ocrx_word' id='word_1_285' title='bbox 787 2547 912 2616; x_wconf 90' lang='lat' dir='ltr'><strong>quis</strong></span> <span class='ocrx_word' id='word_1_286' title='bbox 934 2563 1102 2601; x_wconf 93' lang='lat' dir='ltr'><strong>unum</strong></span> <span class='ocrx_word' id='word_1_287' title='bbox 1139 2548 1325 2602; x_wconf 85' lang='lat' dir='ltr'><strong>Jesum</strong></span> <span class='ocrx_word' id='word_1_288' title='bbox 1359 2547 1636 2602; x_wconf 88' lang='lat' dir='ltr'><strong>Christum</strong></span> <span class='ocrx_word' id='word_1_289' title='bbox 1659 2589 1672 2612; x_wconf 92' lang='lat'><strong>,</strong></span> <span class='ocrx_word' id='word_1_290' title='bbox 1711 2565 1904 2604; x_wconf 81' lang='lat' dir='ltr'><strong>verum</strong></span> <span class='ocrx_word' id='word_1_291' title='bbox 1938 2551 2055 2616; x_wconf 86' lang='lat' dir='ltr'><strong>Dei,</strong></span> 
     </span>
    </p>
   </div>
   <div class='ocr_carea' id='block_1_43' title="bbox 475 2639 2056 2710">
    <p class='ocr_par' dir='ltr' id='par_1_43' title="bbox 475 2639 2056 2710">
     <span class='ocr_line' id='line_1_43' title="bbox 475 2639 2056 2710; baseline 0.003 -16"><span class='ocrx_word' id='word_1_292' title='bbox 475 2650 532 2694; x_wconf 88' lang='lat' dir='ltr'><strong>et</strong></span> <span class='ocrx_word' id='word_1_293' title='bbox 563 2639 820 2694; x_wconf 88' lang='lat' dir='ltr'><strong>eumdem</strong></span> <span class='ocrx_word' id='word_1_294' title='bbox 847 2641 1027 2710; x_wconf 90' lang='lat' dir='ltr'><strong>ipsum</strong></span> <span class='ocrx_word' id='word_1_295' title='bbox 1057 2656 1249 2694; x_wconf 91' lang='lat' dir='ltr'><strong>verum</strong></span> <span class='ocrx_word' id='word_1_296' title='bbox 1292 2641 1536 2695; x_wconf 89' lang='lat' dir='ltr'><strong>hominis</strong></span> <span class='ocrx_word' id='word_1_297' title='bbox 1581 2641 1805 2706; x_wconf 89' lang='lat' dir='ltr'><strong>Filium,</strong></span> <span class='ocrx_word' id='word_1_298' title='bbox 1836 2643 2056 2698; x_wconf 90' lang='lat' dir='ltr'><strong>futuro-</strong></span> 
     </span>
    </p>
   </div>
   <div class='ocr_carea' id='block_1_44' title="bbox 476 2731 2058 2803">
    <p class='ocr_par' dir='ltr' id='par_1_44' title="bbox 476 2731 2058 2803">
     <span class='ocr_line' id='line_1_44' title="bbox 476 2731 2058 2803; baseline 0.003 -18"><span class='ocrx_word' id='word_1_299' title='bbox 476 2747 598 2785; x_wconf 91' lang='lat' dir='ltr'><strong>rum</strong></span> <span class='ocrx_word' id='word_1_300' title='bbox 631 2731 997 2801; x_wconf 78' lang='lat' dir='ltr'><strong>ignorantiam</strong></span> <span class='ocrx_word' id='word_1_301' title='bbox 1023 2772 1038 2796; x_wconf 95' lang='lat'><strong>,</strong></span> <span class='ocrx_word' id='word_1_302' title='bbox 1093 2742 1189 2785; x_wconf 89' lang='lat' dir='ltr'><strong>aut</strong></span> <span class='ocrx_word' id='word_1_303' title='bbox 1213 2732 1322 2787; x_wconf 88' lang='lat' dir='ltr'><strong>diei</strong></span> <span class='ocrx_word' id='word_1_304' title='bbox 1358 2733 1538 2786; x_wconf 89' lang='lat' dir='ltr'><strong>ultimi</strong></span> <span class='ocrx_word' id='word_1_305' title='bbox 1567 2732 1763 2803; x_wconf 88' lang='lat' dir='ltr'><strong>judicii</strong></span> <span class='ocrx_word' id='word_1_306' title='bbox 1799 2734 2058 2790; x_wconf 87' lang='lat' dir='ltr'><strong>habuisse</strong></span> 
     </span>
    </p>
   </div>
   <div class='ocr_carea' id='block_1_45' title="bbox 474 2824 2054 2894">
    <p class='ocr_par' dir='ltr' id='par_1_45' title="bbox 474 2824 2054 2894">
     <span class='ocr_line' id='line_1_45' title="bbox 474 2824 2054 2894; baseline 0.002 -16"><span class='ocrx_word' id='word_1_307' title='bbox 474 2824 631 2889; x_wconf 91' lang='lat' dir='ltr'><strong>dicit,</strong></span> <span class='ocrx_word' id='word_1_308' title='bbox 674 2833 732 2878; x_wconf 92' lang='lat' dir='ltr'><strong>et</strong></span> <span class='ocrx_word' id='word_1_309' title='bbox 772 2832 920 2879; x_wconf 88' lang='lat' dir='ltr'><strong>tanta</strong></span> <span class='ocrx_word' id='word_1_310' title='bbox 967 2825 1110 2879; x_wconf 88' lang='lat' dir='ltr'><strong>scire</strong></span> <span class='ocrx_word' id='word_1_311' title='bbox 1156 2825 1402 2894; x_wconf 87' lang='lat' dir='ltr'><strong>potuisse</strong></span> <span class='ocrx_word' id='word_1_312' title='bbox 1429 2866 1443 2889; x_wconf 93' lang='lat'><strong>,</strong></span> <span class='ocrx_word' id='word_1_313' title='bbox 1476 2835 1682 2894; x_wconf 90' lang='lat' dir='ltr'><strong>quanta</strong></span> <span class='ocrx_word' id='word_1_314' title='bbox 1737 2826 1788 2880; x_wconf 89' lang='lat' dir='ltr'><strong>ei</strong></span> <span class='ocrx_word' id='word_1_315' title='bbox 1842 2826 2054 2891; x_wconf 89' lang='lat' dir='ltr'><strong>deitas,</strong></span> 
     </span>
    </p>
   </div>
   <div class='ocr_carea' id='block_1_46' title="bbox 473 2914 2059 2985">
    <p class='ocr_par' dir='ltr' id='par_1_46' title="bbox 473 2914 2059 2985">
     <span class='ocr_line' id='line_1_46' title="bbox 473 2914 2059 2985; baseline 0.004 -17"><span class='ocrx_word' id='word_1_316' title='bbox 473 2914 630 2985; x_wconf 89' lang='lat' dir='ltr'><strong>quasi</strong></span> <span class='ocrx_word' id='word_1_317' title='bbox 649 2915 807 2970; x_wconf 87' lang='lat' dir='ltr'><strong>alteri</strong></span> <span class='ocrx_word' id='word_1_318' title='bbox 824 2915 1042 2970; x_wconf 87' lang='lat' dir='ltr'><strong>cuidam</strong></span> <span class='ocrx_word' id='word_1_319' title='bbox 1068 2916 1406 2982; x_wconf 88' lang='lat' dir='ltr'><strong>inhabitans,</strong></span> <span class='ocrx_word' id='word_1_320' title='bbox 1440 2917 1740 2983; x_wconf 88' lang='lat' dir='ltr'><strong>revelabat,</strong></span> <span class='ocrx_word' id='word_1_321' title='bbox 1768 2919 2059 2974; x_wconf 85' lang='lat' dir='ltr'><strong>anathema</strong></span> 
     </span>
    </p>
   </div>
   <div class='ocr_carea' id='block_1_47' title="bbox 480 3005 622 3060">
    <p class='ocr_par' dir='ltr' id='par_1_47' title="bbox 480 3005 622 3060">
     <span class='ocr_line' id='line_1_47' title="bbox 480 3005 622 3060; baseline -0.028 0"><span class='ocrx_word' id='word_1_322' title='bbox 480 3005 574 3060; x_wconf 80' lang='lat' dir='ltr'><strong>Sil.</strong></span> <span class='ocrx_word' id='word_1_323' title='bbox 604 3024 622 3056; x_wconf 72' lang='grc' dir='ltr'><strong><em>ι</em></strong></span> 
     </span>
    </p>
   </div>
   <div class='ocr_carea' id='block_1_48' title="bbox 544 3093 2053 3165">
    <p class='ocr_par' dir='ltr' id='par_1_48' title="bbox 544 3093 2053 3165">
     <span class='ocr_line' id='line_1_48' title="bbox 544 3093 2053 3165; baseline 0.001 -17"><span class='ocrx_word' id='word_1_324' title='bbox 544 3094 598 3148; x_wconf 83' lang='lat'><strong>5.</strong></span> <span class='ocrx_word' id='word_1_325' title='bbox 640 3113 657 3145; x_wconf 75' lang='grc' dir='ltr'>ι</span> <span class='ocrx_word' id='word_1_326' title='bbox 679 3093 734 3148; x_wconf 91' lang='lat' dir='ltr'><strong>Si</strong></span> <span class='ocrx_word' id='word_1_327' title='bbox 759 3093 884 3163; x_wconf 89' lang='lat' dir='ltr'><strong>quis</strong></span> <span class='ocrx_word' id='word_1_328' title='bbox 911 3093 1046 3148; x_wconf 92' lang='lat' dir='ltr'><strong>illud</strong></span> <span class='ocrx_word' id='word_1_329' title='bbox 1075 3094 1347 3164; x_wconf 87' lang='lat' dir='ltr'><strong>Apostoli,</strong></span> <span class='ocrx_word' id='word_1_330' title='bbox 1368 3095 1514 3164; x_wconf 89' lang='lat' dir='ltr'><strong>quod</strong></span> <span class='ocrx_word' id='word_1_331' title='bbox 1545 3105 1630 3150; x_wconf 90' lang='lat' dir='ltr'><strong>est</strong></span> <span class='ocrx_word' id='word_1_332' title='bbox 1653 3096 1707 3150; x_wconf 90' lang='lat' dir='ltr'><strong>in</strong></span> <span class='ocrx_word' id='word_1_333' title='bbox 1727 3096 1967 3165; x_wconf 87' lang='lat' dir='ltr'><strong>Epistola</strong></span> <span class='ocrx_word' id='word_1_334' title='bbox 1985 3095 2053 3150; x_wconf 91' lang='lat' dir='ltr'><strong>ad</strong></span> 
     </span>
    </p>
   </div>
   <div class='ocr_carea' id='block_1_49' title="bbox 472 3184 2056 3256">
    <p class='ocr_par' dir='ltr' id='par_1_49' title="bbox 472 3184 2056 3256">
     <span class='ocr_line' id='line_1_49' title="bbox 472 3184 2056 3256; baseline -0.001 -16"><span class='ocrx_word' id='word_1_335' title='bbox 472 3184 752 3248; x_wconf 72' lang='lat' dir='ltr'><strong>llebrzeos,</strong></span> <span class='ocrx_word' id='word_1_336' title='bbox 801 3185 1031 3249; x_wconf 90' lang='lat' dir='ltr'><strong>dictum,</strong></span> <span class='ocrx_word' id='word_1_337' title='bbox 1081 3186 1220 3255; x_wconf 85' lang='lat' dir='ltr'><strong>quod</strong></span> <span class='ocrx_word' id='word_1_338' title='bbox 1271 3187 1630 3256; x_wconf 78' lang='lat' dir='ltr'><strong>experimento</strong></span> <span class='ocrx_word' id='word_1_339' title='bbox 1667 3188 1904 3256; x_wconf 86' lang='lat' dir='ltr'><strong>cognovit</strong></span> <span class='ocrx_word' id='word_1_340' title='bbox 1939 3187 2056 3240; x_wconf 86' lang='lat' dir='ltr'><strong>obe-</strong></span> 
     </span>
    </p>
   </div>
   <div class='ocr_carea' id='block_1_50' title="bbox 472 3273 2056 3346">
    <p class='ocr_par' dir='ltr' id='par_1_50' title="bbox 472 3273 2056 3346">
     <span class='ocr_line' id='line_1_50' title="bbox 472 3273 2056 3346; baseline 0.003 -22"><span class='ocrx_word' id='word_1_341' title='bbox 472 3273 748 3337; x_wconf 85' lang='lat' dir='ltr'><strong>dientiam,</strong></span> <span class='ocrx_word' id='word_1_342' title='bbox 775 3282 826 3325; x_wconf 90' lang='lat' dir='ltr'><strong>et</strong></span> <span class='ocrx_word' id='word_1_343' title='bbox 843 3290 960 3326; x_wconf 84' lang='lat' dir='ltr'><strong>cum</strong></span> <span class='ocrx_word' id='word_1_344' title='bbox 983 3273 1217 3326; x_wconf 84' lang='lat' dir='ltr'><strong>clamore</strong></span> <span class='ocrx_word' id='word_1_345' title='bbox 1238 3275 1360 3343; x_wconf 79' lang='lat' dir='ltr'><strong>forti</strong></span> <span class='ocrx_word' id='word_1_346' title='bbox 1390 3283 1439 3326; x_wconf 84' lang='lat' dir='ltr'><strong>et</strong></span> <span class='ocrx_word' id='word_1_347' title='bbox 1465 3275 1712 3344; x_wconf 83' lang='lat' dir='ltr'><strong>lacrymis</strong></span> <span class='ocrx_word' id='word_1_348' title='bbox 1731 3291 1905 3346; x_wconf 79' lang='lat' dir='ltr'><strong>preces</strong></span> <span class='ocrx_word' id='word_1_349' title='bbox 1931 3293 2056 3346; x_wconf 87' lang='lat' dir='ltr'><strong>sup-</strong></span> 
     </span>
    </p>
   </div>
   <div class='ocr_carea' id='block_1_51' title="bbox 473 3361 2055 3432">
    <p class='ocr_par' dir='ltr' id='par_1_51' title="bbox 473 3361 2055 3432">
     <span class='ocr_line' id='line_1_51' title="bbox 473 3361 2055 3432; baseline 0.004 -18"><span class='ocrx_word' id='word_1_350' title='bbox 473 3361 884 3432; x_wconf 83' lang='lat' dir='ltr'><strong>plicationesque</strong></span> <span class='ocrx_word' id='word_1_351' title='bbox 917 3361 1105 3415; x_wconf 76' lang='lat' dir='ltr'><strong>obtulit</strong></span> <span class='ocrx_word' id='word_1_352' title='bbox 1141 3363 1210 3416; x_wconf 84' lang='lat' dir='ltr'><strong>ad</strong></span> <span class='ocrx_word' id='word_1_353' title='bbox 1263 3363 1436 3416; x_wconf 77' lang='lat' dir='ltr'><strong>Deum</strong></span> <span class='ocrx_word' id='word_1_354' title='bbox 1461 3403 1476 3428; x_wconf 95' lang='lat'><strong>,</strong></span> <span class='ocrx_word' id='word_1_355' title='bbox 1517 3365 1607 3432; x_wconf 84' lang='lat' dir='ltr'><strong>qui</strong></span> <span class='ocrx_word' id='word_1_356' title='bbox 1633 3410 1636 3414; x_wconf 95' lang='lat'><strong>.</strong></span> <span class='ocrx_word' id='word_1_357' title='bbox 1659 3363 1867 3418; x_wconf 81' lang='lat' dir='ltr'><strong>salvum</strong></span> <span class='ocrx_word' id='word_1_358' title='bbox 1901 3364 2055 3420; x_wconf 86' lang='lat' dir='ltr'><strong>illum</strong></span> 
     </span>
    </p>
   </div>
   <div class='ocr_carea' id='block_1_52' title="bbox 475 3451 2055 3523">
    <p class='ocr_par' dir='ltr' id='par_1_52' title="bbox 475 3451 2055 3523">
     <span class='ocr_line' id='line_1_52' title="bbox 475 3451 2055 3523; baseline 0.004 -18"><span class='ocrx_word' id='word_1_359' title='bbox 475 3459 645 3523; x_wconf 81' lang='lat' dir='ltr'><strong>posset</strong></span> <span class='ocrx_word' id='word_1_360' title='bbox 699 3451 869 3521; x_wconf 79' lang='lat' dir='ltr'><strong>facere</strong></span> <span class='ocrx_word' id='word_1_361' title='bbox 914 3470 947 3505; x_wconf 88' lang='lat' dir='ltr'><strong>a</strong></span> <span class='ocrx_word' id='word_1_362' title='bbox 997 3461 1163 3506; x_wconf 82' lang='lat' dir='ltr'><strong>morte</strong></span> <span class='ocrx_word' id='word_1_363' title='bbox 1209 3461 1278 3517; x_wconf 70' lang='grc' dir='ltr'><strong>γ,</strong></span> <span class='ocrx_word' id='word_1_364' title='bbox 1332 3461 1591 3522; x_wconf 89' lang='lat' dir='ltr'><strong>tanquam</strong></span> <span class='ocrx_word' id='word_1_365' title='bbox 1655 3454 1806 3509; x_wconf 92' lang='lat' dir='ltr'><strong>nudo</strong></span> <span class='ocrx_word' id='word_1_366' title='bbox 1851 3455 2055 3512; x_wconf 88' lang='lat' dir='ltr'><strong>deitate</strong></span> 
     </span>
    </p>
   </div>
   <div class='ocr_carea' id='block_1_53' title="bbox 473 3541 2057 3616">
    <p class='ocr_par' dir='ltr' id='par_1_53' title="bbox 473 3541 2057 3616">
     <span class='ocr_line' id='line_1_53' title="bbox 473 3541 2057 3616; baseline 0.004 -19"><span class='ocrx_word' id='word_1_367' title='bbox 473 3541 694 3597; x_wconf 89' lang='lat' dir='ltr'><strong>Christo</strong></span> <span class='ocrx_word' id='word_1_368' title='bbox 741 3543 1033 3612; x_wconf 88' lang='lat' dir='ltr'><strong>deputans,</strong></span> <span class='ocrx_word' id='word_1_369' title='bbox 1068 3545 1160 3613; x_wconf 90' lang='lat' dir='ltr'><strong>qui</strong></span> <span class='ocrx_word' id='word_1_370' title='bbox 1201 3545 1484 3599; x_wconf 89' lang='lat' dir='ltr'><strong>laboribus</strong></span> <span class='ocrx_word' id='word_1_371' title='bbox 1519 3545 1741 3600; x_wconf 83' lang='lat' dir='ltr'><strong>virtutis</strong></span> <span class='ocrx_word' id='word_1_372' title='bbox 1780 3547 2057 3616; x_wconf 90' lang='lat' dir='ltr'><strong>perfectus</strong></span> 
     </span>
    </p>
   </div>
   <div class='ocr_carea' id='block_1_54' title="bbox 474 3632 2056 3701">
    <p class='ocr_par' dir='ltr' id='par_1_54' title="bbox 474 3632 2056 3701">
     <span class='ocr_line' id='line_1_54' title="bbox 474 3632 2056 3701; baseline 0.005 -16"><span class='ocrx_word' id='word_1_373' title='bbox 474 3632 565 3696; x_wconf 87' lang='lat' dir='ltr'><strong>sit,</strong></span> <span class='ocrx_word' id='word_1_374' title='bbox 613 3642 674 3686; x_wconf 90' lang='lat' dir='ltr'><strong>ut</strong></span> <span class='ocrx_word' id='word_1_375' title='bbox 705 3648 772 3686; x_wconf 79' lang='lat' dir='ltr'><strong>ex</strong></span> <span class='ocrx_word' id='word_1_376' title='bbox 798 3633 902 3687; x_wconf 92' lang='lat' dir='ltr'><strong>hoc</strong></span> <span class='ocrx_word' id='word_1_377' title='bbox 927 3633 1066 3687; x_wconf 92' lang='lat' dir='ltr'><strong>duos</strong></span> <span class='ocrx_word' id='word_1_378' title='bbox 1095 3633 1451 3690; x_wconf 88' lang='lat' dir='ltr'><strong>introducere</strong></span> <span class='ocrx_word' id='word_1_379' title='bbox 1482 3634 1753 3701; x_wconf 79' lang='lat' dir='ltr'><strong>Cltristos,</strong></span> <span class='ocrx_word' id='word_1_380' title='bbox 1795 3637 1881 3692; x_wconf 85' lang='lat' dir='ltr'><strong>vel</strong></span> <span class='ocrx_word' id='word_1_381' title='bbox 1916 3638 2056 3694; x_wconf 90' lang='lat' dir='ltr'><strong>duos</strong></span> 
     </span>
    </p>
   </div>
   <div class='ocr_carea' id='block_1_55' title="bbox 473 3719 2056 3798">
    <p class='ocr_par' dir='ltr' id='par_1_55' title="bbox 473 3719 2056 3798">
     <span class='ocr_line' id='line_1_55' title="bbox 473 3719 2056 3798; baseline 0.008 -25"><span class='ocrx_word' id='word_1_382' title='bbox 473 3719 624 3775; x_wconf 91' lang='lat' dir='ltr'><strong>ﬁlios</strong></span> <span class='ocrx_word' id='word_1_383' title='bbox 672 3723 947 3787; x_wconf 89' lang='lat' dir='ltr'><strong>videatur,</strong></span> <span class='ocrx_word' id='word_1_384' title='bbox 990 3733 1048 3778; x_wconf 90' lang='lat' dir='ltr'><strong>et</strong></span> <span class='ocrx_word' id='word_1_385' title='bbox 1093 3741 1204 3778; x_wconf 88' lang='lat' dir='ltr'><strong>non</strong></span> <span class='ocrx_word' id='word_1_386' title='bbox 1252 3742 1422 3779; x_wconf 89' lang='lat' dir='ltr'><strong>unum</strong></span> <span class='ocrx_word' id='word_1_387' title='bbox 1463 3727 1826 3798; x_wconf 87' lang='lat' dir='ltr'><strong>eumdemque</strong></span> <span class='ocrx_word' id='word_1_388' title='bbox 1879 3730 2056 3785; x_wconf 85' lang='lat' dir='ltr'><strong>credit</strong></span> 
     </span>
    </p>
   </div>
   <div class='ocr_carea' id='block_1_56' title="bbox 481 3810 2055 3883">
    <p class='ocr_par' dir='ltr' id='par_1_56' title="bbox 481 3810 2055 3883">
     <span class='ocr_line' id='line_1_56' title="bbox 481 3810 2055 3883; baseline 0.008 -17"><span class='ocrx_word' id='word_1_389' title='bbox 481 3810 766 3867; x_wconf 89' lang='lat' dir='ltr'><strong>Christum</strong></span> <span class='ocrx_word' id='word_1_390' title='bbox 801 3814 899 3869; x_wconf 90' lang='lat' dir='ltr'><strong>Dei</strong></span> <span class='ocrx_word' id='word_1_391' title='bbox 928 3822 986 3870; x_wconf 93' lang='lat' dir='ltr'><strong>et</strong></span> <span class='ocrx_word' id='word_1_392' title='bbox 1034 3816 1274 3871; x_wconf 87' lang='lat' dir='ltr'><strong>hominis</strong></span> <span class='ocrx_word' id='word_1_393' title='bbox 1314 3818 1534 3883; x_wconf 90' lang='lat' dir='ltr'><strong>Filium,</strong></span> <span class='ocrx_word' id='word_1_394' title='bbox 1564 3835 1631 3874; x_wconf 82' lang='lat' dir='ltr'><strong>ex</strong></span> <span class='ocrx_word' id='word_1_395' title='bbox 1657 3820 1872 3877; x_wconf 88' lang='lat' dir='ltr'><strong>duabus</strong></span> <span class='ocrx_word' id='word_1_396' title='bbox 1899 3831 1956 3877; x_wconf 93' lang='lat' dir='ltr'><strong>et</strong></span> <span class='ocrx_word' id='word_1_397' title='bbox 1997 3823 2055 3877; x_wconf 89' lang='lat' dir='ltr'><strong>in</strong></span> 
     </span>
    </p>
   </div>
   <div class='ocr_carea' id='block_1_57' title="bbox 488 3904 2055 3984">
    <p class='ocr_par' dir='ltr' id='par_1_57' title="bbox 488 3904 2055 3984">
     <span class='ocr_line' id='line_1_57' title="bbox 488 3904 2055 3984; baseline 0.006 -25"><span class='ocrx_word' id='word_1_398' title='bbox 488 3904 706 3960; x_wconf 87' lang='lat' dir='ltr'><strong>duabus</strong></span> <span class='ocrx_word' id='word_1_399' title='bbox 732 3909 944 3963; x_wconf 88' lang='lat' dir='ltr'><strong>naturis</strong></span> <span class='ocrx_word' id='word_1_400' title='bbox 967 3908 1435 3978; x_wconf 88' lang='lat' dir='ltr'><strong>inseparabilihus</strong></span> <span class='ocrx_word' id='word_1_401' title='bbox 1470 3912 1832 3984; x_wconf 90' lang='lat' dir='ltr'><strong>indivisisque</strong></span> <span class='ocrx_word' id='word_1_402' title='bbox 1879 3915 2055 3970; x_wconf 87' lang='lat' dir='ltr'><strong>conﬁ-</strong></span> 
     </span>
    </p>
   </div>
   <div class='ocr_carea' id='block_1_58' title="bbox 476 3995 1726 4067">
    <p class='ocr_par' dir='ltr' id='par_1_58' title="bbox 476 3995 1726 4067">
     <span class='ocr_line' id='line_1_58' title="bbox 476 3995 1726 4067; baseline 0.007 -18"><span class='ocrx_word' id='word_1_403' title='bbox 476 3995 700 4050; x_wconf 88' lang='lat' dir='ltr'><strong>tendum</strong></span> <span class='ocrx_word' id='word_1_404' title='bbox 726 4005 887 4067; x_wconf 88' lang='lat' dir='ltr'><strong>atque</strong></span> <span class='ocrx_word' id='word_1_405' title='bbox 907 4000 1267 4067; x_wconf 89' lang='lat' dir='ltr'><strong>adorandum,</strong></span> <span class='ocrx_word' id='word_1_406' title='bbox 1291 4004 1580 4059; x_wconf 88' lang='lat' dir='ltr'><strong>anathema</strong></span> <span class='ocrx_word' id='word_1_407' title='bbox 1603 4005 1726 4060; x_wconf 61' lang='lat' dir='ltr'><strong>sita</strong></span> 
     </span>
    </p>
   </div>
   <div class='ocr_carea' id='block_1_59' title="bbox 547 4089 2054 4170">
    <p class='ocr_par' dir='ltr' id='par_1_59' title="bbox 547 4089 2054 4170">
     <span class='ocr_line' id='line_1_59' title="bbox 547 4089 2054 4170; baseline 0.007 -25"><span class='ocrx_word' id='word_1_408' title='bbox 547 4089 708 4163; x_wconf 73' lang='grc'><strong>245</strong></span> <span class='ocrx_word' id='word_1_409' title='bbox 740 4091 1043 4148; x_wconf 86' lang='lat' dir='ltr'><strong>Collatione</strong></span> <span class='ocrx_word' id='word_1_410' title='bbox 1070 4107 1347 4165; x_wconf 89' lang='lat' dir='ltr'><strong>postrema</strong></span> <span class='ocrx_word' id='word_1_411' title='bbox 1367 4097 1575 4161; x_wconf 88' lang='lat' dir='ltr'><strong>Patres,</strong></span> <span class='ocrx_word' id='word_1_412' title='bbox 1611 4108 1734 4170; x_wconf 88' lang='lat' dir='ltr'><strong>post</strong></span> <span class='ocrx_word' id='word_1_413' title='bbox 1755 4101 2054 4169; x_wconf 78' lang='lat' dir='ltr'><strong>expositam</strong></span> 
     </span>
    </p>
   </div>
   <div class='ocr_carea' id='block_1_60' title="bbox 478 4187 2052 4258">
    <p class='ocr_par' dir='ltr' id='par_1_60' title="bbox 478 4187 2052 4258">
     <span class='ocr_line' id='line_1_60' title="bbox 478 4187 2052 4258; baseline 0.008 -24"><span class='ocrx_word' id='word_1_414' title='bbox 478 4191 756 4252; x_wconf 80' lang='lat' dir='ltr'><strong>gestorum</strong></span> <span class='ocrx_word' id='word_1_415' title='bbox 825 4187 1047 4251; x_wconf 90' lang='lat' dir='ltr'><strong>seriem,</strong></span> <span class='ocrx_word' id='word_1_416' title='bbox 1108 4198 1408 4243; x_wconf 82' lang='lat' dir='ltr'><strong>sanxerunt</strong></span> <span class='ocrx_word' id='word_1_417' title='bbox 1454 4205 1698 4244; x_wconf 91' lang='lat' dir='ltr'><strong>canones</strong></span> <span class='ocrx_word' id='word_1_418' title='bbox 1752 4191 2052 4258; x_wconf 87' lang='lat' dir='ltr'><strong>tredecim,</strong></span> 
     </span>
    </p>
   </div>
   <div class='ocr_carea' id='block_1_61' title="bbox 478 4273 2055 4342">
    <p class='ocr_par' dir='ltr' id='par_1_61' title="bbox 478 4273 2055 4342">
     <span class='ocr_line' id='line_1_61' title="bbox 478 4273 2055 4342; baseline 0.01 -17"><span class='ocrx_word' id='word_1_419' title='bbox 478 4288 713 4342; x_wconf 85' lang='lat' dir='ltr'><strong>quorum</strong></span> <span class='ocrx_word' id='word_1_420' title='bbox 743 4273 992 4329; x_wconf 87' lang='lat' dir='ltr'><strong>decimus</strong></span> <span class='ocrx_word' id='word_1_421' title='bbox 1031 4278 1228 4333; x_wconf 89' lang='lat' dir='ltr'><strong>tertius</strong></span> <span class='ocrx_word' id='word_1_422' title='bbox 1253 4281 1518 4336; x_wconf 88' lang='lat' dir='ltr'><strong>adversus</strong></span> <span class='ocrx_word' id='word_1_423' title='bbox 1544 4282 1952 4339; x_wconf 88' lang='lat' dir='ltr'><strong>Theodoretum</strong></span> <span class='ocrx_word' id='word_1_424' title='bbox 1981 4285 2055 4340; x_wconf 90' lang='lat' dir='ltr'><strong>ita</strong></span> 
     </span>
    </p>
   </div>
   <div class='ocr_carea' id='block_1_62' title="bbox 479 4364 2055 4442">
    <p class='ocr_par' dir='ltr' id='par_1_62' title="bbox 479 4364 2055 4442">
     <span class='ocr_line' id='line_1_62' title="bbox 479 4364 2055 4442; baseline 0.01 -26"><span class='ocrx_word' id='word_1_425' title='bbox 479 4364 829 4434; x_wconf 85' lang='lat' dir='ltr'><strong>conscriptus</strong></span> <span class='ocrx_word' id='word_1_426' title='bbox 869 4375 975 4431; x_wconf 89' lang='lat' dir='ltr'><strong>est,</strong></span> <span class='ocrx_word' id='word_1_427' title='bbox 1017 4379 1077 4422; x_wconf 93' lang='lat' dir='ltr'><strong>ut</strong></span> <span class='ocrx_word' id='word_1_428' title='bbox 1124 4384 1342 4425; x_wconf 88' lang='lat' dir='ltr'><strong>onmem</strong></span> <span class='ocrx_word' id='word_1_429' title='bbox 1385 4372 1560 4442; x_wconf 91' lang='lat' dir='ltr'><strong>ipsius</strong></span> <span class='ocrx_word' id='word_1_430' title='bbox 1613 4390 1835 4431; x_wconf 89' lang='lat' dir='ltr'><strong>causam</strong></span> <span class='ocrx_word' id='word_1_431' title='bbox 1875 4378 2055 4432; x_wconf 58' lang='lat' dir='ltr'><strong>conti-</strong></span> 
     </span>
    </p>
   </div>
   <div class='ocr_carea' id='block_1_63' title="bbox 477 4462 627 4508">
    <p class='ocr_par' dir='ltr' id='par_1_63' title="bbox 477 4462 627 4508">
     <span class='ocr_line' id='line_1_63' title="bbox 477 4462 627 4508; baseline -0.007 0"><span class='ocrx_word' id='word_1_432' title='bbox 477 4462 627 4508; x_wconf 72' lang='grc' dir='ltr'><strong>ιιοειι.</strong></span> 
     </span>
    </p>
   </div>
   <div class='ocr_carea' id='block_1_64' title="bbox 555 4543 2052 4628">
    <p class='ocr_par' dir='ltr' id='par_1_64' title="bbox 555 4543 2052 4628">
     <span class='ocr_line' id='line_1_64' title="bbox 555 4543 2052 4628; baseline 0.013 -33"><span class='ocrx_word' id='word_1_433' title='bbox 555 4561 574 4594; x_wconf 73' lang='grc' dir='ltr'><strong><em>ι</em></strong></span> <span class='ocrx_word' id='word_1_434' title='bbox 621 4543 677 4598; x_wconf 93' lang='lat' dir='ltr'><strong>Si</strong></span> <span class='ocrx_word' id='word_1_435' title='bbox 724 4546 868 4614; x_wconf 90' lang='lat' dir='ltr'><strong>quis,</strong></span> <span class='ocrx_word' id='word_1_436' title='bbox 903 4547 1190 4618; x_wconf 90' lang='lat' dir='ltr'><strong>inquiunt,</strong></span> <span class='ocrx_word' id='word_1_437' title='bbox 1222 4553 1472 4610; x_wconf 83' lang='lat' dir='ltr'><strong>defendit</strong></span> <span class='ocrx_word' id='word_1_438' title='bbox 1520 4557 1690 4628; x_wconf 89' lang='lat' dir='ltr'><strong>impia</strong></span> <span class='ocrx_word' id='word_1_439' title='bbox 1715 4559 2052 4615; x_wconf 82' lang='lat' dir='ltr'><strong>Theodoreti</strong></span> 
     </span>
    </p>
   </div>
   <div class='ocr_carea' id='block_1_65' title="bbox 477 4635 2054 4720">
    <p class='ocr_par' dir='ltr' id='par_1_65' title="bbox 477 4635 2054 4720">
     <span class='ocr_line' id='line_1_65' title="bbox 477 4635 2054 4720; baseline 0.013 -35"><span class='ocrx_word' id='word_1_440' title='bbox 477 4635 806 4705; x_wconf 85' lang='lat' dir='ltr'><strong>conscripta,</strong></span> <span class='ocrx_word' id='word_1_441' title='bbox 843 4653 965 4707; x_wconf 65' lang='lat' dir='ltr'><strong>qua:</strong></span> <span class='ocrx_word' id='word_1_442' title='bbox 991 4653 1182 4698; x_wconf 89' lang='lat' dir='ltr'><strong>contra</strong></span> <span class='ocrx_word' id='word_1_443' title='bbox 1210 4655 1412 4701; x_wconf 89' lang='lat' dir='ltr'><strong>rectam</strong></span> <span class='ocrx_word' id='word_1_444' title='bbox 1437 4648 1618 4714; x_wconf 88' lang='lat' dir='ltr'><strong>ﬁdem,</strong></span> <span class='ocrx_word' id='word_1_445' title='bbox 1637 4659 1692 4704; x_wconf 89' lang='lat' dir='ltr'><strong>et</strong></span> <span class='ocrx_word' id='word_1_446' title='bbox 1721 4660 1913 4705; x_wconf 90' lang='lat' dir='ltr'><strong>contra</strong></span> <span class='ocrx_word' id='word_1_447' title='bbox 1941 4654 2054 4720; x_wconf 88' lang='lat' dir='ltr'><strong>pri-</strong></span> 
     </span>
    </p>
   </div>
   <div class='ocr_carea' id='block_1_66' title="bbox 479 4726 2053 4816">
    <p class='ocr_par' dir='ltr' id='par_1_66' title="bbox 479 4726 2053 4816">
     <span class='ocr_line' id='line_1_66' title="bbox 479 4726 2053 4816; baseline 0.014 -40"><span class='ocrx_word' id='word_1_448' title='bbox 479 4738 624 4778; x_wconf 89' lang='lat' dir='ltr'><strong>mam</strong></span> <span class='ocrx_word' id='word_1_449' title='bbox 659 4726 991 4799; x_wconf 89' lang='lat' dir='ltr'><strong>Ephesinam</strong></span> <span class='ocrx_word' id='word_1_450' title='bbox 1015 4741 1258 4789; x_wconf 89' lang='lat' dir='ltr'><strong>sanctam</strong></span> <span class='ocrx_word' id='word_1_451' title='bbox 1287 4739 1576 4808; x_wconf 75' lang='lat' dir='ltr'><strong>synodum,</strong></span> <span class='ocrx_word' id='word_1_452' title='bbox 1598 4749 1652 4795; x_wconf 93' lang='lat' dir='ltr'><strong>et</strong></span> <span class='ocrx_word' id='word_1_453' title='bbox 1684 4751 1932 4797; x_wconf 88' lang='lat' dir='ltr'><strong>sanctum</strong></span> <span class='ocrx_word' id='word_1_454' title='bbox 1951 4743 2053 4816; x_wconf 88' lang='lat' dir='ltr'><strong>Cy-</strong></span> 
     </span>
    </p>
   </div>
   <div class='ocr_carea' id='block_1_67' title="bbox 481 4815 2050 4901">
    <p class='ocr_par' dir='ltr' id='par_1_67' title="bbox 481 4815 2050 4901">
     <span class='ocr_line' id='line_1_67' title="bbox 481 4815 2050 4901; baseline 0.016 -34"><span class='ocrx_word' id='word_1_455' title='bbox 481 4815 666 4872; x_wconf 85' lang='lat' dir='ltr'><strong>rillum</strong></span> <span class='ocrx_word' id='word_1_456' title='bbox 692 4827 748 4872; x_wconf 92' lang='lat' dir='ltr'><strong>et</strong></span> <span class='ocrx_word' id='word_1_457' title='bbox 774 4819 1065 4879; x_wconf 90' lang='lat' dir='ltr'><strong>duodecim</strong></span> <span class='ocrx_word' id='word_1_458' title='bbox 1100 4829 1221 4897; x_wconf 87' lang='lat' dir='ltr'><strong>ejus</strong></span> <span class='ocrx_word' id='word_1_459' title='bbox 1247 4830 1505 4898; x_wconf 91' lang='lat' dir='ltr'><strong>capitula,</strong></span> <span class='ocrx_word' id='word_1_460' title='bbox 1541 4833 1814 4901; x_wconf 80' lang='lat' dir='ltr'><strong>exposuit,</strong></span> <span class='ocrx_word' id='word_1_461' title='bbox 1849 4845 1905 4890; x_wconf 91' lang='lat' dir='ltr'><strong>et</strong></span> <span class='ocrx_word' id='word_1_462' title='bbox 1935 4815 2050 4892; x_wconf 82' lang='lat' dir='ltr'><strong>om-</strong></span> 
     </span>
    </p>
   </div>
   <div class='ocr_carea' id='block_1_68' title="bbox 478 4907 2053 4986">
    <p class='ocr_par' dir='ltr' id='par_1_68' title="bbox 478 4907 2053 4986">
     <span class='ocr_line' id='line_1_68' title="bbox 478 4907 2053 4986; baseline 0.015 -28"><span class='ocrx_word' id='word_1_463' title='bbox 478 4907 592 4970; x_wconf 89' lang='lat' dir='ltr'><strong>nia,</strong></span> <span class='ocrx_word' id='word_1_464' title='bbox 615 4925 735 4977; x_wconf 83' lang='lat' dir='ltr'><strong>quae</strong></span> <span class='ocrx_word' id='word_1_465' title='bbox 755 4915 1080 4984; x_wconf 89' lang='lat' dir='ltr'><strong>conscripsit</strong></span> <span class='ocrx_word' id='word_1_466' title='bbox 1107 4934 1208 4986; x_wconf 90' lang='lat' dir='ltr'><strong>pro</strong></span> <span class='ocrx_word' id='word_1_467' title='bbox 1240 4919 1530 4976; x_wconf 86' lang='lat' dir='ltr'><strong>Theodoro</strong></span> <span class='ocrx_word' id='word_1_468' title='bbox 1558 4930 1614 4976; x_wconf 91' lang='lat' dir='ltr'><strong>et</strong></span> <span class='ocrx_word' id='word_1_469' title='bbox 1660 4923 1912 4982; x_wconf 90' lang='lat' dir='ltr'><strong>Nestorio</strong></span> <span class='ocrx_word' id='word_1_470' title='bbox 1947 4928 2053 4982; x_wconf 87' lang='lat' dir='ltr'><strong>im-</strong></span> 
     </span>
    </p>
   </div>
   <div class='ocr_carea' id='block_1_69' title="bbox 481 4995 2053 5079">
    <p class='ocr_par' dir='ltr' id='par_1_69' title="bbox 481 4995 2053 5079">
     <span class='ocr_line' id='line_1_69' title="bbox 481 4995 2053 5079; baseline 0.018 -33"><span class='ocrx_word' id='word_1_471' title='bbox 481 4995 609 5063; x_wconf 88' lang='lat' dir='ltr'><strong>piis,</strong></span> <span class='ocrx_word' id='word_1_472' title='bbox 632 5005 689 5050; x_wconf 89' lang='lat' dir='ltr'><strong>et</strong></span> <span class='ocrx_word' id='word_1_473' title='bbox 715 5013 816 5066; x_wconf 90' lang='lat' dir='ltr'><strong>pro</strong></span> <span class='ocrx_word' id='word_1_474' title='bbox 837 5001 977 5068; x_wconf 85' lang='lat' dir='ltr'><strong>aliis,</strong></span> <span class='ocrx_word' id='word_1_475' title='bbox 1015 5006 1110 5074; x_wconf 89' lang='lat' dir='ltr'><strong>qui</strong></span> <span class='ocrx_word' id='word_1_476' title='bbox 1152 5009 1342 5062; x_wconf 89' lang='lat' dir='ltr'><strong>eadem</strong></span> <span class='ocrx_word' id='word_1_477' title='bbox 1371 5011 1646 5079; x_wconf 72' lang='lat' dir='ltr'><strong>praedictis</strong></span> <span class='ocrx_word' id='word_1_478' title='bbox 1678 5015 1970 5073; x_wconf 88' lang='lat' dir='ltr'><strong>Theodoro</strong></span> <span class='ocrx_word' id='word_1_479' title='bbox 1997 5031 2053 5075; x_wconf 89' lang='lat' dir='ltr'><strong>et</strong></span> 
     </span>
    </p>
   </div>
   <div class='ocr_carea' id='block_1_70' title="bbox 481 5086 2054 5180">
    <p class='ocr_par' dir='ltr' id='par_1_70' title="bbox 481 5086 2054 5180">
     <span class='ocr_line' id='line_1_70' title="bbox 481 5086 2054 5180; baseline 0.017 -41"><span class='ocrx_word' id='word_1_480' title='bbox 481 5086 734 5143; x_wconf 83' lang='lat' dir='ltr'><strong>Nestorio</strong></span> <span class='ocrx_word' id='word_1_481' title='bbox 752 5106 1076 5162; x_wconf 89' lang='lat' dir='ltr'><strong>sapuerunt,</strong></span> <span class='ocrx_word' id='word_1_482' title='bbox 1102 5097 1402 5155; x_wconf 90' lang='lat' dir='ltr'><strong>defendens</strong></span> <span class='ocrx_word' id='word_1_483' title='bbox 1436 5118 1531 5157; x_wconf 90' lang='lat' dir='ltr'><strong>eos</strong></span> <span class='ocrx_word' id='word_1_484' title='bbox 1560 5114 1616 5159; x_wconf 92' lang='lat' dir='ltr'><strong>et</strong></span> <span class='ocrx_word' id='word_1_485' title='bbox 1643 5121 1835 5162; x_wconf 91' lang='lat' dir='ltr'><strong>eorum</strong></span> <span class='ocrx_word' id='word_1_486' title='bbox 1859 5109 2054 5180; x_wconf 90' lang='lat' dir='ltr'><strong>impie-</strong></span> 
     </span>
    </p>
   </div>
   <div class='ocr_carea' id='block_1_71' title="bbox 483 5185 2051 5260">
    <p class='ocr_par' dir='ltr' id='par_1_71' title="bbox 483 5185 2051 5260">
     <span class='ocr_line' id='line_1_71' title="bbox 483 5185 2051 5260; baseline 0.018 -30"><span class='ocrx_word' id='word_1_487' title='bbox 483 5185 672 5245; x_wconf 82' lang='lat' dir='ltr'><strong>tatem,</strong></span> <span class='ocrx_word' id='word_1_488' title='bbox 703 5190 758 5236; x_wconf 89' lang='lat' dir='ltr'><strong>et</strong></span> <span class='ocrx_word' id='word_1_489' title='bbox 789 5196 1016 5256; x_wconf 89' lang='lat' dir='ltr'><strong>propter</strong></span> <span class='ocrx_word' id='word_1_490' title='bbox 1050 5189 1154 5242; x_wconf 87' lang='lat' dir='ltr'><strong>hoc</strong></span> <span class='ocrx_word' id='word_1_491' title='bbox 1200 5191 1396 5260; x_wconf 89' lang='lat' dir='ltr'><strong>impios</strong></span> <span class='ocrx_word' id='word_1_492' title='bbox 1424 5211 1625 5252; x_wconf 88' lang='lat' dir='ltr'><strong>vocans</strong></span> <span class='ocrx_word' id='word_1_493' title='bbox 1655 5198 1910 5257; x_wconf 90' lang='lat' dir='ltr'><strong>doctores</strong></span> <span class='ocrx_word' id='word_1_494' title='bbox 1943 5203 2051 5258; x_wconf 90' lang='lat' dir='ltr'><strong>Ec-</strong></span> 
     </span>
    </p>
   </div>
   <div class='ocr_carea' id='block_1_72' title="bbox 559 5340 952 5409">
    <p class='ocr_par' dir='ltr' id='par_1_72' title="bbox 559 5340 952 5409">
     <span class='ocr_line' id='line_1_72' title="bbox 559 5340 952 5409; baseline 0.018 -19"><span class='ocrx_word' id='word_1_495' title='bbox 559 5350 586 5390; x_wconf 79' lang='grc' dir='ltr'><strong><em>γ</em></strong></span> <span class='ocrx_word' id='word_1_496' title='bbox 616 5340 783 5398; x_wconf 91' lang='lat' dir='ltr'><strong>llebr.</strong></span> <span class='ocrx_word' id='word_1_497' title='bbox 815 5361 868 5409; x_wconf 89' lang='lat' dir='ltr'><strong>v,</strong></span> <span class='ocrx_word' id='word_1_498' title='bbox 904 5347 952 5398; x_wconf 87' lang='lat'><strong>7.</strong></span> 
     </span>
    </p>
   </div>
   <div class='ocr_carea' id='block_1_73' title="bbox 2159 1841 3738 1915">
    <p class='ocr_par' dir='ltr' id='par_1_73' title="bbox 2159 1841 3738 1915">
     <span class='ocr_line' id='line_1_73' title="bbox 2159 1841 3738 1915; baseline 0.005 -19"><span class='ocrx_word' id='word_1_499' title='bbox 2159 1841 2458 1897; x_wconf 91' lang='lat' dir='ltr'><strong>cedonensi</strong></span> <span class='ocrx_word' id='word_1_500' title='bbox 2483 1843 2718 1898; x_wconf 91' lang='lat' dir='ltr'><strong>concilio</strong></span> <span class='ocrx_word' id='word_1_501' title='bbox 2753 1853 3054 1915; x_wconf 90' lang='lat' dir='ltr'><strong>receptum,</strong></span> <span class='ocrx_word' id='word_1_502' title='bbox 3093 1846 3161 1900; x_wconf 90' lang='lat' dir='ltr'><strong>ab</strong></span> <span class='ocrx_word' id='word_1_503' title='bbox 3184 1846 3431 1902; x_wconf 86' lang='lat' dir='ltr'><strong>Ecclesia</strong></span> <span class='ocrx_word' id='word_1_504' title='bbox 3467 1849 3738 1904; x_wconf 86' lang='lat' dir='ltr'><strong>orthodo-</strong></span> 
     </span>
    </p>
   </div>
   <div class='ocr_carea' id='block_1_74' title="bbox 2160 1933 3738 2006">
    <p class='ocr_par' dir='ltr' id='par_1_74' title="bbox 2160 1933 3738 2006">
     <span class='ocr_line' id='line_1_74' title="bbox 2160 1933 3738 2006; baseline 0.008 -22"><span class='ocrx_word' id='word_1_505' title='bbox 2160 1947 2290 1985; x_wconf 84' lang='lat' dir='ltr'><strong>xum</strong></span> <span class='ocrx_word' id='word_1_506' title='bbox 2329 1933 2684 2002; x_wconf 90' lang='lat' dir='ltr'><strong>appellatum,</strong></span> <span class='ocrx_word' id='word_1_507' title='bbox 2711 1936 2858 1990; x_wconf 89' lang='lat' dir='ltr'><strong>sedis</strong></span> <span class='ocrx_word' id='word_1_508' title='bbox 2896 1937 3210 2006; x_wconf 67' lang='lat' dir='ltr'><strong>apostolica:</strong></span> <span class='ocrx_word' id='word_1_509' title='bbox 3247 1939 3569 2004; x_wconf 89' lang='lat' dir='ltr'><strong>auctoritas,</strong></span> <span class='ocrx_word' id='word_1_510' title='bbox 3605 1955 3738 1995; x_wconf 85' lang='lat' dir='ltr'><strong>san-</strong></span> 
     </span>
    </p>
   </div>
   <div class='ocr_carea' id='block_1_75' title="bbox 2171 2025 3740 2098">
    <p class='ocr_par' dir='ltr' id='par_1_75' title="bbox 2171 2025 3740 2098">
     <span class='ocr_line' id='line_1_75' title="bbox 2171 2025 3740 2098; baseline 0.006 -18"><span class='ocrx_word' id='word_1_511' title='bbox 2171 2025 2334 2080; x_wconf 91' lang='lat' dir='ltr'><strong>ctitas</strong></span> <span class='ocrx_word' id='word_1_512' title='bbox 2375 2027 2624 2081; x_wconf 75' lang='lat' dir='ltr'><strong>maxima:</strong></span> <span class='ocrx_word' id='word_1_513' title='bbox 2661 2027 2890 2098; x_wconf 87' lang='lat' dir='ltr'><strong>synodi,</strong></span> <span class='ocrx_word' id='word_1_514' title='bbox 2929 2039 3092 2083; x_wconf 65' lang='lat' dir='ltr'><strong>rectae</strong></span> <span class='ocrx_word' id='word_1_515' title='bbox 3131 2027 3256 2084; x_wconf 91' lang='lat' dir='ltr'><strong>ﬁdei</strong></span> <span class='ocrx_word' id='word_1_516' title='bbox 3297 2031 3602 2095; x_wconf 83' lang='lat' dir='ltr'><strong>confessio,</strong></span> <span class='ocrx_word' id='word_1_517' title='bbox 3632 2033 3740 2088; x_wconf 88' lang='lat' dir='ltr'><strong>Ne-</strong></span> 
     </span>
    </p>
   </div>
   <div class='ocr_carea' id='block_1_76' title="bbox 2161 2115 3738 2188">
    <p class='ocr_par' dir='ltr' id='par_1_76' title="bbox 2161 2115 3738 2188">
     <span class='ocr_line' id='line_1_76' title="bbox 2161 2115 3738 2188; baseline 0.005 -17"><span class='ocrx_word' id='word_1_518' title='bbox 2161 2116 2318 2171; x_wconf 88' lang='lat' dir='ltr'><strong>storii</strong></span> <span class='ocrx_word' id='word_1_519' title='bbox 2353 2115 2653 2182; x_wconf 87' lang='lat' dir='ltr'><strong>damnatio,</strong></span> <span class='ocrx_word' id='word_1_520' title='bbox 2684 2118 2904 2187; x_wconf 90' lang='lat' dir='ltr'><strong>vitaque</strong></span> <span class='ocrx_word' id='word_1_521' title='bbox 2935 2126 3123 2174; x_wconf 92' lang='lat' dir='ltr'><strong>sancto</strong></span> <span class='ocrx_word' id='word_1_522' title='bbox 3153 2119 3260 2174; x_wconf 87' lang='lat' dir='ltr'><strong>ﬁne</strong></span> <span class='ocrx_word' id='word_1_523' title='bbox 3298 2121 3512 2188; x_wconf 88' lang='lat' dir='ltr'><strong>clausa,</strong></span> <span class='ocrx_word' id='word_1_524' title='bbox 3542 2124 3738 2179; x_wconf 85' lang='lat' dir='ltr'><strong>tueba-</strong></span> 
     </span>
    </p>
   </div>
   <div class='ocr_carea' id='block_1_77' title="bbox 2160 2216 2272 2262">
    <p class='ocr_par' dir='ltr' id='par_1_77' title="bbox 2160 2216 2272 2262">
     <span class='ocr_line' id='line_1_77' title="bbox 2160 2216 2272 2262; baseline -0.018 0"><span class='ocrx_word' id='word_1_525' title='bbox 2160 2216 2272 2262; x_wconf 87' lang='lat' dir='ltr'><strong>tur.</strong></span> 
     </span>
    </p>
   </div>
   <div class='ocr_carea' id='block_1_78' title="bbox 2755 2321 3130 2378">
    <p class='ocr_par' dir='ltr' id='par_1_78' title="bbox 2755 2321 3130 2378">
     <span class='ocr_line' id='line_1_78' title="bbox 2755 2321 3130 2378; baseline -0.003 0"><span class='ocrx_word' id='word_1_526' title='bbox 2755 2321 2982 2378; x_wconf 80' lang='lat' dir='ltr'><strong>CAPUT</strong></span> <span class='ocrx_word' id='word_1_527' title='bbox 3013 2323 3130 2377; x_wconf 81' lang='lat' dir='ltr'><strong>XX.</strong></span> 
     </span>
    </p>
   </div>
   <div class='ocr_carea' id='block_1_79' title="bbox 2159 2411 3736 2484">
    <p class='ocr_par' dir='ltr' id='par_1_79' title="bbox 2159 2411 3736 2484">
     <span class='ocr_line' id='line_1_79' title="bbox 2159 2411 3736 2484; baseline 0.007 -18"><span class='ocrx_word' id='word_1_528' title='bbox 2159 2411 2200 2467; x_wconf 86' lang='grc' dir='ltr'><strong>Ι.</strong></span> <span class='ocrx_word' id='word_1_529' title='bbox 2236 2411 2386 2484; x_wconf 51' lang='lat' dir='ltr'><strong>Quis</strong></span> <span class='ocrx_word' id='word_1_530' title='bbox 2411 2421 2525 2484; x_wconf 80' lang='lat' dir='ltr'><strong>post</strong></span> <span class='ocrx_word' id='word_1_531' title='bbox 2565 2412 2808 2484; x_wconf 84' lang='lat' dir='ltr'><strong>quintam</strong></span> <span class='ocrx_word' id='word_1_532' title='bbox 2839 2415 3098 2484; x_wconf 85' lang='lat' dir='ltr'><strong>synodum</strong></span> <span class='ocrx_word' id='word_1_533' title='bbox 3128 2416 3379 2471; x_wconf 70' lang='lat' dir='ltr'><strong>Ecclesia:</strong></span> <span class='ocrx_word' id='word_1_534' title='bbox 3427 2434 3626 2472; x_wconf 78' lang='lat' dir='ltr'><strong>sensus.</strong></span> <span class='ocrx_word' id='word_1_535' title='bbox 3667 2417 3736 2478; x_wconf 83' lang='lat' dir='ltr'><strong>ll.</strong></span> 
     </span>
    </p>
   </div>
   <div class='ocr_carea' id='block_1_80' title="bbox 2227 2482 3740 2555">
    <p class='ocr_par' dir='ltr' id='par_1_80' title="bbox 2227 2482 3740 2555">
     <span class='ocr_line' id='line_1_80' title="bbox 2227 2482 3740 2555; baseline 0.003 -17"><span class='ocrx_word' id='word_1_536' title='bbox 2227 2484 2310 2538; x_wconf 84' lang='lat' dir='ltr'><strong>An</strong></span> <span class='ocrx_word' id='word_1_537' title='bbox 2346 2482 2792 2555; x_wconf 37' lang='lat' dir='ltr'><strong>Vigilius&#39;scripto</strong></span> <span class='ocrx_word' id='word_1_538' title='bbox 2814 2482 3070 2555; x_wconf 72' lang='lat' dir='ltr'><strong>synodum</strong></span> <span class='ocrx_word' id='word_1_539' title='bbox 3094 2487 3408 2555; x_wconf 81' lang='lat' dir='ltr'><strong>probaverit.</strong></span> <span class='ocrx_word' id='word_1_540' title='bbox 3443 2488 3531 2541; x_wconf 88' lang='lat' dir='ltr'><strong>Ill.</strong></span> <span class='ocrx_word' id='word_1_541' title='bbox 3568 2488 3662 2542; x_wconf 85' lang='lat' dir='ltr'><strong>Ubi</strong></span> <span class='ocrx_word' id='word_1_542' title='bbox 3688 2496 3740 2543; x_wconf 80' lang='lat' dir='ltr'><strong>et</strong></span> 
     </span>
    </p>
   </div>
   <div class='ocr_carea' id='block_1_81' title="bbox 2229 2553 3740 2630">
    <p class='ocr_par' dir='ltr' id='par_1_81' title="bbox 2229 2553 3740 2630">
     <span class='ocr_line' id='line_1_81' title="bbox 2229 2553 3740 2630; baseline 0.005 -25"><span class='ocrx_word' id='word_1_543' title='bbox 2229 2553 2442 2630; x_wconf 62' lang='lat' dir='ltr'><strong>quando</strong></span> <span class='ocrx_word' id='word_1_544' title='bbox 2472 2553 2744 2623; x_wconf 77' lang='lat' dir='ltr'><strong>defunctus</strong></span> <span class='ocrx_word' id='word_1_545' title='bbox 2777 2553 2866 2630; x_wconf 67' lang='lat' dir='ltr'><strong>sit.</strong></span> <span class='ocrx_word' id='word_1_546' title='bbox 2905 2553 3263 2630; x_wconf 65' lang='lat' dir='ltr'><strong>lV._Pel_agi~us</strong></span> <span class='ocrx_word' id='word_1_547' title='bbox 3290 2556 3319 2611; x_wconf 88' lang='grc' dir='ltr'><em>Ι</em></span> <span class='ocrx_word' id='word_1_548' title='bbox 3346 2558 3570 2612; x_wconf 87' lang='lat' dir='ltr'><strong>schisma</strong></span> <span class='ocrx_word' id='word_1_549' title='bbox 3597 2557 3740 2630; x_wconf 78' lang='lat' dir='ltr'><strong>Illy-</strong></span> 
     </span>
    </p>
   </div>
   <div class='ocr_carea' id='block_1_82' title="bbox 2230 2623 3740 2683">
    <p class='ocr_par' dir='ltr' id='par_1_82' title="bbox 2230 2623 3740 2683">
     <span class='ocr_line' id='line_1_82' title="bbox 2230 2623 3740 2683; baseline 0.005 -8"><span class='ocrx_word' id='word_1_550' title='bbox 2230 2623 2460 2676; x_wconf 84' lang='lat' dir='ltr'><strong>ricorum</strong></span> <span class='ocrx_word' id='word_1_551' title='bbox 2497 2632 2720 2677; x_wconf 85' lang='lat' dir='ltr'><strong>conatur</strong></span> <span class='ocrx_word' id='word_1_552' title='bbox 2753 2623 2956 2677; x_wconf 81' lang='lat' dir='ltr'><strong>tollere.</strong></span> <span class='ocrx_word' id='word_1_553' title='bbox 2997 2626 3054 2679; x_wconf 86' lang='lat' dir='ltr'><strong>V.</strong></span> <span class='ocrx_word' id='word_1_554' title='bbox 3079 2623 3354 2681; x_wconf 74' lang='lat' dir='ltr'><strong>Conantur</strong></span> <span class='ocrx_word' id='word_1_555' title='bbox 3390 2634 3438 2680; x_wconf 87' lang='lat' dir='ltr'><strong>et</strong></span> <span class='ocrx_word' id='word_1_556' title='bbox 3477 2635 3579 2681; x_wconf 85' lang='lat' dir='ltr'><strong>tres</strong></span> <span class='ocrx_word' id='word_1_557' title='bbox 3610 2623 3740 2683; x_wconf 63' lang='lat' dir='ltr'><strong>cort-</strong></span> 
     </span>
    </p>
   </div>
   <div class='ocr_carea' id='block_1_83' title="bbox 2220 2691 3741 2768">
    <p class='ocr_par' dir='ltr' id='par_1_83' title="bbox 2220 2691 3741 2768">
     <span class='ocr_line' id='line_1_83' title="bbox 2220 2691 3741 2768; baseline 0.005 -24"><span class='ocrx_word' id='word_1_558' title='bbox 2220 2701 2492 2768; x_wconf 69' lang='lat' dir='ltr'><strong>sequentes</strong></span> <span class='ocrx_word' id='word_1_559' title='bbox 2521 2691 2812 2768; x_wconf 64' lang='lat' dir='ltr'><strong>pontiﬁces.</strong></span> <span class='ocrx_word' id='word_1_560' title='bbox 2843 2695 2928 2748; x_wconf 87' lang='lat' dir='ltr'><strong>Vl.</strong></span> <span class='ocrx_word' id='word_1_561' title='bbox 2963 2695 3092 2768; x_wconf 54' lang='lat' dir='ltr'><strong>Rern</strong></span> <span class='ocrx_word' id='word_1_562' title='bbox 3126 2713 3320 2768; x_wconf 60' lang='lat' dir='ltr'><strong>inagna</strong></span> <span class='ocrx_word' id='word_1_563' title='bbox 3347 2713 3411 2750; x_wconf 77' lang='lat' dir='ltr'><strong>ea:</strong></span> <span class='ocrx_word' id='word_1_564' title='bbox 3441 2708 3588 2767; x_wconf 77' lang='lat' dir='ltr'><strong>parte</strong></span> <span class='ocrx_word' id='word_1_565' title='bbox 3616 2716 3741 2768; x_wconf 80' lang='lat' dir='ltr'><strong>per-</strong></span> 
     </span>
    </p>
   </div>
   <div class='ocr_carea' id='block_1_84' title="bbox 2228 2761 3743 2835">
    <p class='ocr_par' dir='ltr' id='par_1_84' title="bbox 2228 2761 3743 2835">
     <span class='ocr_line' id='line_1_84' title="bbox 2228 2761 3743 2835; baseline 0.006 -21"><span class='ocrx_word' id='word_1_566' title='bbox 2228 2761 2657 2835; x_wconf 78' lang='lat' dir='ltr'><strong>egit_Gregbrius</strong></span> <span class='ocrx_word' id='word_1_567' title='bbox 2701 2762 2946 2834; x_wconf 85' lang='lat' dir='ltr'><strong>Magnus.</strong></span> <span class='ocrx_word' id='word_1_568' title='bbox 2992 2765 3101 2820; x_wconf 85' lang='lat' dir='ltr'><strong>Vll.</strong></span> <span class='ocrx_word' id='word_1_569' title='bbox 3140 2761 3394 2835; x_wconf 71' lang='lat' dir='ltr'><strong>Epilogus</strong></span> <span class='ocrx_word' id='word_1_570' title='bbox 3439 2761 3626 2822; x_wconf 43' lang='lat' dir='ltr'><strong>totius.</strong></span> <span class='ocrx_word' id='word_1_571' title='bbox 3653 2771 3743 2824; x_wconf 75' lang='lat' dir='ltr'><strong>Iti-</strong></span> 
     </span>
    </p>
   </div>
   <div class='ocr_carea' id='block_1_85' title="bbox 2229 2833 2432 2886">
    <p class='ocr_par' dir='ltr' id='par_1_85' title="bbox 2229 2833 2432 2886">
     <span class='ocr_line' id='line_1_85' title="bbox 2229 2833 2432 2886; baseline 0.01 -2"><span class='ocrx_word' id='word_1_572' title='bbox 2229 2833 2432 2886; x_wconf 69' lang='grc' dir='ltr'><strong>διον-ἕω.</strong></span> 
     </span>
    </p>
   </div>
   <div class='ocr_carea' id='block_1_86' title="bbox 2231 2923 3743 3002">
    <p class='ocr_par' dir='ltr' id='par_1_86' title="bbox 2231 2923 3743 3002">
     <span class='ocr_line' id='line_1_86' title="bbox 2231 2923 3743 3002; baseline 0.004 -24"><span class='ocrx_word' id='word_1_573' title='bbox 2231 2923 2274 2978; x_wconf 91' lang='lat' dir='ltr'><strong>l.</strong></span> <span class='ocrx_word' id='word_1_574' title='bbox 2304 2924 2384 2978; x_wconf 85' lang='lat' dir='ltr'><strong>Ita</strong></span> <span class='ocrx_word' id='word_1_575' title='bbox 2428 2940 2487 2979; x_wconf 91' lang='lat' dir='ltr'><strong>se</strong></span> <span class='ocrx_word' id='word_1_576' title='bbox 2526 2925 2721 2979; x_wconf 82' lang='lat' dir='ltr'><strong>habuit.</strong></span> <span class='ocrx_word' id='word_1_577' title='bbox 2756 2925 3089 2980; x_wconf 90' lang='lat' dir='ltr'><strong>Theodoreti</strong></span> <span class='ocrx_word' id='word_1_578' title='bbox 3132 2941 3294 2981; x_wconf 90' lang='lat' dir='ltr'><strong>causa</strong></span> <span class='ocrx_word' id='word_1_579' title='bbox 3337 2928 3394 2981; x_wconf 92' lang='lat' dir='ltr'><strong>in</strong></span> <span class='ocrx_word' id='word_1_580' title='bbox 3427 2929 3619 2998; x_wconf 88' lang='lat' dir='ltr'><strong>quinta</strong></span> <span class='ocrx_word' id='word_1_581' title='bbox 3651 2947 3743 3002; x_wconf 83' lang='lat' dir='ltr'><strong>sy-</strong></span> 
     </span>
    </p>
   </div>
   <div class='ocr_carea' id='block_1_87' title="bbox 2085 3016 3739 3114">
    <p class='ocr_par' dir='ltr' id='par_1_87' title="bbox 2085 3016 3739 3114">
     <span class='ocr_line' id='line_1_87' title="bbox 2085 3016 3739 3114; baseline 0.004 -44"><span class='ocrx_word' id='word_1_582' title='bbox 2085 3054 2129 3114; x_wconf 72' lang='lat' dir='ltr'>c</span> <span class='ocrx_word' id='word_1_583' title='bbox 2165 3016 2335 3083; x_wconf 89' lang='lat' dir='ltr'><strong>nodo,</strong></span> <span class='ocrx_word' id='word_1_584' title='bbox 2366 3017 2454 3072; x_wconf 91' lang='lat' dir='ltr'><strong>cui</strong></span> <span class='ocrx_word' id='word_1_585' title='bbox 2484 3034 2610 3071; x_wconf 78' lang='lat' dir='ltr'><strong>mox</strong></span> <span class='ocrx_word' id='word_1_586' title='bbox 2641 3016 2841 3072; x_wconf 90' lang='lat' dir='ltr'><strong>Oriens</strong></span> <span class='ocrx_word' id='word_1_587' title='bbox 2881 3033 3131 3088; x_wconf 84' lang='lat' dir='ltr'><strong>magnam</strong></span> <span class='ocrx_word' id='word_1_588' title='bbox 3179 3028 3391 3088; x_wconf 86' lang='lat' dir='ltr'><strong>partem</strong></span> <span class='ocrx_word' id='word_1_589' title='bbox 3432 3023 3739 3088; x_wconf 89' lang='lat' dir='ltr'><strong>consensit,</strong></span> 
     </span>
    </p>
   </div>
   <div class='ocr_carea' id='block_1_88' title="bbox 2161 3109 3742 3183">
    <p class='ocr_par' dir='ltr' id='par_1_88' title="bbox 2161 3109 3742 3183">
     <span class='ocr_line' id='line_1_88' title="bbox 2161 3109 3742 3183; baseline 0.004 -21"><span class='ocrx_word' id='word_1_590' title='bbox 2161 3109 2423 3163; x_wconf 90' lang='lat' dir='ltr'><strong>dissensit</strong></span> <span class='ocrx_word' id='word_1_591' title='bbox 2448 3109 2737 3173; x_wconf 90' lang='lat' dir='ltr'><strong>Occidens,</strong></span> <span class='ocrx_word' id='word_1_592' title='bbox 2767 3109 2942 3164; x_wconf 88' lang='lat' dir='ltr'><strong>donec</strong></span> <span class='ocrx_word' id='word_1_593' title='bbox 2971 3110 3117 3164; x_wconf 86' lang='lat' dir='ltr'><strong>sedis</strong></span> <span class='ocrx_word' id='word_1_594' title='bbox 3142 3111 3456 3180; x_wconf 65' lang='lat' dir='ltr'><strong>apostolicae</strong></span> <span class='ocrx_word' id='word_1_595' title='bbox 3467 3111 3742 3183; x_wconf 86' lang='lat' dir='ltr'><strong>judicium</strong></span> 
     </span>
    </p>
   </div>
   <div class='ocr_carea' id='block_1_89' title="bbox 2155 3199 2416 3255">
    <p class='ocr_par' dir='ltr' id='par_1_89' title="bbox 2155 3199 2416 3255">
     <span class='ocr_line' id='line_1_89' title="bbox 2155 3199 2416 3255; baseline -0.004 0"><span class='ocrx_word' id='word_1_596' title='bbox 2155 3199 2416 3255; x_wconf 89' lang='lat' dir='ltr'><strong>innotuit.</strong></span> 
     </span>
    </p>
   </div>
   <div class='ocr_carea' id='block_1_90' title="bbox 2225 3289 3740 3364">
    <p class='ocr_par' dir='ltr' id='par_1_90' title="bbox 2225 3289 3740 3364">
     <span class='ocr_line' id='line_1_90' title="bbox 2225 3289 3740 3364; baseline 0.004 -19"><span class='ocrx_word' id='word_1_597' title='bbox 2225 3292 2291 3345; x_wconf 92' lang='grc'><strong>11.</strong></span> <span class='ocrx_word' id='word_1_598' title='bbox 2335 3292 2476 3346; x_wconf 91' lang='lat' dir='ltr'><strong>Sunt</strong></span> <span class='ocrx_word' id='word_1_599' title='bbox 2505 3292 2602 3362; x_wconf 87' lang='lat' dir='ltr'><strong>qui</strong></span> <span class='ocrx_word' id='word_1_600' title='bbox 2631 3289 2890 3364; x_wconf 84' lang='lat' dir='ltr'><strong>Vigilium</strong></span> <span class='ocrx_word' id='word_1_601' title='bbox 2921 3301 3240 3348; x_wconf 90' lang='lat' dir='ltr'><strong>constanter</strong></span> <span class='ocrx_word' id='word_1_602' title='bbox 3254 3295 3523 3350; x_wconf 87' lang='lat' dir='ltr'><strong>restitisse</strong></span> <span class='ocrx_word' id='word_1_603' title='bbox 3543 3297 3740 3364; x_wconf 85' lang='lat' dir='ltr'><strong>velint,</strong></span> 
     </span>
    </p>
   </div>
   <div class='ocr_carea' id='block_1_91' title="bbox 2119 3381 3744 3459">
    <p class='ocr_par' dir='ltr' id='par_1_91' title="bbox 2119 3381 3744 3459">
     <span class='ocr_line' id='line_1_91' title="bbox 2119 3381 3744 3459; baseline 0.006 -23"><span class='ocrx_word' id='word_1_604' title='bbox 2119 3416 2122 3419; x_wconf 98' lang='lat'><strong><em>-</em></strong></span> <span class='ocrx_word' id='word_1_605' title='bbox 2157 3381 2392 3452; x_wconf 89' lang='lat' dir='ltr'><strong>ideoque</strong></span> <span class='ocrx_word' id='word_1_606' title='bbox 2425 3384 2664 3453; x_wconf 88' lang='lat' dir='ltr'><strong>ejectum</strong></span> <span class='ocrx_word' id='word_1_607' title='bbox 2707 3386 2764 3439; x_wconf 91' lang='lat' dir='ltr'><strong>in</strong></span> <span class='ocrx_word' id='word_1_608' title='bbox 2799 3386 3074 3452; x_wconf 77' lang='lat' dir='ltr'><strong>exsilium,</strong></span> <span class='ocrx_word' id='word_1_609' title='bbox 3107 3386 3253 3441; x_wconf 90' lang='lat' dir='ltr'><strong>unde</strong></span> <span class='ocrx_word' id='word_1_610' title='bbox 3279 3387 3528 3443; x_wconf 89' lang='lat' dir='ltr'><strong>Narsetis</strong></span> <span class='ocrx_word' id='word_1_611' title='bbox 3563 3391 3744 3459; x_wconf 87' lang='lat' dir='ltr'><strong>preci-</strong></span> 
     </span>
    </p>
   </div>
   <div class='ocr_carea' id='block_1_92' title="bbox 2155 3473 3738 3549">
    <p class='ocr_par' dir='ltr' id='par_1_92' title="bbox 2155 3473 3738 3549">
     <span class='ocr_line' id='line_1_92' title="bbox 2155 3473 3738 3549; baseline 0.006 -22"><span class='ocrx_word' id='word_1_612' title='bbox 2155 3473 2260 3529; x_wconf 88' lang='lat' dir='ltr'><strong>bus</strong></span> <span class='ocrx_word' id='word_1_613' title='bbox 2293 3485 2580 3530; x_wconf 89' lang='lat' dir='ltr'><strong>revocatus</strong></span> <span class='ocrx_word' id='word_1_614' title='bbox 2614 3476 2718 3540; x_wconf 91' lang='lat' dir='ltr'><strong>sit,</strong></span> <span class='ocrx_word' id='word_1_615' title='bbox 2785 3477 3124 3546; x_wconf 83' lang='lat' dir='ltr'><strong>Romamque</strong></span> <span class='ocrx_word' id='word_1_616' title='bbox 3177 3477 3358 3532; x_wconf 88' lang='lat' dir='ltr'><strong>redire</strong></span> <span class='ocrx_word' id='word_1_617' title='bbox 3413 3481 3738 3549; x_wconf 87' lang='lat' dir='ltr'><strong>permissus,</strong></span> 
     </span>
    </p>
   </div>
   <div class='ocr_carea' id='block_1_93' title="bbox 2156 3563 3739 3643">
    <p class='ocr_par' dir='ltr' id='par_1_93' title="bbox 2156 3563 3739 3643">
     <span class='ocr_line' id='line_1_93' title="bbox 2156 3563 3739 3643; baseline 0.006 -25"><span class='ocrx_word' id='word_1_618' title='bbox 2156 3563 2288 3619; x_wconf 90' lang='lat' dir='ltr'><strong>dum</strong></span> <span class='ocrx_word' id='word_1_619' title='bbox 2337 3566 2562 3630; x_wconf 89' lang='lat' dir='ltr'><strong>rediret,</strong></span> <span class='ocrx_word' id='word_1_620' title='bbox 2605 3566 2659 3619; x_wconf 92' lang='lat' dir='ltr'><strong>in</strong></span> <span class='ocrx_word' id='word_1_621' title='bbox 2692 3566 2880 3622; x_wconf 90' lang='lat' dir='ltr'><strong>Sicilia</strong></span> <span class='ocrx_word' id='word_1_622' title='bbox 2918 3567 3032 3622; x_wconf 89' lang='lat' dir='ltr'><strong>fato</strong></span> <span class='ocrx_word' id='word_1_623' title='bbox 3070 3570 3429 3624; x_wconf 91' lang='lat' dir='ltr'><strong>concesserit.</strong></span> <span class='ocrx_word' id='word_1_624' title='bbox 3459 3571 3601 3626; x_wconf 91' lang='lat' dir='ltr'><strong>Sunt</strong></span> <span class='ocrx_word' id='word_1_625' title='bbox 3641 3573 3739 3643; x_wconf 91' lang='lat' dir='ltr'><strong>qui</strong></span> 
     </span>
    </p>
   </div>
   <div class='ocr_carea' id='block_1_94' title="bbox 2156 3656 3740 3730">
    <p class='ocr_par' dir='ltr' id='par_1_94' title="bbox 2156 3656 3740 3730">
     <span class='ocr_line' id='line_1_94' title="bbox 2156 3656 3740 3730; baseline 0.005 -20"><span class='ocrx_word' id='word_1_626' title='bbox 2156 3665 2406 3710; x_wconf 89' lang='lat' dir='ltr'><strong>asserant</strong></span> <span class='ocrx_word' id='word_1_627' title='bbox 2458 3656 2692 3711; x_wconf 88' lang='lat' dir='ltr'><strong>fractum</strong></span> <span class='ocrx_word' id='word_1_628' title='bbox 2737 3657 2929 3722; x_wconf 87' lang='lat' dir='ltr'><strong>malis,</strong></span> <span class='ocrx_word' id='word_1_629' title='bbox 2981 3657 3379 3728; x_wconf 89' lang='lat' dir='ltr'><strong>turbarumque</strong></span> <span class='ocrx_word' id='word_1_630' title='bbox 3436 3669 3740 3730; x_wconf 86' lang='lat' dir='ltr'><strong>pertaesum</strong></span> 
     </span>
    </p>
   </div>
   <div class='ocr_carea' id='block_1_95' title="bbox 2157 3746 3737 3817">
    <p class='ocr_par' dir='ltr' id='par_1_95' title="bbox 2157 3746 3737 3817">
     <span class='ocr_line' id='line_1_95' title="bbox 2157 3746 3737 3817; baseline 0.002 -14"><span class='ocrx_word' id='word_1_631' title='bbox 2157 3755 2312 3803; x_wconf 81' lang='lat' dir='ltr'><strong>sexto</strong></span> <span class='ocrx_word' id='word_1_632' title='bbox 2338 3756 2461 3817; x_wconf 91' lang='lat' dir='ltr'><strong>post</strong></span> <span class='ocrx_word' id='word_1_633' title='bbox 2498 3747 2764 3817; x_wconf 77' lang='lat' dir='ltr'><strong>synodum</strong></span> <span class='ocrx_word' id='word_1_634' title='bbox 2789 3763 2997 3812; x_wconf 88' lang='lat' dir='ltr'><strong>mense,</strong></span> <span class='ocrx_word' id='word_1_635' title='bbox 3031 3746 3385 3803; x_wconf 81' lang='lat' dir='ltr'><strong>Constitutum</strong></span> <span class='ocrx_word' id='word_1_636' title='bbox 3423 3765 3737 3815; x_wconf 84' lang='lat' dir='ltr'><strong>revocasse,</strong></span> 
     </span>
    </p>
   </div>
   <div class='ocr_carea' id='block_1_96' title="bbox 2157 3834 3742 3908">
    <p class='ocr_par' dir='ltr' id='par_1_96' title="bbox 2157 3834 3742 3908">
     <span class='ocr_line' id='line_1_96' title="bbox 2157 3834 3742 3908; baseline 0.004 -18"><span class='ocrx_word' id='word_1_637' title='bbox 2157 3845 2215 3890; x_wconf 89' lang='lat' dir='ltr'><strong>et</strong></span> <span class='ocrx_word' id='word_1_638' title='bbox 2256 3835 2450 3908; x_wconf 82' lang='lat' dir='ltr'><strong>synodi</strong></span> <span class='ocrx_word' id='word_1_639' title='bbox 2491 3834 2868 3891; x_wconf 89' lang='lat' dir='ltr'><strong>deﬁnitionem</strong></span> <span class='ocrx_word' id='word_1_640' title='bbox 2903 3837 3185 3906; x_wconf 88' lang='lat' dir='ltr'><strong>probasse.</strong></span> <span class='ocrx_word' id='word_1_641' title='bbox 3211 3838 3293 3893; x_wconf 88' lang='lat' dir='ltr'><strong>Illi</strong></span> <span class='ocrx_word' id='word_1_642' title='bbox 3324 3848 3556 3896; x_wconf 89' lang='lat' dir='ltr'><strong>utuntur</strong></span> <span class='ocrx_word' id='word_1_643' title='bbox 3591 3842 3742 3896; x_wconf 66' lang='lat' dir='ltr'><strong>Ana«</strong></span> 
     </span>
    </p>
   </div>
   <div class='ocr_carea' id='block_1_97' title="bbox 2111 3919 3738 4007">
    <p class='ocr_par' dir='ltr' id='par_1_97' title="bbox 2111 3919 3738 4007">
     <span class='ocr_line' id='line_1_97' title="bbox 2111 3919 3738 4007; baseline 0.004 -23"><span class='ocrx_word' id='word_1_644' title='bbox 2111 4006 2114 4007; x_wconf 14' lang='grc' dir='ltr'><em>ν</em></span> <span class='ocrx_word' id='word_1_645' title='bbox 2157 3929 2310 3985; x_wconf 89' lang='lat' dir='ltr'><strong>stasii</strong></span> <span class='ocrx_word' id='word_1_646' title='bbox 2357 3919 2794 3995; x_wconf 86' lang='lat' dir='ltr'><strong>Bibliothecarii,</strong></span> <span class='ocrx_word' id='word_1_647' title='bbox 2823 3929 3171 4002; x_wconf 88' lang='lat' dir='ltr'><strong>Victorisque</strong></span> <span class='ocrx_word' id='word_1_648' title='bbox 3201 3932 3548 3992; x_wconf 88' lang='lat' dir='ltr'><strong>Tunonensis</strong></span> <span class='ocrx_word' id='word_1_649' title='bbox 3577 3936 3738 3990; x_wconf 86' lang='lat' dir='ltr'><strong>testi-</strong></span> 
     </span>
    </p>
   </div>
   <div class='ocr_carea' id='block_1_98' title="bbox 2155 4019 3735 4093">
    <p class='ocr_par' dir='ltr' id='par_1_98' title="bbox 2155 4019 3735 4093">
     <span class='ocr_line' id='line_1_98' title="bbox 2155 4019 3735 4093; baseline 0.005 -21"><span class='ocrx_word' id='word_1_650' title='bbox 2155 4019 2376 4086; x_wconf 90' lang='lat' dir='ltr'><strong>monio;</strong></span> <span class='ocrx_word' id='word_1_651' title='bbox 2403 4019 2491 4074; x_wconf 92' lang='lat' dir='ltr'><strong>isti</strong></span> <span class='ocrx_word' id='word_1_652' title='bbox 2531 4020 2819 4089; x_wconf 87' lang='lat' dir='ltr'><strong>proferunt</strong></span> <span class='ocrx_word' id='word_1_653' title='bbox 2853 4022 3140 4090; x_wconf 86' lang='lat' dir='ltr'><strong>epistolam</strong></span> <span class='ocrx_word' id='word_1_654' title='bbox 3174 4022 3191 4053; x_wconf 78' lang='grc'>⁸</span> <span class='ocrx_word' id='word_1_655' title='bbox 3217 4039 3395 4092; x_wconf 84' lang='lat' dir='ltr'><strong>nuper</strong></span> <span class='ocrx_word' id='word_1_656' title='bbox 3431 4035 3735 4093; x_wconf 89' lang='lat' dir='ltr'><strong>repertam,</strong></span> 
     </span>
    </p>
   </div>
   <div class='ocr_carea' id='block_1_99' title="bbox 2155 4111 3739 4189">
    <p class='ocr_par' dir='ltr' id='par_1_99' title="bbox 2155 4111 3739 4189">
     <span class='ocr_line' id='line_1_99' title="bbox 2155 4111 3739 4189; baseline 0.006 -25"><span class='ocrx_word' id='word_1_657' title='bbox 2155 4127 2278 4181; x_wconf 70' lang='lat' dir='ltr'><strong>quae</strong></span> <span class='ocrx_word' id='word_1_658' title='bbox 2304 4127 2333 4166; x_wconf 88' lang='lat' dir='ltr'><strong>a</strong></span> <span class='ocrx_word' id='word_1_659' title='bbox 2367 4111 2564 4182; x_wconf 80' lang='lat' dir='ltr'><strong>Vigilio</strong></span> <span class='ocrx_word' id='word_1_660' title='bbox 2601 4112 2728 4168; x_wconf 90' lang='lat' dir='ltr'><strong>data</strong></span> <span class='ocrx_word' id='word_1_661' title='bbox 2761 4113 2964 4183; x_wconf 81' lang='lat' dir='ltr'><strong>legitur</strong></span> <span class='ocrx_word' id='word_1_662' title='bbox 3000 4114 3069 4169; x_wconf 90' lang='lat' dir='ltr'><strong>ad</strong></span> <span class='ocrx_word' id='word_1_663' title='bbox 3099 4115 3432 4186; x_wconf 89' lang='lat' dir='ltr'><strong>Eutychium</strong></span> <span class='ocrx_word' id='word_1_664' title='bbox 3462 4117 3618 4189; x_wconf 78' lang='lat' dir='ltr'><strong>urbis</strong></span> <span class='ocrx_word' id='word_1_665' title='bbox 3648 4134 3739 4173; x_wconf 76' lang='lat' dir='ltr'><strong>re-</strong></span> 
     </span>
    </p>
   </div>
   <div class='ocr_carea' id='block_1_100' title="bbox 2156 4201 3736 4276">
    <p class='ocr_par' dir='ltr' id='par_1_100' title="bbox 2156 4201 3736 4276">
     <span class='ocr_line' id='line_1_100' title="bbox 2156 4201 3736 4276; baseline 0.005 -21"><span class='ocrx_word' id='word_1_666' title='bbox 2156 4201 2258 4273; x_wconf 81' lang='lat' dir='ltr'><strong>giae</strong></span> <span class='ocrx_word' id='word_1_667' title='bbox 2309 4203 2650 4273; x_wconf 90' lang='lat' dir='ltr'><strong>episcopum.</strong></span> <span class='ocrx_word' id='word_1_668' title='bbox 2705 4204 2869 4276; x_wconf 60' lang='lat'><strong>256</strong></span> <span class='ocrx_word' id='word_1_669' title='bbox 2905 4206 3076 4259; x_wconf 86' lang='lat' dir='ltr'><strong>Aiunt</strong></span> <span class='ocrx_word' id='word_1_670' title='bbox 3117 4206 3194 4260; x_wconf 89' lang='lat' dir='ltr'><strong>illi</strong></span> <span class='ocrx_word' id='word_1_671' title='bbox 3249 4207 3462 4262; x_wconf 90' lang='lat' dir='ltr'><strong>nullum</strong></span> <span class='ocrx_word' id='word_1_672' title='bbox 3515 4218 3736 4264; x_wconf 70' lang='lat' dir='ltr'><strong>exstare</strong></span> 
     </span>
    </p>
   </div>
   <div class='ocr_carea' id='block_1_101' title="bbox 2157 4295 3738 4368">
    <p class='ocr_par' dir='ltr' id='par_1_101' title="bbox 2157 4295 3738 4368">
     <span class='ocr_line' id='line_1_101' title="bbox 2157 4295 3738 4368; baseline 0.006 -22"><span class='ocrx_word' id='word_1_673' title='bbox 2157 4301 2464 4348; x_wconf 55' lang='lat' dir='ltr'><strong>retractata).</strong></span> <span class='ocrx_word' id='word_1_674' title='bbox 2495 4311 2526 4348; x_wconf 91' lang='lat' dir='ltr'><strong>a</strong></span> <span class='ocrx_word' id='word_1_675' title='bbox 2548 4295 2748 4366; x_wconf 80' lang='lat' dir='ltr'><strong>Vigilio</strong></span> <span class='ocrx_word' id='word_1_676' title='bbox 2777 4297 3064 4351; x_wconf 75' lang='lat' dir='ltr'><strong>sententia:</strong></span> <span class='ocrx_word' id='word_1_677' title='bbox 3089 4297 3405 4368; x_wconf 82' lang='lat' dir='ltr'><strong>vestigium,</strong></span> <span class='ocrx_word' id='word_1_678' title='bbox 3445 4300 3638 4353; x_wconf 88' lang='lat' dir='ltr'><strong>saltem</strong></span> <span class='ocrx_word' id='word_1_679' title='bbox 3679 4301 3738 4355; x_wconf 91' lang='lat' dir='ltr'><strong>in</strong></span> 
     </span>
    </p>
   </div>
   <div class='ocr_carea' id='block_1_102' title="bbox 2086 4386 3735 4463">
    <p class='ocr_par' dir='ltr' id='par_1_102' title="bbox 2086 4386 3735 4463">
     <span class='ocr_line' id='line_1_102' title="bbox 2086 4386 3735 4463; baseline 0.008 -26"><span class='ocrx_word' id='word_1_680' title='bbox 2086 4386 2534 4444; x_wconf 87' lang='lat' dir='ltr'><strong>Dmonumentis</strong></span> <span class='ocrx_word' id='word_1_681' title='bbox 2588 4389 2870 4443; x_wconf 86' lang='lat' dir='ltr'><strong>veteribus</strong></span> <span class='ocrx_word' id='word_1_682' title='bbox 2914 4389 3275 4457; x_wconf 88' lang='lat' dir='ltr'><strong>indubitatis;</strong></span> <span class='ocrx_word' id='word_1_683' title='bbox 3320 4392 3446 4457; x_wconf 91' lang='lat' dir='ltr'><strong>isti,</strong></span> <span class='ocrx_word' id='word_1_684' title='bbox 3498 4394 3735 4463; x_wconf 90' lang='lat' dir='ltr'><strong>epistola</strong></span> 
     </span>
    </p>
   </div>
   <div class='ocr_carea' id='block_1_103' title="bbox 2157 4475 3737 4556">
    <p class='ocr_par' dir='ltr' id='par_1_103' title="bbox 2157 4475 3737 4556">
     <span class='ocr_line' id='line_1_103' title="bbox 2157 4475 3737 4556; baseline 0.009 -29"><span class='ocrx_word' id='word_1_685' title='bbox 2157 4490 2281 4544; x_wconf 71' lang='lat' dir='ltr'><strong>quae</strong></span> <span class='ocrx_word' id='word_1_686' title='bbox 2309 4475 2455 4531; x_wconf 87' lang='lat' dir='ltr'><strong>dicta</strong></span> <span class='ocrx_word' id='word_1_687' title='bbox 2482 4486 2567 4532; x_wconf 86' lang='lat' dir='ltr'><strong>est</strong></span> <span class='ocrx_word' id='word_1_688' title='bbox 2594 4478 2744 4544; x_wconf 84' lang='lat' dir='ltr'><strong>freti,</strong></span> <span class='ocrx_word' id='word_1_689' title='bbox 2769 4479 3043 4536; x_wconf 67' lang='lat' dir='ltr'><strong>afﬁrmant</strong></span> <span class='ocrx_word' id='word_1_690' title='bbox 3061 4481 3258 4537; x_wconf 84' lang='lat' dir='ltr'><strong>fecisse</strong></span> <span class='ocrx_word' id='word_1_691' title='bbox 3287 4483 3564 4554; x_wconf 81' lang='lat' dir='ltr'><strong>Vigilium,</strong></span> <span class='ocrx_word' id='word_1_692' title='bbox 3589 4487 3737 4556; x_wconf 87' lang='lat' dir='ltr'><strong>quod</strong></span> 
     </span>
    </p>
   </div>
   <div class='ocr_carea' id='block_1_104' title="bbox 2161 4565 3736 4642">
    <p class='ocr_par' dir='ltr' id='par_1_104' title="bbox 2161 4565 3736 4642">
     <span class='ocr_line' id='line_1_104' title="bbox 2161 4565 3736 4642; baseline 0.008 -24"><span class='ocrx_word' id='word_1_693' title='bbox 2161 4565 2452 4634; x_wconf 86' lang='lat' dir='ltr'><strong>prudentia</strong></span> <span class='ocrx_word' id='word_1_694' title='bbox 2484 4569 2739 4639; x_wconf 88' lang='lat' dir='ltr'><strong>juberet;</strong></span> <span class='ocrx_word' id='word_1_695' title='bbox 2776 4569 2949 4626; x_wconf 83' lang='lat' dir='ltr'><strong>all‘usa</strong></span> <span class='ocrx_word' id='word_1_696' title='bbox 2997 4572 3260 4627; x_wconf 90' lang='lat' dir='ltr'><strong>nimirum</strong></span> <span class='ocrx_word' id='word_1_697' title='bbox 3317 4575 3547 4629; x_wconf 88' lang='lat' dir='ltr'><strong>salutari</strong></span> <span class='ocrx_word' id='word_1_698' title='bbox 3580 4575 3736 4642; x_wconf 82' lang='lat' dir='ltr'><strong>luce,</strong></span> 
     </span>
    </p>
   </div>
   <div class='ocr_carea' id='block_1_105' title="bbox 2159 4656 3738 4733">
    <p class='ocr_par' dir='ltr' id='par_1_105' title="bbox 2159 4656 3738 4733">
     <span class='ocr_line' id='line_1_105' title="bbox 2159 4656 3738 4733; baseline 0.007 -24"><span class='ocrx_word' id='word_1_699' title='bbox 2159 4670 2284 4710; x_wconf 87' lang='lat' dir='ltr'><strong>cum</strong></span> <span class='ocrx_word' id='word_1_700' title='bbox 2315 4656 2530 4713; x_wconf 88' lang='lat' dir='ltr'><strong>videret</strong></span> <span class='ocrx_word' id='word_1_701' title='bbox 2564 4657 2846 4716; x_wconf 88' lang='lat' dir='ltr'><strong>Orientem</strong></span> <span class='ocrx_word' id='word_1_702' title='bbox 2879 4661 2934 4715; x_wconf 89' lang='lat' dir='ltr'><strong>in</strong></span> <span class='ocrx_word' id='word_1_703' title='bbox 2966 4663 3157 4733; x_wconf 83' lang='lat' dir='ltr'><strong>synodi</strong></span> <span class='ocrx_word' id='word_1_704' title='bbox 3186 4662 3564 4718; x_wconf 90' lang='lat' dir='ltr'><strong>deﬁnitionem</strong></span> <span class='ocrx_word' id='word_1_705' title='bbox 3606 4680 3738 4719; x_wconf 87' lang='lat' dir='ltr'><strong>con-</strong></span> 
     </span>
    </p>
   </div>
   <div class='ocr_carea' id='block_1_106' title="bbox 2158 4748 3737 4821">
    <p class='ocr_par' dir='ltr' id='par_1_106' title="bbox 2158 4748 3737 4821">
     <span class='ocr_line' id='line_1_106' title="bbox 2158 4748 3737 4821; baseline 0.007 -20"><span class='ocrx_word' id='word_1_706' title='bbox 2158 4748 2386 4812; x_wconf 81' lang='lat' dir='ltr'><strong>sentire,</strong></span> <span class='ocrx_word' id='word_1_707' title='bbox 2425 4749 2778 4821; x_wconf 88' lang='lat' dir='ltr'><strong>futuramque</strong></span> <span class='ocrx_word' id='word_1_708' title='bbox 2824 4754 3167 4820; x_wconf 87' lang='lat' dir='ltr'><strong>scissionem,</strong></span> <span class='ocrx_word' id='word_1_709' title='bbox 3197 4755 3243 4809; x_wconf 91' lang='lat' dir='ltr'><strong>si</strong></span> <span class='ocrx_word' id='word_1_710' title='bbox 3278 4754 3548 4812; x_wconf 91' lang='lat' dir='ltr'><strong>Occidens</strong></span> <span class='ocrx_word' id='word_1_711' title='bbox 3596 4759 3737 4812; x_wconf 86' lang='lat' dir='ltr'><strong>resi-</strong></span> 
     </span>
    </p>
   </div>
   <div class='ocr_carea' id='block_1_107' title="bbox 2160 4843 3733 4920">
    <p class='ocr_par' dir='ltr' id='par_1_107' title="bbox 2160 4843 3733 4920">
     <span class='ocr_line' id='line_1_107' title="bbox 2160 4843 3733 4920; baseline 0.006 -27"><span class='ocrx_word' id='word_1_712' title='bbox 2160 4847 2352 4905; x_wconf 89' lang='lat' dir='ltr'><strong>steret,</strong></span> <span class='ocrx_word' id='word_1_713' title='bbox 2382 4843 2643 4898; x_wconf 88' lang='lat' dir='ltr'><strong>maluisse</strong></span> <span class='ocrx_word' id='word_1_714' title='bbox 2679 4843 2759 4898; x_wconf 92' lang='lat' dir='ltr'><strong>uti</strong></span> <span class='ocrx_word' id='word_1_715' title='bbox 2803 4845 3058 4915; x_wconf 90' lang='lat' dir='ltr'><strong>prudenti</strong></span> <span class='ocrx_word' id='word_1_716' title='bbox 3092 4846 3536 4917; x_wconf 88' lang='lat' dir='ltr'><strong>dispensatione,</strong></span> <span class='ocrx_word' id='word_1_717' title='bbox 3586 4848 3733 4920; x_wconf 74' lang='lat' dir='ltr'><strong>rigo-</strong></span> 
     </span>
    </p>
   </div>
   <div class='ocr_carea' id='block_1_108' title="bbox 2159 4935 3735 5008">
    <p class='ocr_par' dir='ltr' id='par_1_108' title="bbox 2159 4935 3735 5008">
     <span class='ocr_line' id='line_1_108' title="bbox 2159 4935 3735 5008; baseline 0.006 -23"><span class='ocrx_word' id='word_1_718' title='bbox 2159 4948 2385 5002; x_wconf 88' lang='lat' dir='ltr'><strong>remque</strong></span> <span class='ocrx_word' id='word_1_719' title='bbox 2413 4949 2684 4990; x_wconf 91' lang='lat' dir='ltr'><strong>canonum</strong></span> <span class='ocrx_word' id='word_1_720' title='bbox 2700 4935 3000 5002; x_wconf 81' lang='lat' dir='ltr'><strong>inﬂectere,</strong></span> <span class='ocrx_word' id='word_1_721' title='bbox 3014 4955 3176 5008; x_wconf 79' lang='lat' dir='ltr'><strong>quam</strong></span> <span class='ocrx_word' id='word_1_722' title='bbox 3193 4939 3453 4995; x_wconf 74' lang='lat' dir='ltr'><strong>Ecclesia:</strong></span> <span class='ocrx_word' id='word_1_723' title='bbox 3470 4939 3735 4995; x_wconf 88' lang='lat' dir='ltr'><strong>unitatem</strong></span> 
     </span>
    </p>
   </div>
   <div class='ocr_carea' id='block_1_109' title="bbox 2158 5022 2432 5079">
    <p class='ocr_par' dir='ltr' id='par_1_109' title="bbox 2158 5022 2432 5079">
     <span class='ocr_line' id='line_1_109' title="bbox 2158 5022 2432 5079; baseline 0.011 -3"><span class='ocrx_word' id='word_1_724' title='bbox 2158 5022 2432 5079; x_wconf 88' lang='lat' dir='ltr'><strong>scindere.</strong></span> 
     </span>
    </p>
   </div>
   <div class='ocr_carea' id='block_1_110' title="bbox 2231 5114 3733 5194">
    <p class='ocr_par' dir='ltr' id='par_1_110' title="bbox 2231 5114 3733 5194">
     <span class='ocr_line' id='line_1_110' title="bbox 2231 5114 3733 5194; baseline 0.006 -26"><span class='ocrx_word' id='word_1_725' title='bbox 2231 5114 2290 5168; x_wconf 87' lang='lat' dir='ltr'><strong>In</strong></span> <span class='ocrx_word' id='word_1_726' title='bbox 2320 5116 2424 5170; x_wconf 90' lang='lat' dir='ltr'><strong>hac</strong></span> <span class='ocrx_word' id='word_1_727' title='bbox 2449 5119 2774 5188; x_wconf 81' lang='lat' dir='ltr'><strong>Opinionum</strong></span> <span class='ocrx_word' id='word_1_728' title='bbox 2793 5121 2862 5175; x_wconf 92' lang='lat' dir='ltr'><strong>de</strong></span> <span class='ocrx_word' id='word_1_729' title='bbox 2887 5122 3087 5193; x_wconf 87' lang='lat' dir='ltr'><strong>Vigilio</strong></span> <span class='ocrx_word' id='word_1_730' title='bbox 3110 5140 3291 5194; x_wconf 86' lang='lat' dir='ltr'><strong>pugna</strong></span> <span class='ocrx_word' id='word_1_731' title='bbox 3317 5140 3427 5178; x_wconf 90' lang='lat' dir='ltr'><strong>non</strong></span> <span class='ocrx_word' id='word_1_732' title='bbox 3451 5123 3608 5178; x_wconf 88' lang='lat' dir='ltr'><strong>facile</strong></span> <span class='ocrx_word' id='word_1_733' title='bbox 3630 5131 3733 5189; x_wconf 79' lang='lat' dir='ltr'><strong>est,</strong></span> 
     </span>
    </p>
   </div>
   <div class='ocr_carea' id='block_1_111' title="bbox 2162 5203 3734 5286">
    <p class='ocr_par' dir='ltr' id='par_1_111' title="bbox 2162 5203 3734 5286">
     <span class='ocr_line' id='line_1_111' title="bbox 2162 5203 3734 5286; baseline 0.006 -26"><span class='ocrx_word' id='word_1_734' title='bbox 2162 5215 2222 5260; x_wconf 86' lang='lat' dir='ltr'><strong>ut</strong></span> <span class='ocrx_word' id='word_1_735' title='bbox 2264 5207 2485 5277; x_wconf 84' lang='lat' dir='ltr'><strong>quidem</strong></span> <span class='ocrx_word' id='word_1_736' title='bbox 2512 5212 2676 5281; x_wconf 83' lang='lat' dir='ltr'><strong>vulgo</strong></span> <span class='ocrx_word' id='word_1_737' title='bbox 2705 5212 2943 5276; x_wconf 85' lang='lat' dir='ltr'><strong>videtur,</strong></span> <span class='ocrx_word' id='word_1_738' title='bbox 2983 5215 3102 5269; x_wconf 86' lang='lat' dir='ltr'><strong>veri</strong></span> <span class='ocrx_word' id='word_1_739' title='bbox 3145 5226 3363 5286; x_wconf 89' lang='lat' dir='ltr'><strong>partem</strong></span> <span class='ocrx_word' id='word_1_740' title='bbox 3403 5226 3556 5270; x_wconf 80' lang='lat' dir='ltr'><strong>certo</strong></span> <span class='ocrx_word' id='word_1_741' title='bbox 3584 5203 3734 5270; x_wconf 73' lang='lat' dir='ltr'><strong>assc~</strong></span> 
     </span>
    </p>
   </div>
   <div class='ocr_carea' id='block_1_112' title="bbox 1847 5494 2428 5554">
    <p class='ocr_par' dir='ltr' id='par_1_112' title="bbox 1847 5494 2428 5554">
     <span class='ocr_line' id='line_1_112' title="bbox 1847 5494 2428 5554; baseline 0.01 -6"><span class='ocrx_word' id='word_1_742' title='bbox 1847 5494 2159 5551; x_wconf 80' lang='lat' dir='ltr'><strong>SCHULZH</strong></span> <span class='ocrx_word' id='word_1_743' title='bbox 2199 5496 2428 5554; x_wconf 64' lang='lat' dir='ltr'><strong>NOTAE.</strong></span> 
     </span>
    </p>
   </div>
   <div class='ocr_carea' id='block_1_113' title="bbox 550 5595 3728 5699">
    <p class='ocr_par' dir='ltr' id='par_1_113' title="bbox 550 5595 3728 5699">
     <span class='ocr_line' id='line_1_113' title="bbox 550 5595 3728 5699; baseline 0.008 -35"><span class='ocrx_word' id='word_1_744' title='bbox 550 5595 1988 5699; x_wconf 45' lang='lat' dir='ltr'><strong>synodifottsta‘ngnopol.</strong></span> <span class='ocrx_word' id='word_1_745' title='bbox 2026 5618 2167 5685; x_wconf 89' lang='lat' dir='ltr'><strong>apud</strong></span> <span class='ocrx_word' id='word_1_746' title='bbox 2208 5617 2398 5684; x_wconf 79' lang='lat' dir='ltr'><strong>Ilard.,</strong></span> <span class='ocrx_word' id='word_1_747' title='bbox 2437 5627 2476 5675; x_wconf 93' lang='lat' dir='ltr'><strong>t.</strong></span> <span class='ocrx_word' id='word_1_748' title='bbox 2506 5619 2595 5685; x_wconf 89' lang='lat' dir='ltr'><strong>Ill,</strong></span> <span class='ocrx_word' id='word_1_749' title='bbox 2625 5635 2677 5689; x_wconf 90' lang='lat' dir='ltr'><strong>p.</strong></span> <span class='ocrx_word' id='word_1_750' title='bbox 2706 5620 2812 5675; x_wconf 69' lang='grc'><strong>215</strong></span> <span class='ocrx_word' id='word_1_751' title='bbox 2838 5637 3013 5692; x_wconf 82' lang='lat' dir='ltr'><strong>seqq.,</strong></span> <span class='ocrx_word' id='word_1_752' title='bbox 3045 5633 3099 5678; x_wconf 85' lang='lat' dir='ltr'><strong>et</strong></span> <span class='ocrx_word' id='word_1_753' title='bbox 3123 5623 3267 5678; x_wconf 88' lang='lat' dir='ltr'><strong>Petr.</strong></span> <span class='ocrx_word' id='word_1_754' title='bbox 3290 5624 3358 5680; x_wconf 90' lang='lat' dir='ltr'><strong>de</strong></span> <span class='ocrx_word' id='word_1_755' title='bbox 3387 5625 3587 5694; x_wconf 67' lang='lat' dir='ltr'><strong>Marto,</strong></span> <span class='ocrx_word' id='word_1_756' title='bbox 3629 5635 3657 5688; x_wconf 66' lang='grc' dir='ltr'><em>Ρ</em></span> <span class='ocrx_word' id='word_1_757' title='bbox 3677 5648 3728 5699; x_wconf 69' lang='grc' dir='ltr'><strong>ιι-</strong></span> 
     </span>
    </p>
   </div>
   <div class='ocr_carea' id='block_1_114' title="bbox 483 5664 1974 5752">
    <p class='ocr_par' dir='ltr' id='par_1_114' title="bbox 483 5664 1974 5752">
     <span class='ocr_line' id='line_1_114' title="bbox 483 5664 1974 5752; baseline 0.012 -31"><span class='ocrx_word' id='word_1_758' title='bbox 483 5664 650 5734; x_wconf 83' lang='lat' dir='ltr'><strong>peml.</strong></span> <span class='ocrx_word' id='word_1_759' title='bbox 681 5667 744 5720; x_wconf 86' lang='lat' dir='ltr'><strong>ad</strong></span> <span class='ocrx_word' id='word_1_760' title='bbox 782 5668 941 5723; x_wconf 79' lang='lat' dir='ltr'><strong>Cone.</strong></span> <span class='ocrx_word' id='word_1_761' title='bbox 992 5675 1198 5727; x_wconf 75' lang='lat' dir='ltr'><strong>sacerd.</strong></span> <span class='ocrx_word' id='word_1_762' title='bbox 1239 5688 1290 5730; x_wconf 89' lang='lat' dir='ltr'><strong>et</strong></span> <span class='ocrx_word' id='word_1_763' title='bbox 1331 5664 1974 5752; x_wconf 26' lang='lat' dir='ltr'><strong>intperii.p:—;2-Eli&#39;liseqq—.</strong></span> 
     </span>
    </p>
   </div>
  </div>
