3952 6294
189 197 284 264 I‘a'i

1373 201 1468 262 DE
1506 203 1764 263 LIBRIS
1803 205 1904 264 ΤΗ
1915 207 2290 268 EUDORETI
2302 257 2314 270 .

3370 218 3465 290 198

193 310 329 376 qui;
370 320 503 359 nam
551 313 610 359 et
660 304 809 375 quod
861 303 1065 360 dicitur
1122 306 1378 361 exsilium
1442 309 1739 364 decennale
1769 353 1784 373 ,
1819 319 1860 373 Α
1890 323 2062 376 motu,
2105 316 2200 384 qui
2245 315 2312 368 ad
2353 317 2486 371 alias
2528 320 2755 389 Europae
2807 323 3122 391 provincias
3168 325 3256 378 vix
3301 332 3479 396 perti-

191 399 435 453 omnino
478 397 919 452 commentitium
961 406 1084 462 est,
1138 408 1195 454 et
1225 399 1457 469 epistola
1511 401 1577 455 ad
1622 402 1789 472 Enty~

191 489 384 546 Chium
418 489 821 558 suppositionis
855 492 870 509 ⁶
901 490 1213 560 suspicione
1239 506 1345 544 non
1369 500 1539 545 caret.
1570 492 1790 547 Utrum-

193 597 299 652 que
339 581 837 636 observationibus
857 581 925 636 ad
959 599 989 636 v
1021 582 1290 654 synodum
1309 581 1550 637 Liberali
1577 584 1791 638 hrcvia-
1821 573 1836 584 ’

192 671 277 726 rio
305 671 631 740 subjunctis
646 670 1084 726 demonstratum
1107 680 1190 724 est
1212 674 1254 723 ‘.

259 761 351 817 III.
393 763 456 817 Id
496 771 681 817 tamen
722 762 995 817 afﬁrmare
1033 763 1413 818 indubitanter
1447 763 1600 827 licet,
1635 766 1784 835 Vigi-

189 853 347 919 linm,
392 871 527 910 cum
568 856 796 909 Romam
827 854 1066 919 rediret,
1096 855 1290 908 calculi
1325 855 1637 910 confectum
1684 857 1786 909 do-

189 946 412 1002 loribus
451 947 509 1001 in
541 945 729 1002 Sicilia
787 945 993 999 obiisse
1031 961 1175 998 anno
1196 946 1320 1008 555,
1362 961 1569 1014 suaque
1612 955 1787 1000 morte

177 1037 380 1092 sedem
419 1038 784 1107 apostolicam
805 1036 1045 1106 Pelagio,
1071 1052 1192 1100 suo,
1233 1037 1363 1090 dum
1403 1037 1636 1101 viveret,
1667 1038 1787 1092 dia-

189 1143 350 1193 cono,
383 1130 704 1198 reliquisse.

256 1219 348 1272 IV.
390 1219 653 1288 Pelagius
671 1233 802 1272 vero
838 1218 1064 1272 scissam
1097 1217 1151 1270 in
1177 1227 1380 1287 partes,
1416 1229 1642 1288 propter
1683 1219 1784 1272 tria

188 1311 471 1377 capitula,
535 1309 852 1364 Occidentis
900 1309 1200 1366 Ecclesiam
1252 1325 1514 1362 revocare
1553 1322 1786 1364 conatus

190 1400 254 1457 ad
279 1399 670 1464 concordiam,
712 1416 904 1470 parum
936 1399 1230 1453 admodum
1265 1399 1516 1468 profecit.
1546 1401 1660 1454 111ιο
1685 1417 1785 1454 nec

189 1500 607 1560 consequentes
661 1489 755 1543 alii
821 1490 930 1543 duo
999 1489 1290 1558 pontiliccs
1346 1489 1677 1543 Benedictus
1730 1497 1784 1543 et

189 1583 454 1646 Joannes,
488 1584 667 1636 donec
697 1580 1234 1651 Pelagiussecundus
1268 1589 1477 1633 tantum
1500 1581 1778 1650 negotium

1893 415 2088 458 nnerat
2110 404 2434 476 :Gregorius
2451 409 2514 460 ad
2536 408 2779 479 Illyricos
2802 410 3095 482 Iherosque
3117 414 3356 484 scripsit,
3379 422 3474 482 sed

1892 494 1958 547 ad
1995 495 2238 566 Illyricos
2256 497 2436 552 adhuc
2451 499 2720 553 diaconus
2741 511 2794 553 et
2829 502 3029 572 Pelagii
3063 505 3109 557 Il
3133 505 3375 570 nomine,
3405 505 3475 560 ad

1895 584 2080 639 Iberos
2098 587 2344 655 pontifex
2381 586 2593 653 factus;
2642 590 2881 658 scripsit,
2923 591 3170 661 inquam,
3211 593 3474 662 epistolas

1890 675 2156 728 librorum
2190 677 2380 741 instar,
2400 678 2602 748 quibus
2626 689 2680 733 ct
2703 681 2970 750 synodqu
3003 683 3249 751 quintam
3277 683 3470 738 defen-

1890 761 1991 827 dit,
2028 772 2084 816 et
2118 765 2221 818 tria
2267 765 2468 834 capita,
2497 768 2663 821 salvis
2689 768 3021 824 Theodoreti
3064 779 3121 823 et
3151 771 3256 824 Iba:
3283 787 3475 840 perso-

1889 853 1996 909 nis.
2038 853 2338 919 damnavit,
2375 865 2433 909 et
2461 857 2612 926 pacis
2661 858 2914 914 ineunda:
2951 860 3174 914 modum
3218 861 3472 929 praescri-

1888 943 2016 1011 psit.

1960 1034 2046 1088 Vl.
2079 1035 2240 1090 Juvat
2274 1052 2342 1092 ex
2364 1035 2595 1106 epistola
2622 1039 2808 1107 priore
2840 1040 2947 1094 huc
2976 1041 3293 1108 transferre,
3319 1043 3466 1113 quod

1888 1125 2055 1180 habet
2083 1126 2150 1181 de
2176 1127 2527 1183 Tbeodoreto
2556 1148 2567 1182 :
2597 1140 2967 1199 opportunum
3006 1133 3152 1185 enim
3196 1142 3280 1186 est
3322 1134 3472 1202 loco,

1890 1215 1944 1268 in
1971 1232 2080 1285 quo
2098 1232 2310 1281 sumus,
2341 1234 2445 1272 nec
2471 1220 2692 1274 aliunde
2739 1221 2937 1276 melius
2971 1221 3116 1275 finiri
3162 1232 3343 1291 potest
3378 1225 3467 1278 hi-

1887 1310 2076 1374 storia,
2103 1327 2265 1380 quam
2288 1312 2627 1380 scripsimus.
2657 1332 2672 1364 ‹
2703 1313 2836 1378 Quis
2859 1329 2966 1366 non
2992 1355 3005 1375 ,
3042 1315 3254 1383 inquit,
3286 1316 3471 1371 videat

1887 1410 2090 1468 quanta
2135 1401 2444 1454 temeritate
2485 1401 2707 1470 plenum
2754 1403 2844 1468 sit,
2883 1403 3218 1458 Theodoreti
3265 1407 3469 1476 scripta

1887 1489 2256 1559 superbiendo
2272 1489 2587 1554 defendere,
2608 1507 2728 1560 qua:
2753 1493 3006 1546 eumdem
3026 1493 3204 1562 ipsum
3227 1505 3469 1562 constat,

1887 1593 2032 1636 recta
2067 1588 2190 1651 post
2217 1581 2548 1651 proﬁtendo,
2591 1582 2912 1638 damnasse?
2945 1586 3081 1638 Dum
3106 1601 3236 1640 vero
3264 1587 3383 1657 ejus
3413 1597 3470 1642 et

191 1671 427 1725 feliciter
468 1672 737 1740 suscepit,
785 1668 930 1738 quod
990 1685 1280 1724 successor
1319 1669 1617 1739 Gregorius
1664 1671 1778 1725 Ma~
1817 1667 1854 1721 Β
1884 1688 2173 1742 personam
2209 1673 2607 1742 recipimus,et
2642 1691 2724 1739 ea,
2765 1691 2886 1744 qua:
2917 1675 3125 1730 dudum
3165 1677 3464 1741 latuerant,

191 1779 328 1833 guns
355 1765 516 1816 omni
557 1763 670 1818 fere
691 1779 754 1816 ex
775 1771 927 1831 parte
949 1761 1206 1815 absolvit.

261 1857 321 1910 γ.
363 1857 508 1909 Nam
554 1871 676 1909 cum
712 1855 812 1908 soli
853 1853 1024 1908 ferme
1071 1852 1269 1923 Illyrici
1301 1852 1635 1923 Hispanique
1658 1867 1785 1921 per-

189 1947 448 2003 tinaciter
527 1947 639 2001 huc
706 1961 878 2015 usque
934 1945 1294 2008 restitissent,
1341 1945 1456 1998 Afri
1507 1943 1781 2014 siquidem

190 2040 345 2094 facile
373 2049 774 2094 concesserant
803 2039 855 2092 in
888 2048 1070 2108 partes
1099 2037 1314 2108 synodi,
1350 2036 1568 2090 vivente
1603 2035 1784 2089 adhuc

189 2129 410 2200 Vigilio,
486 2139 548 2184 et
595 2129 770 2185 Gallia
812 2144 923 2184 non
963 2129 1198 2183 multum
1268 2142 1534 2182 concussa
1605 2125 1786 2180 fuerat

1883 1779 2049 1833 prava
2085 1763 2286 1833 scripta
2323 1765 2703 1832 reprobamus,
2747 1764 2801 1818 in
2836 1766 2989 1819 nullo
3030 1781 3058 1818 a
3097 1774 3299 1820 sancta:
3337 1783 3468 1837 syn-

1884 1854 1974 1908 odi
2007 1853 2220 1908 actione
2243 1854 2528 1909 deviamus
2554 1873 2566 1908 :
2599 1855 2726 1924 quia
2754 1857 2865 1910 sola
2896 1859 3015 1927 ejus
3036 1857 3293 1911 luerctica
3325 1859 3466 1912 scri-

1885 1951 1976 2012 pta
2022 1949 2368 2011 respuentes,
2396 1951 2452 1997 et
2507 1959 2631 1996 cum
2665 1944 2875 2014 synodo
2923 1945 3105 1999 adhuc
3147 1947 3460 2000 Nestorium

1883 2034 2251 2102 insequimur,
2281 2043 2483 2088 etcum
2518 2033 2725 2106 synodo
2759 2035 3166 2090 Theodoretum
3198 2036 3460 2106 profiten-

1890 2133 1997 2178 tem
2035 2135 2184 2178 recta
2213 2140 2565 2179 veneramur.
2605 2145 2623 2176 ι

1234 2488 2192 2603 DISSERTATIO
2289 2490 2435 2601 ll.

982 2717 1082 2778 DE
1119 2716 1378 2776 LIBRIS
1410 2713 1900 2774 THEODORETI
1939 2713 2307 2772 CYRENSIS
2340 2713 2697 2775 EPISCOPI.

693 2999 853 3073 247
892 2997 1276 3055 PREFATIO.

259 3136 300 3190 ι.
334 3137 512 3192 Nemo
563 3135 709 3190 inter
758 3135 998 3198 Gracos,
1042 3132 1434 3206 Chrysostomo
1471 3143 1527 3187 et
1576 3131 1778 3205 Cyrillo

199 3229 464 3298 exceptis,
527 3229 687 3298 plura
745 3228 1033 3298 scripsisse
1080 3225 1392 3282 censendus
1461 3234 1545 3281 est
1614 3241 1778 3295 quam

203 3319 606 3385 Theodoretus,
673 3320 719 3375 si
753 3320 1021 3390 judicium
1051 3319 1258 3374 feratur
1284 3335 1350 3372 ex
1385 3317 1645 3388 operibus
1683 3332 1779 3371 ve-

203 3421 395 3476 terum,
428 3427 561 3482 qua:
595 3412 660 3466 ad
687 3427 788 3466 nos
824 3422 1214 3482 pervenerunt.
1246 3412 1520 3466 Feruntur
1556 3409 1778 3481 quidem

203 3504 441 3557 nonnulli
470 3504 638 3574 plura
671 3503 846 3557 tribus
892 3504 977 3558 his
1019 3503 1279 3567 edidisse,
1331 3503 1423 3557 sed
1460 3509 1520 3556 ut
1546 3501 1780 3556 mendax

201 3592 334 3649 fama
379 3610 498 3649 non
558 3593 748 3657 fuerit,
790 3593 938 3663 quod
979 3604 1158 3649 tamen
1215 3593 1481 3663 suspicari
1536 3601 1640 3656 est,
1670 3601 1776 3646 tam

204 3684 530 3750 immensos,
583 3685 678 3754 qui
724 3686 1042 3756 jactantur,
1110 3684 1330 3739 codices
1375 3685 1512 3739 edax
1565 3694 1780 3754 tempus

202 3775 501 3848 absumpsit
537 3794 549 3829 :
586 3778 676 3830 vix
709 3777 856 3831 enim
891 3777 1189 3846 quidquam
1223 3776 1587 3848 πολυγράφων
1626 3777 1773 3850 ejus-

205 3869 340 3923 modi
368 3868 664 3923 hominum
696 3877 968 3937 superest,
1001 3876 1200 3937 praetor
1229 3868 1571 3922 memoriam.

268 3979 328 4034 Il.
361 3980 704 4036 Theodoreti
745 3995 910 4049 opera
961 3987 1362 4033 recensueruut
1397 3987 1616 4034 veteres
1642 3992 1778 4048 qua-

205 4079 340 4136 tuor,
384 4071 776 4127 Theodoretus
816 4073 973 4140 ipse,
1021 4071 1366 4134 Gennadius,
1426 4071 1674 4134 Photius,
1722 4078 1778 4124 et

203 4159 542 4233 Nicepboms
596 4163 857 4218 Callistus
894 4182 907 4216 :
953 4173 1347 4218 recensuerunt
1386 4164 1549 4217 etiam
1582 4178 1775 4216 recen-

207 4255 362 4312 tiores
391 4256 592 4327 aliqui,
622 4256 997 4319 Hebeda-Jesn,
1025 4255 1461 4319 Centuriatores,
1485 4253 1773 4318 Baronius,

1803 3001 1848 3061 ς
1880 2995 2098 3059 habeat,
2129 2997 2244 3052 sive
2265 2997 2444 3067 quoad
2468 2998 2684 3068 dogma,
2714 2999 2830 3054 sive
2861 3000 3041 3069 quoad
3076 3001 3238 3055 aliam
3264 3018 3459 3072 quam-

1880 3088 2019 3143 libet
2080 3089 2406 3146 doctrinam.

1961 3179 2028 3234 ν.
2054 3180 2184 3245 Quae
2230 3194 2398 3248 porro
2455 3191 2751 3236 censentur
2798 3197 2987 3252 opera,
3037 3191 3168 3238 sunt
3215 3184 3458 3255 quinque

1879 3269 2104 3323 omnino
2124 3285 2388 3339 generum
2420 3288 2432 3323 :
2462 3271 2682 3341 scripsit
2718 3273 2868 3326 enim
2905 3272 3286 3328 Theodoretus
3305 3290 3461 3328 com--

1877 3361 2179 3416 mentarios
2201 3362 2254 3415 in
2286 3361 2455 3416 Vetus
2472 3363 2902 3428 Testamentum,
2931 3374 2987 3419 et
3015 3365 3071 3418 in
3096 3380 3291 3420 omnes
3307 3369 3458 3436 Apo-

1885 3452 2011 3506 stoli
2041 3451 2341 3521 Epistolas,
2370 3452 2632 3509 historias
2651 3455 2806 3519 duas,
2839 3456 3266 3512 ecclesiasticam
3286 3467 3344 3511 et
3375 3474 3462 3512 re—

1878 3544 2126 3614 ligiosam
2137 3584 2150 3606 ,
2165 3543 2440 3609 homilias,
2454 3555 2720 3602 tractatus
2735 3547 3092 3617 dogmaticos,
3103 3557 3161 3603 et
3177 3549 3456 3618 epistolas.

1949 3635 2037 3690 Vl.
2080 3636 2405 3705 Priusquam
2463 3637 2672 3707 singula
2723 3649 3142 3708 pertractentur,
3205 3641 3452 3710 praemit-

1878 3727 2047 3781 tenda
2090 3728 2346 3782 videntur
2391 3729 2500 3784 duo
2537 3748 2548 3784 :
2609 3731 2843 3785 alterum
2884 3730 2952 3785 de
3002 3741 3286 3801 tempore,
3346 3749 3456 3802 quo

1880 3816 2261 3874 Theodoretus
2284 3819 2440 3884 vixit;
2474 3822 2705 3876 alterum
2734 3822 2864 3891 quid
2897 3822 2963 3876 de
2992 3824 3253 3893 operibus
3275 3825 3442 3880 Theo.

1879 3907 2058 3964 doreti
2106 3918 2324 3966 veteres
2374 3911 2638 3980 scriptum
2678 3913 3020 3981 reliquerint.
3056 3913 3269 3970 Valebit
3319 3914 3454 3968 illud

1879 3999 1946 4053 ad
1982 4002 2304 4055 statuendas
2339 4001 2578 4070 epochas
2625 4010 2952 4070 temporum.
2989 4002 3190 4070 quibus
3214 4003 3324 4056 vita
3365 4003 3455 4056 di-

1878 4091 2195 4162 stinguitur,
2237 4101 2296 4147 et
2337 4093 2712 4163 unusquisque
2760 4093 2900 4146 liber
2930 4091 3112 4147 editus
3145 4103 3230 4148 est
3266 4111 3277 4145 :
3307 4094 3454 4148 istud

1878 4182 1946 4235 ad
1987 4182 2294 4238 faciendam
2347 4183 2598 4238 dicendis
2647 4181 2842 4248 fidem;
2893 4190 3188 4253 utrumque
3235 4185 3302 4238 ad
3331 4188 3454 4254 opi-

1878 4272 2075 4327 niones
2119 4273 2383 4342 quasdam
2436 4273 2738 4343 populares
2783 4273 3168 4328 convellendas
3207 4292 3221 4328 :
3273 4277 3454 4346 magni

208 4345 582 4413 Bellarminus,
618 4349 968 4413 Possevinus,
1004 4348 1190 4402 Sixtus
1225 4347 1506 4412 Senensis,
1541 4355 1596 4401 et
1641 4346 1772 4412 alii;
1808 4365 1850 4418 ι)
1879 4362 2028 4417 enim
2055 4363 2320 4417 momenti
2345 4372 2450 4428 εει,
2478 4363 2648 4433 probe
2689 4364 2862 4428 scire,
2911 4364 3156 4434 quandi“
3196 4345 3455 4436 cyren'sis

206 4438 291 4492 sed
315 4439 397 4495 his
413 4440 676 4496 omnibus
692 4440 896 4494 eminet
913 4440 1150 4494 Iacobus
1172 4438 1516 4504 Sirmondus,
1534 4438 1626 4507 qui
1650 4452 1771 4508 quae

205 4525 378 4584 Grece
408 4534 640 4601 reperit,
665 4540 902 4600 quatuor
935 4531 1098 4584 tomis
1116 4531 1298 4584 omnia
1315 4530 1632 4599 complexus
1665 4537 1768 4584 est.

271 4638 358 4691 ΙΙΙ.
385 4639 622 4705 Quintus
646 4656 792 4694 nunc
815 4649 994 4694 tomus
1017 4639 1239 4693 additur
1263 4639 1766 4702 velutAuctarium,

206 4744 310 4797 quo
339 4732 695 4785 continentur
736 4733 892 4802 plura
948 4731 1034 4784 vel
1066 4731 1308 4784 nondum
1341 4730 1488 4784 edita
1508 4769 1522 4793 ,
1553 4729 1636 4782 vel
1669 4744 1772 4784 suo

209 4821 451 4878 restituta
489 4823 703 4878 auctori
729 4842 742 4876 :
768 4823 1046 4877 adduntur
1075 4822 1239 4876 etiam
1275 4821 1343 4875 ad
1373 4821 1616 4891 singulos
1653 4820 1774 4876 Sir-

210 4913 383 4968 mondi
415 4922 595 4970 tomos
627 4924 682 4969 et
727 4915 793 4969 ad
842 4913 1161 4968 Auctarium
1217 4913 1396 4982 ipsum
1431 4911 1769 4967 observatio-

214 5016 322 5068 laes,
353 5022 472 5076 quae
513 5006 746 5061 materia
781 5006 912 5059 huic
933 5004 1305 5059 dissertationi
1329 5003 1596 5072 subjecta.

264 5111 347 5166 IV.
375 5115 432 5169 In
479 5114 961 5170 observationibus
993 5113 1359 5186 respondetur
1388 5113 1454 5168 ad
1507 5114 1768 5183 quastio-

212 5215 303 5259 nes
325 5217 561 5276 quatuor
607 5209 676 5264 de
717 5223 1052 5278 unoquoque
1095 5221 1310 5276 opere:
1363 5221 1432 5260 an
1474 5205 1546 5260 sit
1579 5206 1776 5276 genui-

213 5307 355 5362 num,
376 5301 599 5369 quando
623 5300 853 5364 editum,
880 5315 987 5369 qua
1019 5299 1086 5353 de
1115 5313 1300 5361 causa,
1320 5296 1453 5366 quid
1472 5297 1775 5352 notandum

1879 4454 2075 4508 illusus
2105 4452 2273 4509 fuerit
2316 4454 2449 4510 falsa
2485 4455 2601 4510 veri
2645 4455 2850 4526 specie,
2903 4464 2960 4511 et
2998 4472 3120 4527 quae
3146 4496 3160 4521 ,
3202 4457 3451 4526 quandiu

1878 4543 2072 4598 illusus
2102 4551 2205 4609 est,
2230 4545 2617 4614 composuerit.

2283 4659 2448 4730 248
2483 4658 2710 4715 CAPUT
2751 4660 3036 4716 PRIMUM.

1877 4746 1993 4812 Quo
2025 4765 2163 4802 anno
2215 4748 2562 4802 Theodoretus
2578 4751 2966 4871 depiscopatum
3005 4749 3203 4814 inierit,
3254 4760 3304 4803 et
3348 4767 3450 4820 quo

2514 4835 2575 4871 or
2615 4829 2816 4871 mutue.

2514 4829 2816 4873 ordinante.

1943 4929 2092 4984 Inter
2118 4928 2468 4998 quaerendam
2509 4929 2798 4998 epocham,
2819 4945 2940 4998 qum
2965 4931 3143 4983 valeat
3171 4928 3236 4986 ad
3261 4939 3450 4996 qnam-

1870 5021 2010 5074 libet
2043 5019 2381 5074 Theodoreti
2417 5020 2542 5073 vitae
2577 5029 2784 5089 partem
2807 5035 2910 5073 suo
2939 5020 3174 5088 tempori
3222 5021 3446 5088 alligen-

1871 5111 2016 5174 dam,
2074 5112 2426 5183 episcopatus
2470 5109 2694 5164 memini
2745 5111 2966 5180 potius,
3005 5124 3168 5178 quam
3219 5108 3451 5164 alterius

1874 5205 2251 5274 cujuscunque
2278 5211 2421 5256 notae
2447 5219 2460 5254 :
2490 5202 2749 5274 quoniam
2800 5202 2983 5254 omnia
3029 5215 3152 5270 qua:
3181 5201 3450 5270 aliquate-

1874 5312 1980 5351 nus
2018 5295 2297 5366 pertinent
2319 5294 2385 5348 ad
2421 5303 2634 5363 tempus
2663 5309 2772 5362 quo
2813 5293 3194 5349 Theodoretus
3225 5293 3311 5346 vel
3348 5306 3447 5347 na-

1553 5435 1860 5490 SCHULZII
1904 5434 2124 5490 ΝΟΤᾹΞ.

281 5551 298 5579 ’
333 5551 555 5628 gmnem
589 5553 810 5628 quidem
841 5569 1058 5628 operam
1093 5554 1240 5608 dedit
1274 5553 1592 5628 (inmeritis,
1633 5563 1692 5606 ut.
1723 5554 1962 5628 epistola:
1987 5554 2136 5628 illius
2173 5553 2382 5628 νοθείαν
2405 5552 2722 5628 _evinccret,
2751 5551 2846 5606 sed
2873 5565 2973 5605 nec
3001 5536 3150 5604 illam
3190 5544 3447 5617 probare,

220 5629 309 5673 nec
339 5617 584 5692 Vigilium
607 5617 682 5678 ab
724 5617 1101 5678 inconstantia:
1138 5633 1192 5678 et
1227 5638 1450 5678 summae
1483 5623 1719 5680 levitatis
1757 5617 1990 5678 crimine
2015 5624 2248 5679 liberare
2274 5622 2461 5677 valuit.
