3952 6294
541 277 640 345 199

1663 271 2037 334 GARNEIUI
2080 268 2573 333 DISSERTATIO
2611 273 2691 334 ΙΙ.

3685 278 3794 341 200

540 400 628 447 tus
649 398 756 455 est,
784 389 871 444 vel
894 387 1119 460 dignum
1146 387 1408 458 quiddam
1451 384 1831 441 observatione
1875 383 2008 454 egit,
2045 380 2113 435 ad
2144 385 2189 440 A
2220 382 2357 437 stola
2385 383 2453 438 ad
2489 385 2850 440 Eutrechium
2876 385 3216 457 praefectum,
3243 386 3388 457 apud
3407 402 3570 457 quem
3591 390 3793 444 eodem

537 483 888 551 episcopatus
927 479 1048 533 initi
1074 493 1278 533 annum
1318 476 1651 543 referuntur,
1709 493 1775 531 ex
1803 490 1980 545 eoque
2018 489 2115 529 ce-

541 572 767 645 gnito,si
801 587 909 624 non
942 569 1271 631 indubitata,
1297 568 1488 623 saltem
1521 567 1796 639 probabili
1821 566 2116 620 admodum

537 663 749 719 ratione
777 662 1031 716 concludi
1058 671 1311 733 possunt.
1363 659 1613 716 Proderit
1656 675 1787 714 vero
1826 658 2115 728 quaestioni

536 757 670 814 huic
716 757 869 826 quasi
917 754 1192 826 primariae
1235 753 1463 808 alteram
1513 753 1671 808 istam
1706 751 2040 822 adjungere,
2083 766 2112 804 a

536 861 648 915 quo
676 845 965 899 ordinatus
994 843 1063 898 sit
1098 860 1112 896 :
1150 842 1293 896 valet
1317 841 1545 897 enimet
1580 838 1696 911 ipsa
1741 840 1810 895 ad
1846 839 2114 895 rationem

536 933 796 1005 temporis
828 932 1195 988 statuendam.

603 1069 633 1140 ς
667 1069 709 1125 l.
756 1069 872 1135 Quo
903 1084 1043 1123 anno
1068 1066 1418 1122 Theodoretus
1461 1067 1821 1136 episcopatum
1846 1064 2047 1118 inierit.

604 1200 647 1255 l.
673 1201 883 1267 Annus,
914 1215 1076 1270 quem
1120 1197 1468 1268 inquirimus,
1516 1212 1547 1251 a
1594 1197 1813 1251 nemine
1841 1204 2111 1259 veterum,

533 1310 606 1349 ne
652 1309 682 1347 a
737 1292 1084 1347 Theodorere
1136 1285 1381 1357 munem,
1427 1288 1650 1344 deﬁnite
1700 1288 1992 1358 proditur:
2046 1303 2114 1342 ex

534 1386 784 1457 epistolis
809 1394 988 1438 tamen
1031 1381 1371 1452 deprehendi
1418 1388 1620 1452 potest,
1686 1380 1780 1435 sed
1815 1396 1923 1434 non
1952 1378 2115 1433 nisia

537 1478 774 1532 curiosis
810 1476 1243 1547 indagatoribus.
1281 1474 1410 1541 Qute
1432 1475 1579 1530 enim
1606 1474 1782 1544 prima
1812 1473 1993 1527 fronte
2017 1488 2112 1527 ec-

538 1575 806 1627 eurrunt,
848 1565 965 1620 ha:c
1009 1565 1269 1634 quoniam
1310 1565 1571 1637 attentius
1615 1563 1962 1617 considerata
2003 1578 2112 1616 non

536 1667 684 1722 sunt,
748 1657 1059 1713 fefellerunt
1117 1656 1414 1726 aliquando
1461 1657 1612 1726 ipsos
1654 1655 1821 1710 etiam
1863 1653 2111 1710 eruditos

535 1749 839 1805 doctissimi
865 1748 1157 1802 Annalium
1188 1748 1476 1817 scriptoris
1508 1748 1720 1803 oculos.

606 1836 672 1890 ll.
711 1834 981 1888 Baronius
1002 1834 1416 1889 Theodoretum
1446 1835 1706 1905 opinatur
1755 1832 1982 1905 Cyrensi
2013 1835 2115 1888 Ec-

535 1928 714 1983 clesia:
763 1925 1079 1996 praefectum
1133 1924 1302 1981 fuisse
1368 1941 1512 1980 anno
1583 1926 1707 1980 425.
1784 1925 2112 1997 Opinionem

534 2018 731 2090 probat
762 2018 845 2073 his
865 2017 1111 2089 epistola:
1146 2019 1213 2071 ad
1235 2026 1486 2072 sanctum
1530 2016 1771 2073 Leonem
1799 2019 1939 2073 data:
1990 2034 2115 2072 ver-

534 2108 623 2164 Lis
659 2126 672 2163 :
731 2128 749 2160 ι
784 2108 891 2163 Sex
932 2117 989 2163 et
1033 2108 1226 2179 viginti
1283 2109 1443 2164 annis
1483 2110 1829 2166 commissam
1865 2111 2001 2165 mihi
2043 2110 2112 2166 ab

535 2201 922 2255 universorum
963 2200 1076 2254 Deo
1130 2200 1470 2265 Ecclesiam,
1524 2217 1752 2270 precum
1801 2209 2111 2257 vestrarum

533 2293 738 2347 auxilio
771 2306 896 2346 cum
918 2291 1175 2356 rexerim,
1203 2302 1310 2347 etc.
1340 2293 1357 2323 ¹
1387 2311 1407 2345 ι
1434 2291 1663 2348 Constat
1690 2294 1833 2348 enim
1850 2293 2109 2363 scriptam

533 2399 654 2439 esse
669 2384 956 2453 epistolam
975 2383 1078 2437 sub
1101 2382 1262 2437 ﬁnem
1288 2384 1416 2437 anni
1433 2384 1558 2447 449,
1575 2400 1685 2453 quo
1700 2399 1843 2439 anno
1862 2385 2110 2439 habitum

534 2485 622 2531 est
676 2475 998 2530 latrecinale
1037 2474 1331 2530 concilium
1375 2476 1714 2547 Ephesinum
1740 2477 1851 2533 ‘die
1900 2477 1966 2532 10
2002 2480 2112 2532 Au-

532 2567 699 2639 gusti,
731 2568 783 2622 in
806 2582 983 2637 eoque
1014 2566 1398 2624 Theodoretus
1434 2584 1467 2624 a
1497 2569 1762 2624 Dioscere
1804 2569 2106 2640 depositus.

532 2658 647 2714 Hac
669 2659 737 2713 de
770 2659 970 2730 injuria
998 2660 1253 2729 queritur
1284 2659 1431 2731 apud
1465 2676 1739 2715 summum
1773 2662 2106 2731 pontiﬁcem,

532 2752 682 2807 sedis
731 2750 1046 2821 apostolica:
1088 2751 1357 2823 judicium
1394 2754 1698 2823 appellans.
1738 2752 1897 2821 Quod
1941 2753 1987 2808 si
2042 2770 2110 2809 ex

533 2857 804 2896 annorum
843 2841 944 2897 449
975 2858 1187 2897 summa
1213 2842 1575 2899 detrahantur
1600 2844 1792 2915 viginti
1828 2860 1943 2909 sex,
1988 2860 2108 2899 om-

492 2976 501 2987 .
532 2932 666 2986 nine
689 2933 886 3002 reliqui
919 2942 1082 2988 erunt
1133 2934 1260 2999 ηδ,
1299 2949 1410 3005 quo
1439 2943 1686 3005 tempore
1730 2934 2108 2992 Theoderetus

530 3023 825 3097 Cyrensem
854 3025 1155 3081 Ecclesiam
1182 3027 1475 3098 regendam
1499 3026 1822 3099 susceperit.

598 3117 686 3171 ιιι.
711 3116 789 3171 lta
821 3115 933 3171 fere
974 3116 1245 3172 Baronius
1284 3117 1612 3173 sententiam
1656 3117 1944 3173 conﬁrmat
1986 3135 2110 3174 ver-

534 3208 622 3263 bis
670 3208 917 3278 epistelae
966 3208 1196 3263 alterius
1231 3207 1427 3263 eodem
1475 3224 1620 3263 anno
1645 3209 1787 3264 datae
1815 3211 1857 3273 ',
1910 3211 2111 3280 quibus

534 3299 681 3369 apud
709 3297 954 3352 Hilarum
983 3297 1242 3353 Ecclesiae
1271 3298 1530 3354 Romanae
1582 3298 1878 3354 diaconum
1914 3300 2109 3356 eadem

535 3388 763 3458 querela
783 3387 1104 3457 deploratur
1128 3404 1142 3440 :
1190 3405 1209 3439 ε
1232 3386 1365 3442 Post
1384 3403 1481 3445 sex
1509 3395 1568 3442 et
1604 3389 1798 3460 viginti
1828 3390 2111 3461 episcopa-

535 3491 629 3536 tus
661 3494 856 3545 annos,
887 3488 996 3534 etc.
1030 3480 1073 3533 ³.
1116 3499 1135 3530 ι

605 3571 912 3641 Utrumque
949 3570 1327 3626 testimonium
1379 3571 1598 3628 videtur
1634 3573 1689 3627 in
1723 3576 1960 3644 speciem
1997 3575 2110 3631 cla~

533 3678 694 3727 rum;
727 3670 930 3716 tantam
980 3662 1344 3718 nihilominus
1410 3663 1712 3720 claritatem
1745 3665 2005 3722 obseurat
2030 3667 2110 3722 le-

536 3769 637 3808 cus
666 3754 808 3807 alter
833 3754 992 3824 longe
1025 3755 1231 3809 certior
1264 3772 1278 3809 :
1309 3755 1500 3811 scribit
1532 3756 1679 3811 enim
1729 3757 2109 3813 Theodoretus

533 3843 709 3898 Nemo
753 3843 1075 3905 censuli,in
1118 3843 1234 3899 haec
1276 3843 1447 3900 verba
1490 3844 1559 3898 ιε
1616 3864 1634 3896 ι
1678 3845 1742 3900 ln
1774 3846 2107 3901 monasterio

534 3942 775 4003 tempus,
803 3933 951 4002 quod
983 3934 1360 4005 episeepatum
1386 3937 1684 4006 praecessit,
1724 3952 1851 3991 cum
1891 3937 2106 4008 exegis-

533 4037 678 4091 sem,
716 4022 921 4078 invitus
974 4023 1266 4094 episcopus
1299 4025 1587 4080 ordinatus
1618 4041 1759 4081 sum.
1801 4026 1989 4081 Annos
2021 4027 2106 4081 vi—

533 4114 666 4184 ginti
694 4115 936 4185 quinque
963 4116 1038 4170 ita
1077 4116 1209 4180 vixi,
1245 4125 1306 4171 ut
1337 4133 1518 4188 neque
1545 4119 1600 4172 in
1624 4119 1716 4189 jus
1746 4125 1971 4173 vocatus
2002 4118 2105 4173 sim

531 4220 565 4259 a
597 4222 898 4276 quoquam,
926 4223 1108 4277 neque
1138 4207 1258 4278 ipse
1296 4224 1625 4279 quemquam
1659 4208 1944 4275 vocarim;
1977 4210 2106 4264 nul-

530 4295 619 4351 lus
651 4297 1188 4367 religiosissimorum
1220 4300 1568 4365 clericorum,
1590 4300 1686 4369 qui
1713 4299 1877 4372 25.9
1889 4317 2105 4357 mecum

531 4386 775 4452 fuerunt,
806 4395 886 4441 tot
909 4388 1070 4443 annis
1100 4389 1395 4444 tribunalia
1424 4389 1812 4460 frequentavit.
1833 4410 1852 4443 ι

602 4478 668 4532 γ.
694 4479 826 4533 lnde
852 4479 1064 4550 liquido
1098 4490 1266 4550 patet,
1301 4482 1562 4537 vicesimo
1595 4483 1791 4552 quinto
1823 4485 2106 4557 episeepa-

530 4576 623 4624 tus
651 4585 797 4623 anno
830 4571 1236 4626 Theodoretum
1276 4573 1380 4626 ista
1435 4574 1677 4631 scribere
1733 4593 1746 4629 :
1796 4593 1923 4633 cum
1971 4594 2104 4650 ergo

531 4660 822 4726 scriberet,
848 4660 1022 4717 Nemo
1049 4663 1395 4718 consulatum
1429 4674 1676 4735 gerente,
1704 4676 1761 4722 et
1803 4677 1925 4739 post
1949 4685 2106 4726 acce-

528 4761 683 4821 ptum
711 4753 780 4808 ab
817 4754 1146 4823 imperatore
1175 4755 1491 4810 mandatum
1517 4772 1576 4813 se
1604 4759 1923 4816 continendi
1963 4762 2106 4819 intra

528 4844 665 4897 lines
689 4842 986 4915 Cyrestica:
1018 4847 1290 4918 regionis;
1333 4863 1568 4919 cumque
1600 4850 1808 4907 Nemus
1847 4857 2104 4910 consula-

527 4942 644 4986 tum
674 4934 906 5002 gesserit
936 4951 1082 4990 anno
1111 4937 1237 5001 445,
1267 4947 1329 4992 ut
1360 4956 1428 4994 ex
1479 4940 1655 4997 Fastis
1683 4953 1919 5010 constat,
1959 4947 2102 5002 hanc

527 5022 703 5091 ipsam
755 5026 945 5093 procul
986 5026 1158 5081 dubio
1188 5029 1569 5088 Theoderetus
1604 5035 1895 5104 epistolam
1949 5039 2103 5094 dedit

527 5127 673 5201 anno
701 5114 843 5178 445;
871 5130 981 5184 quo
1020 5132 1089 5171 ex
1136 5134 1410 5201 annorum.
1444 5138 1676 5181 numero
1714 5126 1760 5181 si
1811 5127 2102 5183 demantur

525 5199 720 5270 viginti
774 5203 1042 5273 quinque,
1085 5207 1281 5277 reliqui
1330 5199 1496 5266 erunt
1534 5211 1659 5276 420,
1693 5228 1803 5283 quo
1853 5222 2100 5282 tempore

522 5291 810 5347 ordinatus
837 5295 909 5350 sit
933 5296 1243 5368 episcopus.

595 5383 681 5438 Vl.
717 5384 968 5441 Totidem
1012 5391 1360 5458 pontiﬁcatus
1399 5409 1578 5450 annos
1608 5407 1858 5451 numerat
1896 5398 1947 5450 in
1977 5396 2098 5463 cpi-

2219 484 2468 547 tempore
2508 478 2730 534 easdem
2777 478 2846 535 de
2890 481 3148 535 mandate
3207 480 3463 550 querelas
3520 479 3793 550 deponit:

2226 587 2244 618 ι
2281 568 2551 633 Pontifex,
2583 569 2679 639 qui
2704 570 3084 639 episcopatum
3113 569 3307 640 viginti
3351 569 3596 638 quinque
3632 571 3797 626 annis

2215 659 2406 729 gessit,
2430 667 2488 713 et
2539 659 2855 728 praecedens
2901 667 3117 729 tempus
3162 658 3216 713 in
3249 659 3583 714 monasterio
3613 659 3795 723 duxit,

2216 749 2311 819 qui
2348 765 2452 805 nec
2473 750 2655 805 ferum
2691 749 2952 821 judiciale
2994 749 3364 819 interpellavit
3398 765 3659 820 unquam,
3692 766 3798 805 nec

2217 839 2287 893 ab
2335 840 2448 894 ullo
2486 854 2727 910 unquam
2764 855 2894 894 reus
2935 847 3021 893 est
3053 848 3311 909 peractus
3382 839 3670 895 calumniae
3718 843 3804 899 fa-

2218 941 2341 986 ctus
2371 941 2456 986 est
2482 931 2784 986 ludibrium
2817 933 2859 996 ',
2892 941 3001 985 etc.
3040 950 3059 982 ι

2304 1023 2413 1077 Vll.
2442 1022 2713 1093 Equidem
2742 1022 2920 1077 sentio
2947 1022 3125 1093 excipi
3160 1021 3271 1077 duo
3295 1037 3454 1093 posse
3496 1039 3509 1075 :
3536 1021 3794 1086 alterum,

2216 1114 2430 1170 consuli
2469 1115 2691 1184 quidem
2739 1114 3056 1184 inscriptam
3097 1113 3268 1169 fuisse
3311 1115 3634 1185 epistolam,
3680 1130 3795 1169 non

2216 1214 2399 1283 tamen
2444 1206 2539 1276 qui
2604 1214 2735 1260 tunc
2782 1214 2930 1261 esset
2969 1220 3094 1259 cum
3139 1204 3498 1267 scriberetur,
3546 1203 3645 1259 sed
3700 1204 3796 1279 qui

2216 1307 2344 1354 ante
2371 1298 2491 1353 haec
2513 1297 2743 1363 fuisset;
2776 1297 3032 1359 alterum,
3070 1297 3337 1351 incertum
3380 1310 3520 1359 esse,
3557 1296 3682 1365 quis
3709 1295 3798 1349 le-

2217 1403 2316 1442 cus
2340 1388 2411 1442 sit
2440 1386 2640 1451 verior,
2669 1403 2738 1440 an
2784 1386 2878 1456 qui
2921 1402 2952 1441 a
2998 1385 3234 1440 Baronie
3279 1384 3552 1439 adductus
3581 1393 3686 1443 est.
3723 1399 3796 1438 an

2217 1480 2311 1550 qui
2342 1479 2631 1551 oppositus
2661 1497 2674 1532 :
2704 1477 2750 1533 si
2772 1478 2921 1533 enim
2960 1476 3258 1548 pugnantia
3292 1475 3675 1530 Theoderetus
3711 1474 3801 1529 di-

2217 1581 2323 1638 cat,
2346 1589 2413 1628 ex
2437 1573 2609 1643 ipsius
2631 1570 2962 1627 testimoniis
2986 1569 3122 1624 nihil
3144 1569 3369 1624 omnino
3387 1569 3524 1624 certi
3553 1569 3606 1622 in
3628 1569 3799 1623 alter-

2218 1674 2399 1718 utram
2434 1673 2645 1735 partem
2672 1663 2868 1719 conﬁci
2904 1664 3102 1717 merito
3137 1670 3338 1731 potest.

2291 1758 2425 1812 Vlll.
2465 1758 2661 1811 Verum
2704 1772 2866 1810 nemo
2910 1755 3150 1826 primum
3184 1753 3319 1808 illud
3363 1753 3665 1822 exceperit,
3697 1752 3798 1823 qui

2217 1843 2622 1898 Theoderetum
2641 1843 2874 1913 legerit:
2913 1843 3053 1898 solet
3107 1842 3255 1896 enim
3288 1857 3405 1907 eos,
3429 1842 3633 1911 quibus
3673 1843 3798 1911 epi-

2214 1935 2384 1990 stolas
2433 1934 2707 1999 inscribit,
2748 1949 2999 1997 suerum,
3039 1949 3161 2004 qua:
3193 1942 3326 1987 tunc
3358 1942 3636 2003 gererent,
3667 1949 3798 1987 mu-

2214 2040 2410 2079 nerum
2443 2025 2668 2079 nomine
2717 2023 3003 2095 insignire.
3055 2024 3148 2079 Sic
3194 2022 3446 2078 Anatolio
3498 2025 3797 2094 septimum

2212 2117 2429 2184 scribit,
2467 2132 2572 2171 nec
2613 2124 2794 2170 tamen
2832 2115 3001 2195 semel
3049 2114 3332 2170 consulem
3369 2116 3629 2184 appellat,
3666 2131 3800 2170 eum

2213 2218 2395 2263 tamen
2430 2209 2776 2263 consulatum
2805 2207 3063 2278 gessisset
3087 2221 3232 2262 anno
3255 2206 3378 2262 MO.
3430 2206 3520 2261 Sic
3564 2206 3798 2261 Floren-

2215 2301 2373 2361 tium,
2402 2299 2497 2369 qui
2536 2315 2682 2354 anne
2713 2299 2843 2364 429,
2887 2307 2944 2353 et
2988 2298 3334 2363 Senatorem,
3371 2299 3466 2368 qui
3505 2314 3649 2353 anno
3688 2299 3801 2353 436

2212 2390 2468 2444 consules
2498 2388 2737 2454 fuerant,
2780 2389 3037 2444 consules
3066 2403 3176 2443 non
3206 2397 3407 2453 vocat;
3445 2388 3538 2442 sed
3574 2382 3797 2443 utrum—

2211 2494 2320 2549 que
2359 2477 2626 2532 duntaxat
2668 2477 2962 2549 patricium
3011 2495 3024 2530 :
3088 2476 3360 2549 ambobus
3427 2488 3606 2533 tamen
3667 2488 3798 2548 post

2211 2581 2424 2642 gestum
2470 2570 2817 2626 consulatum
2852 2569 3151 2625 scribebat.
3201 2569 3340 2636 Quia
3391 2585 3525 2624 vero
3579 2569 3797 2624 Zenoni

2210 2674 2377 2734 atque
2410 2663 2621 2718 Avieno
2644 2663 2666 2695 ⁸
2693 2662 2846 2718 misit
2870 2662 3102 2727 litteras,
3137 2677 3249 2732 quo
3274 2678 3419 2717 anno
3443 2663 3793 2717 consulatum

2209 2761 2483 2820 tenerent,
2523 2754 2616 2809 ille
2656 2767 2802 2808 anno
2829 2752 2955 2816 448,
2997 2752 3101 2808 iste
3143 2767 3287 2807 anno
3326 2751 3451 2818 450,
3491 2760 3797 2822 utrumque

2210 2846 2493 2901 consulem
2534 2845 2801 2900 nominat.
2844 2844 3080 2900 Nomum
3124 2844 3290 2915 igitur
3315 2840 3596 2899 cebsulem
3624 2843 3792 2907 dixit,

2210 2937 2470 3007 quoniam
2490 2932 2585 3002 ’ee,
2603 2952 2715 3007 quo
2741 2937 3041 3001 scribebat,
3070 2950 3214 2990 anno
3232 2936 3415 3005 reipsa
3443 2934 3635 2990 consul
3660 2934 3792 2991 fuit.

2132 3050 2178 3109 ρ
2211 3029 2320 3085 Sed
2363 3045 2488 3084 cum
2535 3028 2605 3084 ad
2662 3028 3029 3084 recensendas
3060 3028 3318 3098 epistolas
3351 3027 3791 3097 pervenerimus,

2210 3120 2434 3177 Barenii
2482 3120 2958 3184 emendationem,
3001 3134 3105 3190 pre
3161 3118 3389 3174 consule
3439 3118 3791 3173 consularem

2212 3215 2463 3286 legentis,
2499 3213 2788 3269 evidenter
2819 3213 3153 3279 refellemus,
3185 3211 3594 3283 pugnantiaque
3628 3211 3788 3266 locu-

2214 3318 2303 3364 tus
2321 3308 2620 3364 cardinalis
2641 3306 3130 3363 demenstrabitur.

2274 3399 2366 3454 IX.
2403 3400 2521 3456 Jam
2559 3414 2693 3454 vero
2738 3398 2970 3452 alterum
3013 3398 3150 3452 dilui
3198 3397 3359 3453 facile
3406 3406 3626 3467 potest:
3657 3412 3788 3451 nam

2211 3490 2649 3561 quotiescunque
2692 3497 2939 3559 pugnant
2991 3488 3099 3543 loci
3145 3487 3257 3542 duo
3296 3487 3462 3541 unius
3503 3487 3786 3550 auctoris,

2211 3578 2518 3651 prmsertim
2560 3578 2655 3632 ubi
2691 3578 2760 3633 de
2798 3579 3046 3634 numeris
3092 3577 3291 3648 agitur,
3339 3577 3634 3646 inquibus
3676 3577 3788 3632 fre-

2209 3685 2387 3742 quens
2415 3678 2513 3729 est.
2528 3669 2738 3739 lapsus;
2769 3668 3094 3724 retinendus
3122 3668 3214 3723 ille
3243 3666 3473 3722 omnino
3496 3677 3582 3723 est
3609 3668 3787 3732 locus,

2209 3760 2304 3831 qui
2345 3767 2401 3815 et
2442 3760 2835 3815 consonantior
2885 3760 2957 3815 sit
3000 3760 3141 3826 aliis,
3193 3759 3373 3830 quoad
3418 3775 3679 3821 sensum,
3732 3772 3790 3816 et

2208 3851 2393 3907 minus
2423 3851 2623 3907 debeat
2654 3867 2776 3907 esse
2803 3861 3125 3922 suspectus,
3153 3860 3209 3906 et
3248 3866 3362 3907 non
3400 3850 3475 3906 ita
3510 3850 3668 3906 facile
3708 3852 3792 3906 vi-

2210 3943 2337 3997 tiari
2362 3944 2628 4014 potuerit.
2655 3943 2821 4013 Atqui
2852 3951 3098 4014 pugnant
3139 3944 3245 3999 loci
3283 3944 3396 3999 duo
3436 3960 3564 3999 mox
3593 3944 3785 3999 allati:

2209 4035 2464 4105 quivere
2491 4050 2559 4090 ex
2587 4035 2817 4105 epistola
2851 4035 2909 4089 8|
2966 4035 3269 4105 productus
3309 4044 3413 4098 est,
3451 4035 3622 4091 habet
3665 4035 3787 4091 htec

2210 4126 2318 4181 tria
2364 4141 2488 4196 qua:
2554 4126 2692 4192 dixi,
2735 4142 2845 4181 non
2886 4127 3053 4181 habet
3111 4127 3251 4182 alter
3303 4144 3318 4181 :
3356 4127 3447 4182 ille
3494 4126 3660 4199 igitur
3696 4129 3787 4182 isti

2207 4220 2589 4289 praeferendus
2616 4231 2720 4275 est.

2273 4309 2438 4380 250
2478 4309 2545 4363 Χ.
2584 4308 2742 4376 Quod
2785 4319 2968 4364 autem
3007 4310 3162 4366 locus
3190 4312 3439 4382 epistola:
3477 4311 3539 4365 8i
3584 4311 3786 4366 habeat

2136 4381 2182 4435 Ῐ)
2210 4399 2328 4456 haec
2361 4401 2488 4464 tria,
2515 4416 2581 4456 ex
2610 4417 2678 4456 eo
2700 4410 2936 4466 constat,
2978 4402 3124 4471 quod
3155 4381 3334 4473 primo
3364 4411 3630 4457 consonet
3665 4403 3785 4473 epi-

2211 4494 2652 4550 stolie-secuudze
2670 4494 2738 4548 ad
2770 4494 3094 4549 Diescorum
3113 4496 3156 4561 ",
3186 4496 3238 4549 in
3266 4511 3372 4564 qua
3404 4494 3572 4550 refert
3601 4495 3784 4549 Theo-

2211 4585 2461 4649 doretus,
2509 4600 2566 4640 se
2608 4585 2864 4640 docuisse
2900 4584 3248 4645 Antiochiae.-
3285 4585 3476 4656 utique
3516 4601 3641 4640 cum
3669 4588 3781 4655 jam

2209 4675 2355 4732 feret
2380 4680 2399 4696 '
2429 4676 2745 4746 episcOpus,
2788 4691 2885 4730 sex
2924 4690 3100 4730 annos
3132 4675 3424 4732 continues
3466 4675 3571 4732 sub
3599 4676 3783 4731 Theo-

2211 4768 2365 4834 doto,
2390 4767 2653 4823 tredecim
2688 4767 2791 4821 sub
2817 4767 3027 4822 Joanne
3048 4766 3318 4822 Theodoti
3344 4781 3662 4822 successore
3679 4807 3697 4832 ,
3729 4775 3784 4822 et

2208 4858 2425 4923 Domni,
2470 4857 2565 4927 qui
2607 4858 2872 4913 Joannem
2907 4859 3146 4929 excepit,
3180 4858 3475 4929 septimum
3519 4859 3629 4929 jam
3660 4873 3783 4914 βεδε

2208 4966 2436 5014 annum,
2475 4964 2601 5003 cum
2641 4949 2928 5003 scriberet.
2971 4949 3110 5004 Cum
3155 4965 3286 5021 ergo
3320 4949 3640 5004 Theodotus
3672 4948 3782 5004 vita

2207 5042 2510 5097 excesserit
2548 5057 2693 5096 anno
2733 5042 2861 5107 427,
2901 5049 2964 5097 ut
3000 5037 3172 5098 tradit
3198 5041 3583 5098 Theoderetus
3605 5041 3650 5103 ',
3681 5056 3781 5095 ne-

2206 5144 2360 5185 cesse
2388 5138 2476 5184 est
2517 5140 2580 5183 ut
2616 5130 2814 5185 docere
2868 5132 3099 5200 eruperit
3146 5147 3291 5189 anno
3313 5131 3401 5187 vel
3433 5131 3539 5186 4‘20
3575 5131 3681 5187 sub
3720 5130 3784 5194 li;-

2204 5237 2352 5284 nem,
2409 5220 2493 5274 vel
2548 5221 2774 5275 ineunte
2822 5222 2947 5275 421.
3006 5222 3392 5293 Episcopatum
3442 5221 3611 5292 igitur
3656 5220 3779 5275 iniit

2202 5324 2349 5365 anno
2386 5308 2491 5363 420
2518 5319 2612 5364 aut
2643 5310 2743 5364 4‘21
2789 5309 3030 5365 ineunte.

2274 5400 2344 5454 X1
2394 5400 2625 5466 Deinde,
2673 5401 2820 5470 quod
2867 5402 3010 5456 idem
3053 5400 3208 5457 locus
3241 5417 3350 5457 non
3374 5402 3553 5473 possit
3576 5400 3775 5456 merito

1890 5552 2199 5610 SCllUt.le
2240 5555 2468 5609 NOTAE.

1036 5642 1081 5725 ,ι
1111 5639 1280 5710 Epist.
1316 5644 1465 5725 Hii.“
1486 5646 1530 5725 _‘
1557 5646 1657 5725 Pro
1687 5645 2151 5725 llaroniemlilitat
2181 5650 2358 5725 etiam
2381 5650 2534 5725 locus
2559 5668 2624 5705 ex
2649 5652 2809 5725 epist.
2847 5652 2963 5706 liti.
3041 5652 3061 5725 ’ξ
3086 5654 3255 5724 Epist.
3279 5656 3366 5711 81.
3443 5657 3464 5686 ⁸
3487 5654 3661 5725 Epist.
3687 5653 3775 5711 80.

523 5704 545 5735 ⁶
575 5702 787 5759 Avieno.
817 5706 923 5764 Sed
961 5710 1083 5765 vide
1116 5702 1266 5782 supr.
1303 5729 1355 5782 p.
1411 5714 1524 5778 liii,
1571 5716 1742 5769 schol.
1803 5716 1848 5770 l.

1930 5717 1946 5746 τ
1972 5717 2144 5788 Epist.
2176 5722 2261 5775 83.

2339 5720 2360 5752 '
2381 5718 2518 5775 Hist.
2552 5718 2745 5775 θεειξι.
2775 5738 2826 5790 v,
2856 5736 2975 5793 cap.
3007 5723 3102 5779 ult.
