3952 6294
193 297 295 365 2(1

1366 295 1463 354 DE
1497 291 1706 353 LIBRI
1715 291 1755 350 S
1787 287 2295 350 THEODORETI.

3337 291 3441 352 20?!

198 408 572 478 corruptionis
613 407 832 462 nomine
879 421 998 460 esse
1043 414 1329 474 suspectus
1354 443 1368 465 ,
1415 402 1529 456 sive
1600 416 1761 454 voces
1793 403 1831 458 Α
1864 399 2057 460 475,Θῑ
2079 400 2362 469 scripsisse
2385 401 2941 456 inDeutcronomium
2969 416 3112 455 anno
3145 402 3268 464 ΓΗ,
3297 406 3439 458 unde

201 504 332 572 ipsa:
354 513 716 553 numerorum
751 498 995 566 integrae,
1033 496 1146 549 sive
1188 502 1330 549 nota:
1374 494 1638 547 duntaxat
1683 489 1769 543 di-

202 602 394 648 cantur
413 590 634 658 scripta:
668 606 682 642 :
711 603 888 656 neque
927 586 1074 639 enim
1120 584 1276 637 πέντε
1326 583 1380 636 in
1424 581 1536 644 δύο,
1586 585 1772 648 “neque

213 682 241 749 β
271 682 325 734 in
358 698 397 743 ς
451 678 613 732 facile
654 692 751 746 per
779 675 1042 730 incuriam
1079 673 1290 728 librarii
1337 677 1771 726 commutentur.

273 770 388 824 XII.
421 769 690 838 Denique,
722 767 867 838 quod
897 766 1052 820 locus
1087 763 1396 819 contrarius
1423 762 1622 816 habeat
1648 775 1774 830 pro-

205 864 400 918 clivem
443 861 808 916 describentis
852 859 1062 928 lapsum
1105 856 1162 910 in
1209 854 1474 918 numeris,
1522 861 1772 922 apertum

206 964 325 1008 est:
364 951 498 1020 quid
535 951 683 1004 enim
716 949 1034 1019 proclivius,
1071 962 1234 1016 quam
1261 946 1289 998 θ
1323 945 1379 999 in
1429 962 1488 1008 ς,
1526 943 1681 996 ἐννέα
1716 941 1772 995 ἰιι

206 1041 265 1106 ’ἐξ
295 1039 657 1109 pervertere?

275 1131 418 1183 XIII.
457 1129 612 1194 Quod
651 1129 696 1183 si
719 1127 1072 1197 epiSCOpatus
1111 1123 1439 1180 Theodoreti
1477 1123 1532 1176 in
1569 1135 1771 1174 annum

205 1219 309 1274 4ἓο
345 1219 559 1282 incidit,
593 1225 806 1288 Oportet
831 1226 892 1271 ut
921 1224 1079 1272 ortus
1107 1223 1232 1270 ante
1266 1228 1469 1268 annum
1508 1210 1612 1265 590
1643 1225 1776 1264 con-

209 1311 392 1382 tigerit
427 1327 443 1376 ;
483 1324 662 1379 neque
690 1310 836 1364 enim
885 1307 1189 1364 canonihus
1228 1306 1428 1376 spretis
1487 1303 1773 1358 ordinatus

207 1414 290 1458 est
325 1412 452 1458 ante
484 1401 824 1457 tricesimum
848 1399 1027 1456 :etatis
1054 1414 1166 1454 suae
1193 1411 1420 1461 annum,
1445 1411 1569 1450 cum
1592 1395 1773 1447 Theo-

209 1495 373 1548 dotus
396 1494 479 1546 vir
511 1490 893 1548 sanctissimus
923 1497 1089 1559 atque
1133 1487 1576 1557 religiosissimus
1606 1499 1773 1538 eano-

209 1599 340 1637 num
367 1583 709 1646 observator,
743 1595 774 1635 a
805 1593 916 1650 quo
951 1578 1238 1634 ordinatus
1287 1584 1391 1639 est,
1421 1573 1776 1629 Antiochenaa

208 1671 467 1728 Ecclesia:
485 1677 764 1740 praeesset.

1875 488 2126 556 sequitur
2149 489 2468 544 defunctum
2490 506 2611 545 esse
2645 506 2789 545 anno
2841 490 3035 545 eodem
3079 506 3189 559 quo
3216 491 3327 544 Leo
3353 507 3438 547 se-

1875 579 1999 632 nior
2029 581 2343 650 imperator,
2375 594 2430 636 ct
2457 582 2831 652 episcopatum
2875 582 3110 651 gessisse
3145 596 3318 636 annos
3349 581 3438 646 55,

1876 670 2176 723 secundum
2221 681 2463 725 nostram
2511 672 2578 726 de
2622 674 2941 742 episcopatu
2988 672 3435 743 ehronologiam,

1874 760 1959 813 vel
1988 759 2052 814 50
2085 761 2384 815 secundum
2415 761 2795 827 Baronianam,
2827 771 2988 831 atque
3019 762 3092 816 ita
3116 763 3281 817 vitam
3312 781 3440 832 pro-

1876 851 2100 907 duxisse
2133 853 2198 907 ad
2232 870 2434 908 annum
2468 856 2554 908 85.
2599 855 2926 924 Opinionem
2967 871 3120 909 suam
3168 857 3389 911 coniicit
3423 876 3437 908 :

1877 944 2075 1011 primo,
2106 945 2235 1014 quia
2264 945 2600 1009 Gennadius,
2635 947 2801 1010 Beda,
2841 947 2959 1001 Ado
2998 955 3053 1000 et
3101 947 3442 1018 Frcculphus

1877 1033 2282 1088 Theodoretum
2308 1037 2532 1090 tradunt
2549 1037 2651 1091 sub
2671 1037 2851 1091 Leone
2874 1038 3202 1106 imperatore
3219 1040 3440 1099 obiissc,

1877 1134 1931 1179 et
1965 1124 2031 1177 ad
2071 1127 2191 1195 ejus
2217 1133 2464 1196 tempora
2496 1127 2788 1181 Historiam
2829 1129 3151 1198 produxisse
3189 1147 3202 1182 :
3243 1129 3442 1183 deinde

1876 1214 2021 1282 quod
2061 1215 2404 1269 Marcellinus
2441 1233 2624 1270 comes
2662 1218 2728 1271 ad
2769 1234 2974 1273 annum
3003 1218 3106 1272 466
3141 1217 3340 1271 librum
3375 1219 3443 1271 de

1877 1306 2258 1362 Incarnatione
2307 1307 2570 1361 adversus
2621 1308 2903 1378 Eutychen
2947 1316 3003 1362 et
3049 1309 3369 1362 Dioscorum
3415 1326 3445 1362 a

1879 1392 2227 1446 Theodoreto
2257 1394 2525 1462 scriptum
2557 1394 2794 1460 referat;
2824 1395 3062 1464 denique
3089 1397 3237 1466 quod
3268 1398 3447 1451 Theo-

1879 1480 2107 1535 doretus
2129 1482 2264 1550 ipse,
2297 1484 2597 1552 quaestione
2625 1485 2693 1538 58
2723 1485 2776 1538 in
2805 1487 3316 1551 Deuteronomium,
3343 1489 3444 1541 do-

1879 1584 2000 1627 ceat
2025 1573 2318 1638 ellluxisse,
2352 1581 2503 1636 tunc,
2541 1591 2665 1630 cum
2696 1577 2984 1640 scriberet,
3016 1579 3450 1648 quadringentos

1881 1679 2052 1716 annos
2078 1679 2108 1716 a
2137 1663 2480 1733 dispersione
2511 1667 2696 1735 populi
2723 1667 2934 1722 Judaici
2959 1686 2973 1733 ;
2995 1684 3114 1738 quae
3148 1684 3270 1722 cum
3300 1669 3447 1724 acci-

282 1725 1012 1818 ImoiTheodoretum
1066 1757 1289 1812 circiter
1334 1771 1540 1810 annum
1578 1754 1680 1809 586
1721 1754 1775 1808 in
1809 1725 1852 1783 Β
1881 1753 2021 1807 derit
2052 1769 2196 1808 anno
2217 1725 2423 1809 ilhristi
2455 1725 2525 1809 72-
2554 1725 2854 1811 secundum
2897 1725 3118 1813 Baronii
3159 1761 3452 1814 chronolo-

209 1856 388 1910 lucem
419 1854 634 1907 venisse
659 1851 702 1916 ’,
727 1865 795 1904 ex
820 1865 888 1904 eo
909 1864 1020 1903 non
1039 1848 1270 1902 obscure
1295 1846 1589 1915 colligitur,
1607 1845 1774 1915 quod,

207 1958 331 1999 cum
385 1941 454 1995 ad
500 1947 750 1994 sanctum
789 1936 1032 1992 Leonem
1066 1935 1279 1989 litteras
1297 1933 1474 1997 daret,
1497 1948 1684 1988 senem
1719 1948 1777 1988 se

209 2047 519 2102 canumque
561 2028 803 2086 dixerit:
846 2042 1013 2081 senex
1053 2041 1184 2081 vero
1215 2025 1447 2094 quisque
1479 2023 1588 2078 dici
1616 2023 1774 2086 solet,

209 2141 334 2181 cum
381 2123 784 2193 sexagesimum
846 2117 1071 2172 tertium
1124 2116 1303 2171 aetatis
1343 2129 1548 2169 annum
1577 2114 1775 2184 attigit,

206 2225 301 2271 aut
324 2216 489 2270 etiam
517 2221 940 2283 pratergressus
967 2217 1070 2262 est.
1103 2207 1240 2262 Cum
1272 2221 1403 2277 ergo
1439 2205 1654 2260 litteras
1682 2205 1778 2259 de-

204 2308 348 2363 derit
369 2322 515 2361 anno
537 2305 660 2368 M9,
691 2315 930 2372 tuncque
960 2299 1128 2354 fuerit
1149 2299 1427 2369 sexaginta
1457 2307 1572 2354 tres
1603 2313 1777 2352 annos

203 2408 300 2455 aut
345 2399 537 2468 plures
575 2403 762 2458 natus,
797 2407 1022 2448 necesse
1073 2401 1156 2446 est
1203 2398 1262 2444 ut
1301 2389 1524 2444 circiter
1571 2403 1774 2445 annum

200 2490 309 2545 586
341 2490 526 2543 vivere
570 2484 858 2554 inceperit.

277 2581 393 2638 XV.
427 2579 618 2636 Allinis
642 2587 727 2632 est
749 2577 1086 2647 conjectura,
1123 2589 1246 2644 qua:
1287 2574 1511 2629 ducitur
1543 2587 1615 2630 ex
1654 2573 1772 2642 epi-

202 2674 344 2731 stola
395 2672 485 2735 90,
529 2670 597 2724 ad
625 2667 952 2738 Lupicinum
994 2667 1196 2736 scripta
1247 2680 1390 2720 anno
1454 2664 1578 2719 M7.
1629 2663 1766 2719 Nam

204 2781 264 2821 se
321 2761 625 2819 senectutis
679 2760 946 2815 terminos
1015 2757 1321 2828 ingressum
1396 2753 1777 2810 Theodoretus

202 2854 397 2911 scribit
424 2871 437 2905 :
469 2867 576 2922 qua
603 2848 867 2920 loquendi
895 2847 1072 2902 forma
1094 2846 1338 2901 medium
1380 2854 1599 2914 tempus
1627 2842 1774 2898 indi-

203 2955 385 3007 catur,
411 2943 558 3014 quod
585 2943 729 2996 inter
757 2948 1017 2996 octavum
1062 2946 1120 2993 et
1168 2952 1373 2992 nonum
1403 2937 1775 3006 septenarium

201 3035 440 3099 exsistit,
459 3042 624 3102 atque
647 3031 786 3086 adeo
809 3029 1032 3086 circiter
1052 3026 1473 3097 sexagesimum.

276 3124 417 3180 XVI.
457 3122 614 3177 Adde
665 3119 812 3190 quod
865 3118 1141 3172 Zenonem
1190 3115 1520 3170 monachum
1564 3114 1771 3178 invisit,

203 3228 331 3270 cum
359 3219 508 3269 esset
531 3209 736 3282 iunior,
764 3217 820 3262 et
853 3216 1035 3261 tamen
1064 3207 1257 3270 lector,
1304 3213 1468 3273 atque
1506 3219 1774 3259 annorum

205 3307 429 3365 circiter
452 3304 647 3375 viginti
677 3312 734 3358 et
763 3302 1029 3356 duorum:
1056 3299 1244 3354 invisit
1270 3305 1454 3352 autem
1488 3311 1633 3352 anno
1650 3296 1774 3356 408,

211 3409 270 3456 ut
295 3400 349 3454 in
367 3396 690 3452 recensione
723 3393 999 3448 Philothei
1029 3391 1376 3446 ostendetur.

273 3488 437 3545 XVII.
468 3487 586 3542 Jam
615 3499 746 3538 vero
797 3483 908 3536 vita
957 3481 1206 3534 functura
1261 3476 1605 3532 ostendimus
1635 3491 1777 3530 anno

203 3580 329 3642 £57,
356 3586 453 3632 aut
472 3575 578 3631 458
608 3576 669 3628 ³ο.
718 3573 868 3626 Vixit
908 3571 1074 3642 igitur
1119 3584 1291 3624 annos
1341 3567 1682 3636 septuaginta
1721 3574 1778 3622 et

205 3686 396 3730 unum.
426 3677 528 3723 aut
559 3663 905 3736 septuaginta
937 3663 1096 3717 duos.

269 3761 454 3816 XVIII.
475 3760 534 3813 In
562 3765 805 3812 nostram
832 3753 1238 3822 chronologiam
1285 3751 1560 3806 consentit
1595 3748 1774 3804 cardi-

201 3853 341 3908 nalis
371 3849 688 3911 Perronius,
738 3847 836 3900 lib.
895 3862 951 3899 ιιι
1000 3844 1076 3896 De
1129 3843 1489 3903 Euclmristia,
1529 3857 1648 3910 cap.
1689 3841 1775 3901 I7,

202 3940 295 3994 ubi
314 3938 722 3993 Theodoretum
750 3933 917 3988 tradit
936 3933 1248 3986 ordinatum
1268 3931 1435 3984 fuisse
1464 3946 1656 3983 novem
1686 3939 1780 3983 aut

201 4033 391 4088 decem
417 4029 575 4083 annis
597 4025 882 4094 ante25]
916 4024 1129 4078 obitum
1165 4023 1490 4092 Augustini;
1523 4038 1643 4076 nam
1668 4021 1780 4075 Au—

203 4122 476 4194 gustinus,
516 4129 576 4173 ut
600 4117 844 4171 omnium
877 4124 1135 4169 constans
1154 4123 1238 4166 est
1261 4113 1468 4181 opinio,
1492 4128 1635 4166 anno
1677 4113 1781 4165 450

201 4230 268 4269 ex
295 4215 397 4268 hac
431 4211 543 4264 vita
577 4207 837 4262 decessit.
896 4206 992 4260 Est
1031 4214 1214 4258 autem
1256 4203 1399 4272 apud
1453 4204 1776 4258 Perronium

200 4322 268 4361 co
311 4303 419 4359 loci
464 4299 706 4356 enormis
751 4311 1043 4367 operarum
1088 4311 1242 4349 error
1285 4295 1338 4348 in
1379 4304 1555 4348 morte
1596 4298 1780 4362 Augu-

202 4397 354 4460 stini,
389 4409 515 4449 nam
547 4408 645 4462 pro
669 4390 773 4444 4Ξο
797 4396 1098 4459 posuerunt
1127 4388 1249 4440 590.

273 4486 412 4541 XIX.
472 4483 736 4538 Dissentit
790 4479 1084 4535 cardinalis
1143 4478 1465 4532 Baronius:
1518 4476 1778 4545 opinatur

202 4579 349 4633 enim
403 4573 811 4630 Theodoretum
855 4571 1059 4625 obiisse
1089 4585 1235 4623 anno
1263 4569 1388 4631 455,
1422 4568 1680 4636 quoniam
1709 4568 1775 4623 de

202 4685 268 4725 eo
296 4679 487 4739 postea
508 4665 702 4720 siletur
735 4680 750 4729 ;
788 4678 981 4718 verum
1017 4677 1084 4716 eo
1135 4677 1278 4714 anno
1322 4661 1533 4714 litteras
1569 4660 1781 4729 accepit

202 4779 232 4816 a
262 4768 455 4817 sancto
480 4759 682 4820 Leone,
717 4763 774 4810 et
805 4755 1005 4808 librum
1055 4753 1229 4807 edidit
1265 4752 1342 4805 De
1384 4753 1652 4806 lim-elicis
1692 4753 1776 4821 fa-

203 4853 358 4915 bulis,
387 4860 442 4904 et
467 4859 651 4920 postea
695 4848 749 4900 in
800 4845 1216 4906 Octateuchum,
1253 4844 1422 4897 libros
1459 4845 1685 4914 Regum,
1716 4853 1773 4898 et

205 4945 658 5013 Paralipomena,
708 4938 1039 5008 quaestiones
1099 4936 1440 5004 composuit,
1475 4943 1534 4988 ut
1589 4935 1642 4988 in
1683 4951 1772 4990 re»

201 5035 460 5090 censione
513 5032 713 5102 prioris
763 5029 935 5099 partis
965 5026 1122 5097 primi
1159 5025 1398 5096 Operum
1423 5027 1552 5082 tomi
1590 5035 1774 5081 osten-

198 5131 382 5186 detur.
813 5191 824 5199 _

269 5219 388 5274 XX.
422 5214 691 5272 Dissentit
728 5212 895 5267 etiam
937 5209 1254 5264 Blondellus
1289 5209 1343 5262 in
1373 5208 1779 5278 Prolegometis

200 5311 326 5366 libri
373 5308 643 5364 adversus
684 5303 1016 5358 Turrianum
1047 5300 1116 5354 de
1146 5299 1404 5368 Epistolis
1455 5300 1773 5356 canonicis:

201 5403 368 5457 tradit
396 5401 546 5456 enim
590 5394 998 5451 Theodoretum
1027 5389 1226 5445 vixisse
1255 5389 1322 5444 ad
1365 5405 1569 5444 annum
1605 5406 1778 5462 usque

1879 1844 2042 1914 giam,
2099 1855 2467 1915 nempenpost
2521 1856 2782 1900 vastatam
2817 1864 2846 1902 a
2891 1849 3150 1904 Romanis
3177 1851 3446 1913 Judaeum,

1877 1936 2225 2004 excisamque
2257 1935 3235 2010 Hierosolymam,oportetscripsisse
3265 1941 3446 1995 Theo-

1883 2029 2133 2082 doretum
2168 2044 2311 2082 anno
2349 2030 2471 2083 479..

1947 2118 2086 2171 XXI.
2127 2120 2320 2173 Verum
2354 2120 2672 2184 Marcellini,
2694 2122 2871 2185 Bedaa,
2898 2122 3103 2176 Adonis
3127 2134 3184 2178 et
3223 2125 3446 2179 Frecul-

1879 2207 1974 2276 phi
1995 2208 2295 2262 auctoritas
2325 2225 2432 2263 non
2467 2219 2551 2264 est
2581 2211 2686 2264 alia
2714 2212 2816 2266 hac
2857 2212 2911 2265 in
2946 2221 3100 2282 parte
3131 2230 3293 2282 quam
3327 2231 3450 2284 quae

1877 2299 2166 2363 Gennadii,
2217 2301 2374 2371 cujus
2418 2317 2610 2356 omnes
2660 2304 2828 2357 verba
2877 2305 3307 2374 descripserunt,
3355 2309 3448 2361 alii

1879 2390 2220 2459 simpliciter,
2256 2392 2346 2445 alii
2373 2393 2575 2447 additis
2607 2393 2674 2448 de
2706 2409 2806 2448 suo
2826 2394 3130 2458 erroribus,
3175 2403 3256 2458 ut,
3299 2397 3445 2465 quod

1879 2479 2126 2536 ﬂoruerit
2151 2483 2255 2536 sub
2290 2483 2491 2546 Leone,
2515 2499 2638 2538 cum
2672 2485 2774 2538 sub
2805 2499 2871 2538 eo
2914 2493 3189 2540 mortuum
3234 2475 3460 2541 Genua?

1879 2572 2002 2626 dius
2025 2573 2248 2626 scribat.
2280 2572 2546 2628 Gennadii
2582 2591 2748 2643 porro
2775 2576 3078 2631 auctoritas
3125 2577 3277 2631 nulla
3326 2587 3444 2632 est:

1878 2665 2141 2734 deceptus
2171 2666 2318 2719 enim
2354 2665 2408 2719 in
2434 2681 2500 2718 eo
2531 2665 2652 2728 fuit,
2682 2667 2828 2734 quod
2859 2666 2927 2720 de
2951 2667 3178 2720 historia
3205 2668 3450 2721 Theodo-

1879 2757 1982 2812 reti
2025 2757 2224 2811 litteris
2269 2757 2576 2819 mandavit,
2623 2767 2683 2811 ut
2725 2767 2913 2826 postea
2955 2758 3444 2812 demonstrabitur.

1877 2848 1995 2904 1am
2021 2865 2152 2903 vero
2181 2849 2561 2903 Theodoretus
2587 2849 2641 2902 in
2665 2849 3006 2917 expositione
3039 2851 3448 2905 Deuteronomii

1881 2939 2313 3008 quadringentos
2341 2955 2514 2992 annos
2544 2939 2680 2992 dixit
2737 2939 2968 3008 integro,
3025 2947 3085 2992 ut
3129 2942 3298 2993 moris
3341 2952 3446 3003 est,

1801 3067 1846 3124 C
1877 3044 2142 3090 numero,
2204 3045 2328 3082 cum
2378 3029 2633 3082 deessent
2675 3029 2804 3082 anni
2852 3030 3117 3083 duntaxat
3171 3030 3448 3084 sexdecim

1879 3129 1975 3174 aut
1999 3119 2416 3188 septemdecim,
2455 3135 2556 3173 nec
2580 3120 2880 3188 pertineret
2909 3120 2975 3173 ad
3014 3136 3128 3174 rem
3173 3131 3317 3175 tanta
3348 3139 3451 3175 nu-

1883 3211 2129 3266 merandi
2159 3209 2434 3282 ἀκρίϐεια,
2464 3217 2525 3264 ιιι
2549 3225 2650 3264 suo
2685 3211 2805 3264 loco
2833 3211 3132 3264 videbitur.

2097 3347 2110 3365 ‘
2139 3342 2164 3412 §
2193 3343 2258 3398 II.
2278 3343 2315 3398 Α
2351 3361 2452 3414 quo
2482 3344 2828 3398 Theodoretus
2863 3345 3140 3398 ordinatus
3169 3347 3254 3399 sit.

1951 3481 1991 3534 I.
2021 3480 2351 3546 Qumstionis
2383 3481 2584 3534 solutio
2631 3480 2904 3549 dependet
2945 3491 3286 3551 ert-tempore
3341 3498 3452 3552 quo

1879 3569 1967 3623 vel
2003 3568 2338 3630 Theodotus,
2361 3569 2446 3622 vel
2476 3569 2784 3622 Alexander
2812 3569 3079 3624 Theodoti
3128 3587 3448 3638 prmeessor,

1883 3660 2282 3714 Antiochenam
2314 3660 2616 3714 Ecclesiam
2648 3661 2806 3714 rexit.
2844 3659 2898 3714 Si
2939 3662 3086 3716 enim
3133 3663 3452 3717 Theodotus

1881 3760 2118 3821 quatuor
2147 3760 2356 3806 tantum
2389 3767 2561 3806 annos
2585 3753 2745 3814 sedit,
2782 3753 2926 3822 quod
2959 3754 3073 3808 vult
3114 3754 3456 3824 Nicephorus

1883 3843 2526 3912 Constantinopolitanus
2563 3843 2616 3896 in
2640 3842 2896 3913 Catalogo
2929 3846 3313 3914 episcoporum
3341 3847 3448 3899 An-

1885 3935 2291 3997 tiochenorum,
2338 3942 2558 4002 oportet
2609 3934 3017 3989 Theodoretum
3051 3936 3119 3989 ab
3146 3936 3454 3991 Alexandro

1881 4025 2192 4079 ordinatum
2221 4039 2382 4088 esse;
2420 4024 2693 4092 siquidem
2727 4024 2887 4093 252
2917 4025 3277 4081 ordinationis
3311 4035 3452 4079 tem-

1890 4132 1993 4185 pus
2017 4131 2044 4168 a
2075 4115 2255 4179 nobis,
2275 4122 2336 4167 ut
2362 4122 2597 4182 oportet,
2630 4115 2986 4167 constitutum
3012 4123 3124 4170 est;
3150 4115 3233 4170 sin
3267 4127 3451 4171 autem

1882 4205 2198 4260 Theodotus
2247 4203 2522 4258 sexdecim
2575 4218 2749 4257 annos
2795 4204 2980 4258 sedem
3013 4207 3273 4270 tenuerit,
3302 4209 3448 4276 quod

1881 4298 2000 4351 vult
2054 4295 2342 4357 Baronius,
2392 4293 2497 4346 fuit
2545 4301 2692 4347 certe
2746 4294 3076 4351 Theodoreti
3141 4297 3450 4356 ordinator.

1809 4386 2285 4452 DQumstio,_niea
2313 4383 2536 4452 quidem
2579 4383 2870 4446 sententia,
2914 4384 3073 4441 facile
3119 4385 3299 4441 decidi
3352 4404 3450 4458 po-

1881 4485 2005 4534 test.

1947 4567 2012 4622 ll.
2037 4566 2263 4622 Certum
2295 4563 2442 4619 enim
2486 4572 2572 4620 est
2614 4564 2815 4634 primo,
2867 4567 3170 4639 Porphyrio
3218 4571 3452 4626 Alexan—

1879 4660 2060 4722 drum,
2094 4655 2406 4712 Alexandro
2448 4656 2792 4711 Theodotum
2841 4661 3198 4727 successisse;
3236 4671 3448 4716 certum

1879 4766 2096 4820 quoque
2147 4747 2514 4818 Porphyrium
2553 4763 2698 4802 anno
2729 4748 2833 4802 408
2857 4789 2870 4813 ,
2926 4751 3272 4805 Theodotum
3305 4768 3449 4806 anno

1881 4844 1982 4898 4‘27
2023 4842 2341 4896 defunctum
2367 4854 2524 4895 esse:
2565 4855 2736 4908 quare
2767 4843 3146 4897 novemdecim
3178 4859 3477 4901 annorum.

1879 4935 2114 5005 spatium
2171 4931 2467 4988 Alexandri
2521 4939 2579 4986 et
2627 4932 2896 4987 Theodoti
2933 4935 3051 4988 sedi
3102 4935 3450 5003 partiendum

1879 5035 1982 5082 est.
2011 5025 2147 5082 Cum
2183 5039 2317 5096 ergo
2361 5023 2621 5093 opinetur
2661 5024 2930 5080 Baronius
2972 5027 3312 5085 Theodotum
3363 5043 3450 5080 se-

1881 5116 2027 5172 disse
2057 5114 2332 5171 sexdecim
2363 5128 2557 5176 annos,
2587 5121 2700 5168 tres
2725 5120 2933 5169 tantum
2963 5115 3274 5171 Alexandro
3314 5116 3446 5170 reli-

1881 5209 2031 5278 quit:
2061 5215 2253 5262 contra
2275 5220 2406 5261 vero
2428 5205 2772 5273 Nicephorus
2787 5205 3444 5276 Constantinopolitanus,

1882 5315 2007 5353 cum
2037 5296 2323 5352 Theodoto
2353 5302 2591 5364 quatuor
2616 5293 2880 5349 duntaxat
2907 5312 3080 5350 annos
3109 5297 3332 5360 trihuat,
3355 5310 3451 5350 nc-

1884 5405 2037 5444 cesse
2059 5401 2145 5444 est
2173 5397 2234 5443 ut
2258 5382 2568 5442 Alexandro
2601 5384 2862 5440 tredecim
2891 5386 3147 5457 assignet.

1550 5544 1871 5602 SCHULZII
1905 5546 2137 5602 NOTAE.

276 5704 294 5732 ‘
320 5700 440 5755 V'id.
478 5713 668 5767 supra.
695 5711 747 5766 p.
788 5696 908 5749 155.
989 5695 1030 5724 ¹⁰
1065 5691 1189 5746 Vid.
1219 5706 1402 5757 supra,
1433 5707 1483 5760 p.
1510 5691 1633 5746 207.

522 5793 794 5854 PATROL.
844 5791 956 5853 Gn.
1023 5786 1330 5848 LXXXIV.
