3952 6294
475 278 581 340 203

1586 277 1961 337 GARNERII
2000 277 2492 337 DISSERTATIO
2525 280 2549 337 Ι
2559 279 2605 338 1.

3618 283 3721 347 231

543 391 632 444 lli.
669 389 726 442 lu
782 402 932 441 suam
977 388 1289 458 opinionem
1333 386 1598 440 llaronius
1653 387 1923 440 abductus
1959 394 2045 439 est
2076 394 2115 446 Α
2148 387 2566 456 scptuagcnario
2593 388 2751 457 longe
2787 388 2979 458 major,
3009 388 3220 442 litteras
3250 406 3281 443 a
3328 388 3534 459 Cyrillo
3565 393 3724 448 datas

481 478 691 533 mutuis
736 478 902 531 Attici
945 477 1012 530 ad
1057 475 1355 547 Cyrillum,
1389 485 1443 529 et
1471 474 1659 545 Cyrilli
1704 477 1772 530 ad
1802 477 2043 530 Atticum

477 569 702 633 litteris,
747 584 883 638 quas
917 568 1262 637 Nicephorus
1306 566 1564 622 Callistus
1602 566 1773 622 refert
1811 585 1822 618 :
1867 567 1925 622 in
1953 566 2047 621 'iis

477 661 625 713 enim
645 660 866 714 videtur
892 659 1101 712 mentio
1133 658 1250 713 fieri
1277 658 1571 712 Alexandri
1598 658 1747 713 velut
1777 658 2044 724 defuncti,

477 764 531 808 et
552 750 820 805 Theodoti
849 759 1104 819 tanquam
1122 749 1374 804 viventis.
1397 748 1535 804 Cum
1554 762 1683 819 ergo
1705 750 1805 804 bas
1832 750 2046 804 litteras

477 841 743 896 Baronius
773 841 1009 910 scriptas
1030 850 1187 909 putet
1209 856 1356 895 anno
1385 841 1510 905 412,
1542 855 1653 911 quo
1684 856 1830 894 anno
1851 840 2046 895 sedere

475 932 643 1002 capit
687 932 943 1004 Cyrillus,
1002 946 1227 986 necesse
1277 941 1363 986 est
1406 940 1467 987 ut
1508 932 1855 987 Theodotum
1899 932 2047 986 dicat

476 1037 603 1078 ante
642 1023 907 1094 Cyrillum
942 1038 1053 1077 uno
1105 1023 1298 1077 saltem
1339 1039 1486 1078 anno
1522 1022 1754 1086 sedisse,
1782 1031 1946 1092 atque
1971 1023 2046 1077 ita

475 1113 747 1168 sexdecim
777 1126 953 1167 annos
990 1112 1347 1166 Antiochena
1376 1112 1636 1167 Ecclesia
1655 1111 1960 1181 praefuisse,
1992 1122 2046 1167 et

474 1204 709 1276 proinde
740 1212 853 1258 tres
876 1211 1088 1257 tantum
1112 1203 1506 1257 Alexandrum.

543 1296 629 1351 IV.
681 1294 739 1350 Si
780 1293 1188 1349 ’l‘beodoretum
1234 1292 1611 1364 Cyrillumque
1668 1291 1944 1355 audimus,
1988 1300 2046 1346 ut

474 1395 625 1442 certe
667 1402 758 1456 par
803 1394 909 1449 est,
958 1384 1272 1439 refellemus
1297 1383 1474 1452 primo
1505 1382 1874 1451 Nicephorum
1896 1381 2042 1436 Con-

474 1474 1047 1545 stantinopolitanum,
1100 1479 1338 1542 quatuor
1387 1478 1599 1524 tantum
1654 1484 1827 1523 annos
1859 1467 2043 1520 Theo-

475 1568 606 1622 doto
632 1568 938 1622 tradentem
969 1583 981 1618 :
1019 1563 1399 1619 Theodoretus
1430 1562 1576 1617 enim
1608 1575 1702 1616 sex
1737 1574 1911 1615 annos
1939 1559 2049 1614 sal-

476 1670 583 1714 tem
619 1658 902 1713 Theodoto
927 1656 1187 1726 assignat,
1217 1669 1341 1708 cum
1391 1653 1495 1708 sub
1526 1667 1595 1707 eo
1634 1667 1732 1707 sex
1781 1665 1839 1706 se
1877 1665 2049 1705 annos

2145 490 2265 529 esse
2296 484 2512 545 Oportet
2529 492 2674 530 anno
2691 476 2911 532 circiter
2931 478 3056 543 M9,
3080 493 3190 547 quo
3212 487 3459 548 tempore
3489 480 3726 536 Aeacius

2145 570 2266 615 erat
2280 560 2394 616 fere
2414 564 2829 633 octogenarius;
2861 565 2941 619 sic
2961 566 3109 619 enim
3131 566 3404 622 astimare
3425 583 3726 638 possumus

2148 649 2320 718 ipsius
2340 652 2527 706 vitam.
3065 718 3073 724 ,

2217 742 2309 796 IX.
2337 742 2634 800 Ordinatus
2669 753 2754 800 est
2780 746 2850 801 ab
2877 747 3118 804 Eusebio
3154 748 3549 817 Samosatensi,
3591 768 3723 824 syn-

2147 833 2241 889 odi
2301 837 2655 892 Antiochena
2690 839 2892 908 legato,
2921 855 3066 895 anno
3089 841 3215 907 578,
3255 850 3351 896 aut
3387 845 3573 913 potius
3594 845 3724 907 379,

2149 934 2439 996 postquam
2466 940 2523 983 et
2552 944 2609 983 se
2640 932 2940 987 monastica
2966 933 3077 987 vita
3124 932 3219 987 diu
3264 936 3628 1001 exercuisset,
3668 948 3728 991 et

2149 1032 2264 1070 rem
2333 1018 2661 1073 catholicam
2719 1021 2982 1077 adversus
3037 1022 3270 1078 Arianos
3320 1026 3540 1095 egregie
3597 1042 3727 1081 cum

2148 1108 2457 1163 sanctitatis
2496 1111 2633 1165 viris
2659 1114 3045 1181 promovisset.
3122 1113 3255 1168 Erat
3286 1114 3455 1185 igitur
3481 1118 3730 1187 quadra-

2147 1198 2298 1268 ginta
2328 1200 2519 1255 saltem
2558 1217 2732 1258 annos
2759 1214 2940 1269 natus,
2974 1221 3096 1259 cum
3144 1207 3432 1261 ordinatus
3459 1216 3576 1275 est;
3621 1209 3729 1265 fuit

2148 1289 2299 1343 enim
2358 1291 2453 1346 diu
2488 1295 2793 1366 presbyter,
2849 1305 3141 1367 antequam
3182 1298 3477 1369 episcopus
3531 1317 3547 1353 :
3594 1317 3724 1371 qua

2148 1378 2294 1434 enim
2318 1382 2498 1436 minor
2545 1392 2677 1439 atas
2733 1386 2900 1441 tantis
2947 1387 3113 1442 rebus
3164 1404 3265 1458 par
3311 1390 3492 1445 esset?
3539 1391 3725 1457 Quare

2149 1487 2295 1529 anno
2320 1475 2425 1529 M9
2445 1475 2535 1530 vix
2561 1480 2914 1549 octogenario
2954 1480 3134 1536 minor
3182 1481 3308 1547 fuit,
3343 1492 3585 1554 tuncque
3612 1484 3723 1539 dici

2148 1567 2329 1635 potuit
2373 1569 2440 1622 ad
2471 1579 2773 1625 extremam
2827 1582 3167 1628 senectutem
3219 1575 3557 1645 pervenisse.
3587 1575 3727 1646 Opi-

2150 1672 2254 1710 nor
2270 1658 2438 1728 igitur
2465 1660 2679 1716 litteras
2700 1662 2889 1733 Cyrilli
2921 1679 2951 1718 a
2985 1664 3296 1735 Nicephoro
3341 1666 3569 1722 Callisto
3591 1684 3725 1738 pro-

473 1751 726 1806 docuisse
766 1748 1072 1805 Antiochia
1109 1746 1311 1802 referat
1366 1746 1421 1800 in
1468 1744 1666 1799 litteris
1706 1743 1775 1798 ad
1815 1742 2044 1797 Diosco-
2079 1733 2120 1791 Β
2150 1748 2309 1814 latas,
2337 1752 2356 1770 ο
2390 1752 2667 1821 pertinere
2698 1755 2766 1808 ad
2817 1749 3020 1810 annum
3066 1733 3288 1813 οίξοίιει-
3321 1759 3446 1823 ωε),
3487 1733 3728 1815 "mmo.

476 1860 537 1898 l'll
544 1859 617 1896 ω.

543 1934 609 1989 ν.
643 1930 975 1986 Refellemus
1019 1930 1220 1986 deinde
1260 1928 1578 1990 Baronium,
1611 1936 1831 1981 mutuas
1877 1924 2045 1980 Attici

472 2034 528 2081 et
547 2022 733 2095 Cyrilli
758 2021 989 2087 litteras,
1020 2023 1076 2076 in
1094 2021 1297 2091 quibus
1320 2020 1380 2073 fit
1399 2018 1607 2073 mentio
1637 2017 1910 2073 Theodoti
1929 2017 2041 2087 jam

474 2116 737 2181 sedentis,
760 2114 1088 2184 opinantem
1128 2113 1284 2166 datas
1313 2126 1461 2165 anno
1490 2110 1617 2175 M2,
1660 2124 1770 2179 quo
1806 2108 2043 2179 Cyrillus

474 2209 758 2264 ordinatus
794 2214 882 2261 est
916 2223 931 2258 :
978 2205 1265 2259 ruinosum
1310 2203 1457 2257 enim
1503 2210 1589 2258 est
1621 2201 2043 2257 fundamentum

474 2314 585 2369 quo
611 2306 721 2352 tota
750 2295 924 2365 ipsius
963 2293 1031 2347 de
1058 2292 1215 2346 annis
1247 2290 1516 2346 Theodoti
1542 2290 1731 2358 opinio
1768 2288 2042 2343 innititur.

477 2389 609 2443 Nam
661 2385 1042 2440 Theodoretus
1074 2384 1237 2437 docet
1268 2380 1643 2436 Alexandrum
1687 2378 2046 2433 Antiochena

475 2472 734 2534 Ecclesia
762 2476 1223 2544 aliquotempore,
1245 2486 1357 2541 quo
1388 2470 1624 2542 Cyrillus
1646 2468 2042 2532 Alexandrina,

474 2570 758 2642 praefuisse
798 2586 818 2621 ς
868 2585 889 2618 ‹
947 2567 1028 2620 Eo
1080 2573 1326 2633 tempore
1364 2560 1709 2616 Alexandria
1753 2558 2046 2629 episcopus

472 2662 711 2734 Cyrillus
731 2656 1167 2727 erat,Theophili
1193 2655 1381 2710 fratris
1401 2653 1566 2718 ﬁlius,
1581 2651 1765 2723 patrui
1783 2651 1839 2705 in
1854 2650 2045 2706 cathe-

475 2751 572 2804 dra
602 2762 904 2804 successor.
940 2744 1446 2816 Hierosolymitana
1471 2757 1601 2797 vero
1629 2740 1887 2797 Ecclesia
1904 2755 2044 2810 pra-

473 2854 594 2899 erat
614 2843 852 2898 Joannes
875 2840 959 2894 vir
988 2838 1299 2901 laudabilis,
1324 2837 1419 2907 qui
1452 2836 1655 2908 Cyrillo
1683 2845 2042 2890 successerat.

472 2934 847 2989 Antiochenos
866 2931 1125 3002 pascebat
1141 2928 1467 2992 Alexander,
1486 2929 1644 2998 cujus
1668 2926 1795 2980 vita
1820 2925 2045 2980 institu-

473 3026 552 3079 tio
577 3023 916 3094 cpiseOpatui
939 3019 1280 3092 congruebat
1300 3020 1396 3074 ιι.»
1421 3019 1675 3074 Nondum
1712 3017 1879 3087 igitur
1899 3030 2045 3070 anno

472 3118 578 3173 412
611 3117 928 3171 Theodotus
978 3123 1099 3171 erat
1135 3113 1450 3183 episcOpus,
1483 3110 1694 3180 alioqui
1745 3109 2050 3163 Alexander

473 3226 583 3266 non
606 3216 749 3264 esset
783 3207 1112 3270 recensitus,
1145 3204 1243 3259 sed
1269 3203 1593 3258 Theodotus
1623 3218 1636 3256 :
1667 3216 1837 3271 quare
1870 3200 2052 3255 detra-

474 3300 690 3357 hcndus
715 3310 799 3352 εει
831 3312 973 3351 unus
1002 3305 1097 3349 aut
1125 3295 1265 3349 alter
1294 3294 1494 3350 saltem
1535 3307 1717 3345 annus
1741 3305 1809 3344 ex
1833 3304 2050 3344 summa

473 3390 711 3453 Baronii,
735 3404 843 3458 qua
871 3386 1213 3441 detractione
1239 3384 1571 3439 discoharet
1620 3381 1796 3452 ipsius
1823 3380 2044 3435 ratioci-

473 3484 646 3538 nium.
1747 3533 1751 3538 ν

533 3577 624 3630 Vl.
663 3576 740 3628 Ex
764 3571 959 3628 eodem
991 3572 1115 3625 loco
1146 3566 1464 3639 conficitur,
1506 3567 1715 3638 aliquot
1739 3567 1920 3624 adhuc
1948 3567 2049 3624 de-

475 3667 774 3726 trahendos
826 3682 840 3718 :
898 3679 1024 3718 nam
1070 3661 1389 3716 Theodotus
1426 3675 1536 3714 non
1588 3659 1791 3714 dicitur
1839 3660 2047 3717 sedisse

472 3758 667 3814 eodem
703 3765 952 3824 tempore
969 3750 1296 3815 Antiochia,
1327 3764 1438 3819 quo
1468 3748 1709 3805 Joannes
1732 3748 2048 3822 Hierosoly-

474 3852 579 3906 mis
605 3866 622 3902 :
656 3848 848 3904 sedere
891 3845 1059 3917 igitur
1095 3843 1283 3913 coepit,
1313 3848 1374 3896 ut
1403 3856 1567 3911 quam
1595 3841 1872 3906 ocissime,
1903 3858 2047 3898 anno

476 3942 705 4010 altijam
732 3939 951 3993 affecto.
984 3931 1439 4003 Quandoquidem
1479 3931 1720 3986 Joannes
1751 3931 2046 3988 defunctus

471 4042 557 4088 est
584 4031 778 4086 eodem
822 4028 981 4099 253
1023 4027 1144 4096 ipso
1202 4038 1348 4080 anno
1375 4023 1481 4078 416
1508 4063 1523 4089 ,
1554 4022 1882 4078 detrahendi
1916 4030 2045 4077 sunt

474 4124 639 4195 igitur
673 4129 783 4183 tres
808 4119 990 4175 adhuc
1011 4116 1165 4172 anni.

541 4215 651 4270 VII.
682 4214 883 4269 Verum
907 4208 1278 4266 detrahendos
1303 4207 1471 4262 etiam
1504 4206 1692 4276 plures
1733 4204 1929 4260 suadet
1956 4204 2041 4275 ip-

470 4316 645 4363 semet
675 4305 930 4377 Cyriilus,
966 4302 1061 4372 qui
1092 4310 1245 4364 tunc,
1280 4315 1406 4354 cum
1436 4298 1708 4353 scriberet
1732 4297 1934 4362 Attico,
1973 4297 2039 4351 ad
2086 4336 2091 4341 .

2151 1855 2386 1911 nemque
2407 1842 2465 1895 in
2489 1843 2558 1897 iis
2585 1841 2704 1898 fieri
2723 1844 3014 1909 Theodoti,
3037 1847 3149 1916 jam
3173 1861 3343 1901 unum
3365 1856 3462 1902 aut
3484 1849 3724 1903 alterum

2152 1942 2355 1982 annum
2386 1929 2443 1984 in
2469 1931 2786 2001 episcopatu
2825 1933 3052 2003 agentis.

2222 2019 2290 2073 Χ.
2321 2020 2611 2076 Stabilitur
2650 2022 2839 2079 istbac
2867 2024 3052 2093 opinio
3112 2026 3435 2081 auctoritate
3466 2027 3728 2084 Theodo-

2152 2110 2276 2174 reti,
2306 2111 2582 2168 narrantis
2605 2112 2736 2182 quid
2758 2114 2922 2184 paulo
2942 2123 3067 2171 ante
3095 2126 3325 2172 mortem
3347 2120 3729 2176 sanctissimus

2152 2202 2457 2257 monachus
2503 2203 2650 2259 Zeno
2700 2207 2874 2275 egerit
2925 2223 3049 2262 cum
3093 2207 3404 2264 Alexandro
3466 2211 3728 2282 episcopo

2150 2286 2499 2356 Antiochia;
2555 2289 2610 2344 id
2659 2293 2805 2347 enim
2854 2310 2961 2349 non
3012 2297 3447 2367 improbabiliter
3495 2302 3729 2373 contigit

2151 2378 2338 2446 plures
2374 2388 2497 2449 post
2522 2395 2715 2449 annos,
2739 2399 2902 2454 quam
2930 2386 3203 2443 Zenonem
3236 2390 3616 2448 Theodoretus
3647 2394 3729 2447 in-

2151 2469 2311 2535 visit;
2340 2471 2529 2527 invisit
2543 2489 2674 2529 vero
2701 2491 2846 2531 anno
2870 2477 2993 2533 408.

2224 2563 2316 2617 XI.
2364 2565 2596 2622 Accedit
2640 2568 2790 2623 aliud
2832 2570 3109 2640 opinionis
3170 2571 3588 2630 fundamentum
3661 2592 3728 2631 ex

2152 2655 2352 2710 litteris
2388 2657 2552 2712 Attici
2581 2659 2649 2713 ad
2700 2659 2984 2731 Cyrillum,
3035 2677 3103 2716 ex
3149 2663 3350 2733 quibus
3406 2665 3553 2720 idem
3595 2668 3730 2721 satis

2153 2753 2342 2813 aperte
2366 2748 2719 2803 concluditur
2770 2767 2783 2802 :
2830 2752 2997 2805 refert
3024 2752 3171 2806 enim
3227 2753 3440 2809 Atticus
3475 2771 3555 2821 se,
3597 2772 3726 2811 eum

2153 2835 2417 2905 populum
2449 2839 2604 2894 urbis
2648 2841 2810 2911 regia
2838 2843 3170 2897 commoveri
3210 2854 3485 2912 cerneret,
3517 2849 3729 2902 tumul-

2153 2934 2324 2995 tuque
2355 2928 2653 3000 efllagitare
2695 2939 2757 2986 ut
2786 2933 2956 2988 sacris
2979 2933 3251 3005 diptychis
3277 2951 3476 2990 nomen
3499 2937 3731 2994 Joannis

2153 3016 2569 3084 inscriberetur,
2606 3020 2994 3090 imperatorem
3024 3023 3248 3088 adiisse,
3274 3032 3336 3078 ut
3364 3040 3433 3079 ex
3459 3040 3528 3081 eo
3548 3028 3728 3082 resci-

2152 3118 2239 3165 ret
2291 3109 2424 3180 quid
2467 3110 2614 3168 facto
2656 3123 2806 3169 esset
2854 3130 3022 3184 opus;
3087 3124 3143 3170 et
3190 3116 3579 3186 imperatorem
3631 3135 3726 3176 re-

2151 3201 2458 3269 spondisse,
2490 3222 2507 3255 ι
2544 3204 2682 3259 nihil
2730 3220 2851 3260 esse
2890 3206 3119 3275 periculi
3167 3219 3261 3263 aut
3288 3208 3643 3277 incommodi,
3678 3213 3726 3267 si

2151 3292 2396 3348 defuncti
2423 3294 2530 3349 viri
2552 3311 2775 3362 nomen,
2809 3298 3238 3367 tranquillitatis,
3270 3299 3419 3368 pacis
3441 3308 3501 3355 et
3533 3302 3724 3372 populi

2149 3384 2458 3439 concordia
2487 3386 2682 3455 gratia,
2709 3387 2911 3442 tabulis
2942 3388 3356 3443 inscriberetur.
3391 3408 3409 3441 ι
3446 3391 3516 3445 At
3551 3391 3597 3445 si
3620 3392 3724 3446 da-

2151 3482 2423 3530 taessent
2467 3474 2664 3532 littera
2708 3493 2854 3532 anno
2893 3480 3070 3549 primo
3097 3477 3302 3552 Cyrilli,
3354 3481 3408 3535 id
3458 3489 3547 3538 est
3574 3499 3727 3538 anno

2147 3564 2273 3631 412,
2330 3564 2610 3621 fatendum
2660 3577 2806 3623 esset
2836 3570 3010 3631 datas.
3053 3586 3174 3626 cum
3225 3571 3315 3625 vix
3358 3570 3721 3628 undecimum

2148 3671 2353 3710 annum
2401 3657 2672 3728 attigisset
2713 3659 3034 3730 imperator,
3070 3677 3177 3731 qua
3229 3668 3389 3716 atate
3446 3677 3589 3732 puer
3619 3679 3725 3718 nec

2147 3744 2358 3799 consuli
2384 3745 2543 3811 solet,
2568 3761 2671 3802 nec
2693 3747 2761 3803 de
2781 3748 2947 3816 rebus
2976 3750 3140 3804 tantis
3162 3750 3512 3819 respondere.
3535 3753 3724 3808 Potuit

2145 3849 2278 3889 vero
2300 3834 2642 3892 Theodosius
2667 3845 2725 3893 et
2755 3839 2964 3893 consuli
2999 3846 3054 3894 et
3074 3839 3428 3909 respondere,
3463 3842 3630 3914 254
3667 3843 3716 3897 si

2144 3928 2474 3983 mntentiam
2507 3937 2731 4000 rogatus
2751 3939 2836 3985 est
2858 3945 3003 3985 anno
3052 3930 3174 3996 420,
3201 3929 3404 4001 quippe
3445 3933 3542 4002 qui
3588 3941 3721 3990 tunc

2143 4026 2289 4072 esset
2316 4020 2693 4076 novemdecim
2720 4036 3006 4075 annorum.

2214 4108 2332 4163 Xll.
2357 4108 2500 4176 Quin
2529 4111 2696 4166 etiam
2729 4110 2939 4166 Atticus
2966 4111 3037 4165 ita
3085 4121 3274 4168 narrat
3316 4112 3614 4169 Alexandri
3659 4116 3718 4170 in

2142 4199 2281 4255 urbe
2317 4202 2484 4279 regia,
2517 4202 2857 4258 etTheodoti
2895 4203 2951 4256 in
2975 4201 3315 4257 Antiochena
3338 4204 3585 4270 civitate,
3615 4222 3716 4276 pro

2140 4289 2348 4345 Joanne
2376 4290 2766 4362 Chrysostomo
2798 4292 2855 4345 in
2891 4291 3100 4346 tabulas
3133 4294 3537 4350 ecclesiasticas
3571 4296 3717 4351 inter

471 4405 769 4452 extremam
801 4400 1144 4450 senectutem
1188 4390 1504 4460 pervenisse
1537 4388 1729 4444 scribit
1781 4387 2038 4443 Acacium
2075 4410 2115 4462 υ
2143 4383 2434 4452 episcopos
2467 4383 2776 4448 referendo.
2805 4397 2894 4437 res
2927 4392 3126 4452 898135.
3153 4391 3213 4438 ιιι
3245 4385 3469 4455 longum
3502 4396 3718 4457 tempus

472 4489 816 4543 Berceensem
839 4482 1178 4553 episcopum.
1214 4499 1231 4530 ι
1257 4478 1479 4547 Accepi,
1504 4479 1602 4543 ait,
1630 4486 1688 4532 et
1705 4493 1808 4546 ego
1839 4494 1870 4531 a
1925 4478 2039 4531 Deo

471 4576 867 4639 amantissimo,
900 4572 994 4643 qui
1016 4572 1083 4626 ad
1106 4580 1405 4625 extremam
1428 4577 1767 4623 senectutem
1792 4567 2045 4637 pervenit

473 4665 725 4728 feliciter,
754 4663 975 4724 Acacio,
1005 4662 1238 4724 litteras,
1273 4661 1327 4713 in
1352 4659 1556 4728 quibus
1589 4666 1883 4718 asseverat.
1918 4658 2045 4712 reli-

471 4754 836 4826 giosissimum
869 4750 1172 4807 Antiochia
1210 4748 1515 4802 antistitem
1547 4746 1601 4799 vi
1624 4754 1875 4830 coactum
1919 4762 2042 4801 esse

470 4866 499 4903 a
531 4846 884 4917 quibusdam,
917 4851 979 4896 ut
1009 4840 1236 4897 Joannis
1257 4837 1577 4892 memoriam
1605 4837 1909 4892 celebraret
1937 4839 2029 4891 η.»

471 4936 633 5006 Atqui
678 4935 723 4989 si
763 4932 1042 4989 scribebat
1087 4944 1232 4984 anno
1259 4928 1383 4990 412,
1438 4928 1585 4982 nulla
1617 4927 1829 4982 ratione
1848 4927 2036 4984 dicere

472 5035 686 5096 poterat
705 5024 1097 5079 ad.extremam
1123 5026 1464 5076 senectutem
1512 5019 1829 5089 pervenisse
1883 5036 2033 5088 eum,

470 5116 564 5185 qui
602 5116 783 5181 adhuc
832 5112 1025 5183 viginti
1069 5126 1164 5165 sex
1202 5124 1376 5164 annos
1404 5109 1781 5180 episc0patum
1828 5110 2037 5166 tenuit:

469 5205 649 5260 tenuit
678 5219 810 5258 vero
842 5202 1094 5267 Aeacius,
1120 5209 1181 5256 ut
1206 5201 1301 5271 qui
1321 5199 1525 5255 obierit
1552 5215 1696 5255 anno
1718 5201 1843 5256 456.

544 5295 672 5349 Vill.
702 5293 840 5349 Cum
867 5309 997 5363 ergo
1015 5302 1316 5348 extremam
1348 5298 1688 5345 senectutem
1722 5305 1887 5346 nemo
1910 5291 2040 5345 atti-

106 5412 383 5551 ἢ
469 5384 612 5453 gisse
637 5383 745 5438 diei
772 5383 961 5448 soleat,
985 5383 1091 5439 nisi
1122 5382 1218 5453 qui
1241 5381 1313 5437 sit
1344 5382 1747 5452 octogenarius,
1778 5392 1874 5438 aut
1892 5390 2041 5438 certe

2142 4473 2286 4528 inter
2305 4474 2593 4543 utriusque
2605 4482 2726 4529 acta
2740 4474 3116 4530 intercessisse
3135 4478 3419 4532 ostendat:
3439 4483 3716 4549 quomodo

2141 4578 2273 4619 vero
2303 4565 2725 4630 intercessisset,
2765 4566 2811 4619 si
2835 4565 3141 4622 Alexander
3178 4584 3381 4638 paucos
3404 4586 3580 4627 annos
3600 4572 3718 4642 epi-

2143 4665 2428 4726 scopatum
2470 4658 2757 4721 tenuisset,
2800 4666 2857 4713 et
2889 4657 3205 4714 Theodotus
3244 4661 3354 4731 jam
3405 4671 3522 4717 tum
3569 4680 3716 4721 anno

2142 4747 2240 4802 411
2269 4749 2643 4813 successisset,
2681 4757 2739 4803 et
2770 4762 2835 4802 ea
2887 4749 3162 4818 gessisset,
3193 4766 3316 4821 qua
3365 4752 3585 4810 Atticus
3632 4770 3716 4811 re-

2143 4835 2285 4891 fert?
3230 4834 3241 4840 ”

2214 4928 2354 4983 Xlll.
2399 4929 2697 4984 Occasione
2735 4944 2902 5000 porro
2944 4930 3250 4986 litterarum
3311 4932 3480 4989 Attici
3527 4936 3715 4992 obser-

2140 5020 2379 5074 vandum
2435 5031 2521 5074 est
2587 5019 2769 5075 Acacii
2844 5020 3122 5090 ingenium
3203 5024 3433 5095 tempori
3501 5029 3712 5083 servire

2139 5119 2500 5180 promptum:
2550 5111 2743 5165 videns
2782 5111 2929 5164 enim
2972 5112 3339 5169 Alexandrum
3384 5131 3545 5171 suum
3601 5118 3714 5189 pri-

2138 5208 2361 5264 malem,
2388 5217 2510 5255 cum
2540 5196 2835 5271 capessens
2871 5203 3246 5273 episcopatum
3297 5222 3408 5262 sua
3454 5208 3580 5263 ﬁdei
3616 5209 3714 5263 lit-

2139 5302 2284 5347 teras
2317 5292 2543 5345 Roman‘.
2588 5294 2656 5346 de
2701 5308 2854 5347 more
2901 5292 3185 5360 mitteret,
3240 5298 3424 5352 favere
3488 5299 3709 5361 Joanni,

2140 5383 2308 5452 idque
2335 5397 2549 5438 summo
2580 5383 2825 5452 pontiﬁci
2856 5384 3065 5449 testari,
3086 5384 3238 5441 dedit
3271 5396 3327 5444 et
3351 5388 3466 5460 ipse
3518 5390 3587 5446 ad
3620 5390 3711 5446 ln-

1819 5537 2140 5595 SCHULZII
2174 5538 2406 5595 ΝΟΤΛΕ.

528 5672 564 5704 “
592 5673 713 5728 Vid.
764 5673 907 5730 Hist.
947 5677 1076 5736 sccl.
1112 5677 1210 5735 lib.
1236 5692 1289 5745 v,
1320 5690 1440 5748 cap.
1475 5676 1564 5733 35.
1644 5677 1685 5710 ι’
1710 5674 1832 5732 Vid.
1890 5672 2077 5746 Cyrilli
2117 5677 2278 5747 epist.
2320 5675 2385 5731 ad
2426 5674 2683 5730 Atticum.

434 5796 685 5903 ’Ἀ
