3952 6294
231 308 329 371 21³5

1389 314 1487 374 DE
1526 316 1599 375 LI
1609 316 1780 375 BRIS
1809 316 2316 377 THEODORETI.

3366 318 3517 381 200’.

235 416 543 473 nocentium
580 433 773 487 papam
801 418 1014 474 litteras
1059 420 1115 474 in
1158 422 1407 476 eamdem
1437 424 1801 489 sententiam,
1834 430 1878 486 Α
1908 441 1993 479 me
2019 441 2116 495 per
2160 426 2403 480 divinam
2438 425 2689 496 gratiam,
2737 432 2851 481 tum
2900 426 3203 496 apostolica
3246 429 3471 498 scripta,

234 523 543 577 quanquam
575 523 703 577 erga
743 508 1062 562 defunctum
1109 511 1293 564 animo
1344 510 1553 566 foveret
1588 513 1797 577 odium,

236 616 337 668 quo
366 601 546 668 palam
582 610 869 653 exarserat
898 601 953 654 in
979 601 1186 654 vivum.

834 732 1057 788 CAPUT
1100 731 1164 786 ll.

237 826 332 890 Qui
367 833 602 878 veterum
669 826 989 895 scriptorum
1069 825 1425 879 recensuerint
1497 824 1802 878 Theodoreti

932 910 1112 963 opera.

300 1007 526 1060 Veteres
552 1007 699 1070 dico,
743 1008 835 1076 qui
864 1016 991 1061 ante
1037 1014 1285 1061 nostrum
1351 1014 1678 1076 patrumque
1706 1022 1800 1060 sat-

232 1099 410 1153 culum
432 1100 775 1169 scripserunt
801 1117 813 1151 :
834 1099 1175 1167 scripserunt
1191 1098 1233 1129 ¹³
1250 1114 1401 1160 vero,
1417 1097 1560 1168 quod
1580 1097 1800 1168 quidem

231 1194 418 1251 sciam,
448 1192 548 1246 soli
574 1192 839 1261 quinque,
867 1189 1247 1245 Theodoretus
1268 1190 1383 1259 ipse
1413 1230 1427 1254 ,
1489 1188 1804 1245 Gennadius

231 1284 420 1352 quinto
452 1283 672 1345 sacculo,
726 1281 956 1335 Photius
987 1296 1153 1345 nono,
1184 1279 1526 1349 Nieephorus
1549 1278 1804 1336 Callistus

233 1369 443 1424 decimo
477 1377 694 1438 quarto,
723 1368 1069 1424 Hebed—Jesu
1090 1367 1307 1423 decimo
1326 1367 1540 1437 quinto.

795 1481 822 1552 §
847 1480 888 1535 l.
924 1481 1294 1539 Theodoretus.

304 1591 572 1663 1.7Texuit
598 1590 639 1643 Τ
646 1589 979 1644 heodoretus
1020 1603 1246 1642 suorum
1274 1588 1542 1642 librorum
1569 1600 1805 1658 quatuor

239 1680 295 1735 in
313 1682 447 1735 locis
473 1682 803 1749 catalogum,
834 1678 996 1731 modo
1022 1677 1368 1747 ampliorem,
1398 1677 1561 1733 modo
1582 1679 1802 1734 brevio-

1902 525 2016 572 tum
2071 518 2393 589 prophetica
2427 519 2648 573 oracula
2696 536 2708 572 :
2758 527 2816 573 et
2864 518 3024 575 facile
3059 527 3146 574 est
3168 536 3232 575 ex
3258 518 3347 576 his
3383 536 3473 576 co-

1900 625 2162 678 gnoscere
2206 626 2272 663 an
2296 610 2545 665 stabilem
2575 610 2697 664 tidei
2723 610 2965 681 regulam
2993 612 3282 676 servarint,
3304 626 3372 666 an
3405 612 3474 665 ab

1901 700 2020 767 ejus
2053 699 2379 754 rectitudine
2410 700 2747 755 deﬂexerim.
2791 719 2808 751 ι

1970 792 2059 845 IV.
2085 791 2259 860 Epist.
2297 793 2420 853 116,
2445 792 2510 845 ad
2540 793 2808 848 Renatum
2848 792 3270 863 presbyterum:
3312 812 3329 845 ι
3363 794 3476 848 Ro~

1902 896 2094 951 gamus
2132 892 2193 936 ut
2217 883 2487 952 judicium
2518 898 2582 937 ex
2613 883 2830 952 scriptis
2866 882 3250 937 constituatur.
3280 883 3474 939 Libros

1902 971 2047 1024 enim
2082 972 2273 1041 scripsi
2318 972 2554 1041 amplius
2611 952 2832 1042 triginta
2866 972 3132 1027 adversus
3184 971 3376 1028 Arium
3420 983 3470 1027 et

1904 1061 2256 1125 Eunomium,
2283 1062 2548 1118 adversus
2582 1062 2936 1125 Marcionem,
2983 1062 3251 1117 adversus
3296 1062 3474 1116 Mace-

1902 1151 2150 1215 donium,
2172 1152 2438 1208 adversus
2458 1154 2707 1223 gentiles,
2736 1154 3001 1207 adversus
3036 1153 3255 1209 Iudaeos
3272 1170 3287 1219 ;
3307 1154 3477 1209 inter-

1904 1254 2150 1314 pretatus
2177 1260 2299 1299 sum
2347 1261 2565 1315 quoque
2600 1246 2841 1300 divinam
2882 1244 3264 1315 Scripturam:
3305 1254 3363 1300 et
3400 1244 3477 1299 fa-

1904 1338 2009 1391 cile
2032 1346 2136 1400 est,
2161 1338 2206 1391 si
2232 1337 2358 1407 quis
2387 1339 2539 1402 velit,
2563 1338 2983 1408 deprehendere
3005 1352 3094 1392 me
3140 1352 3239 1407 per
3261 1345 3478 1406 aposto-

1904 1429 2009 1483 lica
2039 1428 2265 1498 vestigia
2291 1429 2599 1495 incessisse,
2643 1444 2813 1483 unum
2839 1427 3189 1498 praedicando
3217 1427 3469 1491 Filium,»

1903 1526 2012 1572 etc.

1976 1609 2040 1663 γ.
2070 1610 2313 1679 Epistola
2335 1609 2456 1673 145,
2490 1609 2558 1663 ad
2587 1610 2890 1665 monachos
2908 1608 3475 1680 Constantinopolita-

1905 1715 2005 1755 nos
2032 1716 2045 1753 :
2076 1719 2093 1750 ι
2122 1701 2321 1765 Multae,
2371 1700 2574 1770 inquit,
2629 1701 2941 1756 auditorum
2983 1701 3258 1773 myriades
3313 1710 3481 1755 testes

233 1788 368 1826 rem.
396 1772 525 1826 Loci
569 1771 645 1825 illi
679 1780 806 1825 sunt
828 1771 989 1841 epist.
1015 1767 1105 1829 82,
1134 1768 1202 1821 ad
1250 1767 1549 1822 Eusebium
1570 1767 1809 1843 Ancyra-

1923 1799 2058 1854 ;unt,
2078 1806 2164 1845 me
2188 1767 2640 1861 Evangelicorum
2663 1792 2977 1862 dogmatum
2996 1767 3283 1846 veritatem
3307 1792 3480 1847 tradi-

230 1878 361 1916 num
386 1863 739 1931 t‘plSCOpllm;
772 1863 935 1932 epist.
962 1864 1085 1927 115,
1119 1863 1186 1917 ad
1209 1869 1459 1917 sanctum
1506 1862 1747 1919 Leonem
1788 1881 1804 1930 ;

228 1950 391 2017 epist.
424 1950 544 2011 H6,
569 1948 635 2003 ad
668 1949 936 2004 Renatum
970 1953 1373 2022 presbyterum,
1401 1956 1458 2003 et
1487 1950 1650 2020 epist.
1683 1952 1806 2019 145,

229 2040 297 2092 ad
331 2039 633 2093 monachos
654 2037 1307 2110 Constantinopolitanos.

302 2131 366 2185 ll.
396 2131 454 2184 In
481 2130 714 2199 epistola
745 2131 813 2185 ad
836 2132 1156 2197 Eusebium,
1183 2144 1308 2203 post
1326 2138 1627 2207 expositam
1653 2149 1808 2191 suam

231 2222 301 2278 de
349 2222 732 2277 incarnatione
789 2222 992 2285 ﬁdem,
1044 2225 1160 2279 haec
1211 2226 1418 2283 habet:
1478 2248 1498 2280 ε
1556 2230 1634 2284 Ne
1678 2230 1811 2298 quis

229 2316 507 2371 existimet
554 2323 702 2370 metu
753 2317 1069 2385 perculsum
1117 2332 1204 2371 me
1261 2318 1363 2373 ista
1404 2336 1552 2375 nunc
1600 2320 1805 2383 dicere,

229 2407 506 2475 integrum
524 2412 630 2467 est,
659 2404 749 2459 cui
781 2406 998 2460 animus
1017 2406 1204 2466 fuerit.
1241 2409 1465 2479 antiqua
1489 2425 1655 2479 opera
1688 2424 1811 2465 mea

227 2497 507 2559 evolvere,
542 2505 656 2549 tum
688 2511 773 2559 ea,
806 2512 929 2566 qua:
970 2507 1096 2552 ante
1140 2498 1408 2569 synodum
1457 2500 1807 2569 Ephesinam,

230 2595 347 2643 tum
377 2603 501 2656 qua:
524 2594 649 2656 post
689 2586 836 2641 illam
894 2603 1114 2645 rursum
1162 2597 1289 2643 ante
1317 2589 1610 2643 duodecim
1639 2605 1812 2644 annos

229 2678 446 2747 scripsi.
480 2676 614 2743 Quae
636 2677 787 2732 enim
817 2677 916 2731 Dei
944 2678 1118 2748 gratia
1139 2690 1243 2743 est,
1263 2688 1319 2734 ct
1351 2679 1651 2750 Prophetas
1695 2694 1813 2734 om-

229 2785 331 2825 nes
358 2769 771 2824 commentariis
790 2770 1039 2839 exposui,
1062 2779 1119 2824 et
1147 2771 1469 2826 Psalterium
1492 2783 1548 2827 et
1577 2773 1812 2842 Aposto-

231 2859 369 2923 lum,
434 2867 491 2915 et
557 2860 825 2914 adversus
885 2859 1120 2915 Arianos
1189 2875 1251 2914 ac
1292 2861 1727 2925 Macedonianos,
1756 2869 1813 2917 et

235 2958 422 3004 eontra
446 2948 785 3018 Apollinaris
800 2949 1125 3019 praestigias,
1153 2950 1473 3020 rabiemque
1498 2951 1809 3015 Marcionis,

230 3039 405 3094 libros
433 3039 566 3094 olim
614 3039 935 3108 composui;
973 3047 1030 3095 et
1072 3040 1126 3093 in
1156 3041 1386 3111 singulis
1441 3042 1596 3099 libris
1638 3042 1814 3098 eccle-

1909 1880 2087 1946 disse;
2116 1890 2315 1951 praesto
2338 1890 2466 1936 sunt
2485 1889 2542 1938 et
2561 1882 2869 1952 conscripta
2889 1898 3078 1952 opera,
3110 1890 3170 1936 ut
3196 1882 3481 1953 explorent

1909 1974 2003 2043 qui
2045 1974 2260 2027 velint:
2299 1990 2410 2029 non
2456 1975 2604 2028 enim
2652 1990 2753 2044 pro
2786 1973 2913 2029 ﬁliis
2956 1974 3196 2037 duobus,
3235 1974 3330 2029 sed
3382 1990 3482 2044 pro

1910 2066 2196 2137 unigenito
2244 2068 2341 2121 Dei
2369 2068 2526 2133 Filio,
2557 2075 2614 2122 et
2656 2078 2844 2123 contra
2896 2067 3133 2133 Graecos,
3183 2077 3241 2122 et
3288 2077 3481 2123 contra

1908 2157 2146 2223 Judzeos,
2170 2166 2225 2212 et
2244 2167 2438 2212 contra
2462 2157 2576 2212 Arii
2608 2168 2773 2228 atque
2806 2158 3062 2213 Eunomii
3107 2159 3300 2213 morbo
3323 2159 3480 2213 labo—

1910 2256 2113 2313 rantes,
2169 2257 2226 2303 et
2297 2256 2489 2303 contra
2532 2264 2627 2303 eos
2665 2249 2757 2317 qui
2807 2249 3131 2317 Apollinarii
3184 2248 3480 2303 amentiam

1908 2347 2212 2402 sectantur,
2259 2338 2346 2393 vel
2394 2338 2489 2408 qui
2540 2337 2835 2392 Marcionis
2876 2338 3001 2394 tabe
3052 2338 3295 2407 correpti
3328 2348 3478 2401 sunt,

1908 2437 2122 2483 certare
2146 2444 2430 2499 nunquam
2478 2428 2812 2484 destitimus.
2859 2428 3063 2484 Graecis
3109 2429 3332 2498 quidem
3359 2445 3486 2499 per-

1909 2519 2204 2574 suadentes
2242 2519 2419 2590 ipsnm
2458 2536 2580 2575 esse
2608 2520 2853 2575 omnium
2890 2535 3077 2576 rerum
3105 2520 3482 2583 Conditorem.

1910 2609 2229 2678 sempiterni
2263 2611 2357 2665 Dei
2396 2610 2594 2666 Filium
2638 2620 2970 2667 cozeternum
3000 2630 3013 2666 :
3045 2612 3252 2668 Judaeis
3276 2620 3482 2674 autem,

1914 2699 1982 2754 de
2047 2700 2139 2756 illo
2188 2718 2309 2756 esse
2368 2703 2515 2758 edita
2572 2704 2827 2758 vaticinia
2873 2704 3319 2775 prophetarum:
3366 2705 3484 2760 Arii

1912 2792 2278 2861 Eunomiique
2318 2792 2649 2855 haeredibus,
2697 2793 2944 2863 ejusdem
2995 2808 3117 2848 esse
3161 2809 3286 2849 cum
3324 2795 3486 2849 Patre

1913 2882 2254 2947 substantia},
2282 2884 2640 2953 ejusdemque
2663 2884 2892 2939 honoris
2928 2894 2985 2939 et
3008 2885 3268 2954 potentia:
3301 2904 3315 2939 :
3349 2886 3489 2940 Mar-

1914 2971 2090 3025 cionis
2141 2971 2325 3026 furore
2366 2972 2791 3037 insanientibus,
2843 2988 2952 3026 non
3001 2973 3208 3027 bonum
3274 2982 3517 3029 tantum-

1914 3077 2055 3125 esse,
2083 3077 2275 3115 verum
2309 3062 2472 3116 etiam
2498 3063 2735 3131 justum,
2767 3078 2876 3116 non
2918 3063 3247 3128 alienorum,
3291 3074 3353 3120 ut
3382 3066 3486 3136 ipsi

234 3131 520 3187 siasticum
541 3130 739 3201 dogma
769 3146 867 3200 per
891 3131 988 3185 Dei
1027 3132 1254 3201 gratiam
1303 3132 1503 3186 elucet.
1553 3133 1809 3204 Mysticus

1923 3153 2249 3218 fabulantur,
2270 3154 2364 3208 sed
2396 3169 2624 3208 suorum
2654 3154 2828 3224 ipsius
2859 3170 3086 3224 operum
3112 3156 3441 3211 salvatorem
3469 3176 3484 3213 :

232 3229 500 3291 preterea
521 3221 759 3289 scriptus
787 3235 818 3274 a
842 3219 1002 3274 nobis
1027 3228 1111 3274 est
1136 3220 1297 3284 liber,
1321 3228 1376 3274 et
1416 3220 1507 3274 alii
1533 3221 1601 3275 de
1621 3221 1812 3275 Provi-

232 3311 443 3375 dentia,
470 3320 528 3366 et
554 3310 622 3365 ad
656 3312 893 3381 qumsita
916 3311 1194 3381 Magorum
1228 3310 1388 3375 alius,
1416 3319 1473 3365 et
1496 3310 1633 3366 Vitae
1655 3326 1814 3365 sanc-

233 3409 440 3479 torum,
466 3411 524 3457 et
547 3410 747 3471 praeter
793 3401 895 3455 hos
938 3401 1030 3455 alii
1084 3401 1416 3471 complures,
1456 3416 1526 3455 ne
1568 3401 1815 3471 singulos

235 3508 618 3563 percenseam.
671 3493 784 3547 Hos
828 3500 1010 3547 autem
1067 3492 1407 3559 enumeravi,
1465 3509 1575 3549 non
1631 3494 1816 3565 gloriae

235 3584 421 3638 studio
452 3583 678 3649 ductus,
726 3582 820 3638 sed
856 3592 1206 3638 accusatores
1231 3599 1560 3654 provocans,
1609 3593 1665 3640 et
1719 3600 1816 3642 eos

235 3674 330 3743 qui
359 3673 615 3744 judicare
648 3674 950 3737 voluerint,
975 3682 1037 3729 ut
1057 3689 1284 3744 operum
1306 3683 1622 3730 nostrorum
1644 3677 1818 3746 quod-

236 3781 458 3836 cunque
489 3766 652 3836 255
684 3765 984 3830 voluerint,
1008 3767 1358 3832 examinem;
1414 3754 1516 3821 nec
1540 3768 1687 3821 enim
1732 3783 1817 3822 re-

239 3859 601 3928 perient,nos
618 3858 780 3913 aliud
817 3875 918 3929 per
959 3859 1056 3914 Dei
1095 3860 1324 3930 gratiam
1371 3858 1580 3913 sentire
1604 3899 1619 3923 ,
1651 3875 1816 3930 quam

238 3948 387 4018 quod
410 3964 440 4002 a
464 3948 748 4018 Scriptura
769 3964 925 4019 saera
959 3948 1272 4004 didicimus.
1301 3968 1319 3999 ι

309 4040 400 4094 lll.
431 4039 676 4109 Epistola
703 4040 824 4104 115,
851 4040 919 4093 ad
940 4047 1189 4094 sanetum
1228 4039 1466 4094 Leonem
1494 4057 1506 4093 :
1546 4058 1564 4090 ‹
1588 4038 1821 4109 Aposto-

239 4131 359 4185 liue
381 4139 577 4185 vestra:
602 4132 749 4185 sedis
778 4140 1034 4201 exspecto
1072 4130 1421 4195 sententiam,
1450 4138 1506 4185 et
1528 4145 1625 4185 oro
1657 4138 1819 4199 atque

213 4220 491 4285 .obtestnr
516 4220 866 4274 sanctitatem
922 4231 1097 4284 tuam,
1149 4220 1368 4274 utmihi
1412 4230 1622 4275 rectum
1653 4221 1824 4288 acju-

242 4319 388 4365 stum
449 4310 690 4364 tribunal
727 4319 969 4365 vestrum
1014 4310 1292 4365 invocanti
1334 4326 1493 4380 Opem
1539 4310 1699 4375 ferat,
1730 4312 1821 4381 ju-

244 4400 480 4471 beatque
537 4401 605 4455 ad
632 4416 731 4454 vos
775 4402 988 4466 venire,
1014 4412 1070 4457 et
1110 4402 1416 4457 doctrinam
1462 4417 1639 4455 meam
1686 4418 1820 4472 apo-

1915 3254 2079 3314 atque
2121 3253 2180 3299 ut
2220 3245 2389 3300 semel
2458 3245 2660 3309 dicam,
2720 3244 2984 3300 adversus
3022 3246 3324 3316 quamlibet
3377 3248 3493 3304 hae-

1915 3335 2061 3388 resin
2083 3335 2429 3401 dimicantes,
2472 3351 2645 3391 unum
2690 3337 2887 3391 Filium
2932 3337 3271 3392 adorandum
3301 3354 3493 3394 mone-

1916 3441 2056 3480 mus.
2092 3445 2111 3477 ι

2482 3554 2919 3595 οιεειινλτιοκεε.

1988 3670 2032 3723 l.
2058 3670 2137 3724 Ex
2162 3678 2399 3740 quatuor
2434 3672 2712 3742 epistolis,
2738 3673 2912 3744 prima
2951 3688 3096 3728 anno
3130 3672 3236 3729 445
3287 3673 3494 3745 scripta

1916 3770 2022 3825 est,
2043 3763 2266 3833 reliqua:
2306 3779 2450 3818 anno
2489 3763 2593 3819 449
2650 3765 2983 3821 desinente:
3042 3781 3210 3836 quare
3267 3782 3388 3837 quae
3437 3769 3493 3823 in

1918 3853 2094 3923 prima
2130 3861 2511 3918 recensentur,
2540 3863 2666 3910 ante
2691 3871 2898 3909 annum
2922 3856 3026 3911 446
3049 3855 3198 3910 edita
3225 3864 3374 3912 sunt.

1990 3944 2054 3998 ll.
2082 3945 2241 3998 Nulla
2267 3943 2327 3997 ﬁt
2366 3946 2578 4015 uspiam
2628 3945 2836 4000 mentio
2878 3946 3327 4015 reprehensionis
3353 3946 3495 4000 duo-

1919 4034 2096 4090 decim
2122 4035 2374 4106 Capitum
2398 4037 2619 4110 Cyrilli;
2659 4038 2807 4091 nulla
2854 4036 3189 4092 defensionis
3238 4053 3340 4106 pro
3372 4038 3500 4091 Dio-

1921 4126 2058 4181 doro
2106 4126 2363 4180 Tarsensi
2426 4135 2494 4201 et.
2532 4126 2824 4181 Theodoro
2869 4126 3288 4195 Mopsuesteno;
3347 4129 3498 4183 nulla

1921 4219 2086 4271 etiam
2106 4217 2394 4280 Eranistaa,
2416 4217 2578 4287 256
2596 4217 2725 4270 licet
2761 4218 2877 4271 haec
2908 4223 3036 4270 ante
3078 4231 3281 4270 annum
3300 4218 3405 4273 445
3433 4222 3495 4281 ’⁸.

1924 4315 2186 4361 autcerte
2224 4308 2349 4371 449,
2396 4306 2699 4376 composita
2753 4307 2884 4361 sint.
2941 4306 3143 4362 Verum
3185 4322 3295 4361 non
3340 4319 3500 4364 erant

1924 4398 2294 4452 conducibilia
2327 4398 2393 4451 ad
2413 4397 2791 4453 defensionem
2819 4397 3177 4463 Theodoreti,
3204 4400 3299 4455 sed
3328 4404 3502 4472 magis

244 4493 454 4546 stolieis
483 4492 730 4563 vestigiis
766 4494 1121 4547 inhmrentem
1162 4493 1473 4547 ostendere.
1505 4493 1645 4547 Sunt
1674 4494 1818 4549 enim
1855 4472 1895 4525 Ῐ)
1926 4488 1993 4544 ad
2017 4489 2444 4545 accusationem.

244 4582 401 4646 mihi,
431 4599 553 4652 qua:
595 4584 793 4653 partim
826 4593 949 4639 ante
981 4600 1154 4639 annos
1195 4584 1409 4654 viginti,
1445 4585 1644 4653 partim
1695 4594 1821 4640 ante

245 4673 578 4735 octodecim,
603 4673 804 4743 partim
871 4683 996 4728 ante
1031 4674 1370 4743 quindecim,
1407 4674 1605 4743 partim
1656 4682 1781 4727 ante
1805 4676 1820 4694 ‘

247 4763 540 4817 duodecim
589 4766 805 4836 scripsi,
842 4765 1089 4835 quaedam
1131 4774 1321 4820 contra
1355 4764 1587 4819 Arianos
1618 4772 1674 4817 et
1710 4764 1824 4817 Eu-

246 4856 556 4921 nomianos,
616 4856 865 4926 quaedam
928 4866 1118 4911 contra
1164 4856 1384 4911 Judaeos
1450 4866 1508 4909 et
1567 4854 1823 4925 gentiles,

2000 4581 2089 4635 lll.
2121 4581 2281 4635 Nulla
2299 4581 2506 4651 pariter
2530 4582 2739 4637 mentio
2763 4582 2823 4636 fit
2847 4585 3229 4640 commentarii
3269 4584 3322 4639 in
3353 4583 3502 4639 Can-

1931 4672 2101 4727 ticum
2128 4673 2470 4727 canticorum
2489 4673 2555 4738 ¹⁸,
2581 4673 2710 4728 licet
2729 4673 2926 4743 primis
2960 4675 3319 4743 temporibus,
3354 4684 3507 4728 certe

1932 4773 2059 4818 ante
2088 4764 2435 4827 Psalterium,
2477 4764 2713 4833 evulgati
2739 4782 2752 4817 :
2782 4779 2945 4821 causa
2977 4765 3031 4819 in
3064 4767 3303 4821 obscuro
3331 4766 3461 4820 latet
3488 4806 3502 4830 ,

1934 4854 2357 4925 investigabitur
2373 4870 2475 4909 suo
2496 4855 2639 4910 loco.

247 4946 498 5015 quaedam
521 4956 713 5002 contra
748 4964 933 5018 magos
973 4948 1067 5018 qui
1090 4957 1220 5002 sunt
1242 4948 1296 5001 in
1320 4947 1564 5003 Perside.
1609 4946 1727 5001 Alia
1759 4947 1827 5001 de

248 5037 545 5092 universali
583 5038 953 5103 Providentia,
991 5039 1096 5093 alia
1146 5053 1339 5093 rursus
1379 5037 1448 5092 de
1494 5037 1786 5108 Theologia
1811 5078 1825 5100 ,

248 5127 428 5197 deque
469 5127 657 5182 divina
698 5128 1107 5185 Incarnatione.
1134 5129 1392 5199 Exposita
1425 5136 1555 5183 sunt
1592 5127 1758 5183 etiam
1799 5143 1830 5182 a

2006 4947 2093 5002 IV.
2158 4946 2318 5001 Nulla
2374 4946 2436 5001 ﬁt
2478 4948 2733 5003 similiter
2788 4948 3054 5004 memoria
3102 4946 3369 5002 orationis
3440 4946 3509 5000 de

1933 5036 2214 5093 Charitate
2237 5038 2301 5103 ⁸⁸,
2340 5040 2859 5095 commentariorum
2914 5039 2971 5093 in
2997 5037 3415 5098 Octateucbum,
3452 5045 3511 5091 ct

1934 5127 2110 5183 libros
2132 5128 2339 5199 Regum
2367 5129 2431 5195 ¹⁷,
2469 5128 2724 5185 Historias
2787 5128 3195 5190 ecclesiasticaz,
3236 5134 3293 5182 et
3327 5126 3514 5196 operis

1583 5283 1896 5338 StlllUlle
1938 5283 2170 5339 NOT/E.

325 5425 368 5454 ¹³
410 5424 725 5489 Legeudum
758 5441 876 5479 esse
900 5426 1116 5480 videtur
1162 5425 1315 5495 τρυε
1339 5426 1401 5478 de
1433 5424 1642 5487 Nostro,
1676 5426 1796 5495 jam
1830 5424 2055 5479 Patrum
2080 5441 2291 5487 swww,
2328 5426 2665 5495 stripsentnt.
2744 5424 2787 5455 "
2825 5423 2966 5495 Licet
2994 5424 3121 5495 here,
3147 5431 3254 5495 cl_c_.
3287 5420 3407 5495 Vid.
3444 5420 3514 5495 de

254 5494 527 5567 ΙῖωιιὶείιιιΔ
565 5510 757 5567 supra,
807 5511 887 5567 p._
915 5496 1079 5567 206.7
1140 5498 1182 5567 ¹Α⁸
1210 5494 1396 5567 Nulla,
1451 5504 1571 5567 etc,
1613 5490 1830 5567 Scilicet
1876 5496 1929 5549 in
1972 5495 2223 5567 epistolis
2260 5490 2459 5549 citatis.
2485 5494 2671 5567 Exstat
2723 5503 2918 5567 autem
2954 5493 3128 5567 ipsius
3182 5490 3511 5567 Theodoreti

254 5564 629 5637 testimonium
678 5560 836 5637 infra,
862 5565 897 5637 ᾗ
947 5568 1000 5631 3,
1033 5566 1102 5620 ab
1152 5564 1329 5637 initio.
1422 5560 1645 5637 "Orat.
1684 5566 1751 5637 de
1782 5567 1928 5637 cher.
1969 5560 2094 5637 Hinc
2114 5579 2246 5620 vero
2267 5580 2392 5637 cum
2430 5566 2701 5637 pertineat
2738 5563 2804 5617 ad
2842 5560 3164 5637 [Iistbriam_
3191 5560 3511 5637 religiosam,

256 5634 408 5705 intus
438 5650 503 5688 rs
537 5633 767 5705 epistola
809 5630 894 5689 adv
921 5630 1218 5691 Eusebium
1253 5635 1449 5705 allatus
1480 5634 1588 5687 huc
1622 5636 1785 5689 etiam
1833 5635 2021 5689 referri
2049 5642 2249 5704 potest.
2308 5704 2315 5705 γ
2348 5630 2712 5705 "Comment.
2744 5664 2810 5674 -—
2834 5633 3053 5705 Regum.
3084 5630 3164 5686 Ad
3206 5631 3303 5685 hos
3353 5631 3515 5684 etiam

255 5702 426 5758 libros
453 5704 716 5771 respexit,
738 5719 860 5759 cum
889 5706 956 5760 ad
984 5706 1253 5761 Renatum
1289 5704 1570 5770 scriberet,
1604 5720 1659 5759 se
1694 5702 2105 5775 interpretatum
2146 5719 2266 5760 esse
2298 5703 2634 5774 Scripturam
2671 5717 2901 5759 sacram.
