3952 6294
451 286 553 351 207

1574 288 1950 350 GARNERII
1992 291 2485 353 DlSSERTATIO
2524 293 2604 354 ΙΙ.

3593 307 3705 372 208

453 396 836 452 ﬂwretiizarum
862 376 1170 463 fabularum
1201 392 1264 455 ",
1285 406 1408 445 cum
1441 400 1622 453 tamen
1642 394 1697 447 in
1736 393 1820 449 his
1852 396 2024 449 conti-
2058 405 2095 456 Α
2128 396 2445 453 tricesimus
2473 402 2741 470 septimus
2770 413 2863 459 aut
2888 414 3117 462 octavus
3142 408 3210 462 ab
3253 409 3407 466 obitu
3443 413 3703 472 Theodo-

448 493 683 541 neantur
703 486 873 539 multa
900 493 1101 539 rectam
1121 483 1286 537 ﬁdem
1310 485 1552 539 auctoris
1571 485 2020 555 demonstrantia,

447 571 542 627 sed
575 571 820 626 nondum
843 580 1003 625 erant
1035 571 1262 640 scripta.

516 663 580 717 V.
610 662 945 716 Memoratur
969 660 1024 715 in
1050 662 1165 716 sola
1188 662 1256 716 ad
1279 663 1579 718 Eusebium
1628 665 1861 736 epistula
1890 668 2020 726 Phi-

445 755 746 818 lotheus",
771 754 826 809 id
860 763 963 819 est,
994 755 1236 811 Historia
1269 767 1611 823 sanctorum,
1653 768 1818 830 atque
1853 761 2020 816 etiam

446 846 705 916 Mysticus
730 846 908 900 liber:
937 846 993 902 in
1010 847 1125 903 sola
1162 848 1229 903 ad
1258 857 1510 904 sanctum
1536 849 1772 906 Leonem
1792 851 1934 907 liber
1951 852 2020 907 de

445 936 760 1007 Theologia,
789 947 846 992 et
867 938 1010 993 liber
1036 939 1105 994 de
1129 940 1530 997 lnearnatione.

517 1025 601 1079 Vl.
641 1025 702 1079 In
748 1026 982 1096 epistola
1002 1027 1069 1081 ad
1122 1028 1420 1083 Eusebium
1465 1029 1788 1085 dividuntur
1827 1046 2015 1102 opera,

441 1130 565 1185 quae
593 1125 914 1181 censentur,
961 1117 1019 1172 in
1068 1118 1207 1175 duas
1246 1130 1431 1190 partes
1474 1140 1488 1175 :
1543 1122 1650 1177 alia
1696 1122 1845 1177 enim
1889 1134 2017 1179 ante

439 1202 707 1276 synodum
761 1205 1133 1274 Ephesinam,
1193 1207 1245 1262 id
1289 1217 1374 1264 est
1425 1218 1553 1266 ante
1613 1226 1818 1265 annum
1867 1213 2011 1276 451,

439 1293 643 1362 scripta
671 1293 967 1360 dicuntur;
990 1295 1098 1350 alia
1126 1304 1251 1366 post
1281 1299 1573 1369 synodum.
1601 1300 1670 1354 At
1705 1300 1759 1354 in
1783 1300 2016 1370 epistola

438 1384 506 1440 ad
567 1394 818 1441 sanctum
882 1386 1124 1443 Leonem
1178 1389 1500 1446 distributio
1548 1391 1604 1446 ﬁt
1666 1401 1903 1462 quatuor
1953 1393 2009 1448 in

438 1482 664 1545 partes:
702 1476 949 1545 quaedam
1001 1477 1148 1532 enim
1205 1479 1409 1549 scripta
1439 1493 1738 1535 narrantur
1764 1495 1892 1537 ante
1931 1481 2012 1536 vi-

436 1567 573 1638 ginti
623 1583 820 1633 annos,
889 1568 946 1622 id
983 1577 1088 1634 est,
1153 1579 1280 1626 ante
1338 1588 1541 1627 annum
1583 1573 1721 1637 4‘29,
1757 1575 2008 1644 quaedam

436 1668 562 1713 ante
592 1658 921 1724 octodecim,
953 1659 1007 1713 id
1049 1667 1154 1718 est.
1182 1669 1308 1716 ante
1341 1678 1546 1716 annum
1596 1664 1721 1729 451,
1757 1665 2006 1734 quasdam

443 1756 570 1802 ante
589 1748 929 1817 quindecim,
963 1749 1017 1804 id
1049 1758 1154 1813 est,
1187 1762 1314 1806 ante
1362 1768 1566 1807 annum
1601 1755 1726 1817 454,
1758 1756 2006 1825 quaedam

432 1846 560 1893 ante
598 1838 909 1903 duodecim,
944 1840 1001 1895 id
1026 1848 1143 1905 est,
1174 1851 1301 1897 ante
1346 1858 1552 1901 annum
1591 1846 1718 1901 457.
1752 1847 1881 1912 Quae
1919 1848 2007 1901 di-

427 1937 631 1985 cuntur
649 1931 857 2000 scripta
894 1939 1023 1987 ante
1044 1933 1241 2003 viginti
1269 1949 1462 1999 annos,
1495 1951 1558 1990 ea
1590 1937 1704 2007 ipsa
1726 1945 1853 1992 sunt
1885 1955 2007 2008 quae

332 2050 342 2063 -
425 2030 552 2077 ante
576 2022 848 2093 synodum
878 2023 1210 2092 Ephesinam
1231 2025 1582 2094 prodierunt.

497 2112 609 2167 Vll.
663 2113 782 2168 Non
824 2113 986 2170 facile
1029 2117 1363 2187 perspicitur
1401 2133 1566 2173 causa
1601 2135 1701 2174 cur
1754 2119 2006 2175 Theodo-

425 2212 579 2259 retus
611 2221 679 2259 ex
703 2206 927 2276 scriptis
972 2207 1089 2263 suis
1124 2209 1394 2279 judicium
1435 2211 1683 2266 exerceri
1727 2212 1999 2266 voluerit:

423 2296 625 2353 etenim
655 2313 722 2351 ex
749 2296 946 2353 iisdem
982 2308 1337 2356 accusatores
1380 2319 1540 2374 agere
1581 2311 1896 2372 potuerunt,
1944 2316 2004 2361 ut
2101 2296 2114 2374 ξ

425 2397 617 2443 revera
648 2386 1000 2453 postmodum
1053 2389 1107 2443 in
1140 2406 1170 2445 v
1212 2392 1423 2461 synodo
1461 2400 1644 2446 actum
1672 2400 1796 2446 est:
1827 2409 1893 2447 cx
1935 2394 2002 2449 iis

422 2480 573 2529 certe
596 2472 834 2544 Cyrillus
875 2492 989 2532 non
1023 2479 1195 2534 semel
1228 2480 1638 2537 Theodoretum
1659 2483 2000 2540 Nestorianae

422 2564 704 2619 societatis
727 2578 881 2621 reum
913 2567 1071 2623 dixit.
1822 2632 1825 2635 ,

492 2657 632 2711 Vili.
664 2657 723 2711 in
756 2658 995 2728 epistola
1025 2659 1094 2714 ad
1126 2660 1394 2718 Renatum
1424 2663 1687 2719 dicuntur
1721 2665 1846 2718 libri
1884 2682 1999 2720 am-

419 2746 565 2816 plius
596 2747 816 2818 triginta
846 2750 1112 2805 adversus
1139 2750 1331 2808 Arium
1363 2761 1420 2808 et
1449 2755 1803 2820 Eunomium,
1852 2757 1994 2811 Mar-

417 2839 631 2895 cionem
660 2847 723 2893 et
751 2840 1155 2907 Macedoniam,
1178 2844 1411 2913 gentiles
1437 2854 1495 2899 et
1517 2845 1733 2900 Iudaeos
1762 2846 1953 2917 scripti
1977 2864 1990 2900 :

401 2943 485 2982 .ex
517 2928 586 2983 iis
636 2928 935 2983 duodecim
992 2930 1258 2987 adversus
1304 2934 1538 3004 gentiles
1566 2935 1682 2990 noti
1715 2945 1864 3002 sunt,
1896 2937 1991 3007 qui

414 3034 612 3088 nempe
645 3019 1024 3075 inscribuntur
1052 3021 1130 3074 De
1161 3022 1475 3079 ercanicis
1508 3027 1861 3097 affectionibus
1897 3045 1989 3083 cu-

414 3110 596 3165 randis
637 3126 657 3165 :
719 3110 811 3164 alii
866 3111 1099 3180 periisse
1178 3114 1343 3186 vulgo
1411 3117 1749 3183 creduntur;
1803 3119 1987 3175 forsan

413 3201 601 3258 alieno
629 3202 800 3257 latent
829 3202 934 3257 sub
980 3204 1227 3270 nomine,
1284 3206 1431 3276 quod
1463 3217 1649 3277 postea
1703 3209 1988 3265 inouiren-

412 3293 542 3348 dum
575 3301 683 3348 est.

967 3404 992 3476 §
1018 3406 1085 3460 ll.
1120 3406 1441 3465 Gennadius.

480 3487 540 3541 In
592 3487 734 3543 libro
774 3488 853 3545 De
903 3493 1244 3563 scriptoribus
1298 3496 1680 3563 ecclesiasticis,
1736 3516 1857 3569 cap.
1894 3500 1980 3564 89,

417 3598 435 3629 α
461 3579 859 3645 Theodoretus,
882 3582 1078 3654 inquit,
1104 3585 1264 3657 257
1284 3587 1409 3659 Cyri
1433 3590 1669 3645 civitatis
1692 3592 1983 3661 episcopus

413 3667 462 3733 (a
487 3665 628 3738 Cyro
651 3668 798 3722 enim
836 3670 1126 3727 Persarum
1162 3691 1287 3745 rege
1315 3677 1536 3732 condita
1572 3689 1752 3732 servat
1786 3677 1981 3732 hodie-

409 3772 515 3825 que
536 3758 680 3828 apud
702 3756 910 3830 Syriam
933 3772 1130 3817 nomen
1156 3768 1442 3832 auctoris),
1470 3768 1754 3838 scripsisse
1777 3768 1981 3823 dicitur

410 3844 619 3898 multa:
674 3844 741 3900 ad
776 3862 953 3901 meam
1008 3862 1190 3905 tamen
1239 3853 1491 3907 notitiam
1539 3854 1641 3908 ista
1683 3862 1813 3907 sunt
1858 3869 1981 3924 quae

409 3943 676 3990 \encrunt
710 3952 724 3989 :
761 3938 777 3957 ⁴
819 3937 897 3992 De
958 3938 1336 3997 incarnatione
1403 3941 1652 4006 Domini,
1716 3943 1981 4001 adversus

406 4026 687 4098 Eutychen
734 4030 1142 4102 presbyterum,
1174 4041 1229 4087 et
1277 4034 1599 4087 Dioscorum
1636 4034 1978 4091 Alexandria

401 4113 853 4185 episcopum,qui
887 4117 1180 4173 humanam
1208 4118 1263 4172 in
1302 4118 1523 4173 Christo
1547 4133 1766 4174 carnem
1803 4119 1974 4178 fuisse

402 4209 622 4269 negant,
645 4202 847 4271 scripta
869 4204 1053 4268 fortia,
1080 4220 1178 4275 per
1204 4219 1327 4272 qua:
1347 4204 1635 4259 conﬁrmat
1664 4215 1720 4260 et
1763 4206 1973 4264 ratione

398 4287 804 4344 ettestimoniis
829 4289 1256 4360 Seripturarum,
1301 4291 1375 4344 ita
1422 4290 1573 4345 illum
1619 4309 1804 4349 veram
1852 4310 1970 4351 ma-

2125 489 2226 542 reti
2260 506 2275 541 :
2307 504 2374 543 eo
2418 498 2662 560 tempore
2706 509 2877 563 pauca
2907 497 3223 564 admodum,
3253 517 3425 572 eaque
3457 521 3566 561 non
3595 524 3700 578 pu-

2124 573 2360 640 rissima,
2391 577 2725 634 Theodoreti
2746 595 2924 651 opera
2947 592 3076 638 nota
3109 595 3267 640 erant
3303 588 3357 641 in
3379 573 3696 653 Occidente.

2121 660 2367 732 alioquin
2421 679 2532 718 non
2580 665 2871 723 latuissent
2927 677 3039 724 tam
3088 674 3371 730 curiosum
3431 678 3698 737 librorum

2125 746 2520 819 indagatorem.
2577 752 2636 806 ld
2672 752 2823 820 fecit,
2869 757 3089 827 opinor,
3127 759 3327 831 linguae
3357 764 3557 822 Graecae
3602 785 3699 823 ne-

2120 833 2332 904 glectus
2359 837 2502 906 apud
2528 838 2771 905 Latinos,
2806 844 2900 911 qui
2943 857 3185 914 quantus
3212 849 3398 915 fuerit,
3441 855 3698 926 colligere

2120 920 2250 977 licet
2275 936 2342 993 ex
2363 924 2585 990 litteris,
2616 936 2731 981 tum
2758 931 2932 985 sancti
2955 931 3237 990 leestini
3264 937 3329 992 ad
3359 920 3692 1006 Nestorium,

2121 1012 2469 1105 tum__Pelagii
2512 1016 2577 1080 ΙΙ,
2630 1017 2696 1072 ad
2724 1020 3014 1092 episcopos
3050 1024 3243 1093 lstrite,
3271 1029 3500 1100 aliisque
3541 1035 3686 1105 ejus-

2118 1100 2266 1155 modi
2303 1104 2654 1161 testimoniis.

2187 1187 2251 1242 ΙΙ.
2285 1186 2506 1259 Legisse
2544 1193 2764 1249 videtur
2796 1195 2983 1253 Graece
3032 1215 3199 1270 opera
3233 1218 3355 1273 quae
3386 1219 3690 1275 memorat;

2116 1274 2358 1346 alioquin
2394 1282 2735 1348 pervenisset
2763 1286 2830 1340 ad
2856 1303 2956 1342 nos
2994 1298 3152 1345 vetus
3190 1291 3301 1357 illa,
3340 1296 3382 1349 si
3407 1311 3528 1365 quae
3558 1274 3692 1353 fuiss

2114 1374 2200 1417 set
2228 1365 2380 1429 olim,
2404 1367 2586 1421 versio
2614 1387 2627 1422 :
2654 1384 3026 1440 pervenerunt
3046 1379 3193 1433 enim
3234 1380 3353 1435 aliae
3383 1392 3497 1438 tum
3527 1387 3693 1457 vulgo

2115 1458 2276 1516 notae,
2307 1462 2364 1508 ut
2393 1470 2514 1523 qum
2538 1458 2972 1528 vertitltuf'mus,
3013 1479 3243 1536 quaeque
3282 1470 3645 1544 Hieronymus
3670 1495 3688 1540 ;

2115 1544 2231 1592 tum
2265 1556 2387 1609 quae
2428 1542 2749 1613 ignotiores,
2783 1549 3087 1618 cujusmodi
3142 1556 3320 1611 versio
3351 1542 3687 1618 scholiorum

2112 1627 2300 1722 Cyrilli
2326 1646 2355 1722 a
2379 1631 2549 1686 Mario
2573 1632 2894 1704 lMercatore;
2929 1639 3284 1700 homiliarum
3311 1648 3688 1722 Chrysostomi

2044 1736 2081 1790 Β
2111 1718 2169 1816 in
2194 1718 2541 1788 Matthaaum;
2567 1724 2634 1779 de
2673 1725 2929 1784 laudibus
2966 1731 3139 1799 Pauli,
3179 1745 3235 1792 et
3266 1739 3333 1794 ad
3381 1718 3688 1816 neophytes

2111 1809 2180 1864 ab
2208 1811 2423 1865 Aniano
2445 1813 2712 1882 diacono;
2742 1817 2868 1874 ﬁdei
2904 1821 3085 1877 Ruﬁni
3111 1826 3383 1886 Palaestini
3410 1849 3439 1887 a
3463 1809 3687 1892 J—uli'ano

2108 1900 2421 1990 gelanelisi,
2472 1914 2583 1958 etc.
2640 1906 2709 1960 Et
2761 1925 2894 1966 vero
2948 1928 3058 1982 quo
3112 1923 3361 1990 tempore
3405 1926 3683 1983 scribebat

2105 1986 2446 2056 Gennadius,
2500 1994 2773 2062 Massiliae,
2823 1999 2917 2054 ubi
2965 2013 3081 2058 erat
3136 1986 3440 2081 presbyter,
3491 2015 3681 2074 Graeca

2104 2080 2290 2153 lingua
2337 2085 2522 2140 notior
2570 2085 2697 2152 fuit,
2725 2105 2887 2158 quam
2946 2093 3001 2148 in
3062 2097 3174 2153 ulla
3216 2080 3322 2156 alia
3364 2103 3680 2165 Occidentis

2101 2444 2279 2500 stinus
2310 2446 2523 2504 litteras
2576 2452 2818 2509 Nestorii
2882 2462 3177 2520 vertendas
3241 2476 3297 2522 et
3350 2473 3677 2533 refellendas

2099 2536 2267 2591 misit.

2168 2627 2465 2723 lll._Solus,
2520 2635 2668 2703 quod
2710 2638 2907 2705 sciam,
2947 2645 3196 2700 meminit
3246 2652 3508 2720 temporis
3560 2669 3676 2723 quo

2097 2715 2483 2776 Theodorctus
2502 2725 2613 2777 vita
2658 2730 2916 2795 excessit,
2958 2748 3271 2805 quanquam
3317 2715 3424 2797 nec
3444 2743 3500 2798 id
3538 2715 3676 2803 satis

2094 2805 2316 2863 deﬁnite
2337 2809 2484 2865 facit.
2513 2812 2700 2869 Tradit
2726 2818 2871 2871 enim
2888 2820 3090 2877 obiisse
3113 2827 3216 2880 sub
3231 2828 3414 2887 Leone
3431 2836 3672 2903 seniore,

2089 2895 2185 2965 qui
2206 2900 2594 2967 septemdecim
2615 2919 2787 2959 annos
2808 2914 2863 2960 et
2885 2912 3122 2979 amplius
3138 2915 3433 2985 imperium
3454 2895 3675 2997 tenuit;

2091 3002 2195 3043 nos
2212 2989 2282 3043 ad
2308 2989 2524 3045 initium
2559 2993 2774 3062 imperii
2814 2997 3027 3055 obitum
3063 3003 3396 3065 Theodoreti
3419 2989 3672 3071 referen:

2017 3060 2058 3116 ο
2091 3076 2221 3132 dum
2281 3082 2554 3138 sensimus
2583 3084 2639 3138 in
2687 3087 2916 3144 historia
2972 3091 3118 3149 vitae.
3156 3096 3439 3157 Sentiendi
3469 3120 3674 3167 causas

2089 3168 2287 3238 partim
2315 3170 2435 3226 loco
2458 3187 2583 3227 mox
2612 3174 2758 3230 dicto
2788 3182 3143 3249 protulimus,
3162 3189 3363 3256 partim
3389 3193 3459 3248 de
3484 3195 3670 3252 Histo-

2088 3261 2165 3314 ria
2202 3260 2572 3318 ccclesiastica
2603 3264 2933 3325 Theodoreti
2972 3285 3196 3343 agentes
3230 3293 3593 3350 exponemus.

2153 3349 2244 3403 IV.
2286 3349 2502 3422 Scripta
2530 3354 2625 3410 illa
2650 3355 2836 3424 fortia,
2888 3377 3125 3430 quorum
3184 3349 3455 3440 meminit,
3502 3380 3663 3436 multi

2086 3447 2281 3509 putant
2318 3459 2427 3498 non
2457 3445 2683 3503 diﬁ‘erre
2712 3450 2782 3505 ab
2825 3452 3078 3512 Eraniste
3108 3474 3207 3515 seu
3255 3462 3656 3539 Polymorpho;

2083 3546 2262 3622 neque
2289 3535 2549 3604 opinione
2571 3538 2893 3596 falluntur“
2919 3562 2933 3598 :
2959 3548 3056 3601 sed
3105 3550 3271 3622 258
3313 3535 3410 3611 sua
3438 3535 3657 3617 Genua;

2083 3619 2207 3676 dius
2241 3621 2358 3692 ipse
2385 3624 2651 3698 deceptus
2673 3641 2778 3696 est,
2808 3649 2921 3689 non
2973 3640 3106 3695 satis
3164 3619 3494 3717 intelligens,
3546 3669 3657 3723 quo

2082 3718 2328 3804 tempore
2375 3717 2617 3786 scripsit,
2655 3731 2711 3776 et
2739 3737 2845 3791 qua
2871 3729 3159 3793 occasione
3184 3750 3325 3804 opus
3344 3737 3450 3796 hoc
3479 3717 3657 3801 Theo-

2080 3803 2327 3862 doretus.
2351 3808 2680 3879 Aperiemus
2704 3814 2760 3870 in
2780 3818 3030 3888 ejusdem
3062 3803 3405 3885 recensione.

2641 3926 2668 3997 ᾗ
2695 3928 2782 3982 Ill.
2815 3929 3055 3988 Photius.

2147 4030 2265 4085 Non
2321 4032 2539 4088 videtur
2584 4052 2779 4114 operae
2810 4043 3046 4111 pretium
3074 4055 3282 4105 textum
3331 4053 3511 4111 Photii
3549 4073 3650 4114 ex-

2077 4119 2553 4192 scribere,partim
2583 4125 2712 4195 quia
2755 4131 3021 4197 prolixior
3052 4145 3154 4202 est,
3180 4154 3283 4193 nec
3310 4140 3377 4195 de
3399 4144 3649 4212 pluribus

2076 4209 2489 4307 fere-operibus
2517 4215 2679 4271 simul
2710 4220 2846 4290 agit,
2895 4224 2989 4278 sed
3015 4229 3243 4295 sparsim
3278 4231 3345 4287 de
3377 4209 3645 4307 singulis;

2075 4301 2272 4368 partim
2304 4305 2450 4372 quod
2472 4307 2539 4361 ad
2567 4308 2777 4382 singula
2804 4329 2972 4384 opera
3011 4319 3207 4377 adduci
3232 4325 3414 4382 debet.
3450 4301 3648 4387 6bser;

400 4385 566 4430 ternae
594 4376 914 4433 substantiae
939 4394 1159 4433 carnem
1188 4379 1462 4444 habuisse,
1492 4398 1655 4450 quam
1694 4398 1758 4437 ex
1797 4392 1969 4440 matre
2006 4386 2047 4440 D
2078 4406 2233 4446 vasse
2270 4395 2502 4453 suﬁiciat
2526 4398 2580 4453 in
2603 4376 2860 4471 praesenti
2892 4408 3019 4463 tria.

395 4461 616 4533 Virgine
644 4465 915 4534 sumpsit:
949 4465 1092 4520 sicut
1147 4473 1203 4519 et
1231 4481 1412 4520 veram
1467 4468 1750 4534 deitatem,
1806 4487 1970 4540 quam

392 4556 594 4605 aeterna
616 4552 986 4607 nascibilitate
1012 4567 1042 4607 a
1070 4552 1183 4607 Deo
1213 4550 1373 4608 Patre
1414 4554 1668 4625 gignente
1717 4558 1832 4627 ipse
1870 4575 1970 4613 na-

392 4636 593 4692 scendo
620 4639 851 4708 accepit.
883 4638 1024 4694 Sum
1058 4648 1115 4694 et
1143 4639 1389 4711 ejusdem
1417 4641 1670 4698 Historiae
1703 4646 1968 4700 ecclesia-

391 4722 540 4778 stieae
571 4723 724 4790 libri,
751 4740 891 4796 quos
934 4724 1183 4782 imitatus
1231 4727 1530 4782 Eusebium
1572 4729 1964 4788 Caesariensem

387 4809 640 4879 scripsit;
672 4810 942 4881 incipiens
981 4827 1012 4866 a
1060 4811 1168 4867 ﬁne
1208 4812 1477 4869 librorum
1516 4816 1740 4872 Eusebii
1786 4834 1961 4890 usque

386 4895 453 4949 ad
484 4910 645 4955 suum
676 4906 910 4966 tempus,
946 4897 1001 4952 id
1015 4905 1123 4961 est,
1154 4914 1185 4953 a
1213 4901 1962 4964 vieennalibusConstantini

384 4997 558 5053 usque
598 4983 666 5038 ad
705 4983 998 5054 imperium
1042 4984 1246 5042 Leonis
1289 4986 1542 5056 senioris,
1595 4991 1699 5047 sub
1748 5009 1861 5064 quo
1904 5004 1963 5051 et

383 5077 631 5124 mortuus
659 5077 760 5126 εει.
802 5088 820 5121 ι

951 5179 1387 5225 οιεειινλτιοκεε.

449 5250 490 5305 1.
510 5249 825 5305 Gennadius
852 5254 1132 5312 scribebat
1158 5273 1304 5315 anno
1327 5258 1532 5317 Christi
1560 5260 1687 5328 494,
1715 5263 1810 5333 qui
1844 5262 1951 5319 fuit

2629 4530 3067 4576 OBSERVATIONES.

2137 4630 2452 4728 l._l:le_minit
2494 4655 2725 4709 operum
2762 4646 3092 4708 Theodoreti
3136 4658 3379 4728 quinque
3428 4661 3482 4716 in
3506 4663 3643 4722 locis

2077 4719 2456 4811 Bibliotheca,
2491 4730 2584 4785 ubi
2620 4734 2788 4790 tradit
2824 4752 2882 4791 se
2920 4739 3117 4811 legisse
3148 4719 3442 4804 llistoriam
3460 4719 3639 4807 aeole:-

2061 4810 2371 4882 siastieam;
2399 4818 2572 4875 libros
2598 4824 2792 4894 viginti
2833 4810 3041 4898 septem
3072 4834 3339 4894 adversus
3380 4842 3635 4909 haereses,

2061 4904 2265 4999 quibus
2299 4921 2554 4966 accenset
2599 4914 3123 4985 Eranisten;libros
3171 4927 3414 4999 quinque
3452 4904 3635 4987 Here;

2067 4995 2297 5051 ὅσαι-ατη
2346 4999 2688 5069 fabularum;
2732 5006 2905 5064 libros
2938 5012 3164 5068 totidem
3190 4995 3276 5072 fin
3314 4995 3635 5093 Chrysosto—

2064 5100 2240 5153 mum,
2273 5094 2701 5150 commentarios
2722 5095 2777 5151 in
2799 5098 3098 5169 Danielem,
3135 5105 3190 5160 in
3215 5106 3630 5175 Oelateuchum,

2058 5176 2232 5234 libros
2257 5180 2488 5251 Regum,
2532 5184 2973 5257 Paralipomena,
2991 5202 3047 5249 et
3078 5195 3366 5255 duodecim
3391 5202 3631 5259 minores

2056 5267 2377 5338 Prophetas.

1715 5400 2031 5459 SCHULZII
2069 5403 2299 5463 ΝΟΤᾹΣ.

443 5503 487 5537 ¹⁸
509 5503 610 5574 Op.
650 5503 795 5561 Her.
829 5503 957 5560 Fab.
979 5507 1083 5564 Sed
1109 5511 1371 5568 adversus
1389 5529 1581 5569 omnes
1604 5516 1841 5573 haereses
1863 5534 1924 5574 se
1962 5521 2044 5574 cal

371 5572 783 5645 Constantinop.

374 5645 494 5706 tau.
540 5643 645 5702 Sed
671 5643 1021 5720 inipugnatur
1066 5643 1170 5706 ista
1212 5651 1402 5723 opinio
1449 5652 1613 5721 infra,
1646 5670 1697 5710 c.
1734 5656 1786 5712 6.

2048 5525 2549 5609 amumistrinxisse
2580 5538 2849 5609 testatur
2875 5536 2932 5591 in
2963 5537 3206 5609 Epistola
3238 5543 3309 5598 ad
3329 5547 3624 5604 monachos

859 5575 1167 5690 :Jlnrsoil‘a;
1185 5582 1711 5690 e‘t‘e‘.inli:.:stiatntr:tia‘m
1734 5588 1907 5690 ‘llmjus
1927 5589 2056 5646 libri
2084 5575 3206 5675 menioi-ié'iﬁ'ﬁiuféééiei'tf3,7533?"
3238 5575 3615 5690 ῗῗιῧὲῒῖιῗΐρῗ
