3952 6294
221 262 320 326 209

1395 275 1496 337 DE
1532 278 1790 340 LIBRIS
1823 275 2329 339 THEODORETL

3373 276 3484 344 210

295 375 362 430 ll.
403 375 571 431 Multa
588 394 701 435 non
734 382 1087 448 memorat",
1114 398 1236 454 quae
1281 386 1465 441 nullus
1509 397 1689 442 tamen
1717 402 1803 441 re-
1837 398 1879 452 Α
1908 387 2235 456 conquisitis
2286 385 2416 440 hinc
2459 383 2587 440 inde
2622 384 2799 451 libris,
2839 385 3090 443 restituta
3122 396 3206 442 est
3255 405 3269 441 :
3315 405 3484 457 quare

225 474 383 520 vocat
411 469 467 521 in
494 468 727 525 dubium
752 512 767 536 ,
827 472 937 527 imo
957 490 1079 544 qua:
1112 491 1304 546 magna
1326 496 1391 532 ex
1436 488 1591 550 parte
1621 477 1803 532 Theo-

228 560 446 614 dorctus
482 577 741 631 expresse
772 567 1038 634 agnoscit,
1079 576 1336 638 tanquam
1361 587 1496 625 sua:
1532 570 1803 641 agnoscit,

227 651 465 719 inquam,
492 654 545 706 in
575 654 708 723 ipsis
737 656 902 710 etiam
921 656 1075 712 libris
1098 674 1127 713 a
1151 659 1345 717 Photio
1369 662 1805 726 memoratis,ve—

228 740 318 793 luti
335 743 709 811 expositiones
732 746 786 800 in
801 746 1147 815 Psalterium,
1184 749 1238 804 in
1254 750 1562 816 Cantica,in
1589 752 1804 817 Isaiam,

226 833 277 887 in
307 831 622 899 Jeremiam,
656 837 711 892 in
749 838 1113 906 Ezechielem,
1163 843 1219 897 in
1238 843 1484 915 Apostoli
1537 846 1810 916 Epistolas

225 926 866 998 qnatuordeeim,quibus
886 932 1027 987 adde
1059 933 1346 989 Historiam
1366 935 1807 1009 religiosam,sive

224 1012 577 1083 Philotheum,
594 1020 900 1078 cntionem
913 1023 983 1078 de
996 1024 1297 1089 Charitatc,
1315 1042 1597 1084 sermones
1616 1030 1807 1085 decem

226 1107 291 1161 de
338 1108 719 1177 Providentia,
770 1114 943 1171 libros
977 1119 1204 1174 totidem
1236 1118 1314 1174 De
1333 1121 1650 1177 Cracanicis
1678 1123 1807 1194 am:-

222 1199 481 1255 ctionibus
494 1205 766 1270 curandis,
784 1216 841 1262 et
866 1208 1126 1277 epistolas
1156 1211 1442 1281 plurimas.

295 1290 385 1345 III.
439 1291 603 1350 Solus
654 1298 850 1354 tribuit
879 1299 1233 1357 Theodore-to
1269 1303 1447 1360 libros
1473 1305 1718 1375 quinque
1746 1308 1806 1360 in

228 1378 439 1434 tandem
472 1381 829 1456 Chrysostomi
847 1405 866 1454 ;
900 1390 1052 1445 solus
1082 1391 1212 1446 item
1247 1392 1420 1449 libros
1448 1394 1641 1466 viginti
1678 1411 1806 1465 sep-

231 1475 617 1532 temaduersus
670 1480 921 1546 harrescs;
954 1498 1270 1554 quanquam
1319 1500 1388 1540 ex
1436 1486 1546 1543 illis
1607 1486 1806 1558 viginti

225 1571 435 1632 septem
462 1566 625 1637 longe
654 1578 782 1625 ante
820 1572 999 1629 Photii
1039 1583 1285 1645 tempora
1316 1576 1517 1633 Marius
1539 1578 1807 1633 Mercator

228 1654 476 1722 priorum
502 1658 748 1731 quinque
773 1664 1109 1720 mentionem
1139 1665 1268 1721 fecit
1294 1683 1306 1720 :
1332 1667 1428 1723 sed
1444 1668 1608 1724 simul
1628 1668 1803 1736 dedit,

1909 492 2017 530 non
2067 477 2174 531 alia
2221 491 2386 548 quam
2415 490 2539 546 qua:
2564 484 2948 539 numerantur,
3003 477 3202 546 opinor
3231 485 3363 533 tunc
3388 494 3485 532 ex-

1908 569 2115 624 stitisse
2144 584 2334 640 opera,
2361 584 2484 638 quae
2512 566 2847 623 Theodoreti
2868 568 3092 625 nomine
3120 567 3488 625 inscriberen-

1910 669 2018 723 tur,
2073 670 2171 716 aut
2213 662 2405 717 saltem
2443 661 2811 717 communiter
2837 660 3094 717 manibus
3115 670 3483 717 versarentur.

1978 753 2044 807 II.
2077 752 2198 807 Non
2224 759 2498 817 recenset,
2546 766 2668 820 qua:
2695 750 2901 806 nostris
2921 751 3089 805 etiam
3117 751 3370 807 nianibus
3402 760 3484 806 te-

1910 852 2130 908 runtur,
2148 841 2538 899 Commentario
2554 842 2609 896 in
2626 839 2868 905 Cantica,
2881 839 3052 896 libros
3063 839 3253 895 decem
3263 839 3487 897 deCraz-

1906 935 2105 989 canicis
2151 932 2509 1006 affectionibus
2551 933 2824 997 curandis,
2859 940 2916 987 et
2940 930 3247 988 Orationem
3271 931 3335 986 dc
3357 933 3483 989 cha-

1908 1028 2065 1081 ritate
2093 1043 2111 1082 :
2133 1040 2449 1097 quanquam
2477 1025 2585 1082 dici
2610 1033 2793 1095 potest
2817 1024 3124 1080 orationem
3148 1024 3292 1085 hanc
3308 1023 3489 1079 Philo-

1909 1118 2015 1172 thei
2035 1158 2051 1183 ,
2098 1116 2189 1173 cui
2238 1117 2592 1188 subjungitur
2628 1116 2685 1171 in
2715 1116 2906 1171 multis
2931 1115 3237 1181 codicibus,
3258 1115 3488 1174 nomine

1905 1207 2210 1276 appellasse
2233 1224 2247 1261 :
2273 1207 2370 1263 sed
2399 1218 2697 1278 utrumque
2719 1209 2876 1279 prius
2895 1223 3037 1280 opus
3080 1208 3152 1264 ab
3175 1208 3296 1279 ipso
3319 1210 3487 1265 etiam

1906 1297 2103 1352 Photio
2134 1298 2562 1368 praetermissum
2582 1307 2687 1354 est.

1977 1387 2065 1443 III.
2105 1388 2321 1444 Omittit
2357 1389 2585 1459 pariter,
2640 1403 2762 1458 quae
2806 1386 3193 1444 Theodoretus
3222 1387 3337 1457 ipse
3368 1402 3456 1442 me

1906 1488 2104 1542 morat,
2138 1479 2401 1534 Aduersus
2422 1480 2671 1543 Arianos,
2696 1478 3126 1543 Macedonianos,
3158 1476 3487 1548 Apollinari-

1904 1578 2036 1633 stas,
2071 1569 2414 1625 Marcionitas
2460 1579 2508 1624 et
2537 1569 2750 1625 Iudaeos
2782 1569 2987 1624 librum
3042 1568 3356 1641 mysticum,
3386 1567 3488 1622 Re-

1906 1661 2241 1731 sponsionem
2269 1660 2340 1715 ad
2365 1662 2588 1731 quwsita
2620 1677 2918 1732 magorum,
2956 1671 3011 1717 et
3041 1659 3392 1731 Theologiam.
3432 1658 3488 1713 Id

231 1744 376 1800 unde
405 1746 636 1805 Photius
676 1753 887 1809 erroris
913 1754 967 1808 in
1001 1770 1071 1811 eo
1092 1756 1467 1825 damnaretur,
1495 1761 1642 1830 quod
1671 1733 1805 1817 alios

1916 1767 2039 1805 vero
2069 1751 2345 1818 mirabile,
2394 1760 2620 1823 propter
2648 1767 2878 1824 operum
2907 1752 3276 1822 praestantiam
3325 1760 3490 1821 atque

227 1836 422 1903 libros,
445 1840 564 1896 sive
585 1842 771 1911 potius
797 1859 1082 1903 sermones
1115 1848 1306 1919 viginti
1335 1860 1392 1907 et
1417 1868 1610 1918 unum,
1630 1852 1809 1909 Theo-

225 1926 422 1984 doreto
461 1930 738 1997 tribuerit,
789 1950 916 1992 cum
956 1937 1069 1993 sint
1116 1940 1363 2008 alterius,
1411 1960 1575 2014 quem
1605 1944 1809 2001 Marius

225 2017 494 2076 Mercator
516 2022 842 2078 nominatim
874 2028 1113 2097 appellat
1137 2031 1202 2083 ".

582 2160 598 2178 ⁶
622 2157 648 2231 §
669 2160 756 2215 IV.
781 2162 1102 2235 Nicephorus
1134 2164 1407 2221 Callistus.

296 2267 355 2320 In
393 2268 537 2323 libro
584 2286 671 2325 xrv
716 2272 966 2331 Historia:
994 2276 1387 2343 ccclesiasticre,
1405 2293 1525 2348 cap.
1566 2278 1657 2342 54,
1693 2280 1807 2332 haec

228 2358 397 2415 habet
426 2379 438 2413 :
489 2381 506 2411 ι
537 2362 921 2422 Theodoretus
970 2369 1191 2429 natione
1224 2370 1448 2440 quidem
1476 2370 1646 2441 Syrus
1682 2369 1805 2433 fuit,

226 2460 471 2506 sectator
505 2462 689 2509 autem
741 2458 924 2528 magni
949 2458 1348 2533 Chrysostomi,
1381 2461 1641 2531 illumque
1677 2462 1805 2524 sibi.

225 2543 383 2610 quasi
440 2543 765 2612 primarium
824 2551 1126 2620 exemplar,
1200 2553 1341 2623 stylo
1413 2551 1808 2607 conformanda

225 2636 571 2702 propositum
618 2636 843 2705 habuit;
890 2642 1096 2696 etenim
1143 2642 1349 2699 fluidus
1410 2642 1705 2701 admodum
1744 2661 1808 2699 ac

220 2724 503 2793 copiosus,
536 2726 591 2780 in
624 2728 938 2786 elocutione
970 2731 1167 2797 facilis,
1202 2740 1259 2789 et
1290 2733 1525 2790 Atticam
1576 2734 1806 2805 gratiam

223 2814 501 2872 redolens.
526 2818 962 2878 Lucubrationes
991 2823 1059 2877 ab
1081 2840 1148 2879 eo
1184 2826 1501 2895 composita:
1522 2826 1606 2881 hae
1634 2834 1764 2882 sunt
1789 2844 1803 2881 :

225 2908 622 2967 Enarrationcs
673 2912 726 2967 in
773 2916 940 2970 Vetus
977 2915 1409 2983 Testamentum,
1437 2920 1595 2990 cujus
1642 2919 1805 2973 etiam

222 3000 613 3057 obscuriorum
657 3006 903 3061 locorum
962 3009 1337 3078 expositiones
1369 3010 1423 3064 in
1471 3011 1805 3081 peculiarem

222 3094 499 3147 contraxit
523 3095 744 3150 librum.
769 3098 920 3168 Opus
949 3101 1097 3156 aliud
1122 3103 1177 3154 in
1206 3102 1468 3155 sexdecim
1502 3104 1801 3173 prophetas,

222 3183 370 3239 aliud
392 3185 537 3240 idem
565 3189 619 3241 in
645 3188 990 3257 Psalterium,
1017 3191 1092 3245 De
1108 3192 1451 3251 Providentia
1479 3193 1619 3246 liber
1643 3192 1802 3257 alius,

223 3275 362 3331 alius
393 3277 450 3330 in
494 3277 823 3347 Apostolum,
849 3282 1107 3336 Adversus
1148 3287 1368 3338 Itwreses
1413 3301 1594 3341 omnes
1646 3285 1804 3339 volu-

224 3368 537 3438 men,quod
572 3372 829 3427 mendacii
867 3385 914 3428 et
950 3376 1179 3431 veritatis
1204 3376 1484 3429 discrimen
1508 3375 1802 3447 inscripsit.

234 3458 424 3524 Liber,
457 3477 621 3531 quem
645 3472 837 3518 contra
871 3465 1163 3522 duodecim
1203 3467 1367 3539 259
1394 3467 1586 3539 Capita
1618 3468 1805 3542 Cyrilli

225 3552 580 3622 conscripsit.
622 3552 756 3609 Item
781 3555 1154 3612 Ecclesiastica
1183 3559 1427 3624 historia,
1479 3569 1536 3615 et
1588 3577 1804 3617 rursum

224 3643 551 3713 Philotimus,
592 3646 699 3703 hoc
718 3658 821 3713 est,
848 3648 943 3704 Dci
974 3652 1270 3705 amantium
1298 3652 1542 3718 historia,
1595 3653 1647 3708 in
1700 3671 1806 3724 qua

225 3736 545 3793 institutum
617 3755 833 3806 eorum,
890 3742 984 3810 qui
1036 3751 1197 3797 aelate
1265 3758 1363 3796 sua
1403 3743 1571 3797 vit’am
1619 3754 1806 3800 sancte

224 3835 639 3899 transegerunt,
697 3832 1067 3903 persequitur.
1115 3833 1270 3887 Libri
1323 3842 1434 3889 tres
1498 3834 1575 3888 De
1619 3836 1807 3891 divinis

222 3917 561 3987 dogmatibus
596 3918 650 3972 in
699 3920 914 3992 dialogo
958 3923 1277 3993 conscripti.
1362 3923 1493 3995 Legi
1541 3934 1805 3997 praeterea

224 4020 390 4075 supra
418 4007 749 4077 quingentas
779 4010 898 4081 ejus
926 4010 1193 4082 Epistolas
1212 4011 1400 4067 Gneco
1435 4028 1683 4070 sermone
1706 4031 1807 4085 op-

224 4099 353 4154 time
375 4100 737 4169 compositas.

798 4253 1238 4294 OBSERVATIOXES.

1910 1843 2236 1910 utilitatem;
2296 1858 2365 1897 an
2406 1843 2688 1913 perierant
2725 1844 2839 1915 jam
2881 1851 3014 1897 tunc
3045 1841 3490 1899 elucubrationcs

1908 1942 2093 1998 tantm,
2121 1944 2215 1988 aut
2234 1933 2426 1989 haberi
2451 1933 2612 1989 facile
2632 1951 2740 1990 non
2763 1934 3094 2004 poterant",
3117 1933 3223 1989 etsi
3242 1932 3489 1988 studiose

1906 2025 2397 2095 conquirerentur;
2458 2042 2528 2079 an
2567 2025 2688 2080 aliis
2714 2025 3032 2081 auctoribus
3060 2039 3126 2080 ca
3154 2024 3321 2079 etiam
3349 2031 3488 2079 tem-

1906 2123 2117 2184 pestate
2140 2112 2436 2184 supposita:
2460 2113 2720 2170 fuerant?
3232 2174 3235 2177 λ

1977 2205 2063 2260 IV.
2102 2204 2320 2262 Omittit
2349 2206 2591 2277 denique
2620 2206 2997 2277 Pentalogium
3029 2214 3085 2262 et
3113 2204 3489 2261 defensionem

1907 2296 2132 2352 Diodori
2166 2307 2330 2367 atque
2364 2298 2666 2365 Theodori,
2703 2315 2737 2363 a
2758 2299 2965 2369 quibus
2988 2296 3265 2368 magistris
3290 2296 3483 2352 Nesto-

1909 2385 2026 2441 rius
2059 2386 2295 2443 haeresin
2322 2404 2477 2443 suam
2505 2388 2708 2453 hausit,
2742 2389 2872 2445 licet
2901 2386 3251 2443 Theodoreto
3278 2394 3488 2443 utrum-

1906 2493 2013 2548 que
2063 2493 2202 2548 opus
2253 2478 2503 2542 tribuat,
2567 2480 2767 2550 partim
2832 2496 2864 2534 ν
2908 2477 3152 2550 synodus
3191 2477 3484 2549 generalis,

1909 2569 2107 2639 partim
2150 2569 2485 2625 Theodoreti
2543 2572 2770 2641 aqualis
2811 2571 3016 2626 Marius
3049 2571 3344 2635 Mercator;
3386 2568 3484 2625 de-

1908 2661 2321 2732 fensionemque
2343 2664 3009 2734 aguoscatTheodoretus
3049 2678 3148 2735 pro
3195 2678 3316 2729 sua,
3360 2678 3487 2716 cum

1908 2752 1976 2806 ad
2000 2754 2263 2809 Irenaeum
2289 2755 2483 2810 scribit
2512 2756 2581 2809 ".

2124 2867 2152 2936 §
2182 2867 2246 2922 ν.
2294 2867 2616 2923 Ilebed-Jesu
2649 2869 2982 2939 metropolita
3011 2868 3273 2923 Sobensis.

1978 2956 2036 3010 In
2064 2958 2310 3028 catalogo
2334 2948 2605 3013 librorum
2624 2959 3029 3025 Chaldaeorum,
3052 2961 3148 3029 qui
3172 2960 3355 3015 Romae
3371 2959 3487 3014 edi-

1831 3070 1874 3128 c
1910 3055 1997 3100 tus
2023 3057 2107 3102 est
2135 3063 2280 3102 anno
2312 3050 2447 3104 1655
2480 3051 2549 3105 ab
2575 3049 2886 3105 Abrahamo
2917 3051 3487 3116 Ecehellensi,scribit

1908 3138 2257 3194 ched-Jcsu
2276 3140 2497 3212 Syrisce
2516 3140 2754 3196 delibris
2780 3141 3112 3196 Theodoreti
3149 3142 3201 3195 in
3225 3141 3341 3195 hanc
3361 3157 3489 3195 ver-

1906 3232 1973 3286 ba
2000 3250 2014 3285 :
2045 3231 2456 3287 «Theodoretus
2477 3232 2602 3303 Cyri
2637 3232 2945 3302 composuit
2965 3232 3165 3286 librum
3205 3231 3484 3298 Philol/cci,

1907 3330 1963 3376 et
2007 3323 2161 3377 illum
2209 3323 2304 3391 qui
2351 3332 2438 3378 est
2471 3323 2636 3396 260
2678 3321 2879 3378 Contra
2909 3323 3205 3392 Origcncm,
3239 3332 3296 3377 et
3318 3321 3487 3377 alium

1906 3415 2071 3469 etiam
2105 3413 2182 3467 De
2208 3412 2417 3483 politia,
2464 3424 2521 3470 et
2544 3412 2997 3470 Commentariun:
3022 3416 3077 3468 in
3102 3413 3398 3478 Danielem,
3431 3422 3489 3469 et

1905 3508 2308 3563 exactissimam
2348 3507 2751 3563 ecclesiasticam
2798 3506 3087 3560 Historiam
3112 3547 3126 3572 ,
3175 3507 3487 3578 Apologiam

1910 3618 2007 3670 pro
2038 3598 2283 3654 Patribus
2310 3600 2522 3663 nostris,
2552 3598 2771 3653 duobus
2801 3600 2985 3658 tomis.
3010 3597 3372 3652 Resolntiones
3398 3615 3488 3652 ca-

1910 3694 2076 3761 pitum
2097 3690 2304 3762 Cyrilli,
2341 3689 2540 3747 Contra
2568 3690 2898 3762 philosophos
2920 3698 3229 3749 tractatum.
3273 3690 3487 3759 plures-

1908 3798 2015 3852 que
2043 3782 2311 3852 Epistolas
2346 3783 2536 3837 multis
2564 3781 2795 3837 refertas
2821 3780 3247 3836 eruditionibus.

2482 3895 2925 3947 dnsnsvsriosss.

1981 3982 2103 4037 l.De
2122 3982 2462 4039 Hebed-Jesu
2483 3983 2598 4038 haec
2613 3982 2779 4038 habet
2796 3983 3171 4039 Ecchellensis
3189 3984 3485 4054 interpres:

1917 4074 2171 4130 «Genere
2214 4074 2321 4129 fuit
2359 4074 2669 4137 Chaldazus,
2725 4073 3063 4144 professione
3108 4075 3486 4140 Nestorianus,

1909 4165 2175 4235 dignitate
2206 4165 2530 4235 episcopus;
2578 4164 2747 4218 multa
2774 4164 2997 4233 scripsit
3019 4180 3186 4235 opera
3221 4164 3289 4219 ad
3314 4165 3487 4219 stabi-

1910 4255 2148 4309 liendam
2211 4255 2752 4324 confirmandamque
2806 4256 3183 4311 Nestorianam
3229 4256 3485 4312 haeresin.

293 4346 333 4400 l.
368 4348 608 4403 Vivebat
632 4349 982 4419 Nicephorus
1024 4365 1111 4402 xiv
1158 4350 1379 4411 smeulo,
1409 4349 1555 4402 circa
1602 4362 1806 4401 annum
1910 4344 1980 4398 At
2029 4343 2224 4398 divina.
2259 4344 2481 4399 tandem
2525 4345 2822 4415 aﬂ‘ulgente
2843 4346 3055 4418 gratia,
3109 4348 3177 4402 ad
3206 4347 3487 4403 meliorem

220 4435 433 4492 Christi
464 4439 623 4495 1525.
657 4439 839 4506 Quare
861 4439 1126 4495 credibile
1147 4448 1248 4503 est,
1272 4456 1381 4493 non
1404 4440 1509 4492 alia
1530 4438 1806 4493 exstitisse
1839 4419 1880 4475 θ
1910 4433 2066 4487 rediit
2107 4441 2367 4499 mentem,
2405 4435 2741 4506 Romamque
2774 4436 3052 4506 profectus
3082 4446 3165 4492 est
3195 4439 3304 4509 jam
3322 4452 3487 4493 senex

223 4535 356 4582 tunc
377 4530 674 4599 temporis,
694 4532 888 4586 saltem
916 4532 971 4586 in
994 4532 1330 4587 bibliotheca
1357 4532 1571 4583 Sanctae
1595 4530 1812 4598 Sophim
1913 4525 2015 4580 sub
2042 4525 2188 4581 Julio
2210 4526 2299 4591 III,
2335 4542 2548 4582 summo
2578 4528 2864 4598 pontifice,
2901 4529 2995 4584 ubi
3025 4530 3364 4585 Nestorianis
3388 4531 3487 4585 ab-

222 4628 280 4671 et
325 4620 479 4689 apud
528 4631 842 4687 acmmetas,
890 4622 1224 4678 Theodoreti
1266 4637 1455 4691 opera,
1501 4636 1665 4691 quam
1693 4636 1812 4688 quae
1906 4617 2105 4687 juratis
2156 4618 2463 4684 erroribus,
2521 4621 2843 4676 catholicam
2888 4622 3166 4693 professus
3187 4631 3271 4678 cst
3301 4622 3485 4676 iidem.

222 4720 505 4765 recenset.
535 4711 726 4766 Tradit
747 4714 896 4768 enim
914 4715 958 4746 “
982 4729 1062 4778 se,
1087 4729 1208 4784 quae
1232 4712 1344 4767 illic
1386 4720 1565 4773 erant,
1586 4710 1815 4778 diligcn-
1914 4709 2222 4778 Antequam
2260 4709 2621 4766 Nestorianus
2637 4729 2758 4767 esse
2785 4714 3084 4779 desineret,
3126 4721 3488 4769 contexucrat

224 4809 311 4854 ter
336 4802 640 4861 evolvisse:
679 4812 737 4859 et
762 4805 962 4859 rationi
990 4820 1292 4859 consonum
1320 4812 1423 4865 est,
1447 4812 1610 4856 tanta:
1636 4802 1811 4867 urbis,
1915 4801 2233 4871 (latalogum
2278 4801 2640 4872 scriptorum,
2701 4814 2808 4861 tam
2835 4821 3136 4870 sacrorum,
3167 4820 3330 4875 quam
3359 4821 3487 4874 pro-

222 4900 509 4962 tantzeque
527 4892 777 4949 Ecclesiae
796 4894 1125 4950 litterarium
1144 4895 1462 4949 thesaurum
1487 4892 1814 4947 noncaruis-
1915 4891 2186 4959 fanorum,
2209 4909 2444 4965 quorum
2468 4909 2634 4965 opera
2658 4896 2771 4951 suis
2788 4896 3129 4967 temporibus
3149 4896 3282 4968 Syra
3304 4896 3487 4966 lingua

223 4998 282 5037 se
333 4984 580 5054 vulgatis
629 5000 949 5055 magnorum
993 4988 1240 5040 virorum
1287 4986 1465 5040 libris.
1523 4984 1637 5039 Etsi
1664 4983 1810 5039 eiiim
1912 4970 2282 5051 legerentur.»

225 5084 386 5131 vetus
413 5077 508 5131 illa
553 5087 610 5131 et
646 5078 758 5147 jam
782 5078 911 5133 inde
958 5094 988 5132 a
1012 5079 1207 5149 primis
1240 5079 1388 5134 sedis
1436 5078 1812 5149 patriarchica:
1988 5074 2052 5128 II.
2087 5073 2260 5140 Quem
2293 5074 2491 5129 librum
2530 5076 2607 5130 ait
2638 5091 2669 5129 a
2700 5075 3052 5130 Theodorcto
3084 5082 3270 5128 contra
3295 5072 3457 5142 Orige

227 5169 584 5238 temporibus
612 5171 839 5226 collecta
872 5170 1202 5225 bibliotheca
1229 5171 1678 5241 conflagraverat,
1713 5185 1813 5223 cu-
1914 5181 2039 5220 nem
2085 5166 2349 5235 scriptum
2370 5182 2491 5220 esse
2510 5207 2524 5231 ,
2568 5167 2717 5222 hunc
2737 5167 2932 5237 opinor
2970 5182 3080 5222 non
3108 5167 3387 5219 diversum
3416 5164 3487 5218 ab

224 5261 371 5317 riose
396 5270 586 5317 tamen
632 5262 702 5317 ab
739 5262 1165 5333 imperatoribus
1189 5260 1350 5317 simul
1383 5269 1440 5315 et
1465 5260 1813 5330 patriarchis,
1918 5256 2271 5326 Expositione
2291 5257 2650 5325 Geneseos";
2686 5258 3146 5328 quemadmodum
3170 5257 3488 5313 neclibrum

1559 5372 1736 5429 SCIII.‘
1749 5370 1875 5425 L'LII
1917 5369 2149 5426 NOTAE.

294 5488 337 5518 ²¹
372 5486 503 5541 Vid.
565 5486 805 5568 infraue.
849 5489 901 5550 9,
937 5489 964 5559 §
993 5490 1015 5543 I
1056 5497 1110 5542 et
1138 5488 1192 5541 2.
1269 5489 1313 5520 ²¹
1338 5486 1456 5543 Vid.
1495 5501 1680 5610 suxra,
1724 5500 1777 5551 p.
1810 5485 1881 5540 98
1925 5491 1981 5538 et
2024 5484 2141 5538 115.
2219 5483 2265 5516 ’³
2293 5482 2590 5565 V'id.Pr:ef.
2622 5484 2675 5537 in
2710 5484 2805 5538 Ii'b.
2832 5500 2868 5537 ι.
2945 5482 2989 5515 ’⁸
3012 5483 3113 5538 Aut
3144 5485 3347 5549 haberi,
3377 5491 3483 5538 etc.

313 5557 462 5610 hanc
502 5566 834 5610 sententiam
871 5559 1100 5610 inclinat
1125 5556 1443 5610 Garnerius.
1486 5557 1546 5610 VI
1596 5596 1607 5607 .
1651 5554 1813 5610 infra.
1844 5570 1899 5610 ι).
1936 5555 2064 5610 271.
2166 5554 2211 5584 ²¹⁵
2247 5554 2417 5610 Epist.
2454 5553 2533 5607 I6.
2640 5555 2685 5585 "
2709 5553 3234 5608 Hunc—Canentis.
3267 5554 3483 5609 Prmslal

225 5557 281 5610 In
313 5557 462 5611 hanc
502 5557 834 5612 sententiam
871 5553 1100 5614 inclinat
1125 5556 1443 5613 Garnerius.
1486 5553 1607 5610 Vid.
1651 5554 1813 5617 infra,
1844 5570 1899 5623 p.
1936 5555 2064 5610 271.
2166 5554 2211 5584 ²¹⁵
2247 5554 2417 5622 Epist.
2454 5553 2533 5607 I6.
2640 5555 2685 5585 "
2709 5553 3234 5608 Hunc—Gemmas.
3267 5554 3490 5609 Prmslat

222 5628 545 5698 conjectura
584 5627 743 5698 Rich.
776 5628 985 5694 Simon,
1019 5627 1284 5698 scriptum
1339 5627 1505 5682 fuisse
1544 5629 1785 5689 ha’rcses,
1829 5624 2142 5694 imperitum
2167 5631 2348 5679 autem
2380 5623 2634 5687 scribam,
2676 5640 2784 5693 quo
2815 5623 3184 5678 Ecchellensis
3225 5637 3356 5679 usus
3382 5632 3486 5687 est,

225 5697 425 5767 legisse
475 5712 678 5751 nomen
712 5697 981 5771 Origenis.
