3952 6294
452 286 569 355 2H

1601 289 1977 352 GARNERII
2011 291 2506 352 DISSERTATIO
2546 293 2626 352 II.
3178 284 3183 289 ’
3613 289 3717 353 ΞΙΞ

470 400 539 455 de
579 398 773 455 Politia
819 397 1043 454 diﬁ‘erre
1091 414 1121 452 a
1164 396 1512 452 sermonibus
1565 398 1634 452 de
1673 400 2044 463 Providentia,
2078 405 2120 458 A
2222 401 2614 457 Haereticarum
2636 400 2943 456 fabularum
2976 402 3102 457 libri
3125 418 3197 457 Iv.

469 506 576 560 qua
629 492 775 546 Deus
821 491 1087 545 mundum
1130 490 1298 559 regit;
1362 492 1585 558 neque'
1615 490 1815 545 librum
1844 492 2044 547 Contra

469 581 799 653 philosophos
840 597 962 637 esse
987 582 1153 635 alium
1172 620 1186 644 ,
1244 593 1408 649 quam
1438 580 1523 634 vel
1554 596 1692 651 opus
1716 582 1794 636 De
1831 583 2045 639 (ἔπεσαν

470 676 598 728 nivis
614 673 965 745 affectionibus
990 672 1259 736 curandis,
1285 670 1370 725 vel
1385 669 1790 743 Responsionem
1817 675 1887 729 ad
1901 692 2046 745 quoe-

469 768 574 819 sita
605 781 904 835 magorum.

543 857 630 911 Ill.
667 856 840 922 Quam
870 866 1032 913 vocat
1058 857 1373 931 Apologiam
1404 877 1499 931 pro
1521 859 1791 923 Patribus,
1835 874 1898 914 ea
1929 861 2045 931 ipsa

468 957 553 1001 est
598 946 842 1018 Defensio
893 947 1112 1004 Diodori
1139 950 1408 1005 Tarsensis
1452 959 1499 1004 et
1526 951 1778 1005 Theodori
1801 950 2044 1022 Mopsue-

467 1039 624 1107 steni,
680 1040 838 1110 cujus
882 1039 1188 1111 fragmenta
1236 1042 1557 1097 referuntur
1606 1043 1660 1096 in
1707 1044 1897 1112 quinta
1930 1043 2046 1098 col-

471 1129 676 1186 latione
722 1148 757 1186 ν
790 1132 1024 1203 synodi,
1083 1134 1349 1204 cujusque
1386 1135 1636 1188 meminit
1667 1134 2048 1190 Theodoretus

469 1221 527 1275 in
553 1223 787 1292 epistola
820 1223 889 1277 ad
914 1224 1179 1279 lrenmum
1200 1226 1266 1277 ’⁷.
1324 1225 1403 1279 Eo
1430 1226 1534 1279 loci
1567 1225 1919 1279 Theodorum
1948 1242 2047 1296 ap-

472 1314 640 1383 pellat
669 1324 879 1385 patrem
913 1335 926 1370 :
957 1333 1080 1387 quae
1103 1333 1267 1371 causa
1291 1316 1416 1385 fuit,
1466 1334 1564 1372 cur
1597 1319 1741 1388 apud
1768 1319 2047 1373 Nestoris-

471 1421 572 1460 nos
619 1407 869 1478 apologia
913 1408 1194 1464 diceretur
1234 1409 1410 1475 edita,
1480 1427 1590 1465 non
1636 1427 1732 1481 pro
1771 1411 2045 1477 Nestorio,

473 1496 619 1565 quod
641 1497 1179 1555 Ecchellensisratus
1193 1509 1278 1555 est
1296 1517 1311 1566 ;
1332 1502 1427 1556 sed
1449 1517 1550 1572 pro
1571 1502 1846 1568 Patribus,
1870 1502 1924 1556 id
1943 1512 2046 1568 est,

475 1587 644 1642 totius
682 1588 909 1644 haeresis
955 1590 1278 1646 auctoribus
1300 1633 1313 1656 ,
1362 1592 1603 1647 Diodoro
1630 1602 1685 1647 et
1713 1593 2001 1649 Theodoro
2029 1609 2047 1649 :

2220 493 2544 548 Divinorum
2574 493 2923 547 decretorum
2951 492 3212 563 epitome.

2217 585 2292 640 De
2326 584 2676 639 Providentia
2706 584 2802 638 Dei
2837 599 3121 638 sermones
3142 601 3195 638 κ.

2215 676 2527 731 Graecarum
2551 676 2903 731 aﬂeetionum
2933 675 3237 731 curationis
3270 675 3400 730 libri
3425 693 3535 732 ιιι..

2217 766 2525 836 Appendix.

2751 876 2977 934 CAPUT
3002 878 3090 931 Ill.

2148 989 2396 1044 Recensio
2427 1003 2666 1057 operum,
2702 1005 2820 1058 qua;
2854 998 2993 1042 tomo
3023 990 3194 1058 primo
3221 988 3462 1042 editionis
3492 988 3727 1047 Sirmon-

2665 1061 2843 1112 diante
2875 1060 3233 1112 continentur.

2218 1171 2363 1227 Duas
2399 1171 2453 1224 in
2482 1181 2668 1242 partes
2701 1182 2883 1226 tomus
2905 1169 3117 1239 primus
3139 1168 3444 1224 dividitur:
3470 1169 3724 1241 inpriore

2147 1259 2540 1327 Octateuchus,
2565 1260 2693 1316 libri
2718 1262 2929 1331 Regum
2946 1268 3003 1313 et
3019 1258 3432 1328 Paralipomena
3448 1258 3722 1313 elucidan—

2151 1360 2270 1417 tur;
2308 1352 2364 1406 in
2401 1353 2709 1423 posteriore
2740 1350 3066 1407 Psalterium
3096 1357 3152 1404 et
3174 1349 3462 1405 Canticum
3486 1350 3724 1405 cantico-

2149 1460 2294 1498 ιἰιιιι.

2218 1536 2341 1590 Νοη
2386 1549 2496 1590 una
2545 1544 2798 1592 servatur
2848 1535 2905 1589 in
2948 1543 3183 1604 utraque
3208 1542 3363 1603 parte
3397 1534 3538 1588 ratio
3561 1535 3727 1589 inter-

2150 1626 2405 1698 pretandi
2459 1645 2473 1681 :
2521 1642 2650 1681 nam
2682 1626 2738 1680 in
2773 1626 2976 1695 priore,
3025 1641 3124 1694 per
3156 1625 3638 1694 interrogationem
3672 1636 3728 1680 et

472 1692 654 1788 “€938
674 1679 834 1788 Enim.
864 1681 1000 1784 alios
1023 1682 1347 1736 nominatim
1377 1683 1624 1739 defend“
1648 1684 2047 1742 Tl'eOdorems'
2079 1714 2122 1770 Β
2152 1679 2944 1788 ἷέέιλδῌείοιίθιῇψέιυκδίίοηθδ
2962 1679 3263 1785 ἀξιὼίειιω
3306 1679 3623 1780 solvuntur;
3673 1679 3727 1769 in

548 1769 635 1823 IV.
674 1769 923 1826 Meminit
952 1773 1182 1842 perinde
1212 1788 1276 1827 ac
1303 1773 1552 1839 Photius,
1586 1774 1958 1844 Expositionis
1992 1776 2045 1831 in

476 1858 778 1925 Danielem.
840 1878 951 1916 non
1001 1865 1132 1920 item
1195 1866 1252 1919 in
1287 1866 1426 1920 alios
1474 1868 1707 1934 majores
1731 1869 2045 1938 prophetas.

476 1947 745 2015 Quoniam
771 1952 1080 2009 lucubratio
1101 1955 1217 2011 haec
1233 1957 1453 2012 videtur
1483 1957 1536 2011 in
1558 1956 1778 2013 Oriente
1802 1975 1913 2029 prae
1928 1959 2051 2014 aliis

477 2040 648 2096 fuisse
689 2043 745 2098 in
786 2043 999 2113 pretio,
1050 2054 1343 2116 propterea
1370 2048 1515 2118 quod
1547 2048 1810 2104 adversus
1834 2050 2052 2106 Iudaeos

478 2131 820 2188 demonstrat
883 2134 1105 2205 impleta
1159 2151 1280 2192 esse
1333 2138 1402 2193 de
1450 2138 1669 2197 Christo
1734 2141 2051 2211 prophetica

478 2223 720 2288 oracula,
750 2239 817 2279 ea
842 2241 929 2280 me
958 2225 1100 2281 ratio
1147 2227 1375 2298 impellit
1408 2238 1470 2283 ut
1492 2230 1711 2285 credam
1741 2246 1849 2285 non
1903 2230 2052 2285 aliud

480 2327 513 2367 ι
542 2312 892 2371 Theodoreto
930 2318 1307 2388 conscriptum
1335 2335 1474 2390 Opus
1518 2320 1716 2376 Contra
1735 2319 2003 2376 Judteos'm
2035 2339 2050 2376 :

482 2401 648 2473 idque
674 2404 868 2460 videor
896 2406 1030 2460 mihi
1060 2407 1319 2478 colligere
1347 2424 1414 2463 ex
1438 2408 1666 2479 epistola
1688 2410 1809 2474 M5,
1839 2412 1905 2464 ad
1933 2425 2052 2465 mo-

480 2495 691 2552 nachos
702 2495 1362 2569 ConstantinOpolitanos,
1385 2508 1447 2555 ut
1468 2516 1570 2556 suo
1584 2502 1707 2556 loco
1726 2510 2051 2572 exponetur.

482 2608 639 2680 261
672 2606 806 2680 θνι.
829 2608 1138 2681 Prospectus
1159 2626 1376 2693 operum
1398 2611 1701 2667 Theodoreti
1722 2630 1754 2667 a
1773 2610 2054 2668 Sirmondo

1115 2682 1396 2737 editorum.

553 2791 685 2860 Quae
729 2794 1018 2861 Baronius,
1073 2796 1277 2866 aliique
1321 2812 1580 2852 censores
1614 2813 1841 2867 operum
1870 2796 2054 2853 Theo-

484 2884 686 2950 doreti,
733 2886 1167 2954 Centuriatores,
1206 2886 1395 2943 Sixtus
1417 2887 1695 2955 Senensis,
1728 2889 2056 2944 Possevinus

483 2986 540 3032 et
581 2976 942 3033 Bellarminus
982 2979 1323 3049 scripserint,
1370 2978 1707 3049 superﬂuum
1734 2987 1819 3035 est
1846 2980 2053 3035 descri—

484 3067 644 3134 bere,
700 3083 827 3124 cum
868 3070 1114 3141 ipsorum
1135 3070 1264 3125 libri
1292 3078 1542 3127 terantur
1572 3074 1846 3129 manibus.
1884 3072 2056 3140 Quam

486 3159 939 3217 distributionem
982 3161 1309 3218 Sirmondus
1350 3163 1561 3230 fecerit,
1610 3182 1790 3235 opera:
1818 3166 2059 3235 pretium

400 3300 405 3303 _
486 3258 574 3306 cst
594 3252 878 3317 exhibere,
903 3252 1160 3323 quoniam
1181 3269 1309 3308 eum
1331 3256 1577 3309 ordinem
1608 3257 1846 3312 secuturi
1870 3272 2059 3312 sumus

492 3342 548 3396 in
595 3342 948 3398 recensendis
988 3345 1268 3414 operibus,
1325 3363 1488 3417 quem
1529 3347 1615 3402 vir
1654 3348 2059 3404 eruditissimus

492 3435 548 3488 in
582 3434 1001 3491 distriliuendis.
1040 3436 1129 3492 Sic
1149 3452 1279 3508 ergo
1299 3439 1498 3494 habet:

491 3546 793 3602 Theodoreti
819 3564 1003 3618 opera,
1037 3565 1155 3619 quae
1195 3551 1253 3604 in
1288 3550 1507 3622 singulis
1535 3550 1685 3605 tomis
1707 3549 2056 3604 continentur.

1155 3653 1293 3696 TOMO
1322 3658 1360 3696 ι.

564 3751 904 3818 ρυωειίοηθε
938 3751 994 3807 in
1026 3751 1444 3808 Octateuchum.

562 3840 905 3907 Quaestiones
934 3840 991 3895 in
1016 3841 1190 3897 libros
1210 3843 1442 3914 Regum.

562 3930 904 3997 Questiones
937 3931 995 3986 in
1019 3932 1195 3988 libros
1216 3932 1695 4001 Paralipomenon.

563 4020 949 4092 Interpretatio
977 4022 1034 4077 in
1062 4035 1257 4077 omnes
1281 4019 1546 4074 Psalmos.

564 4111 955 4184 lnterpretatio
985 4113 1041 4167 in
1062 4111 1288 4169 Cantica
1310 4109 1677 4165 canticorum.

1167 4239 1306 4280 ’ΞῸΙΙΟ
1338 4239 1396 4278 ll.

559 4338 1041 4410 lnterpretationis
1068 4339 1124 4393 in
1148 4336 1345 4392 Isaiam
1374 4336 1637 4407 epitome.

562 4429 955 4502 lnterpretatio
987 4430 1046 4484 in
1073 4428 1391 4485 Jeremiam.

567 4518 955 4591 lnterpretatio
987 4521 1046 4574 in
1075 4519 1443 4575 Ezechielem.

575 4610 959 4682 Interpretatio
990 4610 1046 4665 in
1072 4609 1373 4664 Danielem.

584 4703 965 4775 interpretatio
996 4703 1051 4757 in
1076 4701 1367 4757 duodecim
1393 4700 1696 4770 Prophetas
1714 4701 1976 4756 minores.

1158 4831 1298 4870 ’1⁵01ίο
1332 4831 1410 4869 ΠΙ.

566 4929 848 5000 Expositio
878 4932 932 4985 in
957 4944 1148 4985 omnes
1169 4928 1444 4998 Epistolas
1475 4926 1621 4982 beati
1645 4924 1821 4981 Pauli.

568 5022 967 5077 Ecclesiasticm
997 5021 1244 5077 historiae
1275 5022 1403 5075 libri
1422 5038 1475 5075 ν.

572 5112 912 5177 Philotheus,
951 5128 1048 5168 seu
1076 5114 1331 5184 religiosa
1354 5110 1606 5167 historia.

571 5203 829 5272 Epistolas
856 5205 922 5259 ad
951 5205 1199 5261 diversos
1221 5221 1411 5260 cxu'n.

1240 5331 1312 5371 ΗΟ
1331 5331 1404 5372 ιν.

1240 5332 1277 5370 u
1331 5331 1349 5370 ι
1390 5357 1404 5372 .

569 5405 853 5463 Eranistes
884 5424 980 5464 seu
1014 5331 1430 5480 Polyrggrght‘is,
1461 5405 1660 5477 dialogi
1682 5421 1759 5460 Ill.

2150 1809 2456 1878 posteriore
2510 1807 2773 1864 solemnis
2816 1822 2937 1861 mos
2983 1806 3391 1861 commentandi
3437 1806 3724 1860 retinetur.

2151 1900 2307 1955 Prior
2352 1910 2439 1956 est
2466 1900 2798 1956 Theodoreti
2824 1901 2976 1956 senis
3004 1900 3159 1970 quasi
3188 1901 3592 1971 magisterium;
3630 1917 3728 1971 po-

2150 1988 2351 2045 sterior
2374 1992 2691 2062 incipientis
2712 1991 2959 2048 scribere
2986 1992 3137 2047 velut
3157 1992 3550 2048 rudimentum.
3579 1993 3729 2048 Illam

2150 2097 2181 2136 e
2202 2082 2391 2138 Graeco
2413 2083 2470 2137 in
2486 2084 2742 2138 Latinum
2763 2092 3050 2139 verterunt
3072 2084 3311 2139 Joannes
3330 2083 3492 2140 Picus
3514 2094 3569 2139 et
3591 2084 3732 2139 Gen-

2154 2174 2333 2228 tianus
2356 2173 2656 2240 Hervetus;
2712 2174 2872 2229 istam
2900 2175 3175 2229 Antonius
3196 2175 3391 2230 Carafa
3426 2184 3482 2229 et
3504 2175 3732 2229 Franci-

2153 2278 2281 2318 scus
2318 2264 2490 2320 Zinus
2543 2282 2556 2318 :
2606 2273 2898 2334 utramque
2922 2266 3260 2335 recognovit,
3296 2267 3393 2322 sed
3419 2266 3609 2337 paucis
3636 2265 3733 2320 ad-

2152 2357 2379 2412 modum
2403 2358 2726 2423 immutatis,
2747 2357 3094 2413 Sirmondus.

2156 2492 2246 2564 §I.
2284 2491 2362 2545 De
2386 2493 2826 2564 interpretation}
2850 2490 3182 2564 Octnteuchi,
3236 2489 3489 2544 librorum
3509 2487 3734 2559 Regum,

2693 2569 2743 2614 et
2772 2560 3240 2631 Paralipomenon.

2226 2675 2279 2729 Ι.
2347 2674 2866 2743 [interpretationem
2922 2674 2977 2728 in
3034 2673 3432 2729 Octateuchum
3493 2671 3740 2743 agnoscit

2156 2765 2540 2820 Theodoretus
2569 2765 2727 2835 262
2762 2774 2823 2819 ut
2850 2780 3026 2829 suam,
3060 2765 3113 2818 in
3138 2765 3456 2834 przefatione
3477 2764 3543 2817 ad
3567 2763 3742 2817 libros

2156 2856 2398 2926 Regum:
2428 2876 2447 2907 ‹
2472 2855 2744 2919 Quoniam
2775 2854 2958 2908 divina
2988 2854 3114 2908 freti
3141 2861 3155 2873 '
3180 2855 3352 2924 gratia
3390 2853 3742 2923 interpretati

2156 2964 2347 3005 sumus
2372 2949 2544 3002 libros
2566 2946 3107 3017 Mosislegislatoris,
3158 2958 3214 3000 et
3234 2947 3399 3002 Josue
3435 2947 3742 3016 prophetat,

2082 3040 2127 3101 C
2157 3048 2214 3094 et
2235 3039 2512 3103 Iudicum,
2535 3046 2593 3091 et
2612 3038 2761 3092 Ruth
2788 3054 2800 3090 :
2824 3052 2921 3107 age
2948 3036 3298 3106 splendorem
3330 3038 3497 3107 hujus
3516 3038 3667 3092 lucis
3690 3046 3746 3092 ut

2157 3128 2512 3198 accipiamus,
2541 3127 2742 3182 iterum
2766 3127 3141 3198 implorantes,
3166 3127 3505 3198 explicemus
3526 3127 3746 3200 Regno-

2156 3236 2279 3274 rum
2310 3219 2591 3282 historias,
2617 3238 2634 3264 ι
2669 3227 2774 3274 etc.

2226 3311 2292 3365 II.
2345 3309 2608 3381 Agnoscit
2655 3311 2864 3381 pariter
2914 3310 3427 3381 interpretationem
3474 3309 3532 3363 in
3570 3310 3744 3364 libros

2158 3399 2371 3470 Regum
2397 3399 2539 3454 libro
2564 3400 2744 3470 primo
2772 3400 3235 3471 Παραλιπομένων
3287 3418 3301 3453 :
3354 3419 3371 3450 ι
3407 3399 3743 3454 Musicarum

2160 3491 2653 3546 instrumentorum
2693 3491 3059 3546 differentiam
3102 3491 3341 3546 diximus
3379 3491 3432 3545 in
3458 3490 3622 3547 libris
3642 3493 3745 3547 Rc-

2159 3599 2309 3653 gum.
2335 3602 2353 3633 ι

2150 3678 2161 3693 ’
2229 3673 2318 3728 ΠΙ.
2378 3673 2454 3728 De
2511 3673 2769 3728 omnibus
2814 3673 2976 3727 simul
3023 3674 3139 3728 hac
3186 3673 3354 3728 habet
3398 3673 3740 3729 Photius”:

2169 3764 2326 3835 «Legi
2343 3764 2589 3835 ejusdem
2605 3763 2774 3818 divini
2791 3764 2895 3818 viri
2917 3764 3250 3819 Theodoreti
3272 3765 3329 3818 in
3343 3763 3744 3819 Octateuchum

2160 3853 2597 3924 explanationem
2615 3894 2630 3917 ,
2681 3869 2804 3923 qua:
2844 3853 3259 3923 inscriptionem
3285 3862 3443 3908 nacta
3467 3863 3554 3909 est
3584 3854 3742 3924 operi

2161 3953 2573 4016 congruentem,
2609 3944 2672 3999 In
2705 3944 2925 3998 obscura
2950 3953 2999 3997 et
3026 3945 3267 3999 abstrusa
3292 3942 3579 4014 Scriptura:
3605 3945 3741 4007 loca,

2163 4040 2220 4094 in
2250 4038 2452 4109 quibus
2477 4046 2625 4103 sunt,
2660 4046 2716 4092 et
2741 4037 2808 4091 ad
2837 4036 3009 4091 libros
3032 4036 3263 4106 Regum,
3293 4044 3350 4090 et
3372 4035 3440 4089 ad
3462 4034 3745 4104 Paralipo-

2100 4144 2105 4149 ί
2163 4146 2353 4197 mena;
2389 4130 2740 4184 utilissimum
2767 4137 2951 4183 autem
2980 4129 3036 4181 in
3064 4128 3256 4197 primis
3286 4128 3391 4181 hoc
3414 4142 3607 4196 opus,»
3632 4134 3741 4181 etc.

2235 4222 2324 4278 1V.
2367 4221 2668 4276 Postremis
2695 4221 2823 4274 vita:
2847 4219 3187 4289 temporibus
3215 4218 3335 4273 htec
3360 4218 3743 4272 Theodoretus

2166 4313 2477 4383 composuit
2518 4329 2532 4365 :
2576 4327 2703 4369 nam
2759 4311 2826 4365 de
2866 4310 3000 4381 ipsis
3031 4309 3088 4363 in
3121 4309 3274 4363 nullo
3297 4308 3408 4362 alio
3426 4323 3594 4377 opere
3626 4322 3741 4362 me-

2097 4375 2142 4431 D
2166 4375 2348 4467 minit,
2381 4418 2505 4457 cum
2542 4402 2597 4456 in
2632 4402 2720 4456 his
2754 4401 2859 4456 alia
2886 4375 3049 4471 plura
3080 4399 3337 4469 appellet.
3375 4375 3737 4464 Quaestione!

2167 4495 2227 4551 in
2247 4491 2573 4556 Leviticum,
2607 4507 2730 4560 qua:
2755 4499 2841 4545 est
2870 4490 2937 4544 de
2966 4505 3149 4555 causa,
3188 4505 3286 4543 cur
3310 4483 3455 4544 Deus
3478 4488 3744 4543 sacriﬁcia

2169 4586 2274 4642 sibi
2313 4583 2502 4638 oil'erri
2547 4582 2888 4651 praeceperit,
2942 4600 2961 4632 ι
3006 4581 3083 4635 De
3130 4581 3237 4645 his,
3269 4581 3469 4650 inquit,
3507 4579 3744 4635 diximus

2173 4676 2359 4731 multis
2386 4675 2441 4728 in
2473 4674 2629 4737 locis,
2656 4682 2771 4727 tum
2801 4672 2854 4726 in
2875 4672 2987 4738 his,
3011 4687 3134 4741 qua:
3162 4680 3353 4727 contra
3372 4671 3594 4727 Graecos
3614 4671 3745 4726 scri-

2173 4769 2403 4841 psimus,
2463 4777 2520 4822 et
2574 4766 2839 4820 adversus
2886 4764 3152 4831 haereses;
3218 4774 3334 4819 tum
3387 4764 3445 4819 in
3480 4764 3590 4829 his,
3626 4778 3746 4834 quae

2172 4863 2436 4917 adversus
2494 4874 2710 4929 magos;
2770 4866 3035 4927 praeterea
3066 4857 3123 4911 in
3149 4857 3590 4912 enarrationibus
3615 4871 3741 4927 pro-

2164 4955 2452 5025 phetarum
2474 4993 2487 5016 ,
2547 4958 2603 5004 et
2650 4951 2706 5002 in
2749 4948 3173 5018 apostolicarum
3200 4949 3566 5018 Epistolarum
3598 4963 3747 5003 com-

2167 5044 2471 5102 mentariis.

2244 5138 2556 5205 Quaestione
2590 5135 2659 5190 45
2707 5135 2761 5188 in
2802 5135 3002 5189 librum
3045 5135 3091 5190 ll
3140 5137 3380 5205 Regum,
3417 5149 3541 5189 cum
3563 5138 3747 5202 ageret

2177 5229 2240 5283 de
2266 5224 2584 5294 triumphali
2615 5224 2837 5295 hymno,
2874 5239 3038 5293 quem
3074 5224 3187 5278 Deo
3211 5222 3379 5277 David
3416 5228 3540 5291 post
3561 5220 3747 5273 hostes

2177 5319 2465 5388 ipsumque
2481 5313 2699 5368 Saulem
2721 5312 2997 5368 devictum
3018 5312 3219 5368 cecinit
3243 5330 3256 5364 :
3288 5331 3303 5362 ι
3322 5310 3597 5366 Consonat
3619 5323 3744 5361 cum

2177 5409 2386 5480 psalmo
2424 5421 2551 5471 xvu,
2610 5405 2693 5459 vel
2742 5406 2926 5475 potius
2972 5404 3115 5459 idem
3150 5412 3263 5467 est,
3311 5402 3521 5456 habens
3547 5412 3747 5470 paucas

1864 5544 2179 5602 SCHULZII
2217 5543 2455 5600 ΝΟΤιΕ.

571 5640 614 5712 ἴτ
646 5639 767 5696 Vid.
794 5642 954 5712 epist.
988 5641 1051 5697 16

500 5708 625 5765 204.

1147 5643 1190 5675 ’⁸
1221 5640 1477 5697 Eamdem
1524 5639 1847 5696 sententiam
1878 5640 2159 5709 amplexus
2183 5646 2267 5694 est
2297 5636 2526 5693 Cavcus.
2558 5636 2719 5690 Plura
2758 5635 2872 5690 vid.
2920 5634 3079 5701 infra,
3110 5649 3228 5703 cap.
3258 5632 3310 5698 9,
3341 5630 3367 5699 ἓ
3404 5632 3453 5684 4.
3531 5630 3575 5661 ²’
3602 5624 3718 5682 Cod
