3952 6294
182 301 281 366 213

1324 305 1424 365 DE
1463 306 1718 367 LIBRIS
1750 308 2261 369 THEODORETI-

3318 302 3423 366 2H

183 414 456 468 nominum
487 421 835 469 mutationes.
871 416 985 484 Ego
1005 422 1187 470 autem
1220 431 1343 470 cum
1375 418 1500 471 aliis
1526 418 1749 488 psalmis
1780 424 1821 480 Δ
1852 419 2018 475 habet
2048 421 2115 474 de
2140 419 2368 489 angelis,
2401 433 2604 487 eosque
2632 417 2793 471 docet
2823 424 3021 471 creata:
3049 430 3169 469 esse
3189 424 3420 480 naturae,

186 507 563 573 huncquoque
601 506 1014 575 interpretatus,
1065 520 1533 574 supervacaneum
1553 506 1743 561 existi-

187 601 315 654 mavi
346 595 642 653 secundam
668 610 996 664 componere
1022 594 1556 664 interpretationem.
1583 614 1597 643 ι

252 690 309 744 V.
343 687 804 743 Posteriorasunt
835 684 1001 755 igitur
1040 684 1201 739 libris
1234 684 1308 739 De
1332 685 1645 741 ercunicis
1666 683 1747 752 af-

189 778 472 850 fectionibus
514 775 759 830 curandis
785 816 801 836 .
855 774 1234 829 ereticarum
1280 773 1583 843 fabularum
1667 772 1749 827 Ad

180 872 390 941 quesita
423 883 719 940 magorum,
742 865 1101 929 Psalmorum,
1128 865 1533 937 Prophetarum.
1557 872 1612 920 et
1628 864 1751 934 Epi-

187 960 429 1015 stolarum
453 956 692 1029 Apostoli
714 973 731 1010 :
757 956 999 1010 nondum
1016 964 1165 1011 certe
1187 956 1492 1026 composita
1509 954 1748 1019 fuerant,

189 1068 300 1107 cum
325 1050 709 1105 Theodoretus
735 1047 1039 1113 scriberet,
1087 1048 1174 1102 vel
1200 1048 1441 1102 Eusebio
1464 1048 1752 1118 Ancyrano

197 1160 331 1199 anno
358 1142 483 1205 445,
520 1142 605 1196 vel
632 1148 821 1195 saneto
843 1138 1012 1193 Leoni
1040 1155 1185 1194 anno
1207 1139 1338 1204 M9;
1374 1140 1509 1195 alias
1532 1139 1599 1194 de
1619 1138 1753 1210 ipsis

191 1247 290 1286 non
333 1231 607 1293 siluisset,
662 1244 788 1284 eum
832 1227 901 1283 ad
941 1243 1056 1282 rem
1087 1243 1242 1283 suam
1268 1228 1513 1284 facerent
1544 1238 1605 1283 ut
1630 1244 1752 1298 quae

190 1323 433 1378 maxime.
838 1307 849 1316 ’

254 1413 334 1466 VI.
385 1411 545 1478 Quod
595 1420 778 1466 autem
837 1411 893 1464 in
944 1409 1142 1465 litteris
1174 1409 1245 1464 ad
1277 1409 1543 1464 Renatum
1572 1409 1668 1472 ait,
1696 1424 1755 1464 se

191 1519 382 1559 sacram
398 1503 743 1572 Seripturam
762 1503 1205 1571 interpretatum,
1223 1509 1283 1555 ut
1298 1500 1582 1555 indeﬁnite
1598 1499 1753 1564 dixit,

192 1596 258 1650 ita
276 1594 688 1665 intelligendum
716 1594 943 1664 perinde
966 1603 1132 1663 atque
1147 1601 1232 1647 est
1255 1592 1309 1646 in
1332 1592 1532 1647 litteris
1552 1592 1619 1647 ad
1635 1609 1758 1647 san-

192 1697 325 1740 ctum
348 1686 590 1741 Leonem
620 1702 727 1739 una
753 1684 955 1749 missis,
1003 1685 1079 1739 De
1116 1684 1452 1755 propheticis
1473 1685 1712 1740 oraculis
1740 1703 1753 1738 :

192 1790 289 1843 quo
314 1775 534 1829 nomine
568 1772 944 1844 signiﬁcantur
975 1772 1043 1827 de
1070 1787 1221 1827 more
1250 1773 1470 1838 Psalmi,
1506 1772 1750 1838 Cantica,
1792 1758 1828 1811 Β

191 1878 240 1921 et
262 1865 567 1934 Prophetas,
602 1865 717 1918 sive
741 1863 835 1933 qui
866 1864 1122 1933 majores,
1149 1863 1261 1918 sive
1288 1863 1381 1933 qui
1410 1865 1666 1919 minores.

256 1956 360 2010 VII.
415 1954 737 2025 Composita
784 1969 907 2009 esse
951 1962 1076 2023 post
1115 1953 1411 2008 concilium
1451 1954 1752 2009 Chalcedo-

192 2064 368 2114 nense,
395 2049 508 2103 imo
534 2057 659 2119 post
682 2062 886 2102 annum
906 2047 1033 2111 455,
1058 2054 1207 2101 certa
1235 2046 1374 2100 ratio
1393 2045 1752 2101 demonstrat.

193 2142 320 2195 Sunt
354 2140 503 2195 enim
561 2140 842 2194 elaborata
884 2146 1008 2209 post
1034 2138 1205 2193 libros
1227 2139 1470 2209 quinque
1492 2138 1567 2192 De
1585 2137 1757 2191 haere-

193 2230 363 2293 sibus,
420 2230 518 2299 qui
576 2229 702 2283 libri
764 2239 887 2299 post
945 2227 1243 2283 concilium
1305 2227 1755 2283 Chalcedonense

193 2338 323 2377 anno
342 2322 443 2377 453
465 2321 606 2377 editi
633 2321 844 2385 sunt“,
865 2328 927 2374 ut
945 2328 1139 2391 aperto
1161 2328 1485 2391 argumento
1504 2319 1756 2374 conﬁcie-

194 2422 273 2467 tur
303 2415 463 2484 paulo
491 2423 643 2483 post.

254 2506 405 2576 263
442 2506 586 2560 VIII.
621 2504 858 2561 Necesse
891 2512 977 2559 est
1011 2503 1177 2575 igitur
1223 2516 1540 2573 supremum
1586 2501 1757 2556 fuisse

194 2594 513 2650 Theodoreti
558 2595 826 2649 laborem.
894 2593 965 2649 Et
1001 2609 1137 2649 vero
1184 2608 1312 2648 cum
1341 2592 1409 2647 ad
1431 2593 1611 2663 ipsum
1634 2608 1758 2647 sus-

191 2688 496 2758 cipiendum
530 2687 909 2757 impelleretur
930 2686 1000 2741 ab
1023 2686 1276 2757 Hypatio,
1319 2684 1535 2739 infirma
1552 2685 1760 2739 valetu-

192 2779 307 2833 dine
354 2780 620 2834 utebatur
675 2796 687 2831 :
731 2794 896 2848 quam
946 2793 1047 2848 ego
1096 2778 1471 2837 inﬁrmitatem
1499 2817 1512 2840 ,
1566 2790 1762 2846 magna

193 2871 370 2926 saltem
415 2886 494 2925 ex
542 2880 715 2940 parte,
771 2869 1108 2938 interpretor
1147 2877 1511 2934 senectutem,
1548 2875 1665 2923 tum
1693 2882 1758 2921 ex

193 2962 403 3032 epistola
427 2964 451 3016 l
477 2962 560 3027 I5,
610 2961 704 3015 ubi
753 2960 948 3016 eadem
1005 2961 1119 3016 fere
1164 2961 1335 3016 verba
1381 2968 1759 3030 usurpantur:

196 3062 302 3108 tum
338 3070 405 3110 ex
450 3069 528 3110 eo
574 3053 722 3124 quod
770 3052 1061 3124 Hypatium
1097 3068 1208 3107 non
1245 3053 1357 3123 jam
1380 3053 1760 3125 presbyterum

198 3143 474 3210 duntaxat,
530 3155 585 3200 et
625 3144 1101 3214 chorepiscopum,
1153 3143 1249 3199 sed
1274 3142 1399 3216 Cyri
1426 3144 1765 3215 episc0punt,

200 3236 388 3290 παίδων
435 3236 701 3300 φίλτατον
751 3242 809 3291 et
853 3234 1267 3306 ἐρασμιώτατον
1302 3236 1571 3305 appellat;
1606 3250 1769 3305 quam

200 3326 445 3397 loquendi
484 3327 713 3381 formam
746 3326 861 3381 sola
888 3326 1037 3380 senis
1060 3324 1363 3389 hominem,
1386 3341 1547 3394 quem
1572 3325 1772 3379 educa-

201 3419 345 3485 verit,
379 3420 720 3490 alloquentis
746 3429 879 3474 aetas
908 3428 1134 3474 excusat
1175 3436 1186 3471 :
1225 3426 1338 3473 tum
1370 3419 1606 3488 denique
1631 3434 1771 3488 quo.

201 3511 336 3566 niam
366 3513 420 3566 in
452 3511 777 3582 praefatione
812 3512 880 3566 ad
909 3513 1083 3567 libros
1117 3512 1325 3582 Regum
1355 3512 1573 3576 scribit,
1611 3528 1669 3566 se
1702 3511 1770 3566 ad

203 3602 331 3659 hanc
359 3606 530 3662 etiam
560 3613 774 3675 partem
800 3604 1186 3674 perﬁciendam
1209 3604 1494 3667 accedere,
1545 3621 1608 3657 ne
1637 3606 1770 3675 peli-

203 3698 380 3752 tionem
409 3696 632 3770 Hypatii
661 3695 1022 3767 imperfectam
1044 3694 1331 3765 relinquat,
1359 3703 1534 3749 morte
1564 3694 1774 3749 scilicet

202 3799 524 3858 praeventus.

265 3880 353 3935 IX.
389 3880 603 3951 Opinor
632 3880 800 3951 igitur
850 3881 1003 3950 operi
1040 3888 1192 3936 tanto
1224 3890 1506 3936 auctorem
1541 3896 1652 3935 non
1677 3880 1771 3935 diu

204 3974 554 4044 superstitem
582 3972 787 4029 fuisse:
816 3989 993 4042 neque
1017 3972 1165 4029 enim
1193 3973 1401 4028 absolvi
1422 3974 1598 4044 potuit
1617 3973 1771 4028 brevi

205 4074 438 4136 tempore
462 4106 479 4133 ,
525 4064 622 4120 sed
650 4064 908 4119 diuturna
932 4063 1317 4130 meditatione;
1362 4064 1634 4134 siquidem
1664 4081 1775 4119 me-

205 4156 436 4222 dullam,
493 4166 555 4212 ut
600 4157 673 4211 ita
699 4157 921 4227 loquar,
974 4156 1343 4227 intelligentia:
1366 4157 1773 4227 Scripturarum

208 4247 477 4304 contineat
505 4265 519 4301 :
542 4248 611 4302 ad
646 4263 784 4318 opus
809 4254 992 4301 autem
1021 4247 1252 4301 accessit
1277 4254 1401 4315 post
1424 4242 1627 4300 annum
1649 4247 1772 4308 455,

207 4338 388 4393 obiit"
422 4355 576 4394 anno
596 4340 721 4405 457,
752 4347 848 4394 aut
870 4337 993 4393 458.

1847 521 2011 580 atque
2048 512 2418 580 incorporeas,
2469 508 2564 565 sed
2596 520 2779 563 tamen
2815 506 3273 575 circumscriptae;
3308 505 3423 558 sin-

1846 600 1987 669 gulis
2007 599 2343 662 hominibus,
2367 599 2476 653 imo
2495 609 2552 652 et
2571 597 2844 668 gentibus,
2864 612 3025 651 suum
3045 611 3166 650 esse
3184 595 3425 664 assigna-

1850 697 1964 741 tum
2014 689 2330 754 custodem;
2388 690 2442 743 in
2486 690 2607 744 loco
2637 703 2779 752 esse,
2824 688 2953 757 quia
2992 686 3423 755 circumscripti;

1850 776 1903 830 in
1938 787 2212 846 tempore,
2250 778 2378 846 quia
2412 779 2612 842 creati;
2649 793 2774 831 cum
2802 777 2941 832 cmlo
2969 784 3025 830 et
3052 784 3196 828 terra
3227 775 3420 837 factos,

1850 885 2161 938 (maliquam
2219 884 2328 923 non
2375 870 2448 923 sit
2493 879 2682 924 contra
2717 869 2944 923 verbum
2968 867 3206 937 pietatis,
3245 866 3429 920 dicere

1852 972 1975 1017 ante
2001 963 2199 1017 coelum
2235 973 2290 1018 et
2315 971 2515 1017 terram
2549 980 2670 1018 esse
2694 963 2964 1017 Conditus.

1924 1052 2037 1107 XII.
2074 1054 2385 1120 Quaestione
2415 1055 2505 1117 I9,
2543 1071 2667 1109 cum
2694 1055 3152 1123 interpretaretur
3170 1052 3284 1106 haec
3308 1066 3431 1103 ver-

1855 1142 1921 1196 ba
1970 1160 1983 1196 :
2017 1142 2295 1198 Faciamus
2319 1146 2582 1198 hominem
2614 1144 2682 1199 ad
2706 1146 3043 1213 imaginem‘,
3067 1151 3200 1204 ete.,
3232 1141 3427 1195 catho-

1852 1233 2014 1288 licam
2068 1233 2136 1289 de
2189 1235 2565 1290 incarnatione
2604 1235 2911 1288 doctrinam
2946 1233 3211 1294 ostendit,
3268 1232 3425 1300 quasi

1858 1333 2187 1379 testamento
2215 1324 2373 1380 iidem
2399 1342 2554 1379 suam
2582 1326 2931 1395 consignans.
2965 1324 3099 1377 Cum
3128 1322 3274 1376 enim
3301 1337 3430 1390 pro-

1856 1416 2065 1471 miscue
2112 1417 2402 1485 πρὸσωπον
2443 1426 2498 1469 et
2537 1417 2833 1469 ὑπόστασιν
2864 1423 3183 1484 usurpasset
3214 1413 3282 1467 de
3307 1412 3430 1466 Tri-

1858 1508 2030 1562 nitate
2052 1508 2367 1572 disserens,
2421 1516 2587 1576 atque
2616 1507 2755 1561 adeo
2778 1506 3111 1560 ostendisset
3149 1520 3207 1558 se
3234 1519 3432 1558 nomen

1862 1598 2152 1668 προσώπου
2183 1615 2345 1653 sensu
2369 1600 2594 1670 physico
2611 1598 2885 1667 accipere,
2906 1598 3019 1651 haec
3038 1597 3234 1650 habet:
3256 1616 3273 1645 ‹
3295 1596 3437 1649 Deus

1859 1691 1951 1759 qui
1994 1692 2287 1760 praenoscit
2321 1691 2525 1745 omnia.
2557 1706 2679 1759 qua:
2705 1689 2949 1742 nondum
2979 1689 3116 1741 facta
3143 1695 3290 1749 sunt,
3314 1696 3436 1739 tan-

1859 1797 2024 1851 quam
2062 1783 2172 1852 jatn
2205 1782 2376 1845 facta,
2426 1791 2482 1836 et
2513 1781 2607 1850 qui
2638 1780 2976 1850 praevidehat
3004 1777 3435 1834 incarnationem

1859 1883 1915 1928 et
1944 1873 2453 1927 inhumanationem
2484 1872 2762 1942 Unigeniti
2786 1912 2799 1935 ,
2836 1872 3097 1940 quodque
3125 1885 3191 1923 ex
3216 1868 3436 1937 Virgine

1860 1966 2109 2020 eamdem
2148 1973 2401 2018 naturam
2437 1972 2760 2033 sumpturus
2789 1971 2937 2015 esset
2961 2002 2973 2023 ,
3018 1975 3179 2030 quam
3206 1959 3311 2012 sibi
3342 1974 3438 2012 co-

1861 2063 2073 2124 aptaret
2122 2063 2179 2108 et
2221 2053 2407 2108 uniret
2445 2056 2461 2072 '
2500 2054 2598 2115 sic,
2641 2061 2701 2106 ut
2729 2068 2833 2105 una
2860 2066 3089 2120 persona
3128 2048 3224 2102 Dei
3254 2056 3310 2101 et
3335 2048 3438 2101 ho-

1862 2146 2025 2200 minis
2053 2145 2408 2215 intelligatur,
2452 2152 2507 2199 et
2536 2159 2641 2198 una
2665 2142 2963 2210 eademque
2987 2141 3061 2194 illi
3092 2138 3339 2193 adoratio
3369 2137 3439 2192 ab

1862 2236 2121 2290 universa
2145 2248 2399 2290 creatura
2429 2234 2765 2296 deferatur,»
2794 2241 2905 2286 etc.

1930 2326 2062 2380 Inde
2102 2325 2160 2379 [it
2195 2325 2420 2395 evidens
2468 2326 2732 2379 adversus
2774 2321 3193 2377 Severianorum
3229 2320 3439 2373 calum-

1862 2418 2031 2480 niam,
2060 2431 2224 2486 quam
2243 2417 2456 2472 sincera
2478 2414 2646 2470 fuerit
2670 2411 3000 2468 Theodoreti
3026 2411 3293 2482 professio
3313 2409 3441 2464 ﬁdei

1864 2509 2002 2563 facta
2021 2507 2390 2570 Chalcedone,
2433 2522 2709 2576 quamque
2729 2503 2893 2576 264
2910 2518 2977 2557 ex
2995 2502 3180 2558 animo
3204 2499 3442 2557 Nestorii

1864 2596 2213 2666 dogmatibus
2238 2596 2524 2651 anathema
2551 2596 2772 2650 dixerit.
2910 2666 2915 2673 ο

1934 2686 2247 2753 Ουῑρειίοῐιθ
2272 2687 2364 2750 20,
2417 2702 2540 2756 qua:
2575 2696 2661 2741 est
2706 2686 2775 2740 de
2814 2684 3176 2740 similitudine
3206 2680 3445 2736 hominis

1866 2796 1990 2833 cum
2021 2780 2155 2842 Deo,
2185 2779 2493 2834 aﬂ‘eruntur
2522 2778 2764 2841 Diodori,
2793 2777 3069 2832 Theodori
3095 2784 3147 2830 et
3191 2773 3446 2844 Origenis

1869 2871 2203 2933 testimonia,
2259 2885 2382 2939 quas
2434 2869 2752 2925 nonnemini
2784 2870 2897 2923 visa
2924 2875 3052 2921 sunt
3080 2882 3187 2920 non
3210 2882 3239 2919 a
3262 2865 3443 2918 Theo-

1868 2963 2061 3016 doreto
2100 2963 2306 3016 inserta
2320 2961 2384 3025 ",
2438 2959 2534 3015 sed
2561 2961 2630 3014 ab
2656 2960 2786 3020 alio.
2820 2967 3108 3028 propterea
3141 2956 3287 3025 quod
3323 2964 3447 3024 post

1870 3053 2177 3124 argumenti
2219 3051 2598 3105 tractationem
2638 3059 2697 3105 et
2729 3050 3053 3119 opinionum
3098 3047 3217 3101 sine
3254 3055 3446 3100 aucto-

1872 3164 1990 3200 rum
2014 3145 2234 3199 nomine
2265 3144 2611 3205 relationem,
2647 3158 2756 3196 non
2786 3140 3081 3195 admodum
3115 3140 3271 3193 utilia
3296 3147 3443 3192 sunt.

1872 3240 2071 3291 Verum
2124 3251 2247 3290 cum
2291 3233 2458 3288 iidem
2505 3232 2838 3301 interpretes
2890 3230 3184 3284 laudentur
3222 3229 3276 3283 in
3311 3245 3446 3283 eon-

1870 3328 2232 3399 sequentibus
2275 3323 2756 3395 quaestionibus“,
2816 3321 3076 3377 existimo
3128 3321 3448 3376 Theodore-

1874 3428 1988 3473 tum
2033 3417 2295 3472 habuisse
2345 3415 2399 3469 in
2437 3414 2642 3473 animo,
2696 3412 2760 3466 ad
2789 3412 3118 3481 insigniores
3141 3411 3294 3465 locos
3319 3426 3447 3479 pro-

1872 3510 2019 3564 ferre
2066 3518 2342 3565 tantorum
2385 3506 2630 3560 virorum
2682 3505 3031 3569 sententias;
3091 3502 3188 3557 sed
3243 3502 3450 3556 laboris

1873 3600 2272 3671 magnitudine,
2305 3598 2453 3654 unde
2478 3604 2753 3653 cresceret
2779 3611 2940 3666 Opus,
2968 3594 3118 3666 quod
3143 3594 3310 3649 breve
3330 3610 3449 3648 esse

1873 3694 2143 3755 voluerat,
2175 3691 2504 3746 deterritum
2530 3687 2887 3743 abstinuisse.

1942 3782 2083 3838 XIII.
2118 3782 2429 3848 Quaestione
2457 3779 2528 3834 58
2562 3779 2617 3833 in
2649 3775 3161 3839 Deuteronomium,
3209 3788 3334 3828 cum
3363 3771 3448 3826 in-

1876 3882 2276 3947 terpretaretur
2302 3872 2502 3943 capitis
2522 3887 2644 3926 xxrx
2669 3878 2727 3925 et
2746 3886 2852 3924 xxx
2881 3867 3297 3923 maledictiones
3327 3878 3453 3933 pec-

1875 3966 2131 4023 cantibus
2164 3965 2485 4024 intentatas,
2519 3971 2578 4017 et
2605 3960 3024 4015 benedictiones
3053 3955 3453 4026 paenitentibus

1876 4059 2072 4121 factas,
2125 4054 2370 4110 ostendit
2421 4050 2645 4113 Judzeis,
2698 4063 2841 4116 διξερε
2885 4046 3017 4101 olim
3068 4051 3191 4112 post
3231 4049 3452 4110 peccata

1877 4147 2132 4204 contritis
2185 4145 2369 4200 datam
2407 4156 2528 4196 esse
2561 4138 2801 4201 veniam,
2836 4152 2947 4200 non
2970 4134 3139 4187 fuisse
3162 4146 3306 4185 vero.
3330 4140 3455 4199 post

1876 4239 2120 4295 occisum
2137 4235 2438 4291 Christum.
2473 4250 2490 4281 ι
2511 4230 2568 4284 Id
2586 4227 2887 4297 saepissime
2906 4224 3110 4279 factum
3128 4232 3231 4284 est,
3252 4221 3451 4288 inquit.

1878 4340 1941 4386 ut
1979 4328 2283 4383 clarissime
2329 4332 2483 4394 patet
2535 4336 2602 4376 ex
2640 4318 2785 4372 libro
2818 4316 3096 4379 Iudicum,
3139 4322 3196 4368 et
3225 4312 3454 4366 historia

277 4430 342 4484 Χ.
379 4431 601 4487 Dictum
641 4403 930 4496 hactenus,
983 4448 1095 4501 quo
1127 4440 1392 4501 tempore,
1436 4444 1547 4499 quo
1574 4428 1773 4498 impul-
1809 4447 1851 4500 ο
1880 4424 2195 4492 Regnorum
2236 4427 2294 4473 et
2323 4414 2800 4485 Paralipomenon.
2854 4409 3049 4465 Postea
3070 4421 3204 4501 vero
3232 4404 3327 4475 qui
3358 4403 3455 4458 de-

211 4535 347 4584 sore,
383 4531 440 4577 et
463 4538 572 4591 qua
602 4521 671 4576 de
709 4537 872 4577 causa
907 4536 1048 4591 opus
1072 4520 1217 4575 istud
1244 4528 1557 4588 susceptum
1590 4518 1661 4572 sit
1692 4525 1773 4572 att

210 4627 310 4680 que
351 4613 521 4668 etiam
568 4613 878 4667 absolutum
937 4630 949 4664 :
1003 4627 1150 4666 nunc
1192 4626 1292 4664 cur
1316 4609 1423 4663 alia
1450 4606 1777 4678 explanandi

211 4700 400 4765 forma,
432 4719 596 4771 quam
626 4719 732 4772 qua
768 4702 820 4755 in
840 4701 985 4764 aliis,
1018 4716 1150 4757 usus
1173 4700 1263 4764 sit,
1298 4700 1566 4754 rationem
1595 4698 1776 4759 ali‘ert,

209 4794 352 4861 quod
384 4794 457 4846 sit
490 4794 693 4858 utilior,
731 4792 876 4863 quod
916 4793 990 4847 sit
1019 4792 1271 4860 exemplo
1296 4789 1498 4846 Christi
1527 4788 1776 4846 similior.

210 4882 352 4949 quod
409 4883 612 4938 fastidii
650 4884 833 4937 minus
874 4883 1130 4952 taediique
1169 4882 1398 4942 habeat;
1456 4880 1658 4935 addere
1684 4893 1782 4949 po-

215 4982 390 5035 terat,
450 4975 494 5029 si
537 4976 803 5030 modestia
830 4975 1073 5039 sivisset,
1118 4974 1266 5044 quod
1296 4972 1575 5027 eruditum
1597 4985 1783 5027 senem

216 5065 383 5133 magis
409 5066 622 5121 deceat.

282 5154 370 5210 XI.
424 5157 737 5223 Qauestione
768 5158 821 5221 2,
857 5158 890 5210 5
929 5166 985 5211 et
1020 5158 1052 5211 ι
1089 5157 1143 5211 in
1184 5156 1441 5217 Genesin,
1480 5170 1787 5210 sermonem

285 5266 310 5350 λ
340 5312 475 5367 Gen.
512 5329 547 5369 ι,
572 5312 661 5365 26.

1883 4509 2135 4567 bacchati
2165 4509 2384 4564 fuerant
2412 4508 2468 4562 in
2500 4506 2864 4566 Salvatorem,
2916 4501 2972 4555 in
2999 4499 3313 4555 universam
3345 4505 3455 4548 ter-

1881 4618 1995 4657 ram
2042 4609 2101 4657 et
2142 4616 2293 4656 mare
2324 4598 2560 4669 dispersi
2609 4604 2760 4661 sunt,
2813 4602 2869 4650 et
2916 4609 3042 4647 cum
3071 4586 3454 4661 quadringenti

1881 4696 2008 4750 anui
2036 4692 2372 4753 eIIquerint,
2400 4707 2511 4745 non
2535 4697 2666 4744 sunt
2691 4684 3096 4741 revocationem
3120 4678 3452 4737 consecuti.»

1880 4788 2323 4857 Quadringentos
2371 4799 2546 4837 annos
2591 4780 2776 4851 posuit
2823 4791 3057 4833 numero
3086 4774 3319 4841 integro,
3356 4768 3458 4822 etsi

1881 4882 2140 4934 deessent
2161 4876 2289 4931 anni
2315 4875 2403 4938 l7,
2429 4881 2722 4945 propterea
2743 4869 2890 4940 quod
2914 4873 3102 4923 exacta
3124 4861 3463 4931 computatio

1885 4971 2023 5025 nihil
2051 4968 2259 5023 faceret
2288 4965 2354 5020 ad
2386 4980 2501 5019 rem
2528 5004 2542 5025 ,
2590 4960 2865 5030 siquidem
2894 4963 3176 5026 comparat
3205 4950 3465 5021 pristinas

1888 5059 2073 5130 popu'i
2110 5055 2323 5113 Iudaici
2364 5054 2661 5110 servitutes
2691 5067 2817 5106 cum
2850 5055 3143 5119 postrema,
3174 5059 3294 5113 qua:
3320 5055 3460 5110 qua-

1890 5152 2150 5208 rumlibet
2192 5149 2421 5203 aliarum
2469 5144 2819 5200 duralionem
2867 5154 3130 5209 superare
3184 5135 3318 5189 satis
3363 5132 3462 5184 des

1532 5421 1838 5478 δεςιιιίλιι
1882 5421 2110 5475 NU'I‘J‘I.

295 5632 433 5710 ’iita
460 5633 578 5710 fere
615 5648 885 5710 supra,_p.
924 5635 1246 5710 290mg”.
1276 5634 1345 5710 _"‘
1376 5633 1494 5686 Vid.
1520 5649 1701 5710 supra,
1728 5648 1759 5699 p

1873 5632 1939 5683 Π,
2022 5632 2061 5660 ³³
2096 5632 2216 5681 νίιι.
2243 5632 2517 5710 Ουσῖιηξιρι
2649 5632 2832 5710 in»:
2865 5632 2917 5696 ῖς

222 5699 271 5733 δ’
300 5686 431 5758 Cum
453 5686 638 5769 iidem,
671 5686 864 5757 ἑιρίιῆ
891 5686 1425 5773 ρῖἰνηιίέτῑιέοόοτυδ
1466 5711 1517 5755 et
1549 5686 1764 5756 Diodori

1873 5702 1990 5754 Vid.
2024 5699 2059 5753 I.
2098 5714 2145 5751 c.
2184 5703 2373 5765 quaeet.
2412 5692 2500 5751 '2],
2532 5691 2620 5752 ‘22,
2651 5686 2738 5749 523'»,
2769 5686 2854 5743 ιε,
2894 5686 2980 5749 59,

2022 5630 2061 5660 ³²
2096 5627 2216 5681 Vill.
2243 5623 2517 5679 Oudinum
2552 5618 2623 5671 Pr
2649 5616 2829 5679 νήνι.
2865 5632 2933 5665 m
2952 5613 3068 5671 15‘s.,
3091 5622 3129 5663 t.
3155 5611 3195 5675 I,
3222 5626 3276 5681 p.
3308 5608 3461 5673 1068,

2024 5699 2036 5729 1
2099 5714 2125 5729 ,τ
2184 5703 2350 5729 mnum
2412 5692 2470 5729 ν)Ι
2532 5691 2601 5729 ‘9".
2651 5686 2854 5729 “23-18-
2894 5685 2978 5729 5‘)-
3030 5687 3146 5729 ἔω..

3029 5708 3102 5737 ιπς,
3142 5722 3146 5726 .
