3952 6294
537 297 642 362 215

1631 309 2009 369 GARNERII
2047 307 2542 372 DISSERTATIO
2582 312 2663 370 Il.

3680 293 3780 364 216

537 409 990 478 prehenderetur.
1035 414 1140 469 etsi
1187 414 1254 468 de
1299 414 1716 486 quadringentis
1740 419 1899 472 annis
1925 419 2111 488 plures
2139 426 2180 478 Α
2213 421 2390 488 gratia
2439 420 2635 473 factam
2697 416 2912 472 assidue
2968 411 3338 475 versantibus,
3369 409 3590 480 plurimi
3645 414 3782 466 testi-

535 515 701 566 quam
735 502 1128 570 septemdecim
1156 503 1604 560 detraherentur.

534 591 562 662 §
584 591 650 646 II.
676 592 1043 663 Interpretatio
1067 595 1121 648 in
1146 594 1386 649 Psalmos
1409 605 1614 650 centum
1636 607 1685 650 et
1706 599 2107 669 quinquaginta.

606 683 646 736 ,l.
710 683 1094 750 Theodoretus
1153 686 1628 757 interpretationis
1685 688 1741 741 in
1788 688 2113 742 Psalterium

536 773 784 827 meminit
807 789 1061 843 expresse
1092 775 1146 829 in
1171 777 1412 846 Epistola
1446 778 1513 832 ad
1541 778 1837 833 Eusebium
1864 777 1928 843 ³¹’,
1948 789 2112 847 atque

532 863 698 916 etiam
715 865 1018 932 quaestione
1040 867 1110 921 45
1142 870 1198 921 in
1226 867 1428 922 librum
1450 868 1494 922 ll
1525 869 1757 939 Regum.

602 952 666 1006 II.
702 952 956 1023 Suscepit
978 955 1146 1026 igitur
1169 957 1224 1011 id
1251 959 1433 1027 operis
1455 967 1580 1013 ante
1603 975 1805 1014 annum
1823 959 1955 1023 455;
1985 974 2110 1012 nam

531 1059 656 1097 cum
681 1045 951 1100 scriberet
971 1062 1114 1101 anno
1135 1049 1239 1103 445
1265 1050 1332 1104 ad
1353 1050 1676 1115 Eusebium,
1708 1051 1875 1105 tradit
1898 1066 1956 1104 se
1985 1057 2111 1104 ante

532 1135 823 1190 duodecim
847 1153 1022 1193 annos
1047 1138 1348 1194 confecisse
1396 1141 1568 1196 libros
1613 1157 1754 1211 quos
1792 1149 2108 1206 enumerat;

529 1237 819 1282 enumerat
841 1245 972 1284 vero
1001 1231 1244 1285 secundo
1268 1232 1388 1286 loco
1411 1233 1664 1288 Psalterii
1689 1233 2106 1303 expositionem.

530 1315 790 1382 Quamvis
840 1318 945 1374 hoc
987 1329 1373 1390 argumentum
1419 1323 1703 1391 probabile
1746 1323 1820 1376 sit
1867 1336 2110 1391 veroque

531 1406 729 1466 simile,
786 1407 953 1462 debet
988 1417 1170 1463 tamen
1223 1410 1431 1464 dictum
1475 1410 1808 1465 Theodoreti
1855 1411 2112 1480 restringi

529 1497 597 1551 ad
620 1497 836 1567 priores
860 1499 1055 1563 libros,
1103 1515 1243 1569 quos
1268 1510 1520 1556 recenset
1562 1519 1576 1554 :
1615 1517 1742 1556 nam
1767 1501 2108 1565 Philotheus,

527 1589 621 1657 qui
652 1597 963 1658 postremus
986 1592 1322 1657 nominatur,
1355 1594 1446 1647 vix
1469 1605 1596 1649 ante
1620 1609 1824 1648 annum
1845 1593 1951 1648 445
1979 1593 2112 1648 scri-

527 1690 654 1750 ptus
680 1680 786 1735 dici
815 1690 1012 1751 potest,
1044 1691 1106 1737 ut
1135 1698 1235 1738 suo
1257 1683 1378 1739 loco
1407 1684 1896 1739 demonstrabitur.

2215 521 2358 565 mata
2398 513 2467 566 sit
2489 512 2554 565 ".

2285 603 2396 656 VII.
2424 601 2677 657 Ostendit
2707 601 2894 662 etiam,
2927 613 3091 668 quam
3117 596 3384 650 rationem
3425 595 3480 648 in
3507 608 3780 662 exponen-

2215 692 2298 746 dis
2328 693 2560 747 Psalmis
2585 699 2787 754 teneat,
2817 698 2874 745 et
2905 704 3070 759 quam
3100 687 3170 741 ob
3209 699 3452 740 causam.
3493 703 3510 735 ι
3553 682 3688 738 Cum
3729 685 3780 738 in

2213 780 2394 834 varios
2433 779 2751 834 incidissem
2780 775 3224 838 commentarios,
3255 773 3350 844 qui
3388 773 3588 843 partim
3621 773 3675 826 in
3703 773 3780 826 al-

2213 872 2474 942 legoriam
2511 875 2528 893 '
2569 886 2696 926 cum
2746 870 2919 924 multa
2970 867 3219 923 satietate
3278 865 3532 929 abibant;
3586 863 3778 932 partim

2213 978 2345 1016 vero
2388 962 2731 1032 prophetiam
2777 959 3106 1030 quibusdam
3145 955 3394 1011 historiis
3435 955 3514 1008 sic
3557 953 3778 1021 adapta-

2212 1054 2364 1118 bant,
2398 1062 2458 1107 ut
2485 1053 2688 1108 Iudaeis
2731 1053 2916 1122 potius
2959 1049 3339 1120 interpretatio
3369 1045 3777 1116 suffragaretur,

2212 1159 2375 1214 quam
2402 1143 2528 1197 ﬁdei
2563 1142 2826 1196 alumnis:
2859 1140 3076 1195 solertis
3098 1154 3219 1194 esse
3265 1136 3474 1208 putavi,
3500 1143 3556 1190 et
3585 1135 3778 1189 horum

2211 1244 2269 1290 et
2304 1235 2522 1288 illorum
2563 1233 3011 1287 immodicitatem
3047 1231 3255 1300 fugere.
3293 1227 3641 1296 Quaecunque
3665 1226 3782 1295 qui-

2212 1327 2335 1382 dem
2362 1326 2556 1395 priscis
2602 1325 2850 1379 historiis
2882 1323 3255 1386 cohaarebant,
3285 1320 3373 1374 his
3415 1319 3529 1373 haec
3571 1332 3780 1372 accom-

2212 1417 2437 1472 modare
2459 1418 2794 1478 etiamnunc,
2824 1413 3206 1484 praedictiones
3239 1421 3420 1465 autem
3457 1409 3524 1464 de
3553 1409 3780 1463 Domino

2210 1509 2452 1574 Christo,
2482 1508 2626 1563 etde
2658 1507 2898 1562 Ecclesia
2929 1522 2995 1560 ex
3028 1504 3282 1576 gentibus
3315 1499 3620 1564 conflanda,
3652 1513 3780 1554 nec-

2212 1617 2323 1656 non
2354 1601 2423 1655 dc
2445 1599 2756 1670 evangelica
2781 1597 3082 1668 republica,
3107 1597 3284 1664 deque
3307 1593 3618 1664 apostolicis
3645 1607 3782 1662 prai-

2213 1691 2599 1754 dicationibus,
2629 1705 2739 1742 non
2782 1688 2904 1741 aliis
2942 1685 3268 1755 quibusdam
3318 1682 3614 1749 ascribere,
3637 1683 3780 1753 quod

596 1772 685 1826 lll-
725 1771 880 1837 Quod
933 1773 979 1827 si
1023 1783 1205 1828 autem
1259 1790 1349 1830 res
1395 1776 1469 1829 ita
1512 1791 1570 1830 se
1609 1775 1793 1839 habet.
1844 1775 1898 1829 id
1927 1775 2110 1844 operis
2145 1776 2181 1830 ll
2211 1784 2382 1840 Judaei
2426 1782 2604 1836 facere
2656 1780 2856 1844 solent,
2900 1779 2993 1848 qui
3026 1777 3245 1831 malitiae
3281 1775 3485 1830 assueti
3532 1782 3680 1836 sunt,
3727 1781 3782 1828 et

525 1864 889 1932 compositum
911 1880 1033 1926 esse
1060 1875 1274 1934 oportet
1303 1875 1426 1935 post
1457 1867 1724 1937 synodum
1755 1867 2106 1935 Ephesinam,

525 1969 650 2008 cum
702 1970 790 2010 res
845 1955 1183 2012 Nestoriauae
1243 1959 1425 2013 adhuc
1477 1957 1774 2012 admodum
1806 1958 2106 2022 ferverent,

524 2059 736 2114 paxque
779 2045 922 2101 inter
965 2047 1273 2113 Ecclesias,
1330 2050 1502 2103 invito
1541 2048 1907 2114 Thcodoreto,
1964 2054 2110 2102 esset

523 2134 680 2189 inita.
726 2133 953 2205 Oportet
975 2144 1032 2191 et
1053 2139 1331 2207 pertinere
1361 2139 1427 2193 ad
1465 2139 1655 2203 libros,
1683 2140 1776 2208 qui
1820 2139 1875 2192 in
1907 2138 2109 2194 litteris

523 2225 590 2279 ad
613 2235 858 2280 sanctum
877 2228 1113 2283 Leonem
1144 2244 1287 2283 anno
1305 2230 1411 2284 4ι9
1431 2230 1593 2294 datis,
1640 2238 1767 2286 aute
1790 2229 2106 2300 quindecim

523 2332 694 2370 annos
727 2317 917 2386 scripti
941 2318 1216 2372 dicuntur.
1648 2376 1657 2384 ,

593 2405 753 2476 265
794 2407 882 2462 IV.
920 2407 1052 2461 Inde
1089 2407 1149 2461 ﬁt
1172 2415 1252 2472 ut,
1279 2409 1537 2477 quoniam
1570 2425 1715 2480 aeger
1753 2410 1973 2464 animus
2014 2410 2106 2464 vix

529 2498 816 2552 continere
845 2498 984 2552 solet
1020 2508 1341 2569 conceptam
1382 2501 1889 2570 perturbationem,
1915 2517 2104 2556 erum-

523 2599 615 2660 pat
641 2591 784 2645 inter
804 2592 1278 2669 interpretandum
1308 2593 1541 2647 subinde
1566 2594 1820 2647 nonnihil
1870 2603 1966 2647 aut
1997 2593 2105 2648 ira-

523 2681 756 2744 cundiae,
788 2689 883 2736 aut
911 2684 1283 2751 querelarum,
1309 2693 1404 2738 aut
1438 2684 1813 2754 aegritudinis:
1843 2684 1987 2754 quod
2017 2695 2100 2739 at-

525 2781 706 2828 tentus
729 2774 903 2828 lector
925 2789 1039 2829 non
1063 2776 1230 2830 semel
1265 2776 1600 2830 observabit.

597 2864 660 2919 V.
700 2864 1081 2920 Theodoretus
1106 2865 1279 2920 videri
1307 2875 1486 2936 potest
1515 2868 1757 2934 tradere,
1793 2884 1902 2922 non
1928 2868 2102 2923 conti-

522 2970 695 3010 nuum
741 2955 910 3010 fuisse
965 2957 1136 3011 totius
1178 2957 1363 3027 operis
1407 2958 1770 3013 elucubrandi
1833 2959 2098 3025 laborem,

524 3049 616 3102 sed
663 3047 898 3102 aliorum
937 3048 1238 3118 scriptione
1282 3048 1673 3119 interruptum.
1699 3051 1793 3104 Ait
1838 3052 1985 3106 enim
2008 3052 2051 3084 ³⁸
2082 3069 2094 3105 :

531 3159 549 3190 ε
579 3139 691 3194 Hoc
715 3149 966 3194 nostrum
991 3139 1323 3195 desiderium
1346 3142 1696 3212 (explanandi
1725 3143 2096 3213 Psalterium),

523 3246 636 3284 non
669 3233 919 3286 siverunt
941 3230 1009 3284 ad
1047 3230 1207 3284 finem
1234 3233 1525 3300 pervenire
1551 3233 1610 3297 ii,
1638 3234 1732 3304 qui
1767 3250 1798 3288 a
1820 3235 1980 3288 nobis
2008 3250 2097 3287 sa-

525 3337 745 3376 crorum
791 3323 1025 3376 aliorum
1058 3322 1398 3377 voluminum
1438 3326 1849 3395 explanationes
1891 3325 2098 3395 eﬂlagi-

529 3422 733 3468 larunt.
775 3431 792 3464 ι
824 3413 1005 3466 Malim
1033 3428 1134 3482 ego
1169 3421 1351 3468 tamen
1376 3417 1631 3471 assentiri
1659 3417 1952 3472 Sirmondo
1979 3416 2097 3469 exi-

526 3505 767 3560 stimanti
797 3503 1071 3573 integrum
1105 3521 1244 3574 opus
1267 3515 1390 3575 post
1418 3516 1748 3562 memoratos
1783 3507 1956 3561 libros
1978 3521 2097 3562 esse

525 3592 909 3662 compositum.
935 3592 989 3646 [d
1013 3594 1160 3647 enim
1187 3595 1420 3650 suadent
1459 3597 1626 3651 verba
1647 3595 1828 3650 allatis
1862 3597 2044 3665 priora
2081 3615 2092 3648 :

530 3706 547 3735 ‹
580 3687 878 3754 Propterea
905 3685 1048 3739 hanc
1074 3686 1304 3754 primam
1332 3690 1677 3758 prophetiam
1710 3689 1959 3743 volebam
1999 3705 2095 3743 ex-

527 3789 755 3844 ponere,
793 3783 955 3845 atque
1001 3776 1297 3847 ingeniosis
1345 3781 1776 3844 mercatoribus,
1811 3797 1930 3836 eam
1975 3798 2096 3850 qute

525 3867 580 3920 in
619 3866 890 3936 profundo
915 3877 1018 3932 est,
1045 3867 1338 3925 utilitatem
1366 3887 1693 3943 proponere,
1736 3881 1795 3925 ut
1838 3880 2096 3925 canentes

522 3958 706 4019 simul,
745 3966 802 4012 et
842 3974 1033 4013 eorum
1071 3975 1193 4029 quae
1232 3969 1505 4016 canuntur
1551 3961 1878 4016 sententiam
1919 3962 2096 4028 perci-

520 4049 754 4118 pientes,
779 4048 1114 4119 duplicatum
1151 4050 1390 4106 fructum
1416 4051 1741 4122 percipiant.
1793 4069 1810 4100 »
1854 4049 2096 4105 Suadent

519 4141 685 4196 etiam
737 4142 1018 4210 sequentia
1071 4160 1084 4197 :
1149 4162 1166 4193 ι
1206 4145 1500 4213 Postquam
1542 4143 1708 4212 igitur
1735 4141 1887 4196 dedit
1934 4142 2096 4197 nobis

519 4231 682 4296 Deus,
728 4239 789 4286 ut
829 4233 1259 4289 commentarios
1299 4233 1353 4286 in
1397 4233 1513 4286 haec
1555 4231 1728 4300 ipsius
1757 4231 1978 4301 eloquia
2025 4231 2094 4286 ad

521 4321 681 4375 linem
732 4323 1316 4394 perduceremus;age
1366 4323 1532 4393 hujus
1577 4322 1743 4377 etiam
1790 4324 2095 4394 prephetiae

516 4413 912 4482 expositionem
943 4417 1086 4470 bono
1111 4414 1295 4469 animo
1319 4413 1722 4484 aggrediamur.
1753 4433 1772 4466 ι

588 4505 674 4559 VI.
699 4504 818 4571 Quo
843 4507 1074 4563 consilio
1102 4505 1399 4560 accesserit
1427 4505 1493 4558 ad
1521 4505 1670 4559 hunc
1701 4505 1971 4568 laborem,
1998 4520 2090 4558 ex-

517 4595 675 4662 ponit
695 4595 936 4652 dilucide
967 4615 980 4650 :
1033 4615 1052 4648 ¢
1086 4595 1214 4649 Mihi
1247 4595 1468 4664 quidem
1511 4611 1624 4664 prae
1652 4595 1867 4648 caztcris
1890 4595 2090 4650 divinis

517 4687 753 4742 oraculis
791 4688 1031 4758 optabile
1085 4687 1206 4751 fuit,
1255 4687 1434 4756 magni
1473 4685 1694 4740 Davidis
1746 4686 2088 4755 prophetiam

515 4776 899 4846 interpretari;
931 4776 1374 4848 quandoquidem
1410 4777 1690 4847 religionis
1718 4777 1946 4842 alumni,
1975 4786 2088 4832 tum

514 4869 608 4934 qui
641 4869 826 4936 urbes,
851 4879 964 4923 tum
999 4868 1091 4937 qui
1109 4883 1268 4937 agros
1293 4867 1562 4933 incolunt,
1588 4868 1922 4938 praecipuam
1950 4885 2088 4938 ope-

513 4976 629 5014 ram
679 4962 810 5016 huic
846 4962 990 5032 parti
1027 4970 1230 5015 navant
1250 4977 1474 5028 omnes;
1500 4963 1555 5017 in
1594 4962 1788 5032 primis
1820 4978 1954 5018 vero
1995 4965 2090 5032 qui

517 5053 872 5106 monasticam
913 5053 1080 5105 vitam
1117 5061 1303 5123 agunt,
1326 5053 1443 5108 dies
1466 5062 1768 5123 noctesque
1797 5053 2092 5110 Davidieos

513 5157 704 5196 versus
723 5142 779 5194 in
803 5157 898 5196 ore
921 5141 1144 5204 habent,
1176 5161 1194 5193 ι
1231 5151 1339 5197 etc.
1384 5143 1513 5198 Inde
1537 5159 1594 5198 se
1623 5143 1810 5214 prodit
1829 5143 2090 5198 nonnulla

511 5248 696 5297 causa,
730 5248 829 5286 cur
869 5249 899 5286 a
943 5232 1225 5288 monachis
1264 5234 1773 5304 interpretationem
1816 5236 1958 5290 hanc
2007 5235 2089 5290 sui

579 5391 606 5429 ιθ
639 5388 780 5443 Psal.
808 5406 857 5454 ι,
883 5391 934 5443 7.

2213 1891 2323 1930 suae
2346 1872 2751 1928 incredulitatis
2773 1870 3183 1926 excusationem
3219 1877 3428 1923 texunt.
3456 1865 3599 1921 Satis
3633 1865 3778 1920 enim

2209 1977 2293 2022 est
2331 1983 2518 2022 rerum
2566 1966 2805 2035 ipsarum
2847 1962 3246 2022 testimonium,
3286 1970 3347 2013 ut
3379 1959 3447 2012 ad
3489 1956 3778 2012 veritatem

2211 2057 2681 2127 interpretationis
2713 2055 2949 2110 deducat
2979 2067 3094 2118 eos,
3116 2051 3210 2121 qui
3246 2049 3390 2103 illam
3418 2047 3659 2118 reperire
3683 2045 3780 2100 de-

2209 2147 2452 2202 siderant
2487 2164 2499 2199 :
2531 2146 2676 2201 unde
2712 2161 2823 2200 non
2855 2143 3150 2200 admodum
3191 2141 3462 2195 laboriosa
3493 2138 3600 2193 erit
3621 2136 3781 2191 nobis

2207 2239 2584 2311 praedictionis
2618 2240 2928 2310 expositio,
2973 2237 3243 2306 siquidem
3292 2234 3433 2288 hanc
3482 2230 3780 2287 dilucidam

2207 2330 2336 2386 facit
2359 2331 2522 2402 266
2544 2346 2728 2384 rerum
2764 2326 3170 2396 contemplatio.
3199 2323 3552 2380 Studebimus
3573 2331 3780 2384 autem,

2205 2421 2351 2492 quod
2390 2422 2443 2475 in
2478 2421 2638 2475 nobis
2663 2421 2787 2483 erit,
2815 2419 3079 2473 orationis
3112 2416 3476 2486 prolixitatem
3511 2413 3705 2473 vitare,
3730 2420 3784 2466 et

2205 2511 2650 2581 compendiosam
2694 2511 3006 2565 volentibus
3051 2508 3342 2562 utilitatem
3389 2517 3721 2574 proponere.
3759 2521 3777 2552 ι

2203 2599 2354 2667 Quos
2373 2601 2577 2672 arguit,
2610 2608 2705 2654 aut
2751 2600 3047 2654 fastidiosae
3081 2597 3370 2666 allegoriae,
3406 2603 3500 2648 aut
3525 2592 3686 2648 nimii
3728 2593 3783 2646 in

2202 2690 2422 2747 Judazos
2445 2691 2668 2753 favoris,
2695 2699 2790 2744 aut
2812 2690 3046 2743 taediosae
3076 2687 3403 2758 prolixitatis
3419 2685 3782 2754 expositores,

2203 2783 2238 2836 ii
2277 2791 2405 2837 sunt
2445 2782 2837 2851 Apollinarius,
2875 2781 3199 2834 Theodorus
3234 2779 3656 2847 Mopsucstenus
3684 2816 3699 2839 ,
3733 2783 3787 2830 et

2201 2875 2627 2946 Chrysostomus
2685 2892 2712 2928 ευ
2759 2873 3036 2944 allegoriis
3090 2874 3320 2927 indulsit
3386 2871 3785 2940 Apollinarius,

2200 2965 2442 3019 Judaicis
2480 2963 2914 3032 expositionibus
2957 2963 3298 3025 Theodorus,
3339 2961 3776 3031 Chrysostomus

2201 3054 2524 3123 prolixitati.
2561 3054 2840 3107 Abstinuit
2863 3069 2994 3108 vero
3033 3052 3100 3106 ab
3123 3053 3210 3106 his
3249 3051 3568 3105 auctoribus
3598 3053 3785 3107 nomi-

2199 3143 2368 3196 natim
2404 3143 2745 3213 appellandis
2776 3152 3002 3214 propter
3029 3142 3394 3197 reverentiam
3421 3159 3432 3194 :
3459 3157 3587 3195 nam
3617 3143 3783 3212 Apol-

2199 3236 2381 3290 linarii
2419 3235 2618 3291 famam
2659 3236 3030 3307 suspiciebat,
3070 3234 3315 3303 reliquos
3352 3233 3490 3288 duos
3519 3241 3578 3287 ut
3605 3234 3781 3305 magi-

2200 3337 2346 3383 stros
2377 3330 2611 3384 colebat.

2270 3418 2404 3472 VIII.
2451 3419 2900 3489 Chrysostomum
2955 3425 3134 3470 tamen
3183 3415 3256 3470 ita
3295 3419 3518 3469 secutus
3548 3422 3636 3467 est
3678 3413 3781 3466 hac

2200 3511 2254 3563 in
2305 3520 2490 3577 parte,
2547 3518 2604 3562 ut
2651 3508 2799 3562 aliud
2847 3508 2983 3561 nihil
3028 3507 3141 3560 fere
3200 3517 3460 3575 praestare
3506 3506 3777 3569 videatur,

2199 3614 2362 3668 quam
2418 3600 2563 3668 quod
2626 3601 2854 3652 effusam
2910 3599 3057 3651 illius
3114 3598 3417 3651 orationem
3461 3597 3774 3650 contrahat.

2201 3690 2511 3746 Sententias
2537 3700 2683 3745 certe
2713 3691 2981 3759 expressit
3020 3706 3161 3759 smpc
3200 3708 3212 3743 :
3247 3690 3412 3744 verba
3449 3698 3632 3742 autem
3681 3690 3781 3743 ali-

2199 3780 2416 3850 quando
2445 3780 2752 3849 exscripsit.
2782 3780 2838 3833 Id
2873 3796 2996 3834 cum
3028 3780 3282 3849 pluribus
3307 3780 3570 3848 exemplis
3603 3777 3778 3831 mani-

2199 3875 2396 3929 festum
2427 3872 2548 3937 flat,
2576 3883 2690 3926 tum
2724 3872 3028 3926 clarissime
3059 3880 3238 3941 patet.
3279 3872 3324 3926 si
3365 3870 3655 3939 utriusque
3688 3870 3774 3922 in-

2198 3963 2456 4034 terpretis
2478 3972 2533 4017 et
2560 3963 2772 4031 legatur
2809 3971 2865 4016 et
2906 3961 3222 4015 conferatur
3261 3960 3692 4016 commentarius
3723 3960 3775 4012 in

2197 4055 2464 4125 psalmum
2499 4066 2529 4106 ι,
2553 4052 2619 4106 ad
2647 4051 2761 4106 haec
2782 4052 2981 4106 verba:
3016 4051 3150 4104 Ecce
3171 4052 3226 4103 in
3264 4050 3632 4120 iniquitatibus
3653 4066 3778 4102 con-

2197 4158 2373 4215 ceptus
2403 4162 2518 4198 sum
2560 4147 2607 4206 b,
2637 4153 2743 4198 etc.

2268 4237 2358 4291 IX.
2388 4236 2502 4290 Etsi
2531 4234 2827 4304 aliquando
2851 4239 3074 4287 secutus
3117 4233 3187 4286 sit
3220 4231 3590 4294 Theodorum,
3624 4231 3776 4282 hunc

2197 4329 2400 4385 deserit
2419 4336 2596 4382 tamen
2622 4334 2684 4379 ut
2703 4325 3023 4395 plurimum,
3043 4324 3208 4392 idque
3225 4323 3388 4392 justis
3409 4321 3476 4376 de
3493 4321 3677 4376 causis
3694 4321 3770 4374 "z

2121 4433 2166 4490 ο
2194 4436 2320 4474 nam
2351 4418 2674 4474 Theodorus
2711 4418 2889 4486 primo
2913 4417 3082 4470 multa
3109 4415 3165 4468 in
3191 4413 3417 4469 Psalmis
3447 4413 3514 4468 de
3548 4411 3773 4467 Christo

2195 4511 2362 4572 dicta,
2403 4511 2693 4578 detorquet
2719 4509 2856 4573 alio;
2890 4507 3088 4561 deinde
3116 4507 3432 4560 adolescens
3460 4503 3772 4580 oc)odecim

2195 4615 2464 4656 annorum
2491 4599 2751 4653 Davidem
2781 4597 3174 4666 interpretatus
3211 4603 3312 4656 est,
3352 4609 3476 4647 cum
3509 4592 3634 4661 plus
3677 4591 3773 4644 ha-

2197 4693 2353 4746 beret
2390 4690 2633 4744 audaciae
2667 4704 2830 4757 quam
2869 4687 3219 4742 eruditionis.
3260 4685 3453 4738 Postea
3494 4681 3767 4752 ejusmodi

2196 4780 2537 4851 expositione
2561 4779 2822 4833 invidiam
2854 4777 3148 4830 multorum
3171 4774 3274 4829 sibi
3303 4771 3579 4834 conflavit,
3608 4770 3768 4840 quasi

2195 4875 2400 4929 Iudaeis
2433 4873 2638 4926 faveret
2669 4889 2682 4924 :
2716 4870 2951 4938 denique
2992 4868 3107 4936 ipse
3152 4881 3311 4921 suum
3345 4863 3587 4935 juvenile
3627 4875 3771 4931 opus

2193 4982 2304 5020 non
2337 4964 2629 5020 admodum
2678 4961 2962 5031 probabat,
2995 4967 3057 5013 ut
3094 4958 3354 5013 infectum
3381 4955 3768 5014 etiam_vellet.

2192 5058 2430 5126 Iugcnue
2471 5067 2650 5109 tamen
2701 5051 3000 5113 fatendum,
3034 5050 3178 5119 quod
3221 5064 3309 5103 res
3352 5056 3471 5112 est;
3519 5062 3580 5099 ca
3628 5059 3772 5097 non-

2193 5158 2473 5213 nunquam
2518 5144 2571 5197 in
2599 5140 2822 5197 Catenis
2865 5141 2968 5210 legi
3000 5155 3066 5194 ex
3092 5138 3384 5194 Theodoro
3419 5137 3473 5190 in
3494 5135 3766 5195 Psalmos.

2193 5250 2316 5304 quia
2343 5235 2652 5294 ostendant,
2689 5231 2759 5286 ab
2802 5231 2921 5300 ipso
2949 5230 3242 5285 litteralem
3270 5243 3488 5284 sensum
3527 5227 3771 5281 feliciter

1837 5507 2151 5564 SCHULZII
2193 5505 2426 5562 NOTAE.

577 5639 625 5724 ξι
648 5640 970 5724 Vidznepist.
1137 5712 1152 5724 _
1171 5645 1300 5724 "le
1324 5645 1731 5724 Prief._l_iu_j_usce
1761 5645 1984 5724 Qperis._
2046 5645 2271 5724 fiPlur:
2288 5645 2477 5724 testim.
2495 5646 2582 5698 sit.
2606 5643 2729 5701 Hinc
2757 5645 2970 5716 supplet
3000 5642 3269 5706 Oudinus,
3303 5640 3376 5694 De
3393 5641 3574 5710 script.
3595 5637 3760 5702 εδει..

509 5719 548 5765 t.
586 5709 628 5778 I,
668 5727 721 5782 p.
752 5709 904 5767 1070.
983 5713 1029 5744 ³⁷
1055 5712 1174 5767 Vid.
1210 5715 1441 5770 Fabricii
1469 5709 1713 5770 Biblioth.
1752 5709 1868 5780 Ci,
1901 5717 2008 5770 vol.
2046 5716 2138 5782 IX,
2167 5732 2219 5786 p.
2254 5714 2351 5770 160
2380 5730 2495 5784 seq.
