3952 6294
209 234 266 303 21
281 234 317 301 7
1413 237 1510 297 DE
1548 237 1770 297 LIBRI!

1942 237 2342 303 EODORETI-
3392 244 3499 311 218

218 349 537 418 expositum
596 346 797 413 fuisse,
844 358 907 402 ut
945 347 1198 402 mirabile
1242 347 1315 402 sit
1359 347 1414 401 in
1473 348 1819 401 adolescente
1854 350 1894 405 Α
1922 359 2086 412 sunt,
2134 366 2311 421 neque
2366 352 2597 406 minoris
2637 350 2895 406 momenti
2936 352 2980 383 "
3045 370 3057 405 :
3107 367 3233 407 nam
3284 364 3499 420 auctor,

232 448 445 494 tantam
478 438 798 509 Scriptura
827 437 1244 508 intelligentiam
1265 437 1530 492 exsistere
1551 436 1815 506 potuisse.
1923 439 2176 509 quisquis
2211 451 2315 506 est,
2350 442 2578 513 perinde
2604 457 2665 513 se
2692 443 2853 513 gerit,
2885 458 2948 497 ac
2979 442 3024 498 si
3053 443 3216 498 vellet
3245 443 3412 497 alium
3439 459 3499 500 se

444 528 476 600 §
508 530 604 584 Ill.
637 529 1009 599 luterpretatio
1034 528 1238 585 Cantici
1264 530 1604 583 canticorum.
1924 546 1952 584 a
1981 531 2328 588 Theodoreto
2360 534 2631 603 probare;
2656 534 2928 604 siquidem
2954 533 3122 590 refert
3139 533 3321 605 primo
3345 535 3411 600 “,
3441 535 3497 590 id

298 620 342 674 l.
374 621 899 691 lnterpretatnmse
917 619 1205 675 Canticum
1226 620 1565 675 canticorum
1591 626 1812 673 testatrt
1922 636 1979 674 se
1999 622 2182 692 operis
2204 639 2544 694 aggressum,
2573 624 2825 694 quamvis
2862 624 3360 681 innumerabilibus
3380 633 3498 681 tum

134 772 137 775 η
231 710 648 776 Theodoretus,
694 710 862 766 semel
914 709 1159 780 quidem,
1186 709 1284 765 sed
1317 717 1536 780 aperte,
1578 710 1634 764 in
1669 710 1815 765 Prat-
1924 714 2165 781 urbanis,
2193 723 2306 768 tum
2338 716 2657 778 rusticanis,
2691 727 2804 771 tum
2836 717 3189 781 militaribus,
3221 726 3335 771 tum
3360 717 3497 772 civi-

229 800 436 855 latione
481 800 861 872 Expositionis
911 778 970 855 in
1022 800 1265 855 Psalmos
1311 778 1383 853 ε]
1431 799 1820 869 imposuerunt
1920 778 2085 867 libris,
2146 812 2260 857 tum
2317 803 2385 857 ad
2435 804 2754 870 Ecclesiam,
2802 813 2915 858 tum
2974 805 3041 859 ad
3101 778 3495 876 rempublicam

228 892 389 948 nobis
419 893 707 958 nonnulli,
745 900 806 947 ut
829 891 1116 947 Canticum
1149 891 1488 947 canticorum
1518 905 1819 959 exponere—
1919 893 2325 963 pertinentibus
2372 894 2830 964 occupationibus
2867 895 3164 951 distractus
3195 907 3359 952 esset.
3390 896 3497 964 Qui

230 998 382 1048 mus;
406 983 592 1053 aliqui
610 999 742 1038 vero
758 983 862 1037 viri
885 982 1288 1037 desideriorum
1307 982 1350 1014 ³⁸
1364 981 1819 1037 desideraverunt
1920 1000 2050 1040 vero
2071 984 2473 1051 Theodoretus,
2509 1001 2632 1039 cum
2675 986 2729 1040 in
2762 988 3097 1042 monasterio
3118 988 3495 1059 episcopatum

227 1076 591 1145 prophetiam
617 1090 982 1147 cognoscere;
1012 1073 1103 1129 alii
1146 1074 1318 1128 divini
1361 1072 1689 1136 Ezechielis,
1721 1072 1816 1127 alii
1919 1090 2095 1146 usque
2122 1076 2341 1142 vixerit,
2381 1086 2438 1131 et
2458 1086 2745 1148 postquam
2804 1079 3179 1150 episcopatum
3227 1081 3491 1151 suscepit,

227 1166 533 1221 duodecim
585 1166 979 1236 prophetarum
1038 1166 1428 1237 praedictiones
1481 1164 1816 1219 obscuritate
1918 1161 2120 1218 divinis
2142 1164 2307 1219 rebus
2336 1165 2636 1221 tractandis
2664 1176 2813 1222 totus
2834 1167 3168 1233 incubuerit,
3196 1177 3291 1222 aut
3324 1170 3493 1223 rusti—

226 1256 515 1311 involutas
565 1255 845 1310 enucleari
884 1254 990 1310 sibi
1033 1269 1098 1310 ac
1137 1254 1407 1309 declarari
1445 1254 1812 1324 postularunt.
1918 1255 2090 1321 canis,
2132 1264 2226 1311 aut
2272 1256 2606 1312 militaribus
2640 1258 2872 1329 aliisque
2908 1258 3151 1329 prazfatis
3194 1259 3340 1313 curis
3377 1259 3492 1314 dis-

228 1345 535 1416 Postquam
571 1345 740 1417 igitur
780 1345 935 1401 dedit
980 1345 1140 1399 nobis
1178 1345 1353 1408 Deus,
1377 1352 1437 1398 ut
1481 1352 1818 1400 commenta—
1918 1346 2279 1402 trahebatur?

226 1437 341 1493 rios
374 1437 435 1492 in
474 1437 599 1492 haec
629 1437 805 1506 ipsius
835 1436 1053 1506 eloquia
1082 1436 1147 1491 ad
1171 1436 1333 1491 linem
1358 1435 1811 1506 perduceremus,
1986 1437 2049 1491 V.
2095 1436 2281 1491 lnnuit
2312 1436 2532 1503 deinde,
2561 1452 2619 1492 se
2659 1437 2876 1492 vivente
2907 1437 3074 1508 268
3103 1436 3493 1508 Chrysostomo

223 1545 321 1600 age
358 1529 539 1600 hujus
583 1530 750 1585 etiam
784 1528 1093 1600 prophetiae
1134 1528 1534 1600 expositionem
1582 1527 1815 1582 ﬁdenter
1915 1526 2156 1581 scribere
2186 1525 2254 1580 ".
2299 1545 2317 1577 ι
2363 1526 2542 1582 Fortis
2572 1526 2663 1581 ille
2690 1525 2909 1597 pietatis
2949 1535 3322 1597 propugnator
3352 1527 3484 1582 Dio-

222 1621 642 1693 aggrediamur.
672 1640 691 1674 ι
1849 1678 1885 1693 “
1916 1614 2108 1681 dorus,
2145 1624 2201 1671 et
2221 1617 2482 1683 Joannes,
2517 1618 2612 1687 qui
2656 1617 2725 1672 ad
2775 1617 2925 1673 hunc
2977 1635 3153 1689 usque
3208 1620 3353 1674 diem
3392 1620 3493 1677 do-

290 1711 358 1766 ΙΙ.
392 1711 476 1768 De
501 1711 962 1783 interpretatione
979 1723 1167 1781 porro,
1196 1724 1361 1779 quam
1401 1707 1586 1764 Graece
1607 1707 1813 1777 pariter
1849 1678 1886 1732 Β
1916 1708 2111 1763 ctrina:
2151 1708 2375 1763 liuentis
2408 1708 2601 1779 irrigat
2628 1711 2947 1765 universum
2971 1710 3162 1765 orbem
3196 1721 3489 1779 terrarum,

219 1821 283 1860 ac
305 1804 512 1861 Latine
534 1820 602 1859 ex
623 1782 744 1858 Zini
764 1782 1020 1858 versione
1041 1801 1556 1858 ediditSirmondus
1575 1800 1811 1864 ",dubi-
1858 1848 1875 1867 ,
1914 1800 2117 1855 librum
2148 1801 2297 1855 hunc
2327 1800 2667 1870 Spiritualem
2719 1815 2841 1855 esse
2882 1812 3237 1856 censuerunt.
3267 1823 3285 1854 ι
3317 1803 3485 1874 Atqui

220 1880 593 1951 laveritforte
613 1894 1067 1966 quispiam,sitne
1093 1892 1534 1957 Theodoreti,an
1564 1890 1809 1947 alterius.
1915 1892 2295 1947 Theodoretus
2346 1892 2570 1962 scripsit
2618 1892 2673 1946 in
2709 1891 2970 1957 Cantica,
3018 1909 3142 1948 cum
3196 1896 3491 1967 episcopus

287 1989 378 2045 lll.
408 1988 770 2045 Theodoreto
812 1986 1007 2042 tribuit
1031 1984 1393 2050 Sirmondus,
1428 2001 1529 2057 pro
1556 2002 1665 2056 quo
1691 2001 1813 2056 gra—
1908 1987 2019 2056 jam
2046 1992 2211 2049 esset,
2233 1991 2290 2038 et
2316 1984 2410 2036 vix
2438 1983 2762 2038 vicesimum
2796 1985 3022 2039 tertium
3061 1986 3238 2040 artatis
3285 2002 3490 2043 annum

217 2082 443 2136 vissima
491 2081 656 2153 267
696 2096 793 2136 sex
822 2081 867 2113 ιθ
914 2088 1237 2151 argumenta
1264 2078 1492 2133 faciunt.
1540 2077 1804 2141 Primum,
1914 2075 2189 2145 attigerat,
2251 2089 2376 2128 cum
2426 2072 2854 2146 Chrysostomus
2889 2076 3078 2132 vivere
3125 2075 3326 2132 desiit:
3358 2077 3487 2134 fun-

219 2172 522 2242 ipsiusmet
554 2170 833 2226 Sirmondi
860 2168 1457 2240 viri.perspicacissimi
1486 2178 1649 2238 atque
1678 2184 1808 2223 eru-
1912 2176 2034 2224 ctus
2050 2166 2196 2220 enim
2228 2174 2313 2219 est
2336 2164 2448 2219 fato
2481 2181 2626 2219 anno
2658 2167 2784 2220 407.

217 2263 486 2319 ditissimi
531 2262 822 2335 judicium.
859 2262 1131 2325 Alterum,
1165 2259 1301 2316 ﬁdes
1357 2259 1561 2331 gemini
1611 2276 1808 2314 manu-
1988 2259 2074 2314 Vl.
2127 2259 2336 2322 Tertio,
2379 2258 2435 2311 in
2469 2258 2824 2313 Theodorum
2864 2259 3311 2330 Mopsuestenum
3354 2277 3485 2333 gra-

221 2354 413 2424 scripti
461 2352 698 2416 codicis,
730 2352 847 2406 Itali
880 2367 1113 2421 nempe,
1143 2366 1254 2420 quo
1286 2350 1610 2405 Franciscus
1643 2351 1811 2406 Zinus
1910 2353 2054 2409 viter
2112 2353 2414 2415 invehitur,
2461 2352 2627 2406 tacito
2668 2352 2891 2422 quidem
2937 2352 3184 2417 nomine,
3227 2354 3323 2408 sed
3372 2355 3488 2409 suis

221 2459 353 2498 usus
386 2452 504 2506 est,
550 2452 608 2496 et
659 2442 856 2506 nostri,
888 2457 999 2512 quo
1052 2440 1396 2495 Sirmondus.
1449 2441 1696 2495 Tertium
1738 2444 1803 2508 ",
1910 2444 2043 2499 satis
2086 2443 2500 2499 characteribus
2551 2444 2788 2498 indicata
2836 2459 3089 2515 persona.
3143 2444 3285 2512 Quid
3333 2447 3482 2502 enim

222 2535 523 2604 ipsinsmet
555 2532 888 2588 Theodoreti
935 2532 1344 2597 testimonium,
1379 2534 1700 2602 exposuisse
1749 2550 1809 2589 se
1910 2536 2132 2607 gravius
2160 2535 2269 2591 dici
2304 2544 2469 2607 queat
2490 2536 2543 2590 in
2567 2535 2748 2590 virum
2778 2551 2840 2591 ea
2869 2542 3193 2605 tempestate
3236 2537 3486 2592 celeber-

219 2626 446 2682 Cantica
483 2626 828 2680 canticorum
853 2624 1166 2679 scribentis.
1195 2623 1485 2690 Quartum,
1513 2625 1810 2680 auctoritas
1911 2629 2132 2693 rimum,
2157 2644 2320 2698 quam
2368 2627 2550 2698 «quod
2580 2637 2770 2682 narret
2820 2626 3055 2690 fabulas,
3086 2642 3155 2681 ne
3201 2627 3486 2682 deliranti-

222 2716 423 2787 Pelagii
449 2715 502 2770 ll
532 2714 828 2785 pontiﬁcis,
855 2725 950 2769 aut
989 2713 1238 2785 Gregorii
1266 2714 1444 2784 Magni
1476 2715 1661 2785 potius
1689 2716 1806 2785 epi-
1908 2722 2013 2776 bus
2042 2721 2263 2791 quidem
2293 2720 2527 2775 aniculis
2572 2719 2799 2790 dignas;
2837 2719 3002 2774 falsas
3050 2726 3106 2773 et
3150 2720 3486 2789 perniciosas

221 2808 417 2862 stolam
466 2806 672 2877 Pelagii
717 2806 938 2865 nomine
977 2804 1044 2860 ad
1093 2806 1267 2860 Eiiam
1307 2805 1713 2876 Aquileiensem
1752 2816 1810 2862 et
1908 2814 2199 2884 opiniones
2258 2813 2512 2879 inducat;
2560 2812 2850 2866 maledicta
2897 2818 2953 2865 et
3006 2810 3370 2864 contumelias
3424 2811 3481 2864 in

221 2899 517 2970 episcopos
548 2897 722 2952 lstria:
755 2896 1068 2952 scribentis.
1101 2916 1119 2948 ι
1157 2896 1296 2953 Cum
1347 2897 1694 2964 Theodorus,
1725 2899 1779 2953 in

1921 2906 2175 2978 Spiritum
2202 2917 2453 2961 sanctum
2496 2906 2787 2975 conjiciat;
2842 2902 3098 2957 Patribus
3141 2902 3301 2971 longe
3348 2901 3482 2955 infe-

221 2992 358 3062 quit,
395 2991 691 3048 Canticum
735 2989 1074 3044 canticorum
1108 2990 1271 3044 vellet
1315 3006 1620 3060 exponere,
1651 2991 1805 3047 Salo-
1833 3020 1878 3080 c
1910 3001 2027 3053 rior
2068 2999 2140 3054 sit
2170 2996 2442 3067 sapientia
2476 3005 2533 3051 et
2579 2996 2777 3065 spiritu
2803 2994 2871 3059 ⁵⁸,
2893 3014 2911 3045 ι
2962 3002 3069 3049 etc.
3126 2992 3484 3047 Theodorum

223 3100 441 3139 manem
492 3100 591 3154 per
616 3083 766 3137 hunc
792 3082 994 3137 librum
1036 3081 1383 3154 Ethiopissae
1413 3085 1613 3154 reginae
1645 3084 1804 3139 blan-
1910 3100 2091 3146 tamen
2121 3087 2526 3149 Theodoretus,
2553 3094 2609 3139 et
2628 3083 2802 3140 coluit
2840 3083 3036 3155 junior
3066 3089 3127 3136 ut
3167 3089 3383 3152 patrem
3414 3094 3479 3135 ac

223 3176 394 3230 ditum
446 3190 575 3230 esse
608 3173 889 3245 professus
916 3182 1000 3229 est
1047 3174 1240 3244 :quod
1288 3173 1671 3230 Theodoretus
1719 3190 1806 3229 re-
1907 3183 2250 3252 magistrum,
2289 3187 2344 3235 et
2382 3187 2598 3233 matura
2651 3177 2760 3248 jam
2801 3182 2983 3238 aetate,
3030 3173 3252 3244 scriptis
3298 3172 3479 3236 libris,

223 3267 599 3337 Prehende“:
633 3281 835 3321 nomen
881 3265 1103 3336 quidem
1152 3265 1427 3321 TheOdori
1476 3266 1802 3335 ευΡρΓθεεῘῑ,
1907 3282 2097 3329 contra
2132 3271 2415 3342 Cyrillum,
2448 3270 2600 3324 velut
2619 3269 2865 3323 divinum
2890 3267 3113 3338 pietatis
3165 3280 3482 3335 propugna-

223 3360 315 3416 sed
361 3369 554 3414 tamen
598 3358 875 3413 vesaniam
934 3357 1224 3429 patefecit;
1276 3357 1522 3428 ejusdem
1569 3374 1805 3427 namque
1907 3379 2080 3419 torem
2106 3362 2387 3427 defendit;
2428 3370 2485 3415 et
2530 3359 2693 3429 paulo
2728 3370 2854 3414 ante
2890 3359 3123 3421 obitum,
3176 3363 3309 3411 tunc
3356 3372 3483 3411 cum

221 3452 344 3507 libri
379 3459 700 3507 commenta
723 3450 1060 3515 describens;
1089 3450 1205 3504 ait:
1245 3449 1417 3505 Audio
1450 3448 1627 3520 plures
1661 3447 1804 3504 Can-
1907 3455 2196 3510 Historiam
2212 3452 2621 3506 ecclesiasticam
2650 3450 2935 3514 scriberet,
2968 3448 3249 3503 immensis
3300 3448 3482 3503 laudi-

224 3545 381 3598 licum
418 3542 746 3597 canticorum
784 3542 1148 3605 detrahentes,
1189 3545 1239 3594 et
1269 3558 1372 3594 non
1403 3541 1669 3595 credentes
1701 3543 1807 3611 spi-
1907 3547 2009 3602 bus
2040 3546 2279 3608 ornavit,
2310 3564 2328 3596 «
2356 3543 2514 3615 quasi
2565 3542 2731 3598 fuerit
2778 3543 2948 3597 ιοιίυε
2997 3541 3256 3596 Ecclesia;
3306 3540 3481 3611 magi-

222 3634 475 3688 ritualem
513 3650 621 3687 esse
666 3632 879 3699 librum,
916 3630 1126 3704 fabulas
1164 3640 1343 3685 autent
1382 3632 1643 3701 quasdam
1683 3633 1783 3685 ani-

1917 3647 2039 3702 ster,
2056 3637 2547 3706 haereticarumque
2560 3634 2805 3689 omnium
2826 3633 3136 3689 cohortium
3156 3632 3478 3695 debellator,

221 3727 433 3781 culares
478 3741 573 3796 per
621 3725 893 3779 vesaniam
938 3732 1168 3777 texentes
1206 3739 1534 3797 componere,
1577 3732 1625 3775 et
1669 3738 1806 3792 prte-
1906 3745 1969 3785 ac
2017 3729 2278 3799 optimam
2313 3728 2518 3782 divinis
2559 3726 2758 3782 ovibus
2814 3725 3043 3781 herbam
3099 3722 3482 3795 suppeditave-

220 3834 429 3873 sumere
468 3818 730 3881 dicentes,
768 3815 905 3886 quod
939 3816 1148 3885 sapiens
1183 3812 1435 3868 Salomon
1469 3815 1539 3867 ad
1574 3814 1804 3884 seipsum
1905 3822 1978 3876 rit
1998 3820 2102 3874 ⁸⁷.»

221 3922 269 3965 et
299 3912 481 3981 ﬁliam
513 3909 809 3964 Pharaonis
844 3908 980 3962 hunc
1014 3906 1202 3960 librum
1233 3906 1639 3976 conscripsisset.
1673 3903 1805 3971 Quae
1974 3912 2086 3966 V'll.
2110 3910 2336 3978 Quarto,
2372 3910 2539 3964 tradit
2575 3909 2622 3942 ⁸⁸
2682 3924 2839 3963 sacra
2887 3908 3169 3962 volumina
3219 3906 3417 3976 partim
3448 3918 3480 3959 a

222 4004 391 4058 verba
430 4007 648 4056 exstant
679 4001 721 4032 δ’
766 3999 822 4054 in
865 3997 1183 4068 praefatione
1215 3996 1401 4065 operis
1441 4011 1471 4049 εὶ
1510 3994 1803 4050 Sirmondo
1904 4003 2172 4067 Manasse,
2207 4000 2301 4071 qui
2323 4016 2516 4055 omnes
2549 4000 2664 4053 sive
2691 3999 2928 4068 priores,
2973 3998 3088 4052 sive
3118 3996 3475 4066 posteriores,

220 4095 375 4150 editi.
408 4093 693 4161 Quintum,
731 4090 976 4161 prolixus
1002 4087 1222 4160 quidam
1272 4087 1575 4143 Ezechielis
1627 4087 1799 4151 locus,
1905 4112 2063 4167 reges
2091 4095 2301 4148 scelere
2329 4104 2385 4147 et
2431 4092 2714 4162 impietate
2770 4090 2927 4152 vicit,
2985 4088 3268 4143 combusta
3319 4101 3475 4150 esse;

221 4186 512 4240 continens
537 4182 702 4237 verba
722 4179 817 4235 Dei
841 4181 908 4235 ad
927 4179 1378 4250 Hierosolymam,
1418 4178 1506 4233 cui
1541 4178 1688 4232 velut
1721 4178 1804 4230 in-
1903 4187 2100 4257 parum
2126 4184 2460 4255 capiiviiaiis
2497 4192 2769 4250 tempore,
2819 4180 3025 4249 templo
3083 4195 3113 4233 ει
3163 4178 3478 4250 Babyloniis

222 4290 373 4331 sana!
408 4273 708 4339 ιιιθτθῐτίεῖ,
734 4271 1042 4343 allegoricis
1066 4270 1323 4335 VOCibUS.
1354 4268 1636 4323 infandum
1684 4268 1802 4322 ίίῖο-
1904 4278 2152 4339 incenso,
2187 4275 2411 4344 penitus
2454 4272 2751 4327 interiisse.
2798 4270 2929 4324 Tale
2952 4269 3091 4324 nihil
3129 4268 3197 4325 de
3230 4269 3476 4323 Manasse

223 4367 452 4422 lolatriaz
497 4366 704 4421 crimen
745 4365 1041 4434 exprobrat
1076 4361 1306 4416 :eodem
1344 4360 1434 4414 hic
1470 4368 1525 4413 et
1557 4358 1612 4412 in
1640 4374 1791 4413 com-
1823 4370 1868 4425 ι)
1898 4364 2299 4428 Theodoretus,
2333 4378 2513 4433 neque
2574 4362 2718 4416 libro
2766 4371 2963 4432 quarto
3010 4361 3247 4432 Regum,
3296 4376 3476 4430 neque

222 4456 512 4511 mentariis
542 4455 609 4509 ad
640 4454 962 4525 prophetam
1008 4467 1171 4507 sensu
1204 4465 1268 4503 ac
1306 4464 1445 4519 pene
1475 4447 1660 4503 verbis
1704 4464 1798 4502 ex—
1903 4456 2148 4512 secundo
2172 4455 2629 4525 Paralipomenon
2660 4453 2875 4518 scribit,
2917 4468 3044 4508 cum
3089 4461 3272 4507 tamen
3303 4451 3478 4522 ipsius

225 4548 480 4614 plicatnr.
514 4548 531 4567 ‘
577 4545 833 4608 Sextum,
877 4541 1236 4599 consonantia
1272 4555 1495 4604 eorum,
1539 4555 1659 4622 quae
1707 4539 1798 4595 hic
1902 4548 2086 4604 omnia
2115 4548 2321 4603 scelera
2344 4546 2621 4602 curiosius
2646 4554 2956 4603 recenseat.

222 4639 550 4704 all‘ernntur,
578 4654 701 4694 cum
731 4636 961 4691 aliorum
990 4649 1217 4705 Operum
1240 4644 1295 4685 et
1319 4632 1621 4702 praesertim
1644 4630 1783 4687 Comi

1979 4638 2116 4694 Vill.
2141 4637 2366 4704 Quinto,
2398 4636 2729 4707 prolixiores
2752 4636 2832 4689 illi
2851 4633 3228 4690 commentarii
3253 4648 3364 4687 non
3388 4647 3476 4686 sa-

221 4730 621 4787 mentariorum
675 4730 729 4784 in
797 4728 1045 4783 Psalmos
1096 4725 1233 4780 locis
1278 4739 1418 4794 pene
1465 4724 1791 4779 innumeris.
1903 4730 2064 4802 piunt
2103 4728 2624 4798 breviloquentiam,
2662 4743 2829 4797 quam
2868 4727 2925 4780 in
2979 4725 3103 4780 aliis
3128 4725 3361 4779 aliorum
3402 4722 3474 4777 li-

222 4823 595 4886 Postremum.
636 4834 942 4876 consensus
988 4816 1336 4874 θΐιιάίῐοτυῐιι
1380 4815 1647 4880 Virorum,
1678 4814 1793 4870 sive
1901 4823 2127 4877 brorum
2155 4819 2607 4891 Expositionibus
2627 4818 3011 4873 Theodoretus
3037 4818 3312 4871 observat.

220 4916 312 4984 qui
336 4914 689 4970 Sirmondum
724 4918 1158 4973 antecesserunt,
1180 4910 1294 4964 sive
1323 4908 1415 4977 qui
1442 4908 1616 4962 secuti
1641 4917 1790 4962 sunt.
1973 4911 2062 4966 IX.
2092 4911 2358 4982 Denique,
2385 4910 2431 4966 si
2454 4928 2594 4981 opus
2632 4927 2664 4965 a
2686 4910 2823 4964 Zino
2873 4924 3095 4964 versum
3136 4903 3471 4961 Theodoreti

286 5009 377 5064 ιν.
408 5007 541 5074 Quae
563 5007 619 5060 in
648 5005 987 5060 contrarium
1018 5010 1283 5073 pugnant,
1323 5016 1500 5069 neque
1533 5002 1793 5070 pauciora
1902 5004 1993 5069 sit,
2050 5003 2255 5057 mirum
2308 5002 2556 5073 profecto
2618 5017 2717 5056 cur
2788 4998 3205 5064 Theodoretus,
3267 4995 3472 5052 erroris

1556 5161 1869 5219 SCHULle
1902 5163 2136 5220 NOTAE.

287 5305 333 5338 ³⁸
358 5304 469 5360 Viri
498 5306 664 5359 desid.
700 5305 939 5360 Danielis
959 5304 1238 5358 nimirum.
1280 5373 1283 5374 ν
1338 5305 1384 5374 7³⁸
1417 5303 1540 5357 Vid.
1566 5319 1753 5373 supra,
1783 5320 1839 5374 p.
1874 5305 1991 5360 M9.
2094 5306 2136 5336 ”
2171 5302 2292 5374 Sea.
2321 5300 2877 5374 Septimumgadditur
2908 5297 3260 5374 exeunte
3298 5296 3367 5374 _"'_
3407 5297 3469 5352 In

221 5375 374 5431 Praef.
409 5376 465 5429 in
501 5375 765 5430 Psalmos.
837 5375 884 5405 “
911 5375 1139 5429 Exstant
1172 5374 1240 5427 ab
1274 5373 1432 5429 initio
1477 5382 1516 5426 t.
1552 5374 1596 5427 ll
1634 5366 1800 5428 'editf
1837 5384 2059 5431 nostrae.
2112 5371 2248 5429 Vide
2295 5366 2460 5427 etiam
2492 5372 2705 5428 Fabric.
2734 5371 2772 5424 Ι.
2801 5386 2853 5425 c.
2882 5385 2939 5439 p.
2967 5369 3089 5423 161.
3132 5366 3211 5439 ξδ’
3234 5367 3313 5422 Ad
3354 5368 3470 5439 haec

221 5454 536 5518 argumenta
588 5444 973 5518 respondimus
1011 5444 1077 5518 _in
1123 5442 1256 5518 diss.
1289 5442 1355 5518 de
1382 5443 1501 5518 Vita
1517 5451 1595 5518 _et
1630 5443 1852 5518 scriptis
1879 5442 2231 5518 Theodoreti,
2259 5458 2381 5512 quae
2401 5441 2693 5518 praemissa
2724 5449 2810 5518 est
2864 5434 3010 5493 torno
3042 5434 3469 5518 [Argumentis

222 5507 790 5577 ibicommemoratis,
812 5530 934 5584 quae
961 5513 1028 5584 ad
1065 5512 1398 5584 probandam
1440 5507 2360 5584 abOswiavfcommentarii,gquem
2401 5507 2687 5584 habemus,
2714 5510 2962 5584 _valeant,
2996 5507 3248 5584 addenda
3278 5514 3361 5584 est
3387 5507 3466 5560 si-

220 5586 469 5641 militudo
524 5601 743 5649 eorum,
772 5575 894 5652 qua:
937 5582 1008 5638 ad
1054 5575 1326 5653 Psalmum
1354 5598 1483 5653 _t._x.\t
1506 5581 1691 5653 etde
1713 5582 1956 5653 ejusdem
1989 5575 2187 5653 Psalmi
2214 5575 2862 5653 fargumentoqadhCant.
2912 5594 2988 5653 gn,
3033 5579 3101 5653 '7,-
3133 5577 3185 5653 ξ,
3215 5575 3463 5653 legimus.

218 5654 261 5683 “
291 5655 423 5711 Vide
460 5655 674 5726 prtefat.
710 5645 776 5709 ad
793 5645 961 5709 'Cant.
994 5661 1139 5708 cant.
1216 5651 1260 5681 ⁸³
1291 5650 1425 5703 Ibid.
1502 5650 1546 5681 “
1582 5650 1717 5705 Ibid.
1745 5645 1758 5653 ⁷
1793 5654 1833 5683 ⁵⁷
1863 5651 1997 5705 Hist.
2033 5650 2180 5716 εδει,
2214 5650 2250 5704 1.
2282 5645 2333 5714 θ’,
2359 5666 2406 5705 c.
2435 5649 2524 5704 59.
2562 5650 2605 5681 ⁸⁸
2631 5649 2752 5703 Vid.
2786 5647 3002 5703 Praefat.
3037 5646 3101 5701 ad
3130 5645 3286 5700 Cant.
3316 5653 3464 5700 eant.
