3952 6294
447 263 552 329 219

1544 267 1923 327 GARNERII
1962 265 2458 330 DISSER'Y‘ATIO
2498 272 2569 333 II.

3600 259 3712 323 220

447 375 670 431 nomine
696 382 1003 441 suspectus,
1033 376 1099 429 ad
1130 376 1263 430 illud
1293 394 1403 432 non
1445 379 1676 448 perinde
1738 387 1902 450 atque
1950 379 2017 435 ad
2050 386 2094 441 A
2124 384 2317 437 limam
2349 384 2685 438 solutionem
2718 362 3055 436 videbuntur
3078 380 3231 451 pati:
3261 392 3387 435 nam
3412 388 3474 434 ut
3506 378 3705 433 ordine

447 468 588 520 alios
611 465 786 519 libros
839 469 1241 535 provocaverit,
1284 486 1395 539 quo
1438 470 1602 526 fidem
1652 487 1807 526 suam
1837 470 1906 526 de
1936 471 2023 525 in-

446 556 765 612 carnatione
796 567 1003 613 rectam
1043 574 1166 615 esse
1225 564 1508 631 probaret.
1562 565 1845 635 Nusquam
1877 564 2025 619 cnim

446 652 542 700 aut
564 644 792 711 clarius,
830 655 927 702 aut
979 647 1241 707 Ecclesiae
1293 652 1581 707 catholicae
1630 667 2027 709 consumimus

446 736 748 805 quidquam
775 736 845 792 de
871 738 1095 793 Christo
1116 740 1368 809 protulit.

516 849 580 904 Χ.
609 850 763 905 Adde
786 851 934 921 quod
958 852 1014 906 in
1037 851 1260 908 Catenis
1281 855 1347 909 ad
1370 855 1658 912 Canticum
1682 859 2024 915 canticorum

446 957 477 997 a
497 944 715 999 nemine
730 938 1042 1011 adducitur,
1057 960 1180 999 cum
1201 957 1379 1002 tamen
1395 950 1587 1016 soleat,
1604 958 1661 1005 et
1676 951 1897 1021 quidem
1916 953 2028 1007 fre-

446 1047 684 1106 quenter
700 1038 768 1093 ad
788 1038 926 1093 alios
937 1038 1237 1110 Scriptura:
1252 1041 1441 1108 libros,
1460 1059 1602 1113 quos
1614 1046 2027 1113 commentariis

446 1128 732 1198 exposuit;
775 1129 886 1184 imo
914 1130 1007 1184 ubi
1042 1133 1233 1198 semel,
1291 1133 1440 1203 quod
1483 1134 1709 1203 quidem
1759 1137 2032 1194 memine-

449 1219 576 1283 rim,
603 1235 632 1272 a
660 1219 947 1291 Neophyto
979 1222 1252 1276 monacho
1305 1223 1564 1277 laudatur
1587 1264 1601 1288 ,
1656 1224 2027 1296 fragmentum

448 1312 515 1367 ad
532 1312 697 1366 verba
727 1328 807 1377 Ill,
845 1313 898 1376 9,
933 1314 1154 1383 Φορείον
1184 1312 1437 1383 ἐποίησεν
1468 1313 1646 1384 ἐαυτῷ
1682 1316 1710 1367 ὁ
1747 1314 2023 1386 βασιλεύς,

446 1408 582 1465 etc.,
619 1402 869 1467 aﬂ‘ertur,
896 1401 1045 1472 quod
1091 1403 1297 1457 frustra
1340 1403 1395 1457 in
1421 1419 1591 1474 opere
1620 1403 2026 1460 Sirmondianze

447 1492 713 1548 editionis
736 1509 969 1563 quaeras.

520 1585 581 1639 In
619 1585 724 1640 hac
782 1585 1108 1655 quaestione,
1159 1586 1360 1652 fateor,
1408 1586 1542 1641 hzesi
1597 1587 1724 1653 diu,
1779 1590 2026 1641 incertus

446 1691 558 1744 quo
580 1691 667 1730 me
694 1685 1000 1732 verterem:
1032 1694 1158 1732 nam
1195 1678 1483 1747 utriusque
1508 1678 1682 1748 partis
1704 1687 2026 1749 argumenta

449 1767 614 1838 269
651 1768 999 1835 videbantur,
1054 1771 1232 1840 prima
1270 1771 1495 1842 quidem
1543 1771 1725 1840 specie
1761 1769 2019 1838 intuenti,

449 1860 682 1925 invicta;
723 1860 822 1916 sed
866 1861 1171 1917 reflectenti
1215 1863 1496 1927 animum,
1533 1862 1888 1932 aliquatenus
1935 1863 2022 1915 in-

447 1951 655 2006 firmari
704 1968 866 2022 posse
897 1952 965 2008 ".

515 2043 653 2097 Nam
683 2044 866 2114 primo
888 2044 943 2099 id
970 2046 1117 2115 quod
1144 2063 1245 2117 pro
1273 2046 1458 2117 priore
1508 2056 1667 2118 parte
1715 2046 2024 2101 ducebatur

447 2137 517 2192 ab
542 2138 868 2193 auctoritate
923 2138 1236 2207 doctorum,
1283 2140 1486 2195 elevari
1547 2149 1730 2210 potest
1778 2139 1897 2194 sine
1930 2139 2028 2194 de-

449 2230 710 2284 trimento
755 2229 988 2286 honoris
1061 2232 1230 2287 tantis
1283 2232 1603 2287 nominibus
1659 2230 1875 2286 debiti:
1926 2231 2023 2300 qui

446 2322 595 2376 enim
627 2321 984 2376 Sirmondum
1016 2323 1193 2379 secuti
1228 2332 1379 2390 sunt,
1427 2323 1725 2378 Sirmondo
1770 2323 2026 2393 religiose

446 2411 835 2479 crediderunt;
863 2412 1190 2469 Sirmondus
1212 2414 1369 2481 Zino,
1404 2415 1575 2469 Zinus
1607 2415 1823 2469 codicis
1851 2415 2026 2469 Grmci

446 2503 797 2574 exsoriptori.
822 2504 1010 2559 Potuit
1032 2514 1216 2561 tamen
1238 2508 1547 2578 exscriptor
1582 2507 1638 2562 in
1664 2523 1911 2562 errorem
1934 2506 2023 2560 in-

448 2594 575 2648 duci
600 2594 933 2665 aprioribus
956 2596 1111 2652 aliis:
1137 2612 1240 2652 nec
1264 2598 1317 2652 id
1371 2598 1573 2653 mirum
1620 2598 1799 2653 videri
1837 2598 2022 2664 debet,

449 2703 576 2742 cum
600 2688 715 2758 jam
757 2688 888 2745 inde
920 2704 951 2742 a
998 2688 1106 2744 ﬁne
1151 2691 1290 2745 sexti
1342 2691 1552 2757 saeculi,
1611 2706 1722 2761 quo
1773 2699 2025 2759 tempore

449 2777 749 2849 Gregorius
781 2779 1009 2851 Magnus
1059 2782 1264 2853 Pelagii
1322 2784 1548 2838 nomine
1579 2784 1881 2849 scribebat,
1915 2790 2023 2836 tam

449 2868 613 2924 facile
644 2873 892 2940 potuerit
933 2874 1362 2929 commentarius
1405 2873 1607 2944 aliquis
1645 2874 1701 2928 in
1735 2873 2025 2929 Canticum

448 2961 798 3017 Theodoreto
828 2966 1091 3034 supponi,
1126 2982 1292 3035 quam
1343 2966 1522 3036 reipsa
1550 2966 1669 3037 ipso
1707 2967 1904 3037 quinto
1926 2982 2028 3023 saa-

2128 475 2450 545 retrogrado
2479 491 2509 528 a
2541 486 2816 544 postrema
2844 473 3124 542 incipiam,
3165 488 3287 541 quae
3317 471 3506 541 procul
3533 469 3707 526 dubio

2130 565 2365 617 multum
2432 563 2601 617 habet
2658 562 2956 632 ponderis,
3026 561 3389 616 nihilominus
3441 561 3707 617 adversus

2127 668 2249 708 eam
2280 669 2391 707 non
2430 652 2865 722 improbabiliter
2892 652 3002 706 dici
3041 661 3240 721 potest,
3261 652 3501 707 noluisse
3520 652 3703 706 Theo-

2129 744 2409 812 doretum,
2450 761 2575 801 cum
2607 746 3018 816 periclitaretur
3058 746 3127 801 de
3184 745 3309 811 fide,
3344 747 3590 801 exerceri
3616 748 3707 819 ju-

2127 838 2336 894 dicium
2368 854 2435 893 ex
2468 839 2630 905 libro,
2662 854 2773 908 quo
2804 838 3158 892 Theodorum
3192 838 3539 907 Mopsuestia:
3587 855 3705 893 ma-

2126 931 2355 1003 gistrum
2384 946 2544 985 suum
2603 931 2888 1000 arguebat,
2955 945 3023 985 ne
3084 929 3372 985 damnasse
3421 929 3707 985 videretur

2127 1039 2290 1094 quem
2310 1032 2499 1094 postea
2529 1023 2896 1086 defendisset;
2927 1032 3092 1092 atque
3126 1023 3201 1077 ita
3258 1023 3500 1077 levitatis
3527 1032 3585 1077 et
3615 1025 3703 1077 in-

2126 1115 2448 1170 constantiae
2476 1130 2604 1170 reus
2660 1113 2833 1179 fieret,
2872 1130 2984 1183 quo
3016 1122 3261 1184 tempore
3299 1114 3534 1169 maxime
3572 1129 3705 1170 con-

2125 1206 2383 1261 stantiam
2414 1219 2569 1258 suam
2593 1204 2910 1258 extollebat.

2198 1296 2453 1363 Quintam
2518 1296 2760 1350 elevaret
2823 1293 3140 1364 quispiam,
3213 1300 3471 1348 causatus
3528 1292 3705 1362 primo

2127 1387 2400 1459 ejusmodi
2449 1385 2802 1441 Canticorum
2845 1385 3247 1454 expositionem
3288 1400 3399 1440 non
3431 1399 3553 1440 esse
3581 1399 3706 1454 pro-

2127 1479 2405 1542 lixiorem,
2460 1493 2624 1547 quam
2673 1494 2795 1547 quae
2848 1478 3125 1543 Danielis;
3159 1477 3361 1532 deinde
3415 1486 3707 1548 utramque

2127 1586 2248 1625 esse
2272 1569 2607 1625 Theodoreti
2657 1569 2814 1639 quasi
2843 1569 3181 1634 tirocinium,
3224 1568 3370 1638 quod
3411 1569 3550 1624 solet
3581 1584 3707 1624 esse

2130 1661 2453 1727 verbosius;
2490 1660 2732 1729 denique
2749 1676 2874 1714 eum
2906 1669 3057 1725 tunc,
3104 1674 3228 1714 cum
3271 1659 3436 1729 27o
3490 1668 3707 1713 utrum-

2130 1769 2239 1821 que
2269 1766 2408 1821 Opus
2438 1751 2727 1816 scriberet,
2780 1752 3026 1805 nondum
3076 1751 3594 1822 breviloquentiam,
3646 1760 3708 1807 ut

2130 1843 2209 1909 fit,
2242 1843 2524 1899 scribendi
2557 1859 2683 1908 usu,
2716 1843 2997 1899 didicisse.

2195 1957 2314 2011 Jam
2358 1972 2492 2011 vero
2541 1966 2757 2027 quarta,
2800 1966 2862 2012 ut
2894 1966 2981 2013 est
3033 1956 3103 2012 ab
3144 1957 3499 2022 auctoritate,
3558 1956 3708 2027 quod

2128 2047 2302 2112 aiunt,
2350 2049 2636 2118 negativa,
2673 2049 2748 2102 ita
2789 2049 2972 2103 minus
3025 2048 3181 2103 ﬁrma
3238 2057 3486 2119 apparet.
3532 2048 3707 2115 Quid-

2128 2140 2181 2193 ni
2251 2140 2399 2193 enim
2461 2139 2852 2194 Theodoretus
2921 2155 3033 2213 uno
3083 2139 3138 2193 in
3206 2140 3327 2194 loco
3375 2140 3706 2210 scripserit.

2129 2229 2277 2300 quod
2317 2231 2404 2285 vel
2445 2230 2563 2300 ipse
2598 2231 2653 2285 in
2693 2231 2802 2286 alio
2820 2231 3257 2301 prmtermiserit,
3281 2232 3369 2287 vel
3396 2232 3592 2302 reliqui
3614 2232 3709 2286 alii

2132 2323 2437 2376 tacuerint?
2458 2322 2661 2389 Quidni
2689 2323 2983 2388 Manasses,
3025 2338 3150 2377 cum
3181 2323 3452 2378 insaniret
3506 2323 3707 2393 impie-

2131 2413 2257 2467 tatis
2288 2421 2447 2476 aestu,
2474 2423 2686 2484 partem
2732 2414 2998 2468 librorum
3051 2429 3336 2469 sacrorum
3387 2415 3707 2469 combusse-

2131 2505 2223 2568 rit,
2252 2504 2520 2575 reliquam
2548 2516 2737 2576 postea
2758 2506 2948 2577 templi
2972 2506 3287 2562 incendium
3307 2507 3711 2576 absumpserit!

2202 2596 2391 2651 Tertia
2422 2606 2626 2661 autem,
2656 2613 2778 2667 quae
2807 2596 2874 2651 ad
2898 2596 3251 2652 Theodorum
3281 2598 3541 2668 pertinet,
3569 2597 3711 2651 mul-

2132 2696 2359 2758 tumque
2382 2704 2577 2759 urgere
2602 2689 2840 2750 videtur.
2898 2699 3176 2760 utcunque
3223 2689 3488 2745 declinari
3530 2697 3712 2759 potest

2129 2797 2198 2838 ex
2227 2796 2314 2847 eo,
2345 2781 2489 2851 quod
2534 2780 3011 2849 interpretationis
3034 2781 3262 2851 hujusce
3303 2789 3495 2836 auctor
3524 2780 3709 2835 videa-

2132 2883 2224 2928 tur
2247 2873 2305 2928 in
2337 2888 2465 2928 eum
2515 2872 2782 2938 scribere,
2815 2887 2980 2941 quem
3010 2872 3173 2936 colat,
3203 2873 3468 2942 cujusque
3508 2886 3711 2926 nomen

2130 2980 2244 3035 pra:
2274 2963 2582 3019 reverentia
2607 2963 2770 3017 silere
2792 2963 2924 3016 velit
2950 2980 2962 3015 :
2994 2962 3238 3032 alioquin
3258 2979 3358 3017 cur
3410 2971 3714 3018 testaretur

447 3057 574 3112 culo
633 3057 905 3127 suppositi
961 3070 1091 3116 sunt
1144 3059 1391 3128 quinque
1445 3059 1799 3114 historiarum
1859 3060 2022 3114 libri:
2051 3075 2096 3135 ο
2130 3072 2189 3111 se
2220 3055 2289 3110 ad
2317 3071 2456 3125 opus
2492 3054 2700 3126 impelli
2726 3053 3012 3124 religionis
3033 3053 3236 3119 studio,
3271 3063 3329 3109 et
3354 3053 3713 3107 veneratione

447 3148 641 3219 quidni
668 3149 979 3219 suppositio
1006 3149 1364 3204 historiarum
1396 3149 1743 3205 Gennadium
1775 3150 2021 3221 ejusdem

448 3254 575 3294 cum
598 3239 950 3294 Theodoreto
972 3240 1160 3294 saeculi
1189 3239 1513 3310 scriptorem
1543 3240 1802 3295 Latinum
1834 3240 2024 3305 latuit;

450 3329 526 3384 ita
551 3329 1072 3384 commentariorum
1096 3329 1404 3398 suppositio
1431 3329 1632 3384 nesciri
1658 3329 1839 3400 potuit
1860 3346 1889 3383 a
1918 3329 2026 3383 La-

450 3419 569 3475 tino
596 3419 1018 3475 alteriussaaculi
1063 3420 1386 3489 posterioris
1420 3420 1709 3492 Gregorio.

529 3509 621 3564 XI.
650 3509 805 3566 Adde
828 3511 976 3580 quod
1004 3511 1310 3567 Ezechielis
1359 3512 1514 3567 locus
1546 3513 1707 3568 facile
1756 3512 1937 3583 potuit
1966 3513 2024 3568 in

450 3601 709 3657 eumdem
760 3617 983 3657 sensum
1027 3617 1058 3656 a
1096 3602 1315 3658 duobus
1365 3605 1761 3660 tractatoribus
1803 3605 2025 3675 exponi,

451 3703 576 3744 cum
604 3689 673 3744 ab
724 3690 982 3746 omnibus
1016 3708 1128 3747 uno
1156 3693 1269 3750 fere
1336 3695 1501 3751 modo
1544 3696 1872 3767 explicetur,
1924 3712 2029 3751 nec

452 3780 679 3837 dubiam
723 3781 923 3839 habeat
973 3786 1445 3857 multiplicemque
1499 3788 1774 3859 allegoria:
1821 3789 2028 3842 intelli-

453 3872 720 3943 gentiam.

524 3964 543 3981 ‘
574 3962 688 4017 XII.
727 3962 877 4019 Adde
899 3964 1086 4032 etiam,
1137 3967 1284 4037 quod
1315 3967 1371 4021 in
1423 3968 1854 4023 commentarios
1896 3985 2028 4025 suos

455 4051 509 4108 in
558 4054 902 4111 Ezechielem
956 4057 1338 4113 Theodoretus
1384 4059 1628 4129 potuerit
1681 4059 2024 4127 transferre,

453 4145 599 4214 quod
633 4147 701 4201 ab
728 4148 1042 4218 antiquiore
1081 4149 1267 4204 forsan
1308 4158 1622 4220 sumpserat
1670 4149 2024 4206 Canticorum

454 4231 786 4304 interprete:
838 4240 1079 4293 mutuari
1128 4240 1278 4294 enim
1326 4239 1466 4293 solet
1520 4254 1631 4293 non
1662 4256 1855 4310 pauca,
1906 4258 2028 4312 qua:

454 4325 571 4379 suis
629 4326 852 4397 scriptis
908 4327 1134 4383 inserat.
1190 4329 1306 4395 Qua
1346 4329 1705 4398 responsione
1760 4332 2033 4389 declinari

2136 3148 2381 3212 Patrum,
2398 3162 2537 3215 quos
2562 3145 2833 3210 nominat,
2858 3143 3107 3209 Eusebii,
3136 3142 3709 3215 0rigenis,Cypriani,

2130 3237 2341 3300 Basilii,
2364 3237 2652 3307 utriusque
2670 3233 2942 3306 Gregorii,
2969 3233 3191 3288 Diodori
3221 3241 3278 3288 et
3299 3233 3548 3292 Joannis.
3570 3248 3712 3302 quos

2130 3327 2474 3398 despexisset
2522 3328 2633 3391 ille,
2669 3342 2833 3396 quem
2867 3323 3182 3395 impugnat?
3245 3323 3358 3377 Hos
3407 3330 3554 3377 certe
3598 3337 3710 3376 non

2129 3436 2322 3490 parum
2349 3418 2665 3488 despexisse
2692 3416 3021 3471 Theodorus
3051 3415 3309 3470 traditur.

2196 3511 2308 3566 Cur
2336 3512 2454 3566 haec
2484 3509 2715 3564 adderet
2744 3508 2830 3561 ὀἳ
2869 3527 2885 3558 ι
2908 3506 3339 3561 Consideremus
3383 3521 3451 3560 an
3483 3520 3703 3574 aequum

2129 3602 2199 3657 sit
2229 3610 2310 3665 ut,
2380 3608 2463 3655 tot
2504 3599 2782 3668 tantisque
2834 3598 2970 3652 viris
3019 3597 3316 3666 despectis,
3370 3604 3713 3665 contempto.

2130 3710 2235 3764 quc
2262 3695 2379 3762 ipso
2404 3692 2615 3761 Spiritu
2639 3698 2850 3754 sancto,
2893 3689 3147 3760 proprias
3191 3689 3480 3759 opiniones
3516 3704 3711 3743 conse-

2130 3794 2367 3844 ctomnr,
2407 3795 2517 3833 non
2565 3777 2856 3833 audientes
2904 3794 3054 3844 eum,
3106 3779 3199 3849 qui
3237 3779 3494 3848 praeclare
3539 3778 3707 3833 dixit:

2130 3870 2485 3942 Cogitationes
2509 3868 2823 3922 mortalium
2847 3868 3070 3935 timidw,
3105 3878 3155 3921 et
3189 3870 3401 3924 incerta!
3430 3868 3710 3939 providen-

2134 3966 2218 4018 tia’
2238 3965 2472 4035 ipsorum
2504 3972 2560 4028 °;
2587 3969 2643 4015 et
2668 3960 2888 4014 beatum
2918 3961 3147 4015 Paulum
3184 3961 3252 4016 de
3282 3961 3611 4031 quibusdam
3639 3961 3710 4015 ita

2126 4057 2476 4125 loquentem:
2528 4052 2876 4107 Evanuerunt
2927 4052 2983 4105 in
3041 4052 3443 4122 cogitationibus
3485 4052 3617 4115 suis,
3664 4061 3711 4105 et

2128 4150 2462 4203 obscuratum
2490 4156 2563 4201 est
2584 4147 2835 4217 insipiens
2857 4161 2948 4199 cor
2968 4161 3149 4199 eorum
3175 4143 3221 4199 δ.
3249 4145 3362 4200 Nos
3391 4146 3561 4215 igitur
3582 4161 3708 4200 cum

2130 4242 2291 4295 beato
2345 4240 2509 4294 Petro
2557 4238 2631 4292 ita
2683 4237 3026 4293 clamemus:
3093 4235 3312 4290 Obedire
3358 4245 3560 4307 oportet
3604 4236 3714 4290 Dco

2132 4332 2298 4401 magis
2342 4347 2502 4401 quam
2548 4328 2842 4382 hominibus
2886 4339 2931 4381 ε.
2979 4326 3233 4381 Dicamus
3266 4328 3396 4381 item
3442 4327 3510 4381 ad
3562 4328 3708 4389 illos,

454 4426 664 4482 queunt
704 4418 807 4472 alia
837 4418 1004 4473 etiam
1036 4425 1378 4488 argumenta,
1410 4435 1533 4489 qua:
1563 4436 1630 4475 ex
1666 4426 2026 4480 consonantia
2057 4415 2109 4474 D
2132 4437 2201 4475 an
2221 4422 2429 4491 justum
2461 4422 2532 4475 sit
2578 4419 2632 4473 in
2661 4427 2960 4488 conspectu
2993 4418 3114 4480 Dei,
3143 4435 3242 4473 vos
3280 4419 3468 4488 potius
3493 4418 3709 4480 audire,

454 4507 928 4579 interpretationis
979 4514 1036 4567 in
1090 4512 1418 4580 Canticum,
1496 4530 1622 4568 cum
1704 4515 2027 4573 indubitatis

455 4598 788 4655 Theodoreti
818 4601 1059 4671 scriptis,
1092 4603 1400 4672 cujusmodi
1452 4604 1726 4673 expositio
1777 4606 2023 4661 Psalmo-

454 4704 597 4756 rum,
629 4692 1046 4762 prophetarum,
1092 4701 1149 4748 et
1203 4694 1473 4763 Apostoli,
1512 4706 1845 4751 sumuntur:
1883 4698 2027 4753 hanc

453 4794 584 4835 vero
637 4783 1052 4838 consonantiam
1109 4798 1230 4838 esse
1281 4801 1393 4839 non
1433 4785 1791 4855 mediocrem,
1836 4798 1893 4844 et
1924 4806 2026 4861 ego

455 4869 689 4927 libenter
716 4873 908 4939 fateor,
935 4882 991 4928 et
1022 4889 1186 4927 nemo
1210 4917 1224 4939 ,
1256 4875 1349 4945 qui
1385 4886 1636 4932 versatus
1668 4879 1739 4933 sit
1786 4880 1840 4934 in
1870 4883 2025 4936 evol-

450 4962 665 5030 vendis,
696 4980 835 5033 quos
863 4964 997 5029 dixi,
1035 4964 1369 5022 Theodoreti
1405 4969 1584 5033 libris,
1622 4973 1922 5041 negaverit.

524 5055 857 5111 Posterioris
885 5071 1016 5109 vero
1046 5056 1219 5125 partis
1250 5060 1491 5115 rationes
1520 5062 1643 5130 plus
1675 5063 1879 5116 habent
1906 5065 2029 5134 qui-

451 5143 577 5200 dem
608 5148 662 5201 in
692 5147 930 5217 speciem
961 5149 1221 5204 momenti
1248 5168 1260 5204 :
1294 5151 1387 5206 sed
1419 5152 1678 5220 quoniam
1708 5156 2025 5224 opinionem

454 5235 809 5292 inveteratam
860 5242 1171 5298 convellere
1215 5246 1492 5310 nituntur,
1530 5248 1734 5305 ideirco
1764 5249 2026 5318 probabi-

514 5405 549 5434 ·⁶
583 5394 711 5464 Sap.
748 5413 819 5465 ix,
849 5399 934 5453 Η.
1009 5399 1036 5439 δ
1066 5401 1222 5456 Rom.
1250 5419 1288 5467 ι,
1328 5403 1417 5457 21.
1499 5414 1522 5444 ι
1554 5407 1672 5460 Art.
1707 5424 1759 5468 v.
1796 5407 1884 5461 29.

2132 4526 2296 4581 quam
2322 4511 2514 4573 Deum,
2532 4509 2776 4581 judicatc
2799 4526 2812 4561 :
2842 4524 2943 4562 nos
2968 4508 3115 4562 enim
3141 4524 3247 4562 non
3264 4524 3713 4578 possumus,qu'.c

2131 4600 2373 4655 vidimus
2397 4616 2495 4670 per
2527 4599 2799 4670 Spiritum
2836 4607 3112 4665 sanctum,
3151 4609 3207 4654 et
3245 4600 3579 4665 audivimus,
3602 4615 3711 4654 non

2130 4693 2304 4762 loqui.
2337 4711 2354 4744 ι
2385 4691 2538 4746 Adde
2571 4690 2720 4761 quod
2765 4690 2821 4744 in
2874 4690 3199 4761 prmfatione
3244 4692 3610 4762 expositionis
3658 4692 3711 4745 in

2132 4784 2374 4839 Psalmos
2399 4782 2776 4846 Theodorum,
2814 4781 2925 4837 imo
2945 4790 3002 4837 et
3031 4781 3486 4855 Chrysostomum
3536 4784 3711 4838 tacitis

2134 4876 2452 4931 nominibus
2501 4875 2855 4946 perstringat,
2910 4873 3062 4928 illum
3107 4874 3313 4931 favoris
3368 4876 3422 4929 in
3470 4875 3709 4937 Juomos,

2135 4972 2300 5025 istum
2336 4969 2521 5023 nimiae
2548 4966 2885 5037 prolixitatis
2930 4981 3216 5022 accusans.

2205 5061 2459 5117 Secunda
2492 5059 2657 5130 paulo
2684 5058 2958 5113 difﬁcilior
2977 5066 3082 5123 est,
3134 5059 3237 5113 nisi
3288 5059 3412 5130 quis
3448 5060 3706 5130 excipiat,

2135 5156 2250 5210 lucc
2285 5151 2528 5209 auctoris
2555 5151 2623 5205 de
2654 5149 2763 5205 Chr
2782 5160 3051 5217 isostomo
3079 5153 3272 5217 verba,
3312 5154 3368 5205 '0
3421 5156 3535 5216 τοῖς
3587 5154 3711 5223 ῥεύ-

2139 5264 2265 5317 μασπ
2298 5246 2393 5314 τῆς
2422 5242 2774 5306 διδασκαλίας
2811 5242 2973 5315 μέχρι
3008 5245 3099 5299 καὶ
3126 5246 3371 5316 τήμερον
3409 5247 3588 5300 πᾶσαν
3611 5245 3706 5313 τὴν

1778 5538 2094 5593 SCHULZII
2130 5537 2365 5590 NOTAE.

526 5641 565 5672 κθ
597 5644 735 5728 μορ.
771 5646 907 5700 adeo
933 5645 1235 5728 hzesitasfet
1269 5648 1586 5728 Garncrius,
1620 5653 2016 5728 nisialienuin
2071 5654 2260 5728 fretum
2293 5667 2391 5721 pro
2426 5654 2661 5728 genuino
2714 5656 2874 5711 nobis
2929 5657 3220 5713 obtrudcrc
3255 5657 3536 5712 voluisset.
3584 5660 3701 5715 \‘id.

453 5722 613 5783 caput
640 5716 891 5772 ultimum
934 5715 1096 5788 hujus
1125 5718 1544 5776 dissertationis.
1576 5715 1581 5717 ’
1620 5724 1665 5755 ³ο
1705 5723 1820 5779 Vid.
1861 5724 2017 5780 Pra‘f.
2050 5723 2115 5779 ad
2147 5715 2306 5778 Cant:
2340 5715 2539 5778 canitie.
3617 5760 3620 5763 -
