3952 6294
163 308 250 375 221
1308 315 1406 374 DE
1447 316 1701 376 LIBRIS

1848 317 2244 378 EODORE’I'I-

165 423 479 494 οἰκωμένην
537 423 776 496 ἀρδεύων
828 424 870 454 ⁸¹
894 464 908 486 ,

162 515 356 571 Joanne
381 515 529 585 ipso,
565 515 658 569 sed
681 514 750 570 de
791 514 1230 581 Joannislibris;
1275 531 1587 586 quanquam
1614 516 1730 569 vio-

165 607 296 660 lenta
320 606 437 660 hac
470 614 561 660 est
581 607 852 676 pauloque
884 607 1078 661 durior
1105 606 1423 676 explicatio.
1464 594 1470 600 ’

224 695 279 748 In
301 694 478 763 prima
511 695 719 749 harere
771 695 908 749 mibi
938 712 1137 765 aquam
1185 696 1395 750 fateor:
1453 695 1728 764 siquidem

164 784 484 839 militaribus
543 786 691 840 curis
750 786 1047 854 impeditus
1105 786 1526 852 Theodoretus,
1594 788 1729 842 mihi

166 862 395 929 monstro
424 876 609 930 simile
640 877 901 946 quiddam
929 887 1043 939 est;
1090 878 1195 932 nisi
1250 878 1396 933 forte
1438 878 1563 948 quis
1603 887 1732 934 tunc

169 965 484 1038 Cyresticam
508 969 809 1039 regionem,
840 970 1129 1024 Persarum
1158 978 1327 1035 metu,
1358 971 1645 1037 militibus,
1672 978 1733 1026 u‘.

173 1058 243 1122 ﬁt,
266 1059 509 1115 licenter
552 1062 946 1131 populantibus
993 1062 1163 1133 magis
1212 1079 1378 1133 quam
1425 1063 1728 1127 tuentibus,

135 1151 427 1219 ‘oppletam
463 1152 638 1207 fuisse
663 1152 893 1208 divinet.
924 1153 1043 1208 Jam
1092 1169 1246 1218 vero,
1295 1153 1442 1223 quod
1505 1153 1729 1216 dicitur,

165 1258 291 1312 opus
318 1242 424 1297 hoc
462 1243 523 1297 in
566 1242 856 1299 Canticum
917 1243 1227 1299 Salomonis
1272 1259 1382 1299 non
1427 1244 1637 1298 laudari
1676 1243 1731 1298 in

172 1334 397 1398 Catenis,
435 1351 562 1404 qua
584 1336 746 1405 vulgo
769 1335 1062 1400 habentur,
1092 1335 1146 1390 id
1171 1335 1391 1405 quidem
1416 1350 1605 1388 verum
1628 1343 1728 1389 est:

169 1426 254 1479 sed
301 1424 416 1480 ﬁeri
466 1427 651 1495 potuit
695 1442 761 1480 ex
817 1427 975 1496 2'71
1025 1427 1259 1481 duarum
1314 1444 1601 1482 causarum
1646 1427 1732 1481 vel

164 1517 338 1579 altera,
390 1517 481 1571 vel
530 1525 766 1587 utraque
806 1535 819 1570 :
876 1533 1001 1572 nam
1061 1516 1395 1572 Catenarum
1444 1518 1734 1572 effectores

164 1607 368 1675 plurimi
421 1624 489 1663 ea
549 1618 712 1664 atate
764 1608 1057 1674 vixerunt,
1122 1625 1231 1679 qua
1292 1610 1454 1664 male'
1476 1608 1736 1663 audiebat

166 1697 575 1762 Theodoretus,
636 1714 834 1769 nempe
878 1699 1026 1754 circa
1071 1709 1285 1754 sextum
1327 1700 1734 1768 septimumque

164 1791 430 1853 saeculum,
458 1791 549 1845 vel
601 1798 888 1844 octavum:
938 1796 1035 1844 aut
1067 1790 1280 1843 rariora
1333 1788 1577 1851 fuerunt,
1620 1804 1730 1857 quo
1766 1765 1809 1823 Β
1840 1757 1923 1857 ΜΞ
1977 1765 2171 1857 oin“?
2225 1754 2566 1857 '"ﬁrpm‘?"
2621 1761 2827 1857 suTus'

166 1892 395 1952 tempore
423 1883 565 1943 dixi,
592 1883 927 1939 Theodoreti
958 1898 1148 1951 opera,
1188 1883 1381 1937 saltem
1432 1882 1726 1935 nonnulla:

166 1990 272 2042 qua
295 1990 459 2029 causa
490 1975 789 2038 exstiterit,
821 1991 922 2030 cur
973 1975 1202 2030 Photius
1263 1975 1517 2028 curiosus
1565 1981 1730 2027 eate-

165 2064 345 2134 roqnin
380 2065 659 2119 librorum
712 2081 740 2120 a
777 2066 1058 2121 veteribus
1091 2066 1372 2120 editorum
1410 2065 1728 2134 inquisitor,

165 2155 375 2225 hujusce
427 2157 485 2210 in
545 2155 834 2211 Canticum
890 2156 1327 2213 elucubrationis
1380 2171 1491 2210 non
1541 2156 1733 2210 memi-

166 2247 315 2299 nerit.

224 2338 298 2391 Ad
328 2338 404 2402 id,
423 2338 578 2409 quod
596 2338 825 2395 affertur
846 2356 912 2395 ex
936 2339 1139 2395 Catena
1158 2340 1428 2411 Neopbyti
1452 2338 1729 2403 monachi,

165 2428 464 2499 reSponderi
500 2429 618 2484 duo
670 2440 920 2500 possunt.
968 2431 1238 2495 Alterum,
1293 2447 1392 2501 pro
1442 2429 1732 2485 Theodoro

165 2519 290 2575 forte
321 2521 622 2575 librarium
671 2521 1004 2577 Theodoreti
1050 2537 1250 2575 nomen
1301 2522 1586 2591 posuisse;
1632 2537 1732 2591 pro

167 2608 459 2676 Theodoro,
502 2611 753 2680 inquam,
789 2624 899 2664 non
931 2610 1313 2679 Mopsuesteno
1361 2610 1455 2664 illo
1504 2608 1729 2673 celebri,

166 2702 251 2756 sed
302 2703 631 2758 Heracleota
678 2702 839 2771 longe
890 2702 1190 2765 anteriore,
1248 2709 1305 2754 et
1355 2701 1475 2769 ipso
1508 2701 1731 2771 quidem

168 2794 320 2849 nobili
355 2795 772 2866 Scripturarum
809 2793 1129 2862 interprete.
1168 2793 1438 2855 Alterum,
1476 2793 1731 2863 Neophy-

88 2878 91 2881 ’
168 2895 269 2939 tum
289 2902 445 2941 suum
477 2887 776 2955 deceptum
826 2884 1071 2947 ‘fuisse,
1119 2893 1177 2939 et
1228 2884 1576 2939 Theodoreto
1630 2885 1734 2939 tri-

167 2977 353 3042 buisse,
409 2977 565 3048 quod
618 2975 847 3031 alterius
897 2975 1182 3047 cujusdam
1214 2974 1357 3029 foret
1381 2974 1733 3029 Canticorum

3304 327 3412 389 222

972 423 1203 494 intelligi
1240 424 1445 479 debere
1500 441 1610 479 non
1659 424 1727 478 de
1758 432 1802 486 Α
1833 425 1932 489 illi,
1976 426 2179 481 obsunt
2212 428 2333 482 tria.
2376 429 2639 495 Primum,
2674 431 2875 486 locusa
2906 431 3191 502 Ncopbyto
3218 449 3407 492 tuoua-

1832 516 1936 570 eho
1976 517 2032 571 in
2059 532 2214 572 suam
2238 518 2497 575 Catenam
2523 523 2747 587 relatus,
2777 538 2885 577 non
2916 523 3192 592 reperitur
3219 525 3272 578 in
3305 526 3410 583 hoc

1832 624 2017 676 opere.
2053 609 2319 673 Alterum,
2358 612 2529 683 stylus
2557 628 2664 666 non
2691 614 2910 668 videtur
2938 613 3268 669 Theodoreti
3293 617 3409 672 ele-

1831 698 2070 765 gantiam
2096 707 2154 752 et
2183 699 2340 769 quasi
2374 699 2757 769 limpiditatem
2790 717 3004 772 sapere.
3037 703 3406 767 Postremum,

1834 796 1913 844 tot
1933 791 2258 847 saculorum
2281 792 2572 861 possessio,
2594 796 2759 850 tantis
2782 795 3016 850 testibus
3031 797 3405 866 comprobata,

1834 891 1986 937 tanto
2039 899 2311 940 consensu
2342 885 2686 941 eruditorum
2730 887 2992 952 stabilita,
3035 888 3291 957 prohibet
3339 906 3409 945 ne

1835 974 2183 1030 Theodoreto
2213 976 2559 1046 abjudicetur
2608 978 2862 1049 vulgatus
2891 981 3320 1035 commentarius
3353 982 3409 1035 in

1831 1064 2116 1120 Canticum
2149 1069 2488 1123 canticorum
2510 1069 2574 1123 ⁸³,

2358 1181 2518 1250 272
2540 1180 2761 1237 CAPUT
2792 1182 2879 1236 IV.

1836 1291 2084 1345 Receusio
2107 1307 2344 1361 operum,
2379 1309 2496 1362 quae
2532 1302 2669 1375 temo
2709 1293 2935 1347 secundo
2976 1294 3101 1347 edit.
3143 1291 3408 1347 Sirmondi

2445 1372 2799 1416 continentur.

1909 1475 2114 1530 Tomus
2157 1474 2431 1529 secundus
2480 1475 2865 1544 complectitur
2915 1474 3307 1529 commentaria
3354 1474 3406 1527 in

1836 1581 2029 1621 omnes
2072 1565 2347 1621 sexdecim
2378 1566 2697 1634 prophetas.
2726 1565 2851 1619 Hac
2891 1580 2992 1634 pro
3020 1564 3136 1619 suis
3163 1564 3411 1633 agnoscit

1839 1657 2221 1713 Theodoretus
2248 1656 2411 1725 epist.
2446 1656 2552 1709 82:
2595 1674 2613 1706 ι
2645 1656 2750 1710 Per
2772 1654 2868 1709 Dei
2902 1655 3131 1725 gratiam
3166 1654 3411 1723 Prophe—

2859 1765 2877 1797 ι
2940 1747 3007 1799 Et
3052 1746 3213 1816 epist.
3266 1745 3407 1799 “5:

1840 1863 1857 1895 ι
1885 1844 2163 1913 Explicata
2198 1850 2326 1897 sunt
2353 1857 2382 1895 a
2410 1855 2497 1894 me
2521 1839 2761 1894 oracula.
2797 1858 2815 1890 ›
2872 1838 2942 1893 Ει
2990 1838 3047 1891 in
3089 1838 3412 1893 Prafatione

1832 1936 2172 1991 Psalmorum
2207 1952 2218 1986 :
2282 1952 2300 1982 ς
2338 1931 2441 1986 Alii
2487 1929 2717 1984 aliorum
2751 1944 3034 1984 sacrorum
3068 1928 3408 2008 voluminum

1831 2026 2242 2095 explanationes
2266 2021 2632 2092 elllagitarunt
2659 2020 3073 2089 ;imposueruut
3095 2019 3255 2073 nobis
3275 2036 3414 2073 non-

1835 2114 1973 2168 nulli
2027 2122 2089 2167 ut
2115 2112 2403 2168 Canticum
2459 2109 2799 2166 canticorum
2841 2124 3261 2179 exponeremus.
3291 2108 3411 2163 Ali-

1832 2206 1926 2275 qui
1969 2220 2100 2259 vero
2147 2202 2253 2257 viri
2301 2201 2703 2256 desideriorum
2756 2200 3100 2269 prophetiam
3132 2199 3412 2254 desidera-

1832 2301 2033 2349 verunt
2069 2306 2420 2363 cognoscere.
2447 2289 2554 2345 Alii
2593 2289 2765 2343 divini
2791 2288 3115 2350 Ezechielis,
3151 2287 3240 2341 alii
3276 2286 3412 2343 duo-

1831 2385 2010 2440 decim
2058 2385 2449 2455 prophetarum
2484 2380 2869 2452 pradictiones
2892 2381 3228 2435 obscuritate
3252 2379 3411 2434 invo-

1834 2477 1979 2531 lutas
2003 2475 2284 2540 enucleari
2309 2474 2415 2529 sibi
2445 2481 2503 2528 et
2529 2467 2797 2526 declarari
2822 2473 3171 2541 postularunt
3197 2489 3209 2525 :
3237 2470 3415 2526 dedit-

1833 2584 1942 2639 que
1985 2568 2148 2622 nobis
2186 2566 2569 2621 universorum
2613 2563 2779 2626 Deus,
2811 2571 2872 2617 ut
2910 2562 3334 2618 commentarios
3358 2562 3413 2616 in

1835 2662 1952 2716 bac
1981 2660 2156 2730 ipsius
2184 2658 2369 2713 divina
2392 2657 2609 2727 eloquia
2630 2657 2695 2711 ad
2722 2658 2885 2712 tinem
2910 2654 3359 2725 perduceremus.
3387 2672 3406 2704 ι

1838 2774 1865 2845 §
1894 2774 1936 2828 Ι.
1962 2773 2039 2827 De
2055 2771 2445 2826 commentariis
2475 2772 2528 2823 in
2551 2786 2731 2824 omnes
2772 2771 3053 2841 prop/tetas
3088 2746 3413 2839 generatim.

1903 2885 1945 2940 Ι,
1968 2885 2086 2951 Quo
2107 2885 2368 2954 temporis
2393 2885 2586 2939 ordine
2603 2884 2658 2937 in
2684 2883 2929 2953 singulos
2948 2880 3244 2951 prophetas
3275 2879 3411 2935 scri-

1835 2977 2032 3046 pserit,
2083 2974 2282 3044 partim
2337 2973 2453 3043 ipse
2503 2980 2690 3041 aperte
2731 2970 2976 3039 exponit,
3016 2968 3211 3037 partim
3251 2982 3417 3036 argu-

167 3071 498 3140 expositoris.
544 3069 694 3132 Hac,
751 3067 950 3133 fateor,
1000 3070 1328 3138 conjectura
1352 3076 1481 3123 sunt
1510 3085 1523 3120 :
1555 3068 1650 3122 sed
1680 3067 1732 3121 in
1764 3099 1806 3154 ο
1838 3078 2021 3123 menta
2059 3067 2348 3136 colligendi
2382 3065 2715 3135 suppeditat.
2742 3063 2960 3118 Primus
3006 3075 3135 3130 ergo
3159 3057 3315 3112 labor
3359 3057 3414 3111 in

169 3178 221 3217 re
245 3162 403 3217 dubia
427 3162 560 3233 quis
588 3159 1046 3215 demonstrationi
1078 3160 1274 3215 locus?

226 3254 314 3308 llis
345 3271 446 3325 ego
483 3253 798 3307 rationibus
834 3251 1131 3322 impeditus
1166 3253 1412 3317 tenebar,
1448 3268 1572 3307 cum
1599 3252 1738 3307 forte

166 3344 317 3401 incidi
341 3345 395 3399 in
412 3344 455 3399 G
472 3358 673 3398 racum
705 3341 951 3396 codicem
965 3343 1033 3407 δ’,
1059 3352 1224 3395 manu
1246 3341 1602 3396 eruditissimi
1625 3340 1740 3396 Sir-

165 3436 333 3490 mondi
352 3437 654 3504 scriptum,
682 3434 738 3487 in
767 3449 876 3503 quo
905 3434 1292 3488 continebatur
1310 3433 1578 3503 expositio
1598 3432 1739 3488 Can-

168 3521 652 3585 tici-canticorum,
684 3520 891 3574 nullius
924 3522 1168 3576 auctoris
1204 3522 1426 3577 nomine
1452 3522 1734 3591 inscripta.

167 3611 301 3667 Illam
329 3631 429 3685 ego
466 3629 594 3668 cum
617 3615 879 3685 legerem,
908 3614 1062 3668 visus
1083 3629 1203 3667 sum
1228 3613 1362 3667 mihi
1390 3613 1576 3667 videre
1597 3629 1738 3666 non-

165 3705 301 3759 nulla
324 3705 666 3761 Theodoreti
691 3705 912 3769 indicia,
941 3721 1063 3775 qua
1087 3721 1197 3774 quo
1220 3706 1482 3759 attentius
1510 3705 1737 3775 perlegi,

167 3810 224 3849 eo
257 3813 338 3852 me
366 3798 549 3868 magis
583 3797 921 3867 impulerunt
951 3798 1004 3851 in
1037 3805 1266 3867 partem,
1303 3796 1358 3849 in
1386 3812 1549 3865 quam
1581 3796 1739 3850 valde

166 3889 566 3958 propendebam
605 3908 617 3942 :
657 3905 796 3959 opus
818 3904 1037 3959 nempe,
1063 3889 1219 3959 cujus
1251 3904 1283 3942 a
1321 3903 1380 3943 se
1424 3888 1481 3942 in
1515 3886 1740 3943 Cantica

166 3978 412 4035 elaborati
434 3980 827 4035 Theodoretus
850 3980 1122 4044 meminit,
1158 3995 1272 4033 non
1315 3994 1435 4034 esse
1464 3995 1743 4035 commen-

167 4071 338 4137 tarios,
386 4087 533 4142 quos
580 4071 752 4127 edidit
805 4071 1167 4137 Sirmondus;
1195 4072 1290 4127 sed
1332 4072 1490 4127 istam
1536 4073 1737 4142 potius,

167 4176 313 4230 quam
350 4163 700 4227 evolvebam,
754 4163 1178 4234 expositionem.
1238 4164 1388 4218 Nihil
1444 4164 1592 4217 enim
1649 4163 1740 4217 illa

167 4255 416 4320 continet,
449 4255 600 4325 quod
626 4255 922 4310 abhorreat
955 4273 985 4311 a
1018 4257 1441 4315 consuetudine.
1467 4256 1738 4319 doctrina,

167 4354 317 4415 atque
347 4356 512 4403 atate
543 4347 917 4415 Theodoreti;
949 4348 1115 4403 habet
1163 4364 1193 4403 e
1230 4350 1510 4403 contrario
1560 4347 1737 4418 plura,

1839 3162 2116 3217 Danielem
2145 3158 2417 3221 incubuit,
2442 3156 2719 3211 secundus
2741 3157 2795 3208 in
2822 3152 3189 3215 Ezechielem,
3217 3149 3415 3205 tertius

1839 3255 1893 3308 in
1928 3254 2169 3307 minores
2194 3250 2505 3313 duodecim,
2547 3254 2776 3318 quartus
2830 3246 2887 3300 in
2930 3245 3146 3309 Isaiam,
3186 3242 3416 3313 quintus

1840 3346 1897 3400 in
1922 3343 2239 3407 Jeremiam,
2269 3350 2583 3411 postremus
2604 3341 2657 3394 in
2685 3339 3151 3401 Lamentationes,
3180 3351 3415 3407 quarum

1840 3436 1896 3490 in
1951 3433 2058 3494 ﬁne
2087 3433 2203 3488 hac
2242 3433 2407 3488 habet
2435 3448 2449 3485 :
2506 3450 2524 3481 ι
2556 3430 2707 3488 llanc
2728 3429 2893 3484 etiam
2921 3428 3045 3483 aliis
3075 3425 3416 3497 prepbeticis

1838 3526 1998 3581 libris
2024 3524 2329 3595 adjecimus
2361 3522 2898 3591 interpretationem,
2931 3520 3067 3574 adeo
3090 3526 3169 3583 ut,
3201 3533 3299 3588 per
3318 3517 3413 3572 Dei

1838 3616 2091 3688 gratiam,
2146 3614 2352 3669 nullam
2405 3613 2752 3684 prophetiam
2800 3610 3275 3682 interpretationis
3318 3625 3417 3664 ex-

1838 3717 2050 3779 pertem
2072 3706 2461 3776 reliquerimus
2482 3705 2548 3759 “.
2582 3725 2600 3756 ι

1910 3800 1976 3855 ll.
2018 3799 2081 3854 In
2124 3799 2521 3853 commentario
2570 3796 2635 3851 ad
2670 3803 2835 3865 caput
2865 3812 2986 3850 xxxi
3025 3795 3278 3851 Jeremia
3304 3808 3419 3849 me-

1840 3889 2001 3944 minit
2048 3887 2568 3944 commentariorum
2624 3887 2679 3939 in
2729 3886 3114 3940 Ezechielem:
3157 3904 3175 3935 «
3207 3884 3421 3940 Clarius

1840 3981 1945 4036 hoc
1981 3980 2146 4035 etiam
2182 3979 2320 4034 dixit
2354 3979 2616 4043 Dominus
2652 3993 2749 4047 per
2776 3976 3022 4031 divinum
3048 3975 3416 4037 Ezechielem,

1840 4082 1897 4128 et
1930 4088 2030 4126 nos
2065 4072 2165 4141 ipsi
2209 4070 2462 4141 pluribus
2511 4068 2855 4137 interpretati
2901 4082 3093 4121 sumus
3119 4067 3185 4118 ⁸³.
3217 4085 3235 4116 ι
3286 4065 3421 4120 Eze-

1842 4165 2074 4219 chielem
2103 4164 2271 4233 igitur
2299 4171 2426 4216 ante
2458 4160 2754 4216 Jeremiam
2782 4160 3176 4226 interpretatus
3205 4166 3309 4211 est.

1912 4254 2001 4307 ΙΙΙ.
2036 4253 2116 4307 Ad
2150 4261 2313 4321 caput
2364 4267 2468 4304 xxu
2511 4247 2757 4317 ejusdem
2812 4245 3419 4302 Jeremiamentioncm

1842 4344 1972 4397 lacit
1998 4340 2358 4412 expositionis
2401 4340 2456 4393 in
2482 4337 2675 4392 Isaiam
2706 4352 2719 4388 :
2755 4355 2773 4386 ί
2810 4335 3004 4404 llujus,
3040 4332 3236 4401 inquit,
3265 4332 3421 4386 locu-

168 4452 278 4505 qoa
306 4439 392 4493 his
424 4438 663 4493 miriﬁce
692 4448 999 4510 congruant
1032 4458 1045 4493 :
1094 4440 1367 4509 siquidem
1402 4440 1587 4494 brevis
1628 4448 1732 4504 est,
1769 4444 1812 4500 Ι)
1842 4435 2009 4490 tionis
2064 4433 2334 4487 rationem
2400 4430 2655 4502 pluribus
2702 4426 3069 4498 explicuimus
3132 4425 3185 4478 in
3247 4424 3419 4479 divini

167 4528 464 4597 cujusmodi
492 4545 683 4584 omnes
713 4529 966 4600 genuina
993 4529 1325 4585 Theodoreti
1344 4529 1731 4599 expositiones;

169 4619 445 4689 mysticum
468 4635 691 4675 sensum
719 4621 795 4675 ita
827 4620 1201 4691 persequitur,
1233 4629 1294 4676 ut
1325 4620 1539 4674 nullum
1572 4620 1736 4676 faciat

168 4708 452 4767 Theodoro
479 4712 860 4783 Mopsuesteno
886 4712 1192 4769 convicium
1220 4730 1235 4780 ;
1262 4712 1444 4767 verbis
1471 4711 1733 4778 abundat,

168 4814 280 4867 qua
312 4800 698 4858 Theodoretus
742 4802 966 4858 videtur
990 4803 1274 4859 al‘feCtasse
1309 4820 1323 4869 ;
1355 4812 1414 4858 et
1441 4802 1738 4873 Scriptura

171 4890 299 4956 loca,
328 4908 453 4963 qua
476 4892 802 4958 aﬂ‘eruntur,
835 4893 1064 4965 perinde
1098 4910 1162 4949 ac
1191 4894 1571 4949 Theodoretus
1617 4894 1739 4948 aliis

170 4981 220 5035 in
237 4983 390 5050 locis,
434 4986 851 5057 interpretatur.
884 4985 1219 5042 Brevitatem
1250 4996 1307 5041 et
1339 4986 1613 5041 Theodori
1650 5002 1740 5040 re-

171 5075 463 5129 verentiam
498 5075 613 5145 ipsa
643 5075 805 5131 lectio
831 5076 1171 5131 demonstrat
1204 5094 1217 5130 :
1244 5077 1350 5131 alia
1376 5078 1487 5132 duo
1518 5076 1739 5147 probari

171 5172 390 5228 possunt
419 5180 531 5218 non
555 5163 762 5218 difﬁcili
793 5164 1034 5235 negotio.

234 5255 432 5311 Verum
483 5256 782 5327 quominus
828 5256 1135 5312 adhaream
1175 5257 1405 5313 ﬁrmiter
1426 5257 1742 5328 cogitationi

1842 4526 1996 4583 Isaia
2042 4523 2517 4593 interpretatione.
2555 4543 2572 4574 ι
2632 4522 2771 4592 Ergo
2818 4519 2986 4575 etiam
3040 4518 3235 4572 lsaiam
3293 4525 3420 4571 ante

1840 4619 2132 4676 Jeremiam
2174 4615 2446 4685 exposuit.
2495 4615 2682 4682 Quid?
2716 4613 2862 4684 quod
2899 4611 3190 4665 admodum
3237 4608 3419 4663 credi-

1842 4711 1952 4767 bile
2002 4717 2107 4773 est,
2158 4707 2550 4762 commentaria
2598 4705 2811 4776 singula
2854 4719 2921 4758 eo
2948 4703 3150 4773 scripta
3179 4718 3299 4756 esse
3332 4716 3421 4754 or-

1843 4801 1993 4866 dine,
2028 4814 2138 4870 quo
2166 4806 2462 4853 censentur
2491 4797 2544 4851 in
2577 4795 2898 4851 Pral‘atione
2928 4794 3288 4854 Psalmorum,
3326 4789 3418 4843 ubi

1844 4892 2033 4949 Daniel
2063 4891 2324 4961 primum,
2363 4887 2565 4944 deinde
2590 4887 2868 4951 Ezechiel,
2897 4884 3245 4955 postmodum
3280 4883 3421 4937 duo-

1841 4983 2020 5037 decim
2049 4981 2331 5052 propheta
2364 4980 2608 5034 minores
2640 4986 3035 5031 memorantur.

1911 5076 1981 5130 Et
2020 5090 2154 5129 vero
2194 5074 2252 5128 in
2289 5072 2614 5129 Pralatione
2654 5069 2897 5125 Danielis
2936 5067 3223 5123 manifeste
3261 5066 3422 5121 docet

1844 5165 2226 5221 Theodoretus
2272 5182 2303 5219 a
2345 5181 2403 5219 se
2438 5163 2718 5219 Danielem
2762 5161 3000 5232 primum
3023 5159 3266 5214 omnium
3290 5174 3422 5229 pro-

1844 5258 2134 5329 phetarum
2180 5257 2489 5327 expositum
2519 5254 2710 5320 fuisse,
2740 5253 3013 5323 simulque
3041 5251 3171 5308 facti
3201 5265 3419 5307 causam

1475 5455 1793 5513 SCIIULZII
1831 5454 2059 5511 ΝΟΤιιΕ.

232 5595 271 5628 ⁸¹
295 5596 458 5654 Praf.
477 5598 545 5653 ad
559 5597 721 5653 Cant.
786 5598 938 5654 l"Hic
962 5600 1081 5655 sine
1103 5599 1272 5654 dubio
1287 5607 1372 5653 est
1387 5597 1810 5653 commentarius
1830 5596 1940 5660 ille,
1957 5611 2119 5664 quem
2142 5594 2270 5648 alibi
2294 5595 2563 5665 mysticum
2582 5600 2757 5656 vocat,
2778 5604 3049 5665 quemque
3067 5588 3322 5665 Auctario
3343 5588 3424 5644 in-

176 5677 356 5723 terere
378 5669 572 5723 voluit.
594 5668 739 5726 tVid.
769 5669 1376 5738 caputultimumhujus
1399 5667 1555 5734 diss.)
1578 5667 1683 5720 Sed
1704 5683 1827 5738 non
1847 5659 2009 5738 stetit
2035 5659 2365 5738 promissisf
2414 5666 2459 5696 ’⁵³
2485 5665 2604 5730 Quo
2638 5659 2882 5738 tempore
2909 5659 3144 5738 scriptus
3173 5659 3243 5714 sit
3272 5675 3423 5738 rom-

179 5739 471 5796 muxtarius
500 5739 557 5794 in
581 5740 740 5795 Cant.
779 5729 976 5819 caitt'Lc.
1005 5729 1316 5807 disputatur
1343 5738 1500 5802 intra,
1534 5729 1585 5806 p.
1618 5737 1741 5792 27L
1819 5736 1863 5767 “
1894 5735 2012 5789 V'id.
2036 5729 2088 5789 ἰ.
2130 5735 2171 5789 ιι
2225 5736 2357 5790 edit.
2401 5729 2619 5799 nostra,
2656 5751 2708 5804 p.
2740 5729 2858 5788 668.
2940 5732 2983 5763 ⁵⁸
3020 5729 3181 5795 lbid.,
3215 5745 3266 5799 p.
3301 5729 3419 5784 558.
