3952 6294
508 270 615 334 223

1601 275 1977 337 GARNERII
2021 280 2516 342 DISSERTATIO
2555 282 2635 341 ΙΙ.

3657 277 3766 340 224

503 383 742 438 all‘ert“.
762 380 916 437 Hunc
938 385 1261 454 prophetam
1282 387 1336 441 in
1364 390 1617 457 praesenti
1633 405 1896 447 conamur
1916 393 2084 447 inter-
2114 400 2154 455 A
2185 397 2280 451 sed
2305 396 2603 453 Hebraicos
2620 405 2677 451 et
2702 396 2945 457 lunares,
2970 402 3030 447 ut
3049 399 3228 459 vocat;
3253 407 3349 448 seu
3378 393 3477 463 qui
3506 392 3766 451 undecim

503 473 732 546 pretari,
758 489 865 527 non
893 476 1049 544 quasi
1080 477 1240 543 alios,
1266 477 1411 547 quod
1430 478 1574 532 absit
1603 481 1615 532 ε
1644 488 2080 547 contemnentes;

500 580 694 620 omnes
719 565 866 619 enim
910 565 1165 623 novimus
1206 584 1325 623 esse
1370 569 1607 640 Spiritus
1650 572 1826 626 sancti
1875 572 2082 627 instru-

503 673 555 711 ιιι
594 665 716 708 nta:
743 654 837 709 sed
868 656 1102 725 primum
1127 658 1349 726 quidem
1374 659 1551 729 ipsius
1570 661 2081 732 interpretationem

500 764 530 801 a
572 747 732 801 nobis
765 746 1060 809 familiares
1088 749 1476 819 efflagitarunt,
1506 768 1836 823 aequumque
1860 755 2082 811 censui-

503 856 645 902 mus,
689 838 1017 893 beneficium
1067 840 1134 894 iis
1176 841 1271 909 qui
1303 842 1600 911 petierunt,
1637 860 1746 898 non
1789 846 2082 918 denegare.

504 930 711 984 Deinde
743 929 872 983 facit
899 930 1059 1000 273
1090 931 1405 987 Iudaeorum
1448 934 1705 1000 amentia,
1748 944 1808 991 ut
1853 938 1977 994 aliis
2029 939 2084 993 in

505 1020 758 1090 praesenti
783 1020 1022 1085 omissis,
1052 1021 1220 1093 hujus
1243 1023 1628 1092 praedictiones
1653 1026 1898 1082 enudare
1920 1036 2086 1099 atque

505 1111 722 1180 aperire
752 1112 1123 1181 aggredimur.
1161 1113 1240 1168 Eo
1271 1114 1543 1183 siquidem
1574 1116 1927 1187 impudentiae
1955 1135 2086 1190 pro-

505 1216 743 1265 cessere,
771 1210 881 1256 uta
902 1202 1298 1273 prophetarum
1330 1206 1502 1262 choro
1526 1213 1544 1228 '
1568 1208 1748 1278 ipsum
1775 1220 2083 1282 segregent,

506 1293 895 1363 prophetazque
931 1305 1296 1365 cognomento
1328 1297 1657 1355 defraudent
1692 1301 1761 1354 ⁸⁷.

577 1384 659 1439 Ad
685 1385 789 1439 hoc
811 1387 1185 1442 testimonium
1234 1389 1528 1446 observare
1574 1402 1811 1462 oportet,
1851 1395 1996 1464 quod
2032 1404 2089 1451 et

508 1475 892 1531 Theodoretus
935 1478 1071 1533 alias
1102 1478 1292 1544 refert,
1322 1497 1381 1536 se
1409 1498 1438 1536 a
1474 1499 1647 1552 puero
1672 1486 1726 1539 in
1761 1487 1931 1542 sacris
1968 1488 2085 1542 Lit-

509 1564 642 1621 teris
669 1565 962 1621 educatum
997 1585 1010 1621 :
1046 1569 1309 1623 Παιδόϐεν
1334 1573 1514 1636 αὐτοῖς
1550 1575 1857 1647 ὲντρᾶφείς.

578 1656 656 1712 De
704 1659 844 1728 ston
889 1669 943 1714 et
997 1659 1068 1715 de
1116 1663 1331 1719 ratione
1389 1664 1786 1736 interpretandi
1835 1669 1887 1723 id
1922 1669 2088 1725 habet

510 1746 756 1812 I’hotius,
811 1748 959 1818 quod
1008 1752 1111 1806 etsi
1156 1752 1297 1810 dixit
1332 1754 1401 1810 de
1452 1759 1859 1814 commentariis
1896 1758 1952 1814 in
1979 1760 2087 1815 Da-

508 1837 731 1904 nielem,
769 1840 934 1896 latius
967 1850 1149 1898 tamen
1178 1847 1369 1915 procul
1412 1847 1583 1903 dubio
1608 1852 1851 1920 pertinet
1880 1870 1894 1907 :
1930 1872 1946 1904 ι
1979 1853 2086 1908 Le-

507 1926 707 2008 gimus,
735 1929 915 2000 inquit
935 1932 1002 1997 ³⁸,
1035 1933 1180 1989 beati
1209 1937 1540 1993 Theodoreti
1568 1939 2085 2011 interpretationem

508 2017 768 2075 Danielis.
828 2023 924 2077 Vir
982 2039 1114 2079 sane
1161 2026 1359 2083 doctus
1405 2045 1514 2084 non
1559 2029 1851 2105 Hippolyto
1899 2035 2082 2101 modo,

508 2124 701 2164 verum
732 2112 898 2167 etiam
922 2114 1045 2170 aliis
1067 2117 1253 2173 multis
1290 2121 1739 2190 propheticorum
1770 2140 2084 2181 sermonum

508 2197 968 2272 interpretatione
1017 2210 1316 2265 antecellit.
1372 2212 1548 2267 Dictio
1590 2215 1712 2285 ejus
1747 2226 2086 2272 commenta-

509 2293 667 2357 tioni,
706 2294 749 2349 si
786 2298 1106 2368 cujusquam
1136 2302 1296 2363 alius,
1324 2304 1603 2372 aptissima
1639 2324 1651 2360 :
1688 2323 1812 2361 nam
1847 2317 1902 2362 ct
1935 2310 2086 2378 puris

509 2381 966 2456 signantibusqne
1013 2390 1201 2444 verbis
1235 2391 1420 2447 abdita
1470 2411 1702 2465 quaeque
1747 2405 1802 2452 et
1849 2399 2083 2454 obscura

511 2475 737 2539 revelat,
791 2484 849 2531 et
877 2478 1226 2547 jucunditate
1260 2482 1495 2551 quadam
1526 2486 1682 2554 quasi
1724 2486 2086 2544 delinimento

510 2567 779 2638 suavique
821 2569 1011 2640 lepore
1061 2572 1127 2627 ad
1165 2573 1250 2627 sui
1293 2575 1586 2631 lectionem
1616 2577 1829 2634 invitat.
1858 2578 2000 2647 Quin
2030 2588 2087 2636 et

507 2668 578 2712 ex
629 2674 697 2713 eo
743 2661 888 2729 quod
939 2662 1006 2717 ad
1048 2665 1303 2736 ambages
1331 2668 1511 2723 nullas
1553 2668 2085 2742 digressiouesquea

507 2751 791 2819 proposito
816 2765 1144 2824 argumento
1176 2758 1417 2823 recedat,
1450 2761 1762 2815 satietatem
1788 2778 1899 2818 non
1921 2765 2086 2820 modo

507 2840 712 2894 nullam
750 2842 929 2907 affert,
982 2844 1078 2899 sed
1104 2862 1166 2899 ea
1202 2847 1449 2918 insuper,
1483 2866 1604 2919 qua:
1638 2852 1692 2906 in
1723 2853 1951 2908 dubium
1985 2871 2084 2911 vo-

505 2943 725 2997 cantur,
767 2935 883 2991 sine
929 2937 1038 2992 ulIa
1092 2940 1175 2993 vel
1218 2942 1539 2997 confusione
1585 2944 1670 2997 vel
1727 2944 2083 3015 dissipatione

507 3020 664 3077 facile
698 3032 753 3077 et
781 3026 1069 3081 commoda
1098 3029 1312 3084 ratione
1342 3048 1473 3086 suos
1503 3032 1738 3088 lectores
1765 3034 1944 3090 docet.
1973 3037 2083 3093 Vo-

505 3126 630 3167 cum
682 3113 811 3169 item
862 3118 981 3188 ejus
1030 3118 1298 3186 delectus,
1330 3131 1493 3193 atque
1520 3125 1637 3193 ipsa
1662 3128 1986 3196 compositio
2016 3129 2086 3183 ab

506 3205 698 3261 Attica:
723 3208 1006 3279 elegantia:
1033 3212 1245 3281 origine
1270 3230 1379 3268 non
1402 3215 1623 3286 refugit,
1648 3218 1754 3273 nisi
1787 3220 1920 3288 quid
1944 3220 2083 3275 forte

504 3298 778 3352 curiosius
828 3299 937 3354 illic
991 3316 1264 3368 occurrat,
1312 3306 1458 3375 quod
1489 3308 1615 3376 quis
1648 3310 1949 3364 multorum
1981 3326 2082 3364 au-

507 3388 658 3444 ribus
714 3390 993 3447 insolitum
1049 3394 1214 3450 dicat.
1276 3396 1391 3453 Hoc
1446 3408 1684 3463 constat,
1735 3402 1874 3455 nihil
1931 3417 2079 3467 cum,

505 3481 651 3551 quod
679 3481 747 3536 ad
771 3482 1241 3553 interpretandum
1289 3488 1470 3555 faciat,
1503 3492 1803 3557 declinare,
1835 3493 2083 3565 adeoque

507 3573 563 3627 in
581 3588 855 3629 summum
872 3577 1109 3633 evasisse
1122 3580 1454 3649 optimorum
1470 3582 1829 3655 interpretum
1844 3586 2080 3651 culmen,

507 3674 569 3719 ut
610 3681 721 3719 non
753 3665 911 3722 facile
951 3669 1188 3739 aliquem
1227 3671 1304 3727 sis
1338 3683 1679 3744 reperturus,
1713 3675 1804 3745 qui
1842 3675 1936 3730 illo
1967 3692 2084 3732 mc-

507 3755 615 3812 lius
637 3758 872 3813 obscura
895 3761 1151 3831 explicet,
1188 3781 1204 3813 ›
1239 3771 1346 3819 etc.

508 3889 537 3958 ς
581 3891 648 3945 II.
692 3892 771 3947 De
813 3899 1206 3952 commentariis
1256 3901 1312 3953 in
1352 3901 1630 3972 prophetas
1661 3900 1714 3951 in
1746 3899 2079 3969 particulari.

578 4023 619 4077 I.
648 4026 826 4082 Pauca
851 4029 1101 4099 quaedam
1129 4033 1472 4088 observanda
1507 4041 1641 4104 puto
1684 4033 1753 4087 de
1801 4048 2082 4088 commen-

509 4116 663 4171 tariis
690 4117 744 4171 in
779 4120 1023 4191 singulos
1056 4124 1355 4193 prophetas
1382 4143 1393 4177 :
1431 4124 1498 4179 de
1525 4134 1771 4193 tempore
1803 4123 2081 4187 nimirum,

508 4224 619 4276 quo
666 4211 868 4281 scripta
909 4222 1078 4280 sunt;
1113 4215 1181 4271 de
1205 4215 1294 4279 iis,
1326 4232 1447 4284 qua:
1472 4231 1535 4269 ex
1560 4214 1780 4271 Catenis
1802 4216 1856 4270 in
1889 4215 2082 4270 Isaiam

505 4310 808 4371 excerpta;
845 4313 901 4359 et
926 4305 994 4361 de
1029 4306 1350 4376 Apollinarii
1397 4306 1771 4362 ἁνακυκλώσει
1810 4308 1865 4364 in
1914 4324 2083 4379 expo-

508 4390 707 4447 sitione
735 4394 1042 4451 Ezechielis
1070 4398 1325 4452 refutata.

581 4483 645 4536 11.
683 4484 803 4550 Quo
840 4496 1085 4556 tempore
1120 4488 1398 4543 Danielem
1430 4487 1773 4558 interpretari
1801 4504 2089 4559 aggressus

506 4572 598 4635 sit,
626 4575 803 4643 aperit
843 4576 1059 4631 duobus
1094 4577 1148 4630 in
1184 4578 1341 4641 locis,
1372 4578 1574 4647 quibus
1605 4579 1792 4642 tradit,
1818 4595 1847 4633 a
1870 4578 2088 4633 Christo

506 4669 637 4715 nato
684 4663 750 4717 ad
785 4672 1030 4731 tempora
1061 4666 1259 4736 quibus
1281 4667 1494 4730 scribit,
1520 4667 1893 4722 intercessisse
1915 4684 2089 4723 annos

504 4752 940 4826 quadringentos
965 4756 1327 4826 quadraginta
1365 4766 1421 4811 et
1448 4758 1705 4828 amplius,
1739 4758 1794 4813 id
1827 4768 1932 4823 est,
1960 4775 2083 4813 cum

508 4842 723 4911 aliquot
770 4846 1091 4901 mensibus:
1136 4845 1240 4900 hoc
1280 4847 1427 4901 enim
1472 4864 1700 4903 numero
1735 4849 1939 4903 indicat
1965 4850 2086 4903 vul-

505 4946 688 5000 garem
732 4935 938 4990 Christi
974 4950 1179 4990 annum
1212 4936 1335 4999 i226,
1386 4938 1533 5006 quod
1584 4954 1651 4992 ex
1703 4938 1845 4993 libro
1895 4956 1969 5003 lx,
2017 4939 2083 4994 ad

505 5034 672 5092 caput
695 5026 749 5087 9,
785 5027 934 5081 hunc
962 5027 1015 5080 in
1044 5028 1266 5082 modum
1286 5029 1718 5085 demonstratur.

581 5115 669 5171 III.
697 5119 1097 5181 Theodoretus,
1130 5127 1189 5173 ut
1215 5130 1450 5190 exponat
1485 5138 1777 5177 numerum
1814 5141 2082 5181 annorum

508 5210 602 5279 qui
648 5207 887 5262 Dauielis
923 5208 1296 5265 hebdomadas
1318 5210 1559 5275 conficit,
1584 5214 1753 5269 sumit
1785 5230 1957 5271 annos
2017 5216 2085 5270 de

506 5298 710 5369 quibus
776 5299 1000 5369 angelus
1056 5300 1263 5354 homini
1325 5301 1553 5357 Ilebrazo
1634 5303 1910 5374 loquitur,
1977 5323 2085 5361 non

509 5390 676 5445 fuisse
705 5391 956 5461 vulgares
976 5408 1071 5448 seu
1103 5393 1331 5458 solares,
1358 5395 1451 5463 qui
1474 5395 1671 5450 diebus
1691 5398 2081 5463 constant565,

2186 487 2382 543 diebus
2436 504 2467 542 a
2520 488 2842 559 vulgaribus
2889 485 3178 550 deﬁciunt,
3213 496 3378 556 atque
3411 485 3487 539 ita
3508 496 3767 544 constant

2185 579 2382 634 diebus
2413 580 2639 634 omnino
2687 580 2810 635 ⁸554.
2855 578 2946 634 Ait
2977 578 3145 650 igitur
3174 593 3348 633 annos
3375 578 3646 648 ejusmodi
3680 580 3763 635 cf.

2185 668 2407 724 ﬂuxisse
2449 669 2885 740 quadringentos
2938 667 3303 739 quadraginta
3351 681 3381 719 a
3428 664 3651 721 Christo
3694 666 3763 722 ad

2188 767 2403 830 wmpus
2450 775 2560 831 quo
2612 758 2776 832 274
2809 759 3106 815 scribebat.
3142 756 3267 812 Haec
3291 764 3474 811 autem
3496 770 3764 810 annorum

2185 867 2398 908 summa
2425 853 2470 907 si
2496 852 2892 923 multiplicetur
2920 850 2975 905 in
2999 851 3118 905 dies
3160 849 3285 915 554,
3328 848 3597 904 exsistent
3645 863 3765 903 om-

2185 941 2317 995 nino
2342 940 2576 1007 155,760
2600 941 2754 1007 dies;
2778 953 2902 1010 qua:
2932 939 3147 994 dierum
3172 952 3385 993 summa
3418 935 3464 991 si
3489 935 3765 991 dividatur

2183 1031 2244 1089 in
2277 1032 2402 1099 565,
2448 1034 2724 1105 quomodo
2757 1039 2997 1103 oportet,
3034 1039 3094 1085 ut
3119 1029 3374 1086 Hebraici
3395 1029 3525 1084 anni
3550 1028 3620 1084 ad
3639 1028 3764 1083 vul-

2183 1138 2344 1197 gares
2387 1133 2739 1190 revocentur,
2787 1123 2921 1178 fient
2980 1121 3086 1177 426
3137 1120 3268 1175 anni
3327 1135 3456 1175 cum
3507 1116 3767 1174 undecim

2186 1214 2410 1270 circiter
2452 1214 2756 1270 mensibus.
2801 1212 2985 1282 Atque
3031 1210 3104 1265 ita
3136 1209 3522 1264 Theodoretus
3546 1207 3772 1278 scripsit

2187 1304 2245 1359 in
2290 1304 2567 1359 Danielem
2608 1318 2755 1359 anno
2792 1301 3065 1359 Hebraico
3081 1299 3771 1370 quadringentesimoqua-

2187 1395 2497 1466 dragesimo
2538 1402 2661 1465 post
2722 1403 2912 1448 natum
2966 1390 3268 1455 Christum,
3320 1390 3376 1445 id
3417 1399 3522 1454 est,
3553 1388 3769 1459 vulgari

2187 1502 2332 1542 anno
2374 1484 2923 1555 quadringentesimo
2972 1482 3239 1539 vicesimo
3265 1490 3420 1535 sexto
3449 1479 3552 1533 sub
3580 1476 3767 1531 finem.

2260 1579 2350 1633 IV.
2371 1579 2448 1633 Ex
2468 1578 2569 1632 hac
2584 1586 2768 1632 autem
2787 1576 2998 1646 epocha
3017 1574 3372 1628 innotescunt
3396 1570 3519 1624 tria.
3544 1570 3594 1623 1.
3622 1567 3768 1622 Can-

2192 1670 2421 1724 ticorum
2445 1667 2846 1738 expositionem
2875 1664 3070 1720 referri
3105 1662 3305 1718 debere
3332 1660 3399 1715 ad
3429 1674 3632 1715 annum
3662 1656 3772 1711 cir-

2123 1729 2161 1785 B
2193 1761 2333 1817 citer
2360 1761 2484 1824 425,
2512 1776 2636 1814 nam
2657 1758 2940 1831 praecessit
2969 1753 3363 1810 commentaria
3388 1752 3442 1806 in
3463 1750 3769 1807 Danielem.

2190 1852 2245 1906 2.
2287 1851 2345 1904 In
2389 1866 2582 1906 omnes
2617 1851 2916 1920 prophetas
2948 1848 3213 1917 scriptum
3250 1845 3419 1899 fuisse
3441 1851 3567 1899 ante
3591 1848 3775 1896 motas

2193 1960 2223 1998 a
2270 1943 2527 1998 Nestorio
2576 1941 2789 2006 turbas,
2833 1949 2930 1996 aut
2961 1948 3111 1995 certe
3159 1938 3478 2009 priusquam
3516 1933 3774 1989 Theodo—

2194 2044 2344 2088 retus
2376 2034 2442 2088 iis
2498 2048 2557 2089 se
2602 2032 2990 2087 immisceret:
3040 2044 3142 2084 nec
3185 2028 3334 2084 enim
3389 2027 3443 2081 in
3497 2023 3771 2095 ejusmodi

2193 2124 2603 2182 commentariis
2637 2124 2704 2178 de
2725 2123 3106 2178 incarnatione
3130 2120 3423 2191 quidquam
3456 2115 3773 2177 disseritur,

2193 2217 2339 2287 quod
2395 2216 2481 2271 vel
2521 2215 2717 2271 leviter
2762 2213 3094 2284 qumstiones
3136 2209 3477 2266 contentiose
3524 2215 3775 2277 postmo-

2193 2312 2322 2364 dum
2347 2310 2579 2381 agitatas
2600 2309 2851 2379 attingat.
2889 2307 2942 2361 ’5.
2970 2305 3078 2361 Has
3109 2318 3302 2358 omnes
3323 2300 3778 2356 elucubrationes

2192 2401 2467 2471 pertinere
2494 2399 2561 2453 ad
2594 2414 2781 2469 Opera,
2824 2400 2979 2467 quaa'
3005 2396 3058 2449 in
3088 2393 3331 2464 Epistola
3362 2392 3426 2446 ad
3449 2388 3775 2453 Eusebium,

2178 2499 2319 2545 ante
2349 2490 2619 2562 synodum
2651 2487 2981 2558 Ephesinam
3017 2502 3031 2550 ;
3066 2484 3121 2538 in
3146 2482 3388 2553 Epistola
3415 2479 3481 2535 ad
3516 2487 3778 2533 sanetum

2193 2582 2452 2644 Leonem,
2478 2587 2604 2635 ante
2627 2577 2819 2648 viginti
2850 2591 3042 2639 annos,
3079 2572 3383 2643 composita
3416 2570 3694 2625 dicuntur.

2262 2675 2327 2729 V.
2363 2671 2736 2743 Expositiouis
2758 2685 2872 2724 sua:
2897 2668 2950 2722 in
2985 2667 3179 2721 Isaiam
3222 2662 3471 2720 meminit
3519 2658 3779 2715 Theodo-

2194 2775 2345 2820 retus
2379 2763 2682 2834 quaestione
2704 2761 2771 2816 52
2801 2761 2856 2814 ἰιι
2882 2766 3139 2828 quartum
3163 2758 3372 2826 Regum
3404 2772 3417 2808 :
3453 2774 3469 2804 ι
3498 2752 3779 2809 Caeterum

2191 2855 2445 2912 existimo
2479 2865 2952 2923 supervacaneum
2976 2849 3167 2904 eadem
3192 2846 3407 2900 dicere:
3429 2861 3553 2899 nam
3573 2842 3781 2898 Isaiam

2190 2948 2513 3019 prophetam
2546 2945 2912 3013 interpretans
2935 2941 3038 2994 hoc
3072 2936 3341 3006 explicavi
3375 2936 3439 2988 ⁵⁸.
3479 2954 3496 2985 ι
3527 2934 3597 2988 Ει
3621 2942 3782 3002 post.-

2189 3051 2254 3090 ea
2285 3052 2297 3087 :
2344 3053 2362 3085 ι
2401 3031 2639 3086 Ararath
2692 3038 2878 3084 autem
2926 3026 3142 3081 vocavit
3174 3024 3527 3078 Armeniam:
3560 3022 3779 3077 etenim

2188 3126 2340 3181 Isaiae
2393 3122 2680 3194 prophetia
2742 3120 2886 3174 hanc
2931 3119 3094 3173 habet
3124 3115 3657 3186 interpretationem.
3692 3113 3777 3167 Ea

2187 3232 2338 3281 vero,
2381 3230 2503 3286 quae
2528 3213 2597 3268 ad
2627 3212 3043 3284 aegrotationem
3075 3209 3323 3264 Ezechiae
3363 3207 3666 3277 pertinent,
3705 3207 3773 3260 in

2187 3309 2360 3366 divini
2381 3307 2532 3363 Isaiae
2563 3304 2910 3376 prephetiam
2940 3317 3064 3358 cum
3095 3301 3148 3355 id
3183 3300 3313 3354 satis
3335 3298 3771 3363 deelaraverim,

2187 3413 2656 3472 supervacaneum
2693 3397 2948 3452 existimo
3010 3394 3095 3448 bis
3149 3390 3397 3446 eamdem
3449 3390 3626 3444 facere
3680 3390 3778 3445 in-

2189 3491 2657 3561 terpretationem.
2692 3507 2709 3539 ι
2773 3487 2843 3540 Ει
2884 3486 3185 3554 (ιιιωειὶυιιο
3237 3481 3306 3537 22
3337 3482 3393 3536 in
3419 3480 3718 3559 Jeremia_m
3752 3497 3772 3537 ι

2196 3603 2213 3634 ι
2253 3583 2322 3637 Et
2348 3582 2512 3650 hujus
2530 3576 2825 3634 locutionis
2872 3575 3139 3629 rationem
3196 3574 3447 3643 pluribus
3495 3572 3774 3643 explicui—

2187 3684 2311 3722 mus
2334 3669 2388 3722 in
2413 3666 2582 3721 divini
2608 3664 2758 3719 Isaiae
2781 3662 3231 3732 interpretatione
3256 3662 3320 3716 “°.
3356 3681 3374 3712 ι

2256 3759 2344 3814 Vl.
2384 3755 2810 3817 Commentaria,
2845 3752 3151 3821 cujusmodi
3188 3767 3219 3805 a
3251 3750 3602 3805 Theodoreto
3626 3750 3767 3805 seri—

2188 3857 2279 3917 pta
2327 3855 2478 3910 sunt,
2529 3860 2680 3898 nunc
2734 3857 2843 3897 non
2898 3841 3192 3906 habentur,
3246 3848 3343 3894 aut
3381 3840 3424 3894 si
3466 3840 3766 3903 habentur,

2187 3938 2335 3994 edita
2382 3953 2491 3992 non
2538 3945 2703 3991 sunt:
2748 3936 2844 3991 sed
2895 3952 2962 3991 ex
2996 3934 3216 3992 Catenis
3240 3934 3444 3991 Graecis
3468 3934 3769 3989 extraxisse

2188 4044 2270 4093 se,
2304 4044 2428 4098 qua:
2474 4029 2662 4091 vertit,
2715 4037 2949 4082 testatur
2991 4026 3356 4082 Sirmondus:
3406 4025 3550 4079 unde
3587 4024 3667 4089 fit,
3708 4032 3770 4078 ut

2190 4121 2244 4176 id
2279 4122 2463 4192 operis
2513 4122 2566 4175 in
2594 4121 2707 4175 sola
2741 4119 3126 4175 Sirmondiana
3152 4119 3396 4175 editione
3437 4117 3765 4187 reperiatur.

2259 4213 2370 4267 VII.
2397 4212 2617 4266 Memini
2640 4228 2727 4266 me
2764 4211 3061 4281 aliquando
3090 4210 3283 4265 audire
3314 4209 3493 4264 virum
3517 4208 3763 4271 doctum,

2189 4305 2281 4373 qui
2321 4304 2640 4358 nonnullam
2677 4302 2950 4371 ejusmodi
2999 4311 3383 4373 excerptorum
3424 4311 3636 4372 partem
3668 4300 3765 4354 tri-

2121 4426 2160 4479 ο
2190 4395 2467 4450 buendam
2507 4395 2798 4449 Theodoro
2842 4394 3224 4462 Mopsuesteno
3272 4391 3399 4447 inde
3445 4390 3760 4461 conjiceret.

2192 4490 2240 4542 I.
2296 4486 2450 4554 Quod
2506 4486 2829 4540 Theodorus
2881 4485 3273 4555 interpretatus
3319 4484 3392 4538 sit
3432 4483 3650 4544 Isaiam,
3705 4492 3765 4536 ut

2186 4579 2356 4633 tradit
2404 4577 2771 4632 IIebed-Jesu.
2826 4576 2879 4630 2.
2933 4576 3090 4643 Quod
3132 4575 3377 4631 breviata
3404 4573 3678 4628 Theodori
3708 4583 3765 4628 et

2187 4668 2523 4724 Theodoreti
2548 4669 2769 4722 nomina
2796 4683 2940 4738 saepe
2969 4667 3397 4730 confundantur,
3428 4674 3543 4719 tum
3573 4681 3603 4719 a
3626 4680 3762 4718 con-

2187 4756 2509 4821 fectoribus,
2538 4766 2653 4811 tum
2682 4773 2711 4811 a
2756 4757 3060 4811 lectoribus
3078 4756 3404 4811 Catenarum
3423 4753 3757 4810 Graecarum.

2190 4851 2243 4904 5.
2276 4853 2291 4870 ‘
2319 4850 2473 4916 Quod
2504 4850 2902 4919 interpretandi
2955 4848 3095 4902 ratio
3135 4864 3276 4917 saepe
3323 4846 3518 4902 similis
3565 4847 3638 4899 sit
3685 4845 3761 4909 ei,

2191 4957 2353 5009 quam
2389 4940 2714 4995 indubitatis
2758 4940 2811 4993 in
2853 4940 2990 4993 locis
3038 4938 3362 4994 Theodorus
3387 4948 3611 4992 secutus
3652 4946 3757 4991 est.

2191 5032 2243 5085 ιι.
2283 5031 2437 5098 Quod
2473 5033 2526 5085 in
2562 5031 2829 5102 ejusmodi
2855 5031 3127 5100 cxcerptis
3150 5029 3218 5084 de
3248 5029 3625 5083 incarnatione
3649 5043 3759 5081 non

2186 5123 2293 5177 alia
2318 5122 2431 5177 fere
2458 5122 2734 5184 dicantur,
2760 5138 2923 5191 quam
2973 5138 3095 5191 qua:
3129 5121 3455 5177 Theodorus
3489 5136 3597 5175 non
3632 5136 3756 5189 gra-

2186 5223 2309 5268 vate
2340 5224 2653 5283 usurparet.
2683 5215 2732 5268 5.
2768 5213 2922 5279 Quod
2948 5230 3069 5283 qum
3094 5213 3476 5268 Theodoretus
3502 5211 3752 5270 tradidit,

2186 5321 2243 5360 se
2268 5306 2322 5360 in
2347 5305 2756 5360 commentariis
2782 5305 2836 5359 in
2856 5304 3049 5358 Isaiam
3071 5305 3417 5375 explicuisse,
3444 5304 3498 5357 in
3521 5303 3610 5367 iis,
3634 5316 3758 5371 quas

2187 5397 2512 5453 Sirmondus
2534 5397 2589 5450 in
2612 5397 2790 5451 lucem
2821 5397 3071 5466 protulit,
3094 5404 3188 5452 aut
3213 5396 3437 5451 omnino
3463 5410 3571 5448 non
3596 5409 3755 5463 repe-

1815 5551 2138 5608 SCHI‘LZII
2176 5551 2407 5607 NOTxE.

582 5675 632 5709 "
659 5676 803 5731 fidit.
830 5687 1027 5736 nostra:
1080 5695 1132 5748 p.
1170 5680 1292 5737 509.
1371 5683 1417 5715 "
1452 5683 1589 5740 Ibid.
1665 5686 1710 5718 ⁸⁸
1743 5687 1898 5742 I‘hot.
1958 5687 2081 5743 cod.
2122 5687 2243 5740 ‘203.
2323 5687 2367 5719 σθ
2395 5687 2512 5740 Vid.
2551 5695 2588 5739 t.
2634 5685 2674 5750 1,
2707 5700 2758 5755 p.
2807 5683 2907 5739 546
2938 5700 3051 5755 seq.
3129 5685 3172 5715 ⁶⁰
3205 5684 3323 5738 Vid.
3359 5694 3397 5739 t.
3430 5682 3492 5749 ll,
3527 5692 3583 5747 ρ.
3624 5683 3750 5740 509.
