3952 6294
160 313 261 378 225

1329 318 1426 378 DE
1466 319 1723 379 LIBRIS
1756 322 2267 384 THEODORETI-

3312 328 3421 390 29ἒό

168 432 397 492 riantur,
432 437 532 482 aut
569 428 764 484 saltem
814 444 923 482 non
953 426 1116 498 275
1145 428 1397 498 pluribus
1439 432 1687 500 exposita
1719 447 1736 495 ;
1772 444 1813 493 Α
1839 435 2114 503 posterior
2158 450 2304 489 anno
2330 436 2453 491 M9.
2494 434 2671 501 Quare
2714 451 2779 490 ex
2814 436 3116 506 posteriore
3151 437 3426 509 cotligitur

167 519 312 592 quod
352 528 541 575 tamen
570 519 895 574 Theodorus
929 519 1219 588 promittit.

234 611 373 669 Vill.
406 610 490 665 Ad
534 620 789 666 extrema
827 611 996 665 verba
1033 611 1339 665 Ezechielis
1363 611 1406 642 εί
1446 610 1749 681 prophetae,

169 700 368 771 quibus
406 700 754 770 promittitur
781 700 1062 755 restitutio
1085 700 1321 754 civitatis
1343 700 1748 771 Hierosolyma‘,

171 794 411 864 disputat
458 791 671 862 prolixe
724 792 1112 847 Theodoretus
1130 792 1399 847 adversus
1424 791 1747 862 Apollinarii

170 899 412 940 errorem
446 883 517 937 de
538 881 942 946 ἀνακυκλὼσει,
978 896 1142 951 quem
1166 880 1415 936 Andreas
1439 881 1751 936 Samosatc-

172 990 270 1028 nus
309 972 519 1045 Cyrillo
551 972 779 1044 objecit,
811 987 935 1026 cum
968 971 1194 1027 tertium
1230 970 1747 1025 anathematismum

170 1071 410 1119 vexaret.
466 1063 666 1117 Mirum
718 1077 871 1126 vero,
920 1077 1020 1116 cur
1066 1060 1449 1115 Theodoretus
1472 1061 1528 1114 in
1561 1073 1752 1114 recen-

167 1153 353 1209 sendis
376 1152 701 1224 Apollinarii
733 1152 1019 1207 erroribus
1052 1151 1108 1205 in
1130 1151 1274 1205 libro
1300 1166 1351 1205 tv
1367 1149 1748 1205 Hereticarum

168 1243 496 1313 fabularum,
535 1244 698 1299 anilis
742 1243 972 1315 hujusce
1000 1242 1210 1297 fabella:
1239 1258 1350 1297 non
1380 1240 1697 1295 meminerit
1733 1260 1746 1294 :

168 1352 359 1392 verum
395 1344 775 1407 perspexerat,
804 1335 1006 1407 Cyrillo
1029 1351 1096 1389 ne
1135 1334 1374 1403 speciem
1399 1332 1621 1401 quidem
1649 1331 1750 1385 de-

167 1426 442 1481 liramenti
476 1434 586 1480 tam
613 1424 839 1480 absurdi
870 1424 1051 1494 aillngi
1100 1437 1298 1493 posse;
1346 1421 1580 1491 ideoque
1624 1435 1748 1475 cum

167 1518 233 1573 de
264 1517 546 1573 htereticis
577 1533 642 1573 ea
675 1527 886 1572 tantum
922 1521 1408 1578 commemoraret,
1442 1528 1563 1582 qua
1604 1527 1747 1565 non-

167 1609 371 1665 nullam
402 1609 588 1665 facere
620 1617 847 1680 possent
880 1607 1125 1672 ἑνώσεως
1156 1606 1281 1660 καθ’
1322 1605 1620 1659 ὑπόστασιν
1646 1603 1747 1658 de-

165 1701 482 1757 fensoribus
525 1700 788 1756 invidiam
836 1700 1118 1756 societatis
1155 1713 1278 1754 cum
1310 1696 1648 1767 Apollinario
1676 1696 1743 1759 θ’,

1860 525 2188 593 compositos
2210 541 2331 580 esse
2354 528 2780 582 commentarios
2802 537 2928 581 ante
2958 544 3164 583 annum
3186 528 3287 582 457
3312 546 3326 594 ;
3359 544 3423 583 ex

1854 616 2061 685 priore,
2089 618 2235 687 quod
2258 617 2420 672 etiam
2452 629 2576 672 ante
2607 634 2808 672 annum
2843 619 2967 673 455.

1925 707 2015 761 lll.
2088 706 2314 763 Constat
2369 725 2502 763 vero
2553 709 2775 763 eosdem
2823 710 3248 765 commentarios
3297 725 3429 765 esse

1852 799 2209 868 posteriores,
2240 809 2355 854 tum
2386 800 2619 871 dialogis
2663 801 2927 856 adversus
2969 800 3204 856 Arianos
3225 810 3282 857 et
3314 803 3422 858 Ma-

1851 890 2203 955 cedonianos,
2243 901 2355 945 tum
2391 892 2819 961 reprehensione
2848 892 3429 947 anathematismorum

1851 978 2063 1050 Cyrilli.
2081 981 2215 1034 Nam
2232 981 2434 1052 dialogi
2452 982 2503 1034 in
2524 983 2712 1052 primm
2729 982 2795 1037 ad
2815 982 3131 1038 Corinthios
3150 985 3328 1054 capite
3364 1001 3428 1038 sv

1853 1080 2233 1125 memorantur
2259 1088 2273 1138 ;
2310 1072 2669 1142 reprehensio
2699 1074 2754 1128 in
2782 1074 2961 1145 capite
2992 1091 3043 1128 χι
3070 1074 3325 1145 Epistolas
3360 1076 3426 1129 ad

1852 1159 2251 1230 Pbilippenses.
2285 1161 2485 1228 Quare,
2522 1179 2648 1219 cum
2676 1165 2874 1235 dialogi
2905 1164 3139 1219 confecti
3172 1166 3283 1219 sint
3304 1178 3428 1220 ante

1859 1266 2056 1305 annum
2106 1251 2229 1315 429,
2263 1253 2622 1322 reprehensio
2674 1269 2820 1309 anno
2871 1255 3014 1320 4'31,
3064 1271 3289 1309 necesse
3345 1266 3427 1310 est

1851 1328 2285 1402 commentarios
2337 1348 2393 1402 in
2453 1350 2605 1404 Pauli
2654 1349 2926 1419 Epistolas
2955 1350 3192 1419 scriptos
3214 1364 3335 1404 esse
3362 1365 3429 1403 eo

1851 1437 2115 1507 temporis
2166 1439 2476 1503 intervallo,
2518 1441 2663 1510 quod
2710 1442 2778 1495 ab
2808 1441 3084 1511 Ephesina
3118 1441 3326 1512 synodo
3359 1440 3429 1494 ad

1852 1544 2055 1583 annum
2076 1530 2180 1584 455
2205 1531 2505 1586 interﬂuxit
2536 1550 2548 1586 :
2588 1549 2698 1603 quo
2723 1545 2973 1603 tempore
3003 1534 3215 1589 scilicet
3251 1533 3430 1586 Theo-

1852 1620 2078 1676 doretus
2111 1632 2417 1678 secesserat
2459 1634 2652 1694 sponte
2676 1622 2900 1696 Cyrum,
2935 1640 3045 1679 non
3077 1631 3286 1678 tantum
3312 1637 3429 1675 mo-

1853 1712 1988 1767 leste
2012 1713 2220 1768 .ferens
2252 1713 2442 1767 initam
2473 1729 2503 1768 a
2542 1714 2752 1770 Joanne
2784 1730 2909 1769 cum
2948 1714 3155 1787 Cyrillo
3194 1728 3381 1784 pacem
3412 1729 3427 1776 ;

167 1794 296 1848 satis
325 1793 520 1849 habili!
547 1809 615 1849 ea
633 1792 818 1849 dicere
841 1792 911 1848 de
938 1793 1047 1847 1ὶοίῑ
1071 1790 1355 1851 δωτοῑίοοο
1383 1803 1504 1858 (μιτὲ
1536 1785 1602 1840 ad
1632 1802 1744 1841 rem
1779 1774 1817 1827 Β
1849 1804 1943 1858 sed
1979 1806 2147 1859 etiam
2177 1806 2523 1860 Antiochiam
2552 1822 2662 1861 non
2704 1808 2956 1873 veniens,
3008 1808 3113 1862 nisi
3143 1821 3269 1862 cum
3298 1821 3398 1875 syn

166 1898 316 1939 suam
348 1883 638 1950 facerent;
675 1896 876 1940 caatera
905 1880 1279 1953 praetermisit,
1313 1894 1435 1951 qua:
1478 1875 1613 1931 alias
1669 1884 1750 1930 ta-

168 1989 287 2029 men
325 1975 696 2044 exposuisset.

231 2064 326 2121 IX.
382 2065 637 2122 Notanda
683 2080 851 2136 porro
886 2072 974 2120 est
1013 2064 1330 2121 dissertatio
1363 2066 1468 2120 ista
1497 2066 1748 2121 Theodo-

166 2158 307 2213 reti:
353 2156 604 2213 ostendit
629 2157 780 2213 enim
832 2172 955 2228 quae
996 2156 1165 2212 fuerit
1201 2155 1524 2226 Apollinarii
1568 2172 1744 2221 mens,

163 2264 325 2319 quam
378 2248 562 2313 multi,
604 2249 776 2304 etiam
823 2248 1006 2320 magni
1056 2247 1319 2313 nominis,
1366 2257 1486 2302 tum
1504 2257 1744 2311 veteres,

167 2343 279 2388 tum
313 2336 655 2391 recentiores
690 2335 818 2401 viri,
846 2346 943 2391 aut
967 2336 1290 2401 nescierint,
1319 2347 1413 2392 aut
1439 2352 1549 2391 non
1587 2337 1749 2391 refel-

163 2426 328 2481 lerint
352 2445 366 2480 :
398 2427 496 2497 qui
523 2427 673 2482 enim
703 2428 1134 2491 ἀνακυκλώσεως
1154 2437 1212 2483 et
1234 2428 1743 2499 χιλιονταετηρίδος,

162 2529 357 2589 ιιι-κίει-
408 2519 697 2581 Basiliam.
729 2520 1169 2585 Nazianzenum,
1221 2521 1649 2592 Hieronymum,
1691 2528 1747 2575 et

162 2610 438 2666 Andream
468 2610 887 2666 Samosatenum
916 2610 1254 2676 meminerit,
1286 2612 1561 2666 neminem
1593 2612 1741 2675 novi,

160 2702 325 2757 etiam
357 2702 508 2759 inter
539 2703 960 2774 baereseologos.
996 2703 1116 2758 Non
1148 2703 1401 2758 meminit
1422 2712 1570 2758 certe
1615 2704 1744 2758 Phi-

161 2789 403 2856 lastrius,
466 2806 579 2845 non
628 2790 989 2861 Epiphanius,
1043 2806 1155 2845 non
1208 2790 1569 2862 Augustinus,
1633 2807 1744 2846 non

162 2878 462 2935 Primasius
495 2879 877 2936 Prtedestinati
907 2888 1103 2935 auctor
1146 2880 1214 2946 ⁸³,
1244 2895 1349 2935 nec
1400 2880 1498 2935 alii
1552 2895 1746 2935 conse-

162 2971 383 3040 quentis
410 2970 560 3027 avi-

798 3079 1027 3137 CAPUT
1045 3082 1109 3139 γ.

238 3191 491 3250 liuentia
529 3207 769 3265 operam,
795 3194 1308 3265 Δ(μασιιόχιιὶηεηιιιν
1351 3201 1490 3248 (omo
1525 3197 1678 3250 tertio

741 3261 981 3317 editionis
1017 3261 1181 3318 Sirm.

233 3353 443 3410 'l'omus
486 3354 688 3409 tertius
735 3353 1004 3408 dividitur
1057 3354 1114 3408 in
1163 3353 1303 3408 duas
1346 3363 1550 3424 partes.
1589 3355 1749 3411 Prior

162 3443 555 3514 complectitur
587 3441 1028 3498 Commentarios
1054 3442 1110 3497 in
1130 3458 1322 3498 omnes
1341 3443 1589 3513 Apostoli
1615 3445 1748 3516 Epi-

161 3536 353 3601 stolas,
407 3533 684 3605 posterior
736 3534 1028 3589 Historiam
1085 3532 1515 3601 ecclesiasticam,
1571 3537 1749 3591 Histo-

162 3626 302 3681 riam
322 3625 626 3698 religiosam
640 3623 756 3679 sive
780 3621 1135 3689 Philotimum,
1169 3632 1226 3679 et
1254 3624 1528 3694 Epistolas
1554 3625 1675 3680 146.

162 3736 193 3808 §
241 3737 283 3792 Ι.
336 3737 416 3792 De
477 3735 871 3808 commentariis
919 3736 975 3789 in
1026 3735 1295 3806 Epistolas
1354 3738 1749 3807 quatuordecim

699 3805 859 3860 Pauli
904 3805 1219 3875 generatim.

230 3899 275 3955 ι.
321 3897 523 3953 Τοιιιιιι
571 3911 731 3967 opus,
778 3911 890 3966 quo
942 3895 1327 3966 interpretatio
1378 3897 1745 3967 Epistolarum

164 3989 317 4046 Pauli
333 3989 677 4053 continetur,
694 3986 1078 4042 Theodoretus
1094 3986 1626 4042 Commentariorum
1650 4004 1750 4043 no~

162 4081 312 4136 mine
332 4080 590 4150 appellat,
617 4079 923 4149 quaestione
947 4079 972 4132 1
1002 4078 1057 4131 in
1080 4077 1406 4133 Leviticum.
1430 4077 1568 4134 Cum
1596 4079 1745 4133 enim

163 4171 604 4243 interrogantem
662 4169 991 4235 induxisset,
1049 4188 1067 4220 ι
1105 4185 1213 4239 qua
1263 4169 1332 4224 de
1386 4184 1551 4224 causa
1602 4169 1749 4224 Deus

163 4262 350 4319 oﬂ‘erri
404 4262 512 4317 sibi
546 4260 815 4317 sacriﬁcia
862 4262 1231 4332 praeceperit;
1272 4280 1290 4312 ι
1325 4261 1629 4329 respondet
1655 4260 1699 4292 οδ
1731 4279 1743 4314 :

171 4369 189 4401 ι
222 4350 301 4404 De
342 4349 432 4404 his
456 4349 700 4406 diximus
726 4349 913 4404 multis
943 4349 1001 4403 in
1025 4349 1162 4404 locis
1193 4367 1206 4403 :
1243 4357 1355 4403 tum
1382 4350 1437 4403 in
1474 4349 1581 4412 his,
1626 4365 1749 4419 qua:

1844 1896 1972 1951 odis
2001 1897 2269 1952 interesse
2297 1905 2607 1968 cogeretur.

1919 1985 2005 2041 1V.
2038 1986 2157 2052 Quo
2179 1987 2412 2042 consilio
2448 1988 2514 2042 ad
2561 1987 2917 2042 scribendum
2951 1987 3263 2054 accesserit,
3318 2004 3429 2043 non

1849 2079 2072 2146 aperit;
2124 2094 2324 2148 neque,
2376 2087 2437 2133 ut
2495 2080 2613 2135 fieri
2660 2082 2820 2145 solet,
2877 2081 3021 2134 inter
3048 2080 3430 2149 prmfandum;

1849 2184 2027 2238 neque
2060 2169 2114 2222 in
2143 2170 2372 2239 epistola
2407 2171 2583 2241 prima
2615 2180 2671 2227 et
2698 2172 2939 2227 secunda
2971 2171 3040 2226 ad
3088 2172 3347 2237 amicum,
3398 2189 3428 2226 a

1848 2274 1958 2328 quo
1988 2259 2094 2330 legi
2122 2270 2429 2329 optaverat,
2461 2262 2607 2332 quod
2638 2263 2952 2333 scripsisset
2977 2280 2993 2330 ;
3018 2263 3218 2333 conjici
3250 2272 3431 2318 tamen

1798 2380 1809 2385 —
1850 2348 1904 2402 id
1940 2358 2120 2419 potest
2152 2367 2219 2403 ex
2271 2350 2590 2406 conditione
2635 2359 2981 2421 temporum:
3011 2352 3187 2406 voluit
3234 2368 3433 2421 nempe

1849 2437 1934 2492 sui
1959 2453 2207 2493 secessus
2236 2439 2350 2493 otio
2380 2438 2511 2504 frui,
2539 2451 2595 2495 et
2629 2440 2874 2494 animum
2920 2456 3153 2496 avocare
3191 2456 3222 2495 a
3265 2441 3435 2495 rebus

1847 2546 1969 2600 qum
2008 2530 2363 2601 gerebantur,
2399 2547 2628 2601 quaeque
2670 2531 2722 2587 ei
2760 2532 3092 2587 videbantur
3118 2539 3176 2586 et
3207 2532 3434 2603 ingrata:

1846 2628 1902 2674 et
1933 2621 2198 2676 molestaz.

1918 2713 1982 2768 ν.
2031 2713 2091 2767 lu
2140 2713 2465 2769 Praefatione
2512 2726 2748 2785 occupat
2773 2717 3185 2771 accusationem
3214 2732 3430 2780 eorum,

1847 2805 1939 2876 qui
1973 2821 2115 2875 argre
2147 2804 2355 2860 terrent
2376 2806 2445 2860 ab
2493 2807 2677 2877 aliquo
2708 2810 2956 2870 tractari,
2994 2809 3139 2878 quod
3169 2809 3271 2863 viri
3318 2809 3431 2864 duo

1846 2896 2306 2966 praestantissimi,
2337 2896 2763 2969 Chrysostomus
2791 2910 2957 2968 atque
2978 2899 3302 2953 Theodorus
3318 2901 3435 2955 Mo-

1847 2996 2176 3058 psuestenus
2228 2990 2245 3008 ‘
2288 3004 2463 3058 nuper
2508 2990 2893 3045 absolvissent.
2925 2991 3035 3045 Hos
3064 2991 3211 3045 enim
3240 2992 3433 3047 ambos

1798 3110 1813 3162 ;
1848 3079 2119 3150 significat
2141 3079 2261 3134 istis
2284 3079 2535 3145 vocibus,
2569 3080 2706 3151 μετὰ
2732 3080 2823 3132 τὸν
2851 3081 2997 3133 δεῖνα
3027 3081 3231 3134 καὶτὸν
3261 3082 3430 3146 δεῖνα,

1851 3171 1975 3234 τοὺς
2017 3171 2116 3242 τῆς
2160 3171 2481 3242 οἰκουμένης
2510 3172 2823 3240 φωστῆρας,
2853 3180 2960 3226 etc.
2990 3170 3212 3227 Refellit
3244 3181 3431 3227 autem

1849 3259 2256 3314 accusationem
2311 3260 2575 3329 exemplis
2617 3275 2648 3313 a
2673 3258 2955 3329 Scriptura
2987 3260 3194 3329 petitis,
3228 3260 3432 3327 quibus

1850 3349 1998 3420 ipsos
2037 3350 2202 3405 etiam
2240 3351 2484 3405 minores
2526 3366 2557 3405 a
2589 3350 2701 3405 Deo
2741 3350 2917 3420 gratia
2959 3350 3193 3405 donatos
3221 3351 3289 3405 ad
3328 3366 3433 3406 co-

1848 3441 2161 3511 gnoscenda
2203 3441 2463 3512 mysteria
2502 3441 2720 3511 probat.
2770 3442 2889 3497 Jam
2921 3456 3056 3496 vero
3092 3456 3431 3512 proponens,

1848 3547 1955 3601 qua
1999 3530 2210 3586 ratione
2245 3532 2557 3602 exponendi
2592 3531 2859 3587 utendum
2890 3539 3068 3601 putet,
3099 3531 3342 3587 ostendit
3371 3547 3431 3587 se

1848 3639 1948 3679 sua
1979 3625 2120 3678 velle
2164 3624 2432 3679 brevitate
2465 3624 2717 3679 homines
2757 3624 2826 3679 ad
2855 3623 3151 3694 legendum
3182 3624 3433 3687 allicere,

1848 3729 1988 3785 quos
2017 3714 2395 3787 Chrysostomi
2424 3715 2810 3786 Theodorique
2862 3715 3121 3770 oratoria
3141 3714 3434 3785 prolixitas

1850 3807 2205 3862 absterreret.

1920 3899 2009 3954 Vl.
2056 3899 2237 3955 Locus
2283 3915 2450 3969 porro
2500 3898 2712 3969 primus
2759 3898 2826 3954 ad
2873 3898 3213 3962 Corinthios,
3236 3898 3291 3952 in
3318 3913 3434 3969 quo

1851 3988 1914 4044 ﬁt
1971 4003 2153 4044 sermo
2202 3988 2270 4043 de
2328 3988 2560 4057 dialogis
2605 3987 2870 4043 adversus
2924 3987 3183 4050 Arianos,
3232 3987 3313 4041 sic
3371 4003 3431 4042 se

1849 4080 2015 4136 habet
2041 4099 2054 4135 :
2113 4099 2131 4131 ι
2157 4078 2315 4134 Hunc
2363 4080 2545 4135 locum
2573 4078 2632 4143 ii,
2656 4078 2750 4148 qui
2775 4094 2899 4133 cum
2924 4077 3056 4132 Ario
3076 4086 3133 4132 et
3159 4077 3433 4132 Eunomio

1849 4173 2114 4239 sentiunt,
2144 4172 2198 4227 in
2226 4188 2323 4226 ore
2353 4171 2556 4225 habere
2583 4170 2800 4224 assidue
2848 4177 3273 4232 consueverunt,
3308 4169 3429 4223 exi-

1849 4265 2155 4323 stimantes.
2189 4264 2294 4318 hac
2343 4262 2556 4317 ratione
2605 4277 2663 4316 se
2721 4260 2790 4315 de
2839 4260 3114 4329 Unigeniti
3162 4259 3428 4330 dignitate

1849 4353 2142 4409 detrahere
2185 4353 2250 4404 °'.
2292 4372 2309 4402 ι
2338 4351 2517 4405 Locus
2535 4365 2667 4404 vero
2697 4357 2820 4403 est:
2856 4369 2874 4401 ι
2910 4349 3047 4404 Cum
3079 4358 3265 4403 autem
3295 4349 3427 4404 sub-

161 4452 360 4498 contra
412 4442 631 4499 Graecos
676 4442 1020 4513 scripsimus,
1068 4450 1125 4497 et
1157 4441 1427 4496 adversus
1467 4440 1742 4507 haereses;
1776 4449 1819 4504 D
1842 4445 1988 4516 jecta
2038 4443 2114 4497 illi
2162 4442 2369 4497 fuerint
2412 4443 2617 4508 omnia,
2664 4449 2797 4497 tunc
2844 4449 2900 4496 et
2945 4440 3061 4511 ipse
3095 4441 3268 4496 Filius
3293 4441 3428 4496 sub-

164 4544 283 4589 tum
341 4535 399 4590 in
445 4535 532 4600 iis,
584 4551 707 4605 quae
754 4534 1016 4590 adversus
1079 4549 1303 4604 magos;
1361 4540 1627 4602 praeterea
1689 4534 1745 4588 in
1842 4536 2027 4605 jectus
2052 4533 2159 4587 erit
2190 4533 2265 4597 ei,
2296 4532 2389 4602 qui
2416 4531 2780 4603 subjecitsibi
2801 4531 2986 4586 omnia
3016 4531 3061 4586 ί.
3100 4550 3118 4582 ι
3148 4530 3320 4598 Quem
3340 4532 3426 4587 lo-

160 4627 611 4683 enarrationibus
629 4626 1053 4697 Prophetarum,
1070 4632 1128 4682 et
1150 4626 1206 4680 in
1227 4624 1594 4695 Epistolarum
1617 4641 1749 4695 apo-

162 4719 491 4775 stolicarum
515 4719 943 4774 commentariis.
979 4742 998 4769 ο

232 4812 302 4867 ll.
351 4810 599 4866 Meminit
651 4819 916 4882 praeterea
957 4809 1187 4881 epistola
1219 4810 1270 4874 1,
1293 4808 1347 4873 2,
1380 4807 1468 4872 82,
1497 4808 1617 4872 115,
1653 4807 1749 4862 sed

160 4904 345 4975 prima
389 4904 716 4959 etsecunda
754 4904 960 4958 nullam
991 4902 1200 4958 habent
1238 4899 1503 4970 temporis
1534 4909 1743 4964 notam,

161 4994 334 5066 276
372 4994 580 5048 habent
621 4994 742 5050 alite
788 4995 912 5050 duae
940 5010 954 5048 :
986 5008 1112 5048 nam
1139 5001 1373 5062 utraque
1407 5002 1746 5046 commenta-

163 5087 283 5143 rios
333 5095 585 5142 recenset
634 5086 780 5141 inter
826 5100 993 5156 opera
1048 5093 1177 5139 ante
1227 5099 1402 5138 annos
1454 5083 1744 5138 duodecim

159 5178 313 5235 edita
333 5195 350 5245 ;
379 5179 473 5234 sed
501 5178 656 5249 prior
670 5178 796 5234 data
815 5187 923 5245 est,
944 5185 1007 5234 ut
1022 5193 1164 5249 saepe
1181 5175 1442 5239 diximus,
1459 5189 1604 5229 anno
1620 5175 1746 5239 445,

241 5333 264 5377 ί
301 5334 480 5393 ICor.
514 5352 605 5402 xv,
642 5335 737 5391 28.

1848 4638 1976 4679 cum
1998 4631 2288 4692 postquam
2316 4621 2650 4678 declarasset
2673 4623 2902 4693 prolixe,
2929 4623 3248 4679 memoratis
3266 4622 3430 4678 Chri-

1848 4712 1921 4767 sti
1972 4711 2187 4765 natnris
2235 4709 2471 4774 duabus,
2528 4710 2750 4764 tandem
2804 4710 3002 4766 addit:
3056 4730 3075 4762 ‹
3109 4713 3310 4781 Verum
3359 4712 3432 4769 de

1850 4803 1939 4858 his
1965 4803 2188 4874 copiose
2233 4802 2603 4857 disseruimus
2653 4803 2710 4856 in
2767 4803 2972 4858 nostris
3029 4803 3293 4858 adversus
3333 4819 3430 4860 eos

1849 4894 2352 4949 concertationibus
2392 4914 2411 4944 ι
2433 4893 2644 4957 Graece,
2664 4894 2721 4947 ὲν
2736 4896 2847 4957 τοῖς
2864 4894 2999 4964 πρὸς
3014 4893 3213 4957 αὐτοὺς
3228 4893 3428 4961 ἀγῶσι.

1849 4987 2067 5056 Agones
2116 5001 2249 5040 vero
2306 4993 2436 5040 sunt
2480 4992 2686 5040 mutua:
2737 4984 3150 5055 conﬂigentium
3203 4984 3426 5054 petitio-

1853 5093 1970 5141 nes,
2027 5077 2189 5147 277
2234 5092 2357 5146 quae
2384 5075 2607 5146 proprie
2635 5075 2833 5146 dialogi
2859 5083 3009 5140 sunt,
3032 5074 3271 5129 maxime
3299 5089 3429 5129 cum

1854 5169 2106 5242 polemici
2152 5169 2446 5224 exsistunt.
2501 5168 2578 5223 De
2629 5167 2875 5238 Apostoli
2921 5166 3045 5222 loco
3098 5165 3316 5223 dicetur
3369 5167 3429 5223 in

1500 5443 1672 5500 SClil‘
1687 5442 1813 5497 [.le
1854 5440 2086 5496 ΝΟΤᾹΞ.

233 5616 276 5649 ⁶¹
300 5614 502 5671 Emit.
528 5612 714 5669 Editio
746 5611 898 5682 prior
946 5611 1187 5682 habebat
1231 5609 1499 5682 Jeremiae.
1531 5608 1666 5682 Yid_._
1687 5622 1871 5682 supra,
1909 5616 1946 5662 t.
1979 5606 2045 5671 ll,
2071 5605 2334 5682 p.105,
2356 5615 2562 5682 notata.
2641 5605 2685 5637 ⁶²
2724 5602 3425 5682 Ορςῃιπτ-Αροιζίηατὶοτρε

164 5685 591 5775 ξι-πετμιμροιξξςεὶ
623 5673 821 5775 τὶς-ᾖν.
856 5682 977 5737 149.
1055 5683 1100 5716 ⁸³
1140 5680 1317 5735 Prted.
1354 5687 1492 5734 auct.
1528 5673 1777 5734 Oudinus
1815 5677 1853 5730 Ι.
1901 5694 1949 5730 ‹·.
2072 5673 2233 5743 1081,
2271 5677 2424 5732 addit
2470 5685 2705 5748 putatus.
2784 5674 2827 5707 εδ
2871 5673 3074 5730 νιάζι.
3106 5674 3148 5743 Ι,
3196 5690 3250 5745 p.
3302 5676 3405 5728 l'iti

165 5755 211 5788 ι·
236 5752 433 5813 Vidit.
469 5752 562 5821 ιιι,
592 5769 648 5825 p.
670 5752 773 5809 271
798 5767 916 5823 seq.
