3952 6294
431 235 535 299 221

1541 228 1915 289 GARNERII
1960 227 2457 288 DlSSERTATIO
2496 228 2580 288 II.

3584 219 3698 282 2°23

345 333 350 337 ’
436 341 755 400 recensione
804 349 897 396 aut
936 343 1238 398 assertione
1268 341 1454 411 potius
1482 339 1860 411 hujuscemodi
1893 338 2012 392 dia—
2043 344 2083 397 Α
2115 337 2210 391 sed
2252 337 2471 406 saepius.
2514 336 2669 402 Quod
2704 351 2868 405 porro
2914 342 3133 404 negant,
3162 331 3331 402 hujus
3356 330 3699 385 mentionem

435 438 702 506 logorum.

507 526 618 581 Vll.
667 525 727 578 In
764 522 1169 577 commentariis
1200 521 1265 575 ad
1301 532 1464 591 caput
1505 538 1571 575 xx
1604 521 1668 575 ad
1705 519 2012 589 Philippen-

436 631 545 677 ses,
571 630 691 669 eum
726 614 1075 682 exposuisset
1094 612 1311 667 celebre
1329 612 1461 665 illud
1482 612 1686 667 dictum
1720 608 1965 679 Apostoli
1996 626 2007 660 :

439 705 547 758 Hoc
589 706 728 758 enim
772 705 960 757 sentite
1004 706 1059 756 in
1104 703 1278 766 vobis,
1328 702 1466 772 quod
1501 711 1548 754 et
1593 703 1648 754 in
1682 701 1887 756 Christo
1924 699 2014 754 Je-

440 809 498 845 su
523 802 547 839 ι
575 834 589 857 ,
627 802 757 856 ctc.,
797 792 972 862 pergit
1008 791 1065 845 in
1109 791 1226 845 haec
1269 791 1435 844 verba
1478 807 1489 842 :
1537 809 1554 840 ι
1595 789 1821 844 Omnem
1867 796 2014 843 certe

441 884 673 937 haeresin
708 899 806 952 per
856 898 1029 952 pauca
1078 881 1195 935 haec
1227 881 1396 934 verba
1429 880 1757 950 expugnavit
1798 879 2017 933 divinus

440 974 754 1044 Apostolus,
791 983 905 1027 tum
928 990 1023 1028 eos
1044 975 1136 1044 qui
1173 973 1513 1026 divinitatem
1560 971 1833 1041 Unigeniti
1867 970 2009 1024 blas-

441 1066 723 1135 phemant,
749 1073 804 1120 et
839 1064 930 1134 qui
985 1066 1105 1134 ejus
1131 1064 1522 1118 humanitatem
1542 1069 1762 1133 negant,
1788 1071 1902 1115 tum
1922 1076 2019 1115 eos

446 1162 743 1224 praeterea,
800 1154 894 1223 qui
955 1153 1276 1224 hypostases
1331 1167 1426 1206 seu
1482 1167 1745 1220 personas
1793 1150 2016 1207 confun-

445 1243 584 1296 dunt
599 1243 736 1296 ⁶⁶·⁶⁷.
750 1244 1004 1308 »Βοίηᾶθ,
1025 1244 1306 1298 conlutato
1323 1242 1559 1296 Sabellio
1571 1258 1694 1295 cum
1709 1242 1840 1307 suis,
1858 1250 2020 1312 atque

444 1333 609 1387 etiam
638 1333 768 1387 Ario
801 1341 857 1388 et
895 1333 1186 1397 Eunomio,
1223 1333 1293 1387 de
1327 1332 1506 1387 forma
1529 1333 1624 1387 Dei
1656 1341 1713 1387 et
1732 1333 1872 1388 servi
1906 1332 2020 1387 dis-

446 1430 600 1492 putat
635 1423 891 1479 eumdem
955 1424 1011 1477 in
1056 1424 1303 1488 modum,
1345 1439 1454 1493 quo
1497 1425 1701 1478 fecerat
1734 1425 1789 1477 in
1834 1440 2021 1494 repre-

448 1513 713 1568 hensione
730 1514 1196 1580 anathematismi;
1217 1523 1274 1569 et
1291 1515 1509 1568 tandem
1535 1515 1844 1569 concludit:
1876 1535 1894 1566 ι
1916 1514 2021 1569 Sed

448 1603 514 1657 de
536 1603 623 1657 his
649 1605 815 1659 etiam
847 1605 977 1660 alibi
1010 1607 1230 1675 c0piose
1266 1605 1649 1660 disseruimus.
1690 1626 1707 1656 ι

518 1694 656 1749 Vlll.
685 1671 1100 1749 Observandum
1126 1710 1290 1765 porro
1340 1695 1745 1749 Theodoretum
1780 1695 2024 1764 quacun-L
2052 1671 2095 1730 Β

448 1799 555 1853 que
579 1783 704 1837 data
737 1784 1023 1838 occasione
1058 1784 1243 1839 invehi
1274 1784 1328 1837 in
1368 1784 1556 1837 Arium
1582 1795 1639 1839 et
1659 1784 2020 1848 Eunomium;

377 1862 380 1865 ’
451 1874 506 1927 in
531 1873 904 1929 Macedonium
923 1873 990 1929 de
1013 1874 1250 1943 Spiritus
1273 1874 1445 1928 sancti
1463 1874 2026 1929 consubstantialitate

450 1966 589 2019 male
639 1964 996 2037 sentientem;
1047 1965 1103 2018 in
1140 1979 1238 2019 eos
1288 1965 1385 2033 qui
1440 1964 1775 2034 passibilem,
1823 1965 2027 2033 quique

453 2064 749 2120 mortuum,
776 2063 832 2110 et
876 2054 1193 2125 pontiﬁcem
1223 2064 1494 2119 nostrum,
1526 2055 1697 2108 Deum
1725 2070 1843 2110 esse
1877 2055 2022 2109 dice-

454 2153 595 2209 rent,
622 2144 715 2214 qui
747 2158 1011 2214 personas
1041 2145 1097 2197 in
1121 2142 1342 2198 Christo
1369 2142 1785 2207 confunderent,
1815 2158 1925 2197 non
1947 2142 2031 2197 di-

452 2234 587 2290 visis
644 2234 711 2288 iis
742 2249 863 2304 quae
904 2233 973 2289 de
1017 2234 1240 2289 Christo
1288 2234 1546 2288 dicuntur
1595 2233 1649 2287 in
1688 2232 2027 2303 Scripturis:

452 2339 564 2394 quo
594 2323 738 2378 facto
771 2324 1113 2379 demonstrat
1148 2324 1423 2394 opinionis
1446 2336 1644 2379 nostrae
1677 2324 2030 2393 probabilita-

458 2421 566 2467 tem
605 2412 673 2467 de
704 2421 948 2484 tempore
985 2421 1043 2469 et
1065 2415 1294 2469 consilio
1323 2413 1560 2483 suscepti
1594 2415 1797 2484 operis,
1836 2431 2033 2487 nempe

457 2511 581 2573 post
612 2502 880 2574 synodum
926 2502 1258 2573 Ephesinam
1285 2510 1341 2558 et
1375 2517 1564 2573 pacem
1615 2502 1826 2568 initam,
1872 2520 2034 2575 quam

458 2611 580 2650 cum
604 2610 746 2666 aegre
779 2594 970 2659 ferret,
994 2594 1144 2648 nulla
1168 2610 1279 2648 non
1305 2609 1438 2649 usus
1464 2601 1549 2648 est
1572 2594 1830 2664 carpendi
1855 2596 2033 2666 capita

457 2685 759 2758 Cyrilliana
793 2686 1231 2756 opportunitate.

529 2776 619 2832 1X.
646 2777 713 2831 Et
735 2792 866 2831 vero
898 2777 1100 2847 quibus
1117 2776 1361 2847 Apostoli
1393 2778 1529 2833 locis
1549 2778 1893 2850 potissimum
1920 2792 2035 2834 rem

459 2880 617 2920 suam
655 2864 711 2919 in
753 2866 1186 2935 reprehensione
1222 2867 1462 2936 capitum
1502 2867 1772 2922 conﬁcere
1811 2866 1915 2923 sibi
1952 2867 2038 2921 vi-

460 2972 554 3013 sus
578 2965 716 3022 erat,
758 2957 824 3011 ad
866 2958 967 3012 hos
1011 2958 1258 3027 singulos
1304 2959 1510 3014 diutius
1543 2960 1598 3013 in
1625 2960 2034 3015 commentariis

461 3049 648 3113 heret,
676 3050 960 3120 carpitque
1008 3050 1174 3104 tacito
1216 3051 1462 3115 nomine,
1509 3060 1732 3121 pr0pter
1763 3060 2029 3121 tempora,

460 3156 628 3211 quem
671 3150 833 3196 antea
863 3142 1040 3211 palam
1076 3151 1349 3211 arguerat.
1396 3143 1636 3214 Legendi
1680 3159 1787 3213 pra:
1827 3144 2038 3199 caeteris

463 3233 570 3288 loci
600 3232 692 3287 isti
716 3233 918 3302 Ephes.
955 3247 994 3297 ι,
1021 3232 1120 3299 2ος
1151 3232 1361 3289 Coloss.
1395 3251 1469 3298 ιι,
1501 3235 1559 3302 8;
1597 3235 1834 3306 Philipp.
1868 3252 1937 3302 ιι,
1963 3237 2034 3301 5;

465 3324 630 3379 Hebr.
666 3340 704 3388 ι,
738 3325 837 3390 ti;
873 3339 946 3389 iv,
973 3324 1074 3391 14;
1106 3341 1159 3391 v,
1191 3326 1217 3380 1
1244 3335 1300 3379 et
1325 3326 1415 3381 10.

537 3417 606 3472 X.
639 3416 949 3484 Quinetiam
990 3418 1045 3472 in
1100 3433 1195 3473 eos
1229 3420 1460 3474 maxime
1495 3419 1783 3474 hzereticos
1830 3419 2039 3473 invehi—

467 3519 577 3572 tur,
619 3523 854 3579 quorum
903 3509 1219 3564 societatem
1271 3509 1473 3581 Cyrillo
1521 3510 1577 3564 in
1616 3511 2040 3581 reprehensione

468 3600 708 3670 capitum
749 3599 959 3671 objicit,
1014 3601 1203 3655 Arium
1247 3609 1303 3656 et
1348 3602 1699 3667 Eunomium,
1752 3611 1858 3657 etc.
1901 3601 2040 3668 Quid

469 3689 616 3758 quod
653 3690 720 3744 de
742 3688 915 3744 forma
946 3691 1089 3744 servi
1121 3697 1176 3744 et
1205 3690 1461 3760 pontiﬁce
1506 3692 1617 3745 Deo
1639 3731 1652 3754 ,
1697 3692 1889 3744 eadem
1928 3690 2041 3744 fere

472 3781 639 3836 habet
688 3781 742 3835 in
779 3781 1219 3845 commentariis,
1264 3789 1428 3850 atque
1479 3781 1536 3834 in
1578 3780 2039 3850 reprehensione;

471 3870 664 3926 eodem
694 3872 984 3942 utrobique
1010 3873 1174 3928 modo
1209 3873 1639 3928 incarnationem
1665 3872 1919 3941 explicat,
1946 3887 2044 3940 per

476 3962 816 4017 indutionem
856 3970 913 4018 et
965 3963 1422 4020 inhabitationem
1472 3962 1715 4017 hominis
1762 3977 1791 4015 a
1838 3962 2040 4015 Verbo.

473 4053 613 4120 Quid
654 4054 866 4109 multa?
915 4055 1086 4112 Nemo
1135 4057 1329 4128 legerit
1362 4064 1660 4122 utrumque
1703 4068 1843 4122 opus
1880 4053 2045 4122 paulo

476 4145 773 4211 attentius,
833 4146 967 4216 quin
1021 4147 1276 4202 eumdem
1326 4147 1383 4200 in
1446 4152 1680 4213 utroque
1744 4142 2045 4212 spiritum,

475 4235 832 4307 eamdemque
855 4237 1160 4293 doctrinam
1183 4245 1460 4309 agnoscat.

812 4405 839 4474 §
873 4404 937 4459 Il.
971 4436 1041 4445 —
1068 4404 1303 4460 Historia
1326 4404 1696 4460 ecclesiastica.

547 4551 590 4605 l.
645 4551 785 4606 Sunt
817 4553 909 4623 qui
943 4555 1347 4610 Theodoretum
1385 4565 1581 4628 putent
1614 4557 1862 4611 Historia:
1888 4557 2051 4610 ecclo-

477 4642 702 4697 siasticw
750 4660 1022 4713 nusquam
1070 4645 1387 4702 meminisse
1429 4665 1442 4701 :
1478 4663 1588 4702 non
1620 4646 1921 4701 diﬁitentur
1967 4647 2046 4701 illi

482 4739 684 4798 tamen,
712 4735 877 4804 278
905 4736 1040 4804 quin
1066 4751 1185 4790 eam
1215 4736 1330 4806 ipse
1367 4738 1652 4808 agnoverit
1683 4737 1833 4792 velut
1854 4753 2006 4793 suam
2032 4755 2048 4804 ;

479 4824 923 4894 quandoquidem
950 4826 1004 4880 in
1040 4842 1104 4881 ea
1134 4828 1468 4883 mentionem
1502 4828 1631 4884 fecit
1652 4826 1931 4893 Philol/cei,
1954 4844 2055 4883 ceu

483 4913 746 4984 religiosae
775 4915 1019 4971 historiae
1051 4933 1083 4971 a
1121 4932 1179 4972 se
1204 4921 1552 4989 conscriptae.

548 5005 616 5061 Il.
641 5005 798 5072 Quod
840 5006 894 5060 in
923 5022 988 5061 ea
1022 5006 1279 5063 Philol/rei
1311 5011 1626 5066 meminisse
1653 5011 1863 5074 dicunt,
1900 5010 2058 5066 facile

484 5095 769 5151 consentio
796 5113 810 5148 :
837 5097 1087 5151 meminit
1111 5099 1280 5165 enim,
1318 5116 1430 5156 non
1462 5103 1651 5168 semel,
1688 5111 1748 5156 ut
1778 5102 1856 5157 illi
1880 5103 2055 5170 aiunt,

558 5252 584 5292 ⁸
613 5250 849 5322 Philipp.
887 5268 947 5319 ιι,
982 5254 1017 5309 5

2112 429 2304 482 fecisse
2360 429 2415 482 in
2463 428 2587 482 aliis
2638 426 2933 495 operibus,
2973 425 3225 479 assentiri
3278 437 3390 477 non
3444 436 3699 491 possum,

2112 526 2336 586 propter
2373 524 2561 587 aperta
2593 516 2762 569 verba
2787 530 2908 584 quze
2941 514 3194 582 leguntur
3239 511 3292 563 in
3327 509 3467 563 libro
3494 524 3546 561 iv
3573 507 3700 561 Iler-

2113 610 2395 660 reticamm
2422 606 2747 676 fabularum,
2774 618 2894 673 cap.
2929 603 2979 657 Ι..
3012 603 3305 669 Postquam
3327 598 3474 652 enim
3514 597 3698 649 Theo-

2113 698 2340 753 doretus
2384 698 2555 752 multa
2599 696 2666 751 de
2719 695 2852 750 Ario
2902 693 3168 757 narravit,
3206 707 3328 744 mox
3370 689 3695 760 subjungit:

2123 808 2140 839 ι
2182 788 2288 843 Sed
2341 803 2467 843 cum
2514 788 2631 842 haec
2679 787 2736 841 in
2791 786 3027 840 Historia
3083 783 3435 836 ecclesiastica
3476 779 3700 849 c0piose

2116 878 2556 948 conscripserim,
2581 890 3050 946 supervacaneum
3086 882 3219 943 puto
3252 872 3341 925 hic
3369 870 3557 925 dicere
3579 870 3647 924 ⁸⁸.
3675 889 3692 920 ι

2117 969 2185 1022 Et
2231 969 2413 1022 statim
2443 967 2622 1037 capite
2656 966 2712 1029 2,
2752 965 2845 1020 ubi
2881 964 2949 1018 de
2991 963 3243 1018 Eudoxio
3267 962 3378 1031 agit
3412 979 3422 1012 :
3459 980 3477 1011 ι
3513 960 3591 1014 Ac
3627 975 3701 1013 ne

2117 1060 2374 1114 omnibus
2395 1059 2650 1114 dicendis
2667 1059 2768 1113 sim
2790 1059 3035 1125 longior;
3060 1058 3260 1110 horum
3277 1054 3425 1109 enim
3448 1054 3699 1108 omnium

2122 1150 2178 1204 in
2209 1166 2373 1219 opere
2403 1150 2495 1204 illo
2516 1150 2738 1203 memini
2763 1150 2828 1204 ⁸⁸.
2865 1168 2881 1199 ι
2917 1148 3131 1201 Τούτων
3149 1147 3256 1218 γὰρ
3282 1146 3498 1200 πάντων
3527 1146 3700 1214 ἐμνή-

2122 1242 2253 1310 σοην
2290 1243 2348 1294 ἐν
2377 1244 2439 1311 τῇ
2472 1241 2653 1311 ἐκείνῃ
2686 1241 2998 1309 συγγραφῇ.

2190 1332 2279 1386 Ill.
2307 1332 2672 1386 Meminerunt
2690 1339 2887 1401 praeter
2902 1329 3307 1384 Theodoretum
3338 1327 3451 1392 alii,
3480 1325 3701 1382 Genna-

2122 1423 2246 1477 dius
2270 1424 2348 1487 ⁷ο,
2388 1422 2747 1477 Cassiodorus
2773 1423 2842 1486 “,
2879 1421 3106 1475 Photius
3150 1423 3217 1479 ".
3267 1428 3324 1474 et
3359 1420 3703 1489 Nicephorus

2122 1516 2378 1571 Callistus
2401 1516 2468 1569 ⁷³.
2511 1515 2617 1569 Sed
2645 1512 2960 1568 Gennadius
2999 1513 3180 1566 verbis
3231 1510 3525 1564 admodum
3571 1524 3701 1578 per-

2123 1608 2319 1678 plexis,
2354 1622 2476 1677 qute
2518 1622 2644 1660 mox
2690 1605 2757 1660 ad
2803 1620 3033 1660 examen
3069 1604 3455 1658 vocabuntur:
3486 1601 3705 1656 Cassio-

2125 1699 2294 1753 dorus
2322 1713 2517 1768 magna
2547 1713 2670 1752 cum
2697 1696 2879 1761 laude,
2910 1704 2971 1750 ut
2993 1696 3086 1766 qui
3114 1695 3410 1750 Latinitate
3444 1694 3705 1748 donatam

2124 1792 2193 1845 ab
2238 1789 2548 1860 Epiphanio
2605 1787 2943 1843 Scholastico
2990 1786 3265 1841 contraxit
3302 1785 3357 1839 in
3393 1785 3702 1854 epitomen,

2123 1880 2407 1948 voluitque
2449 1893 2570 1932 esse
2605 1885 2815 1946 partem
2846 1876 3121 1939 historiae,
3153 1889 3317 1944 quam
3351 1874 3707 1943 Tripartitam

2125 1981 2346 2027 vocant.
2381 1972 2401 1993 θ
2442 1971 2671 2026 Photius
2721 1971 2910 2024 critiee
2953 1986 2964 2022 :
3009 1988 3027 2017 ι
3058 1969 3222 2022 Lecta
3263 1974 3346 2022 est
3376 1965 3711 2020 Theodoreti

2128 2065 2362 2118 Historia
2407 2062 2777 2117 ecclesiastica.
2814 2061 3069 2116 Omnium
3102 2075 3241 2129 quos
3268 2057 3512 2128 proxime
3538 2057 3715 2111 nomi-

2127 2155 2252 2209 navi
2287 2153 2684 2224 (nominaverat
2709 2153 3030 2215 Eusebium,
3068 2152 3369 2214 Socratem,
3397 2148 3711 2218 Evagrium,

2131 2242 2545 2312 Sozomenum),
2581 2243 3002 2298 convenientem
3022 2241 3196 2311 magis
3231 2238 3477 2294 historia:
3511 2239 3713 2309 stylum

2132 2332 2357 2387 adhibet
2394 2349 2407 2385 :
2442 2332 2624 2387 clarus
2667 2331 2813 2386 enim
2869 2338 2926 2384 et
2970 2329 3191 2400 grandis
3236 2336 3341 2392 est,
3382 2327 3717 2395 minimeque

2134 2424 2487 2489 redundans,
2522 2424 2628 2479 nisi
2663 2423 2808 2493 quod
2850 2421 3300 2477 translationibus
3339 2420 3599 2475 audacius
3626 2418 3719 2473 in—

2136 2518 2373 2582 terdum,
2398 2525 2454 2571 et
2486 2532 2626 2586 pene
2672 2516 2856 2584 inepte
2893 2523 3100 2570 utatur.
3133 2533 3151 2566 ι
3182 2512 3527 2582 Nicephorus
3546 2510 3721 2565 verbo

2135 2624 2248 2663 uno
2279 2625 2292 2662 :
2328 2627 2346 2659 ι
2371 2607 2689 2662 Elaboravit
2712 2615 2768 2659 et
2803 2606 2909 2659 alia
2932 2606 3061 2670 duo,
3083 2619 3316 2674 quorum
3341 2619 3510 2657 unum
3538 2602 3719 2656 Histo-

2137 2700 2277 2753 riam
2324 2697 2747 2758 ecclesiasticam,
2793 2697 3027 2750 alterum
3062 2696 3417 2761 Philotheum,
3460 2709 3556 2749 seu
3587 2692 3719 2747 reli-

2138 2786 2343 2856 giosam
2379 2785 2684 2848 historiam,
2713 2794 2892 2839 vocat.
2926 2805 2945 2836 ι

2209 2876 2486 2931 Audacem
2520 2875 2685 2945 igitur
2735 2883 2899 2943 atque
2936 2874 3100 2928 etiam
3133 2872 3509 2943 impudentem
3557 2887 3725 2940 opor-

2143 2973 2218 3021 tet
2249 2982 2375 3021 eum
2414 2981 2554 3030 esse,
2581 2966 2674 3035 qui
2708 2968 2845 3035 opu‘s
2881 2965 2952 3018 ita
2981 2971 3194 3028 notum,
3231 2963 3305 3017 ita
3330 2970 3616 3028 testatum,
3649 2961 3726 3017 ita

2142 3061 2489 3116 manifestum
2528 3059 2857 3114 Theodoreti
2885 3073 3004 3112 esse
3049 3064 3231 3126 neget,
3288 3063 3351 3108 ut
3403 3053 3633 3116 Coccus,
3668 3062 3727 3107 et

2143 3154 2233 3209 alii
2268 3169 2376 3208 non
2410 3152 2666 3206 meliores
2702 3168 2717 3204 :
2747 3149 2882 3205 certi
2928 3150 3155 3219 rejieere
3197 3145 3401 3214 scripta
3447 3153 3724 3205 veterum,

2144 3245 2544 3314 qualiacunque
2593 3242 2810 3297 tandem
2840 3239 2971 3305 sint,
3004 3238 3051 3293 si
3107 3235 3223 3292 suis
3274 3232 3613 3289 novitatibus
3637 3232 3726 3288 in-

2146 3336 2517 3391 commodent.

2217 3449 2304 3504 IV.
2373 3447 2492 3512 Quo
2554 3454 2799 3514 tempore
2837 3443 3038 3512 scripta
3079 3441 3152 3495 sit
3173 3442 3237 3505 τδ,
3267 3453 3429 3493 nemo
3453 3436 3723 3491 hactenus

2148 3548 2300 3595 certo
2327 3538 2605 3594 deﬁnivit.
2640 3537 2756 3591 Nec
2781 3535 2928 3590 enim
2955 3535 3065 3589 ulla
3101 3548 3225 3603 pars
3256 3531 3372 3586 visa
3402 3538 3486 3585 est
3513 3538 3727 3596 tempo-

2148 3632 2226 3687 ris
2264 3639 2450 3686 notam
2503 3628 2782 3698 praeferre.
2827 3627 2947 3682 Non
2982 3624 3250 3696 praafatio,
3292 3623 3347 3677 in
3392 3637 3499 3691 qua
3542 3628 3728 3673 tamen

2148 3724 2286 3777 solet
2316 3720 2519 3790 aliquid
2550 3718 2818 3789 ejusmodi
2857 3717 3154 3788 praemitti:
3185 3730 3295 3769 non
3334 3713 3476 3776 ﬁnis,
3510 3712 3604 3765 ubi
3647 3725 3732 3764 re-

2149 3814 2402 3868 feruntur
2440 3810 2735 3881 praesulum
2785 3810 3005 3863 nomina
3030 3848 3044 3872 ,
3075 3806 3167 3876 qui
3210 3804 3512 3875 majoribus
3539 3793 3731 3856 Eccle-

2149 3906 2245 3962 siis
2277 3903 2617 3974 praefuerunt
2647 3917 2794 3955 :non
2816 3900 2988 3955 series
3012 3896 3274 3958 historiae,
3311 3915 3329 3946 ί
3359 3909 3480 3964 quae
3508 3901 3727 3947 centum

2149 4002 2206 4050 et
2222 3994 2464 4064 quinque
2495 4006 2762 4046 annorum
2802 3998 3019 4059 tempus
3076 3983 3479 4056 complectitur,
3519 3982 3588 4036 ab
3612 3980 3729 4036 Arii

2150 4085 2369 4141 vesania
2410 4084 2702 4153 incipiens,
2747 4082 3113 4149 desinensque
3153 4081 3208 4133 in
3233 4077 3386 4132 obitu
3429 4073 3729 4129 illustrium

2150 4176 2393 4232 virorum
2426 4175 2700 4230 Theodori
2734 4182 2790 4228 et
2812 4172 3081 4227 Theodoti
3106 4172 3171 4224 ⁷³.
3208 4189 3226 4221 ι

2219 4289 2285 4342 ν.
2320 4287 2569 4342 Proclive
2592 4292 2737 4339 esset
2757 4283 2967 4353 opinari
3009 4299 3076 4337 eo
3112 4292 3354 4351 tempore
3374 4279 3729 4337 elaboratam,

2082 4356 2124 4410 θ
2153 4392 2263 4446 quo
2282 4376 2491 4437 ﬁnitur,
2536 4374 2591 4428 id
2622 4382 2726 4438 est,
2753 4387 2897 4426 anno
2920 4371 3123 4426 Christi
3162 4371 3297 4435 427;
3322 4368 3429 4423 nisi
3463 4367 3729 4427 obstaret,

2154 4466 2301 4535 quod
2328 4466 2384 4519 in
2406 4466 2546 4519 libro
2564 4464 2742 4534 primo
2766 4471 3071 4533 quartoque
3097 4462 3302 4515 mentio
3326 4460 3418 4514 ﬁat
3444 4457 3732 4520 Philotimi;

2156 4558 2213 4611 in
2243 4557 2467 4627 quinto,
2509 4564 2785 4611 motarum
2826 4553 3063 4608 Nestorii
3106 4567 3270 4608 causa
3320 4563 3623 4621 pugnarum
3665 4549 3732 4600 de

2156 4648 2282 4703 fide.
2336 4647 2471 4703 Cum
2504 4647 2650 4701 enim
2695 4645 3013 4715 Apollinarii
3064 4644 3299 4698 hmresin
3357 4639 3735 4695 Theodoretus

2156 4746 2475 4794 narrasset:
2501 4737 2665 4807 279
2697 4756 2715 4787 ‹
2746 4737 2825 4791 Ex
2857 4736 2959 4790 hac
2997 4734 3204 4797 radice,
3239 4732 3417 4802 inquit
3439 4731 3507 4794 ⁵⁷⁸,
3558 4730 3612 4782 in
3637 4729 3734 4781 Ec—

2157 4828 2341 4885 clesiis
2365 4839 2554 4883 natum
2585 4837 2690 4893 est,
2719 4826 2866 4897 quod
2888 4841 2997 4880 una
3026 4826 3211 4879 carnis
3235 4832 3290 4878 et
3316 4818 3620 4877 divinitatis
3639 4834 3733 4872 na—

2162 4930 2286 4976 tura
2318 4921 2557 4985 dicitur,
2602 4919 2860 4989 quodque
2912 4915 3188 4971 divinitati
3214 4912 3495 4984 Unigeniti
3547 4907 3732 4981 passio

2161 5012 2476 5074 ascribitur.
2512 5020 2568 5065 et
2597 5010 2700 5065 alia
2743 5009 2795 5063 id
2828 5022 3031 5078 genus,
3072 5006 3141 5061 de
3168 5005 3370 5076 quibus
3407 5001 3730 5073 populorum

2162 5104 2619 5171 sacerdotumque
2668 5099 2969 5156 certamina
3014 5098 3364 5154 exstiterunt.
3405 5114 3424 5147 ι
3455 5092 3587 5160 Quae
3624 5089 3732 5145 duo

1826 5395 2143 5453 SCHULZII
2180 5390 2413 5447 NOT/E.

552 5530 672 5607 ⁶ξ⁹⁶⁷
702 5530 832 5607 Haec
847 5536 1130 5607 pertinent
1165 5536 1230 5591 ad
1255 5552 1374 5607 cap.
1403 5554 1463 5599 ιι,
1485 5555 1630 5593 vers.
1667 5538 1748 5591 ll.
1768 5534 1906 5607 Fid.
1937 5542 1976 5586 t.
1997 5532 2035 5607 l_l

2142 5545 2178 5584 λ
2211 5528 2354 5607 ιδεμ
2410 5526 2454 5607 τε
2492 5523 2614 5607 Yid-
2640 5523 2793 5607 an.

488 5599 532 5633 '°
566 5599 643 5676 ης
659 5603 793 5676 Αυὶν,
817 5595 1035 5676 illusit,
1070 5622 1187 5676 cap.
1218 5595 1336 5662 8.9.-
1383 5608 1420 5638 ⁷¹
1453 5595 1606 5663 Praef.
1641 5607 1705 5660 ad
1736 5604 1933 5676 Hister.
1957 5595 2168 5676 tripgrt.
2245 5601 2288 5632 ⁷²
2316 5595 2451 5654 Cod.
2493 5595 2580 5649 3i.

491 5686 541 5741 p.
584 5672 701 5728 i88.
778 5675 822 5708 ’⁵
847 5675 963 5730 Vid.
1007 5672 1345 5731 Ilistfcch.
1382 5695 1434 5742 ν,
1466 5693 1512 5732 c.
1547 5678 1635 5731 39.
1713 5677 1754 5707 ⁷⁶
1793 5674 1954 5738 ibid.,
1984 5687 2030 5727 c.
2058 5672 2109 5724 5.

2832 5538 2884 5594 p.
2923 5524 3028 5578 552
3073 5538 3186 5594 seq.
3263 5519 3489 5594 “ibid.,
3519 5533 3571 5587 p.
3604 5517 3724 5573 553.

2657 5594 2704 5627 ⁷³
2737 5588 2996 5657 Lib-.11",
3051 5610 3097 5647 ς.
3152 5588 3239 5646 54.
3317 5590 3360 5622 ⁷³
3390 5588 3507 5645 Vid.
3541 5604 3724 5658 supra,
