  <div class='ocr_page' id='page_1' title='image "/cluster/home/n/w/nwhite01/storage/ocr_20150623/84/pst.000005712830/122.png"; bbox 0 0 3952 6294; ppageno 0'>
   <div class='ocr_carea' id='block_1_1' title="bbox 211 254 315 316">
    <p class='ocr_par' dir='ltr' id='par_1_1' title="bbox 211 254 315 316">
     <span class='ocr_line' id='line_1_1' title="bbox 211 254 315 316; baseline 0 0"><span class='ocrx_word' id='word_1_1' title='bbox 211 254 315 316; x_wconf 71' lang='lat'><strong>929</strong></span> 
     </span>
    </p>
   </div>
   <div class='ocr_carea' id='block_1_2' title="bbox 1383 252 2304 315">
    <p class='ocr_par' dir='ltr' id='par_1_2' title="bbox 1383 252 2304 315">
     <span class='ocr_line' id='line_1_2' title="bbox 1383 252 2304 315; baseline 0.004 -4"><span class='ocrx_word' id='word_1_2' title='bbox 1383 253 1479 311; x_wconf 88' lang='lat' dir='ltr'><strong>DE</strong></span> <span class='ocrx_word' id='word_1_3' title='bbox 1514 252 1767 312; x_wconf 76' lang='lat' dir='ltr'><strong>LIBRIS</strong></span> <span class='ocrx_word' id='word_1_4' title='bbox 1799 253 2304 315; x_wconf 80' lang='lat' dir='ltr'><strong>T‘HEODORETI-</strong></span> 
     </span>
    </p>
   </div>
   <div class='ocr_carea' id='block_1_3' title="bbox 3358 260 3465 321">
    <p class='ocr_par' dir='ltr' id='par_1_3' title="bbox 3358 260 3465 321">
     <span class='ocr_line' id='line_1_3' title="bbox 3358 260 3465 321; baseline 0.009 -2"><span class='ocrx_word' id='word_1_5' title='bbox 3358 260 3465 321; x_wconf 64' lang='lat'><strong>230</strong></span> 
     </span>
    </p>
   </div>
   <div class='ocr_carea' id='block_1_4' title="bbox 216 360 3460 439">
    <p class='ocr_par' dir='ltr' id='par_1_4' title="bbox 216 360 3460 439">
     <span class='ocr_line' id='line_1_4' title="bbox 216 360 3460 439; baseline 0.002 -23"><span class='ocrx_word' id='word_1_6' title='bbox 216 365 328 435; x_wconf 86' lang='lat' dir='ltr'><strong>ipse</strong></span> <span class='ocrx_word' id='word_1_7' title='bbox 355 362 537 431; x_wconf 88' lang='lat' dir='ltr'><strong>capita</strong></span> <span class='ocrx_word' id='word_1_8' title='bbox 599 360 803 431; x_wconf 78' lang='lat' dir='ltr'><strong>Cyrillo</strong></span> <span class='ocrx_word' id='word_1_9' title='bbox 855 360 1095 430; x_wconf 87' lang='lat' dir='ltr'><strong>objicere</strong></span> <span class='ocrx_word' id='word_1_10' title='bbox 1144 360 1373 415; x_wconf 89' lang='lat' dir='ltr'><strong>solebat.</strong></span> <span class='ocrx_word' id='word_1_11' title='bbox 1422 363 1584 431; x_wconf 84' lang='lat' dir='ltr'><strong>Atqui</strong></span> <span class='ocrx_word' id='word_1_12' title='bbox 1637 370 1797 414; x_wconf 71' lang='lat' dir='ltr'><strong>mota:</strong></span> <span class='ocrx_word' id='word_1_13' title='bbox 1831 374 1866 420; x_wconf 72' lang='grc' dir='ltr'><strong>Α</strong></span> <span class='ocrx_word' id='word_1_14' title='bbox 1904 370 2017 424; x_wconf 89' lang='lat' dir='ltr'><strong>tus;</strong></span> <span class='ocrx_word' id='word_1_15' title='bbox 2054 379 2142 416; x_wconf 88' lang='lat' dir='ltr'><strong>res</strong></span> <span class='ocrx_word' id='word_1_16' title='bbox 2167 365 2313 417; x_wconf 90' lang='lat' dir='ltr'><strong>enim</strong></span> <span class='ocrx_word' id='word_1_17' title='bbox 2342 362 2657 432; x_wconf 81' lang='lat' dir='ltr'><strong>complexus</strong></span> <span class='ocrx_word' id='word_1_18' title='bbox 2673 370 2755 419; x_wconf 87' lang='lat' dir='ltr'><strong>est</strong></span> <span class='ocrx_word' id='word_1_19' title='bbox 2777 373 2993 420; x_wconf 89' lang='lat' dir='ltr'><strong>centum</strong></span> <span class='ocrx_word' id='word_1_20' title='bbox 3026 374 3081 420; x_wconf 80' lang='lat' dir='ltr'><strong>et</strong></span> <span class='ocrx_word' id='word_1_21' title='bbox 3105 367 3460 439; x_wconf 73' lang='lat' dir='ltr'><strong>quadraginta</strong></span> 
     </span>
    </p>
   </div>
   <div class='ocr_carea' id='block_1_5' title="bbox 219 450 1793 522">
    <p class='ocr_par' dir='ltr' id='par_1_5' title="bbox 219 450 1793 522">
     <span class='ocr_line' id='line_1_5' title="bbox 219 450 1793 522; baseline -0.002 -13"><span class='ocrx_word' id='word_1_22' title='bbox 219 464 342 510; x_wconf 87' lang='lat' dir='ltr'><strong>sunt</strong></span> <span class='ocrx_word' id='word_1_23' title='bbox 375 454 551 506; x_wconf 68' lang='lat' dir='ltr'><strong>turba:</strong></span> <span class='ocrx_word' id='word_1_24' title='bbox 590 468 736 506; x_wconf 84' lang='lat' dir='ltr'><strong>anno</strong></span> <span class='ocrx_word' id='word_1_25' title='bbox 778 452 899 513; x_wconf 63' lang='lat'><strong>4&#39;29,</strong></span> <span class='ocrx_word' id='word_1_26' title='bbox 940 460 995 505; x_wconf 90' lang='lat' dir='ltr'><strong>et</strong></span> <span class='ocrx_word' id='word_1_27' title='bbox 1044 450 1345 505; x_wconf 69' lang='lat' dir='ltr'><strong>Philotimus</strong></span> <span class='ocrx_word' id='word_1_28' title='bbox 1380 452 1536 522; x_wconf 84' lang='lat' dir='ltr'><strong>longe</strong></span> <span class='ocrx_word' id='word_1_29' title='bbox 1583 452 1793 506; x_wconf 86' lang='lat' dir='ltr'><strong>tardius</strong></span> 
     </span>
    </p>
   </div>
   <div class='ocr_carea' id='block_1_6' title="bbox 220 542 1792 611">
    <p class='ocr_par' dir='ltr' id='par_1_6' title="bbox 220 542 1792 611">
     <span class='ocr_line' id='line_1_6' title="bbox 220 542 1792 611; baseline -0.004 -10"><span class='ocrx_word' id='word_1_30' title='bbox 220 545 394 601; x_wconf 85' lang='lat' dir='ltr'><strong>editus</strong></span> <span class='ocrx_word' id='word_1_31' title='bbox 432 544 612 598; x_wconf 72' lang='lat' dir='ltr'><strong>est”.</strong></span> <span class='ocrx_word' id='word_1_32' title='bbox 662 556 855 611; x_wconf 86' lang='lat' dir='ltr'><strong>nempe</strong></span> <span class='ocrx_word' id='word_1_33' title='bbox 888 557 1033 595; x_wconf 89' lang='lat' dir='ltr'><strong>anno</strong></span> <span class='ocrx_word' id='word_1_34' title='bbox 1062 542 1165 596; x_wconf 65' lang='lat' dir='ltr'><strong>Mt</strong></span> <span class='ocrx_word' id='word_1_35' title='bbox 1198 552 1291 596; x_wconf 90' lang='lat' dir='ltr'><strong>aut</strong></span> <span class='ocrx_word' id='word_1_36' title='bbox 1321 542 1443 606; x_wconf 71' lang='lat' dir='ltr'><strong>M5,</strong></span> <span class='ocrx_word' id='word_1_37' title='bbox 1482 553 1630 598; x_wconf 85' lang='lat' dir='ltr'><strong>certe</strong></span> <span class='ocrx_word' id='word_1_38' title='bbox 1683 558 1792 597; x_wconf 88' lang='lat' dir='ltr'><strong>non</strong></span> 
     </span>
    </p>
   </div>
   <div class='ocr_carea' id='block_1_7' title="bbox 221 634 488 704">
    <p class='ocr_par' dir='ltr' id='par_1_7' title="bbox 221 634 488 704">
     <span class='ocr_line' id='line_1_7' title="bbox 221 634 488 704; baseline -0.022 -16"><span class='ocrx_word' id='word_1_39' title='bbox 221 644 337 704; x_wconf 90' lang='lat' dir='ltr'><strong>post</strong></span> <span class='ocrx_word' id='word_1_40' title='bbox 363 634 488 687; x_wconf 64' lang='lat' dir='ltr'><strong>uti.</strong></span> 
     </span>
    </p>
   </div>
   <div class='ocr_carea' id='block_1_8' title="bbox 288 720 1788 792">
    <p class='ocr_par' dir='ltr' id='par_1_8' title="bbox 288 720 1788 792">
     <span class='ocr_line' id='line_1_8' title="bbox 288 720 1788 792; baseline 0 -16"><span class='ocrx_word' id='word_1_41' title='bbox 288 722 372 776; x_wconf 81' lang='lat' dir='ltr'><strong>VI.</strong></span> <span class='ocrx_word' id='word_1_42' title='bbox 409 720 670 775; x_wconf 77' lang='lat' dir='ltr'><strong>Nonnulli</strong></span> <span class='ocrx_word' id='word_1_43' title='bbox 712 728 927 789; x_wconf 85' lang='lat' dir='ltr'><strong>tempus</strong></span> <span class='ocrx_word' id='word_1_44' title='bbox 964 720 1300 792; x_wconf 80' lang='lat' dir='ltr'><strong>coniiciunt,</strong></span> <span class='ocrx_word' id='word_1_45' title='bbox 1339 723 1537 789; x_wconf 83' lang='lat' dir='ltr'><strong>partim</strong></span> <span class='ocrx_word' id='word_1_46' title='bbox 1579 735 1647 775; x_wconf 83' lang='lat' dir='ltr'><strong>ex</strong></span> <span class='ocrx_word' id='word_1_47' title='bbox 1688 736 1788 784; x_wconf 90' lang='lat' dir='ltr'><strong>eo,</strong></span> 
     </span>
    </p>
   </div>
   <div class='ocr_carea' id='block_1_9' title="bbox 219 810 1789 882">
    <p class='ocr_par' dir='ltr' id='par_1_9' title="bbox 219 810 1789 882">
     <span class='ocr_line' id='line_1_9' title="bbox 219 810 1789 882; baseline -0.001 -15"><span class='ocrx_word' id='word_1_48' title='bbox 219 813 358 882; x_wconf 85' lang='lat' dir='ltr'><strong>quod</strong></span> <span class='ocrx_word' id='word_1_49' title='bbox 398 820 663 882; x_wconf 85' lang='lat' dir='ltr'><strong>regnante</strong></span> <span class='ocrx_word' id='word_1_50' title='bbox 714 810 1021 865; x_wconf 90' lang='lat' dir='ltr'><strong>Theodosio</strong></span> <span class='ocrx_word' id='word_1_51' title='bbox 1046 811 1248 880; x_wconf 85' lang='lat' dir='ltr'><strong>scripta</strong></span> <span class='ocrx_word' id='word_1_52' title='bbox 1275 812 1373 875; x_wconf 87' lang='lat' dir='ltr'><strong>sit;</strong></span> <span class='ocrx_word' id='word_1_53' title='bbox 1419 812 1615 881; x_wconf 82' lang='lat' dir='ltr'><strong>partim</strong></span> <span class='ocrx_word' id='word_1_54' title='bbox 1644 811 1789 881; x_wconf 89' lang='lat' dir='ltr'><strong>quod</strong></span> 
     </span>
    </p>
   </div>
   <div class='ocr_carea' id='block_1_10' title="bbox 219 901 1792 972">
    <p class='ocr_par' dir='ltr' id='par_1_10' title="bbox 219 901 1792 972">
     <span class='ocr_line' id='line_1_10' title="bbox 219 901 1792 972; baseline 0.001 -17"><span class='ocrx_word' id='word_1_55' title='bbox 219 905 269 955; x_wconf 90' lang='lat' dir='ltr'><strong>in</strong></span> <span class='ocrx_word' id='word_1_56' title='bbox 301 903 452 957; x_wconf 89' lang='lat' dir='ltr'><strong>nullo</strong></span> <span class='ocrx_word' id='word_1_57' title='bbox 482 902 589 956; x_wconf 89' lang='lat' dir='ltr'><strong>alio</strong></span> <span class='ocrx_word' id='word_1_58' title='bbox 623 917 789 970; x_wconf 90' lang='lat' dir='ltr'><strong>opere</strong></span> <span class='ocrx_word' id='word_1_59' title='bbox 816 901 1147 972; x_wconf 83' lang='lat' dir='ltr'><strong>appelletur;</strong></span> <span class='ocrx_word' id='word_1_60' title='bbox 1178 902 1287 956; x_wconf 90' lang='lat' dir='ltr'><strong>imo</strong></span> <span class='ocrx_word' id='word_1_61' title='bbox 1316 918 1417 957; x_wconf 90' lang='lat' dir='ltr'><strong>nec</strong></span> <span class='ocrx_word' id='word_1_62' title='bbox 1442 903 1495 956; x_wconf 89' lang='lat' dir='ltr'><strong>in</strong></span> <span class='ocrx_word' id='word_1_63' title='bbox 1525 903 1648 958; x_wconf 91' lang='lat' dir='ltr'><strong>ullis</strong></span> <span class='ocrx_word' id='word_1_64' title='bbox 1663 902 1792 972; x_wconf 87' lang='lat' dir='ltr'><strong>Epi-</strong></span> 
     </span>
    </p>
   </div>
   <div class='ocr_carea' id='block_1_11' title="bbox 213 992 1788 1061">
    <p class='ocr_par' dir='ltr' id='par_1_11' title="bbox 213 992 1788 1061">
     <span class='ocr_line' id='line_1_11' title="bbox 213 992 1788 1061; baseline -0.001 -14"><span class='ocrx_word' id='word_1_65' title='bbox 213 993 408 1058; x_wconf 83' lang='lat' dir='ltr'><strong>stolis,</strong></span> <span class='ocrx_word' id='word_1_66' title='bbox 458 993 511 1045; x_wconf 92' lang='lat' dir='ltr'><strong>in</strong></span> <span class='ocrx_word' id='word_1_67' title='bbox 557 992 762 1061; x_wconf 88' lang='lat' dir='ltr'><strong>quibus</strong></span> <span class='ocrx_word' id='word_1_68' title='bbox 811 1000 991 1045; x_wconf 87' lang='lat' dir='ltr'><strong>tamen</strong></span> <span class='ocrx_word' id='word_1_69' title='bbox 1042 1001 1238 1046; x_wconf 66' lang='lat' dir='ltr'><strong>uetera</strong></span> <span class='ocrx_word' id='word_1_70' title='bbox 1282 1002 1579 1047; x_wconf 89' lang='lat' dir='ltr'><strong>censentur</strong></span> <span class='ocrx_word' id='word_1_71' title='bbox 1616 1010 1629 1046; x_wconf 92' lang='lat'><strong>:</strong></span> <span class='ocrx_word' id='word_1_72' title='bbox 1663 992 1788 1047; x_wconf 91' lang='lat' dir='ltr'><strong>inde</strong></span> 
     </span>
    </p>
   </div>
   <div class='ocr_carea' id='block_1_12' title="bbox 215 1081 1790 1137">
    <p class='ocr_par' dir='ltr' id='par_1_12' title="bbox 215 1081 1790 1137">
     <span class='ocr_line' id='line_1_12' title="bbox 215 1081 1790 1137; baseline 0.001 -3"><span class='ocrx_word' id='word_1_73' title='bbox 215 1082 359 1135; x_wconf 90' lang='lat' dir='ltr'><strong>enim</strong></span> <span class='ocrx_word' id='word_1_74' title='bbox 385 1081 727 1136; x_wconf 86' lang='lat' dir='ltr'><strong>concludunt</strong></span> <span class='ocrx_word' id='word_1_75' title='bbox 773 1081 915 1135; x_wconf 89' lang='lat' dir='ltr'><strong>hanc</strong></span> <span class='ocrx_word' id='word_1_76' title='bbox 953 1082 1426 1136; x_wconf 88' lang='lat' dir='ltr'><strong>elueubrationem</strong></span> <span class='ocrx_word' id='word_1_77' title='bbox 1466 1082 1635 1137; x_wconf 89' lang='lat' dir='ltr'><strong>fuisse</strong></span> <span class='ocrx_word' id='word_1_78' title='bbox 1694 1090 1790 1137; x_wconf 89' lang='lat' dir='ltr'><strong>aut</strong></span> 
     </span>
    </p>
   </div>
   <div class='ocr_carea' id='block_1_13' title="bbox 211 1173 1788 1243">
    <p class='ocr_par' dir='ltr' id='par_1_13' title="bbox 211 1173 1788 1243">
     <span class='ocr_line' id='line_1_13' title="bbox 211 1173 1788 1243; baseline -0.001 -15"><span class='ocrx_word' id='word_1_79' title='bbox 211 1173 457 1228; x_wconf 90' lang='lat' dir='ltr'><strong>omnium</strong></span> <span class='ocrx_word' id='word_1_80' title='bbox 502 1183 834 1243; x_wconf 89' lang='lat' dir='ltr'><strong>postremam</strong></span> <span class='ocrx_word' id='word_1_81' title='bbox 854 1214 869 1236; x_wconf 94' lang='lat'><strong>,</strong></span> <span class='ocrx_word' id='word_1_82' title='bbox 898 1182 994 1227; x_wconf 90' lang='lat' dir='ltr'><strong>aut</strong></span> <span class='ocrx_word' id='word_1_83' title='bbox 1024 1184 1425 1243; x_wconf 87' lang='lat' dir='ltr'><strong>postremarum</strong></span> <span class='ocrx_word' id='word_1_84' title='bbox 1458 1189 1643 1228; x_wconf 90' lang='lat' dir='ltr'><strong>unam.</strong></span> <span class='ocrx_word' id='word_1_85' title='bbox 1680 1175 1788 1230; x_wconf 69' lang='grc' dir='ltr'><strong>νε-</strong></span> 
     </span>
    </p>
   </div>
   <div class='ocr_carea' id='block_1_14' title="bbox 213 1264 1788 1334">
    <p class='ocr_par' dir='ltr' id='par_1_14' title="bbox 213 1264 1788 1334">
     <span class='ocr_line' id='line_1_14' title="bbox 213 1264 1788 1334; baseline 0.001 -16"><span class='ocrx_word' id='word_1_86' title='bbox 213 1280 333 1318; x_wconf 85' lang='lat' dir='ltr'><strong>rum</strong></span> <span class='ocrx_word' id='word_1_87' title='bbox 363 1264 513 1334; x_wconf 89' lang='lat' dir='ltr'><strong>quod</strong></span> <span class='ocrx_word' id='word_1_88' title='bbox 557 1264 626 1318; x_wconf 93' lang='lat' dir='ltr'><strong>de</strong></span> <span class='ocrx_word' id='word_1_89' title='bbox 667 1279 834 1334; x_wconf 85' lang='lat' dir='ltr'><strong>regno</strong></span> <span class='ocrx_word' id='word_1_90' title='bbox 867 1264 1158 1318; x_wconf 84' lang='lat' dir='ltr'><strong>Theodosii</strong></span> <span class='ocrx_word' id='word_1_91' title='bbox 1194 1264 1441 1329; x_wconf 78' lang='lat' dir='ltr'><strong>affertur,</strong></span> <span class='ocrx_word' id='word_1_92' title='bbox 1483 1280 1609 1319; x_wconf 79' lang='lat' dir='ltr'><strong>mox</strong></span> <span class='ocrx_word' id='word_1_93' title='bbox 1642 1281 1788 1319; x_wconf 91' lang='lat' dir='ltr'><strong>com-</strong></span> 
     </span>
    </p>
   </div>
   <div class='ocr_carea' id='block_1_15' title="bbox 215 1354 1787 1426">
    <p class='ocr_par' dir='ltr' id='par_1_15' title="bbox 215 1354 1787 1426">
     <span class='ocr_line' id='line_1_15' title="bbox 215 1354 1787 1426; baseline 0.001 -18"><span class='ocrx_word' id='word_1_94' title='bbox 215 1354 535 1424; x_wconf 89' lang='lat' dir='ltr'><strong>probabitur</strong></span> <span class='ocrx_word' id='word_1_95' title='bbox 564 1373 576 1408; x_wconf 93' lang='lat'><strong>:</strong></span> <span class='ocrx_word' id='word_1_96' title='bbox 603 1355 747 1426; x_wconf 90' lang='lat' dir='ltr'><strong>quod</strong></span> <span class='ocrx_word' id='word_1_97' title='bbox 790 1354 857 1409; x_wconf 90' lang='lat' dir='ltr'><strong>de</strong></span> <span class='ocrx_word' id='word_1_98' title='bbox 910 1355 1127 1410; x_wconf 91' lang='lat' dir='ltr'><strong>silentio</strong></span> <span class='ocrx_word' id='word_1_99' title='bbox 1173 1357 1423 1419; x_wconf 86' lang='lat' dir='ltr'><strong>additur,</strong></span> <span class='ocrx_word' id='word_1_100' title='bbox 1470 1357 1679 1425; x_wconf 87' lang='lat' dir='ltr'><strong>prolata</strong></span> <span class='ocrx_word' id='word_1_101' title='bbox 1720 1372 1787 1410; x_wconf 80' lang='lat' dir='ltr'><strong>ex</strong></span> 
     </span>
    </p>
   </div>
   <div class='ocr_carea' id='block_1_16' title="bbox 213 1443 1786 1514">
    <p class='ocr_par' dir='ltr' id='par_1_16' title="bbox 213 1443 1786 1514">
     <span class='ocr_line' id='line_1_16' title="bbox 213 1443 1786 1514; baseline 0.001 -18"><span class='ocrx_word' id='word_1_102' title='bbox 213 1443 354 1497; x_wconf 90' lang='lat' dir='ltr'><strong>libro</strong></span> <span class='ocrx_word' id='word_1_103' title='bbox 414 1454 614 1512; x_wconf 88' lang='lat' dir='ltr'><strong>quarto</strong></span> <span class='ocrx_word' id='word_1_104' title='bbox 662 1444 1044 1497; x_wconf 72' lang='lat' dir='ltr'><strong>Hazreticarum</strong></span> <span class='ocrx_word' id='word_1_105' title='bbox 1091 1443 1395 1514; x_wconf 77' lang='lat' dir='ltr'><strong>fabularum</strong></span> <span class='ocrx_word' id='word_1_106' title='bbox 1451 1443 1786 1499; x_wconf 81' lang='lat' dir='ltr'><strong>Theodoreti</strong></span> 
     </span>
    </p>
   </div>
   <div class='ocr_carea' id='block_1_17' title="bbox 211 1534 745 1604">
    <p class='ocr_par' dir='ltr' id='par_1_17' title="bbox 211 1534 745 1604">
     <span class='ocr_line' id='line_1_17' title="bbox 211 1534 745 1604; baseline 0.002 -17"><span class='ocrx_word' id='word_1_107' title='bbox 211 1535 377 1588; x_wconf 87' lang='lat' dir='ltr'><strong>verba</strong></span> <span class='ocrx_word' id='word_1_108' title='bbox 412 1534 745 1604; x_wconf 85' lang='lat' dir='ltr'><strong>improbant.</strong></span> 
     </span>
    </p>
   </div>
   <div class='ocr_carea' id='block_1_18' title="bbox 279 1625 1785 1694">
    <p class='ocr_par' dir='ltr' id='par_1_18' title="bbox 279 1625 1785 1694">
     <span class='ocr_line' id='line_1_18' title="bbox 279 1625 1785 1694; baseline 0.001 -14"><span class='ocrx_word' id='word_1_109' title='bbox 279 1625 392 1680; x_wconf 79' lang='lat' dir='ltr'><strong>VII.</strong></span> <span class='ocrx_word' id='word_1_110' title='bbox 424 1625 643 1680; x_wconf 90' lang='lat' dir='ltr'><strong>Certius</strong></span> <span class='ocrx_word' id='word_1_111' title='bbox 670 1625 876 1694; x_wconf 82' lang='lat' dir='ltr'><strong>aliquid</strong></span> <span class='ocrx_word' id='word_1_112' title='bbox 909 1625 976 1680; x_wconf 86' lang='lat' dir='ltr'><strong>de</strong></span> <span class='ocrx_word' id='word_1_113' title='bbox 1007 1640 1150 1680; x_wconf 88' lang='lat' dir='ltr'><strong>anno</strong></span> <span class='ocrx_word' id='word_1_114' title='bbox 1182 1625 1475 1681; x_wconf 84' lang='lat' dir='ltr'><strong>conficitur</strong></span> <span class='ocrx_word' id='word_1_115' title='bbox 1533 1643 1603 1682; x_wconf 78' lang='lat' dir='ltr'><strong>ex</strong></span> <span class='ocrx_word' id='word_1_116' title='bbox 1644 1627 1785 1681; x_wconf 91' lang='lat' dir='ltr'><strong>libro</strong></span> 
     </span>
    </p>
   </div>
   <div class='ocr_carea' id='block_1_19' title="bbox 1895 468 2186 506">
    <p class='ocr_par' dir='ltr' id='par_1_19' title="bbox 1895 468 2186 506">
     <span class='ocr_line' id='line_1_19' title="bbox 1895 468 2186 506; baseline 0.007 -2"><span class='ocrx_word' id='word_1_117' title='bbox 1895 468 2186 506; x_wconf 82' lang='lat' dir='ltr'><strong>annorum.</strong></span> 
     </span>
    </p>
   </div>
   <div class='ocr_carea' id='block_1_20' title="bbox 1963 542 3463 621">
    <p class='ocr_par' dir='ltr' id='par_1_20' title="bbox 1963 542 3463 621">
     <span class='ocr_line' id='line_1_20' title="bbox 1963 542 3463 621; baseline 0.006 -25"><span class='ocrx_word' id='word_1_118' title='bbox 1963 542 2030 596; x_wconf 76' lang='grc' dir='ltr'><strong>Χ.</strong></span> <span class='ocrx_word' id='word_1_119' title='bbox 2076 543 2213 597; x_wconf 92' lang='lat' dir='ltr'><strong>Cum</strong></span> <span class='ocrx_word' id='word_1_120' title='bbox 2240 544 2434 598; x_wconf 86' lang='lat' dir='ltr'><strong>scribit</strong></span> <span class='ocrx_word' id='word_1_121' title='bbox 2475 561 2533 601; x_wconf 91' lang='lat' dir='ltr'><strong>se</strong></span> <span class='ocrx_word' id='word_1_122' title='bbox 2558 545 2843 600; x_wconf 75' lang='lat' dir='ltr'><strong>historiam</strong></span> <span class='ocrx_word' id='word_1_123' title='bbox 2866 556 3086 602; x_wconf 89' lang='lat' dir='ltr'><strong>centum</strong></span> <span class='ocrx_word' id='word_1_124' title='bbox 3126 557 3184 604; x_wconf 89' lang='lat' dir='ltr'><strong>et</strong></span> <span class='ocrx_word' id='word_1_125' title='bbox 3220 550 3463 621; x_wconf 85' lang='lat' dir='ltr'><strong>quinque</strong></span> 
     </span>
    </p>
   </div>
   <div class='ocr_carea' id='block_1_21' title="bbox 1892 633 3464 705">
    <p class='ocr_par' dir='ltr' id='par_1_21' title="bbox 1892 633 3464 705">
     <span class='ocr_line' id='line_1_21' title="bbox 1892 633 3464 705; baseline 0.006 -20"><span class='ocrx_word' id='word_1_126' title='bbox 1892 646 2163 685; x_wconf 84' lang='lat' dir='ltr'><strong>annorum</strong></span> <span class='ocrx_word' id='word_1_127' title='bbox 2189 633 2461 697; x_wconf 78' lang='lat' dir='ltr'><strong>texuisse,</strong></span> <span class='ocrx_word' id='word_1_128' title='bbox 2518 654 2535 684; x_wconf 73' lang='grc' dir='ltr'><strong>ε</strong></span> <span class='ocrx_word' id='word_1_129' title='bbox 2576 635 2778 705; x_wconf 88' lang='lat' dir='ltr'><strong>quippe</strong></span> <span class='ocrx_word' id='word_1_130' title='bbox 2813 652 2934 705; x_wconf 70' lang='lat' dir='ltr'><strong>qua:</strong></span> <span class='ocrx_word' id='word_1_131' title='bbox 2972 638 3040 691; x_wconf 86' lang='lat' dir='ltr'><strong>ab</strong></span> <span class='ocrx_word' id='word_1_132' title='bbox 3082 638 3197 693; x_wconf 83' lang='lat' dir='ltr'><strong>Arii</strong></span> <span class='ocrx_word' id='word_1_133' title='bbox 3242 642 3464 695; x_wconf 80' lang='lat' dir='ltr'><strong>vesania</strong></span> 
     </span>
    </p>
   </div>
   <div class='ocr_carea' id='block_1_22' title="bbox 1894 723 3463 791">
    <p class='ocr_par' dir='ltr' id='par_1_22' title="bbox 1894 723 3463 791">
     <span class='ocr_line' id='line_1_22' title="bbox 1894 723 3463 791; baseline 0.006 -16"><span class='ocrx_word' id='word_1_134' title='bbox 1894 723 2183 791; x_wconf 89' lang='lat' dir='ltr'><strong>incipiens,</strong></span> <span class='ocrx_word' id='word_1_135' title='bbox 2232 724 2445 778; x_wconf 86' lang='lat' dir='ltr'><strong>desinat</strong></span> <span class='ocrx_word' id='word_1_136' title='bbox 2503 725 2557 779; x_wconf 90' lang='lat' dir='ltr'><strong>in</strong></span> <span class='ocrx_word' id='word_1_137' title='bbox 2609 726 2763 780; x_wconf 89' lang='lat' dir='ltr'><strong>obitu</strong></span> <span class='ocrx_word' id='word_1_138' title='bbox 2809 726 3166 783; x_wconf 85' lang='lat' dir='ltr'><strong>laudabilium</strong></span> <span class='ocrx_word' id='word_1_139' title='bbox 3217 730 3463 785; x_wconf 88' lang='lat' dir='ltr'><strong>virorum</strong></span> 
     </span>
    </p>
   </div>
   <div class='ocr_carea' id='block_1_23' title="bbox 1894 814 3463 887">
    <p class='ocr_par' dir='ltr' id='par_1_23' title="bbox 1894 814 3463 887">
     <span class='ocr_line' id='line_1_23' title="bbox 1894 814 3463 887; baseline 0.004 -19"><span class='ocrx_word' id='word_1_140' title='bbox 1894 814 2170 869; x_wconf 88' lang='lat' dir='ltr'><strong>Theodori</strong></span> <span class='ocrx_word' id='word_1_141' title='bbox 2213 826 2269 870; x_wconf 91' lang='lat' dir='ltr'><strong>et</strong></span> <span class='ocrx_word' id='word_1_142' title='bbox 2322 816 2591 872; x_wconf 88' lang='lat' dir='ltr'><strong>Theodoti</strong></span> <span class='ocrx_word' id='word_1_143' title='bbox 2613 818 2697 870; x_wconf 79' lang='lat'><strong>‘°:</strong></span> <span class='ocrx_word' id='word_1_144' title='bbox 2733 840 2751 868; x_wconf 75' lang='grc' dir='ltr'>ι</span> <span class='ocrx_word' id='word_1_145' title='bbox 2782 827 3000 887; x_wconf 86' lang='lat' dir='ltr'><strong>oportet</strong></span> <span class='ocrx_word' id='word_1_146' title='bbox 3038 835 3164 875; x_wconf 91' lang='lat' dir='ltr'><strong>eum</strong></span> <span class='ocrx_word' id='word_1_147' title='bbox 3220 820 3463 876; x_wconf 69' lang='lat' dir='ltr'><strong>historia:</strong></span> 
     </span>
    </p>
   </div>
   <div class='ocr_carea' id='block_1_24' title="bbox 1892 904 3461 966">
    <p class='ocr_par' dir='ltr' id='par_1_24' title="bbox 1892 904 3461 966">
     <span class='ocr_line' id='line_1_24' title="bbox 1892 904 3461 966; baseline 0.006 -9"><span class='ocrx_word' id='word_1_148' title='bbox 1892 904 2109 959; x_wconf 92' lang='lat' dir='ltr'><strong>initium</strong></span> <span class='ocrx_word' id='word_1_149' title='bbox 2146 905 2366 960; x_wconf 80' lang='lat' dir='ltr'><strong>duxisse</strong></span> <span class='ocrx_word' id='word_1_150' title='bbox 2395 907 2463 959; x_wconf 91' lang='lat' dir='ltr'><strong>ab</strong></span> <span class='ocrx_word' id='word_1_151' title='bbox 2494 922 2637 961; x_wconf 89' lang='lat' dir='ltr'><strong>anno</strong></span> <span class='ocrx_word' id='word_1_152' title='bbox 2665 906 2787 960; x_wconf 81' lang='grc'><strong>522.</strong></span> <span class='ocrx_word' id='word_1_153' title='bbox 2820 908 2949 962; x_wconf 86' lang='lat' dir='ltr'><strong>Inde.</strong></span> <span class='ocrx_word' id='word_1_154' title='bbox 2982 910 3129 964; x_wconf 89' lang='lat' dir='ltr'><strong>enim</strong></span> <span class='ocrx_word' id='word_1_155' title='bbox 3160 909 3226 964; x_wconf 91' lang='lat' dir='ltr'><strong>ad</strong></span> <span class='ocrx_word' id='word_1_156' title='bbox 3251 912 3461 966; x_wconf 90' lang='lat' dir='ltr'><strong>obitum</strong></span> 
     </span>
    </p>
   </div>
   <div class='ocr_carea' id='block_1_25' title="bbox 1892 996 3449 1066">
    <p class='ocr_par' dir='ltr' id='par_1_25' title="bbox 1892 996 3449 1066">
     <span class='ocr_line' id='line_1_25' title="bbox 1892 996 3449 1066; baseline 0.004 -17"><span class='ocrx_word' id='word_1_157' title='bbox 1892 996 2168 1050; x_wconf 90' lang='lat' dir='ltr'><strong>Theodori</strong></span> <span class='ocrx_word' id='word_1_158' title='bbox 2195 1005 2251 1050; x_wconf 89' lang='lat' dir='ltr'><strong>et</strong></span> <span class='ocrx_word' id='word_1_159' title='bbox 2287 997 2554 1051; x_wconf 90' lang='lat' dir='ltr'><strong>Theodoti</strong></span> <span class='ocrx_word' id='word_1_160' title='bbox 2584 999 2824 1066; x_wconf 89' lang='lat' dir='ltr'><strong>spatium</strong></span> <span class='ocrx_word' id='word_1_161' title='bbox 2855 998 2954 1053; x_wconf 76' lang='grc'><strong>105</strong></span> <span class='ocrx_word' id='word_1_162' title='bbox 2988 1015 3255 1055; x_wconf 88' lang='lat' dir='ltr'><strong>annorum</strong></span> <span class='ocrx_word' id='word_1_163' title='bbox 3283 1001 3449 1056; x_wconf 83' lang='lat' dir='ltr'><strong>inter-</strong></span> 
     </span>
    </p>
   </div>
   <div class='ocr_carea' id='block_1_26' title="bbox 1892 1086 3331 1155">
    <p class='ocr_par' dir='ltr' id='par_1_26' title="bbox 1892 1086 3331 1155">
     <span class='ocr_line' id='line_1_26' title="bbox 1892 1086 3331 1155; baseline 0.003 -15"><span class='ocrx_word' id='word_1_164' title='bbox 1892 1086 2083 1151; x_wconf 81' lang='lat' dir='ltr'><strong>ﬂuxit;</strong></span> <span class='ocrx_word' id='word_1_165' title='bbox 2116 1086 2386 1155; x_wconf 89' lang='lat' dir='ltr'><strong>siquidem</strong></span> <span class='ocrx_word' id='word_1_166' title='bbox 2413 1086 2657 1141; x_wconf 80' lang='lat' dir='ltr'><strong>defuncti</strong></span> <span class='ocrx_word' id='word_1_167' title='bbox 2692 1097 2823 1142; x_wconf 87' lang='lat' dir='ltr'><strong>sunt</strong></span> <span class='ocrx_word' id='word_1_168' title='bbox 2852 1088 3013 1142; x_wconf 89' lang='lat' dir='ltr'><strong>ambo</strong></span> <span class='ocrx_word' id='word_1_169' title='bbox 3046 1104 3190 1144; x_wconf 91' lang='lat' dir='ltr'><strong>anno</strong></span> <span class='ocrx_word' id='word_1_170' title='bbox 3208 1090 3331 1145; x_wconf 70' lang='grc'><strong>427.</strong></span> 
     </span>
    </p>
   </div>
   <div class='ocr_carea' id='block_1_27' title="bbox 1961 1176 3462 1246">
    <p class='ocr_par' dir='ltr' id='par_1_27' title="bbox 1961 1176 3462 1246">
     <span class='ocr_line' id='line_1_27' title="bbox 1961 1176 3462 1246; baseline 0.003 -15"><span class='ocrx_word' id='word_1_171' title='bbox 1961 1176 2053 1231; x_wconf 80' lang='lat' dir='ltr'><strong>XI.</strong></span> <span class='ocrx_word' id='word_1_172' title='bbox 2080 1176 2183 1231; x_wconf 85' lang='lat' dir='ltr'><strong>Sed</strong></span> <span class='ocrx_word' id='word_1_173' title='bbox 2212 1176 2490 1246; x_wconf 89' lang='lat' dir='ltr'><strong>quomodo</strong></span> <span class='ocrx_word' id='word_1_174' title='bbox 2518 1177 2711 1232; x_wconf 88' lang='lat' dir='ltr'><strong>scribit</strong></span> <span class='ocrx_word' id='word_1_175' title='bbox 2741 1192 2798 1231; x_wconf 91' lang='lat' dir='ltr'><strong>se</strong></span> <span class='ocrx_word' id='word_1_176' title='bbox 2825 1177 2894 1230; x_wconf 89' lang='lat' dir='ltr'><strong>ab</strong></span> <span class='ocrx_word' id='word_1_177' title='bbox 2936 1178 3052 1233; x_wconf 80' lang='lat' dir='ltr'><strong>Arii</strong></span> <span class='ocrx_word' id='word_1_178' title='bbox 3076 1182 3094 1198; x_wconf 83' lang='lat'><strong>&#39;</strong></span> <span class='ocrx_word' id='word_1_179' title='bbox 3123 1180 3341 1234; x_wconf 81' lang='lat' dir='ltr'><strong>vesania</strong></span> <span class='ocrx_word' id='word_1_180' title='bbox 3378 1181 3462 1235; x_wconf 93' lang='lat' dir='ltr'><strong>in-</strong></span> 
     </span>
    </p>
   </div>
   <div class='ocr_carea' id='block_1_28' title="bbox 1889 1266 3462 1337">
    <p class='ocr_par' dir='ltr' id='par_1_28' title="bbox 1889 1266 3462 1337">
     <span class='ocr_line' id='line_1_28' title="bbox 1889 1266 3462 1337; baseline 0.001 -14"><span class='ocrx_word' id='word_1_181' title='bbox 1889 1270 2118 1337; x_wconf 85' lang='lat' dir='ltr'><strong>cepisse,</strong></span> <span class='ocrx_word' id='word_1_182' title='bbox 2147 1284 2270 1321; x_wconf 85' lang='lat' dir='ltr'><strong>cum</strong></span> <span class='ocrx_word' id='word_1_183' title='bbox 2301 1267 2593 1321; x_wconf 68' lang='lat' dir='ltr'><strong>luereticus</strong></span> <span class='ocrx_word' id='word_1_184' title='bbox 2624 1268 2715 1321; x_wconf 88' lang='lat' dir='ltr'><strong>ille</strong></span> <span class='ocrx_word' id='word_1_185' title='bbox 2742 1266 3048 1322; x_wconf 88' lang='lat' dir='ltr'><strong>insaniendi</strong></span> <span class='ocrx_word' id='word_1_186' title='bbox 3081 1267 3298 1321; x_wconf 91' lang='lat' dir='ltr'><strong>initium</strong></span> <span class='ocrx_word' id='word_1_187' title='bbox 3318 1270 3462 1325; x_wconf 82' lang='lat' dir='ltr'><strong>fece-</strong></span> 
     </span>
    </p>
   </div>
   <div class='ocr_carea' id='block_1_29' title="bbox 1890 1354 3460 1427">
    <p class='ocr_par' dir='ltr' id='par_1_29' title="bbox 1890 1354 3460 1427">
     <span class='ocr_line' id='line_1_29' title="bbox 1890 1354 3460 1427; baseline -0.003 -16"><span class='ocrx_word' id='word_1_188' title='bbox 1890 1359 2085 1427; x_wconf 86' lang='lat' dir='ltr'><strong>ritjam</strong></span> <span class='ocrx_word' id='word_1_189' title='bbox 2112 1357 2238 1411; x_wconf 91' lang='lat' dir='ltr'><strong>inde</strong></span> <span class='ocrx_word' id='word_1_190' title='bbox 2271 1356 2503 1410; x_wconf 64' lang='lat' dir='ltr'><strong>ab&#39;anno</strong></span> <span class='ocrx_word' id='word_1_191' title='bbox 2532 1356 2653 1409; x_wconf 79' lang='grc'><strong>515.</strong></span> <span class='ocrx_word' id='word_1_192' title='bbox 2680 1354 2965 1419; x_wconf 85' lang='lat' dir='ltr'><strong>Quomodo</strong></span> <span class='ocrx_word' id='word_1_193' title='bbox 2988 1362 3174 1408; x_wconf 80' lang='lat' dir='ltr'><strong>contra</strong></span> <span class='ocrx_word' id='word_1_194' title='bbox 3214 1355 3281 1408; x_wconf 91' lang='lat' dir='ltr'><strong>ab</strong></span> <span class='ocrx_word' id='word_1_195' title='bbox 3315 1372 3460 1408; x_wconf 91' lang='lat' dir='ltr'><strong>anno</strong></span> 
     </span>
    </p>
   </div>
   <div class='ocr_carea' id='block_1_30' title="bbox 1886 1444 3457 1509">
    <p class='ocr_par' dir='ltr' id='par_1_30' title="bbox 1886 1444 3457 1509">
     <span class='ocr_line' id='line_1_30' title="bbox 1886 1444 3457 1509; baseline -0.001 -7"><span class='ocrx_word' id='word_1_196' title='bbox 1886 1450 1990 1502; x_wconf 76' lang='grc'><strong>522</strong></span> <span class='ocrx_word' id='word_1_197' title='bbox 2024 1449 2310 1502; x_wconf 88' lang='lat' dir='ltr'><strong>historiam</strong></span> <span class='ocrx_word' id='word_1_198' title='bbox 2342 1447 2631 1500; x_wconf 84' lang='lat' dir='ltr'><strong>inchoasse</strong></span> <span class='ocrx_word' id='word_1_199' title='bbox 2656 1444 2944 1507; x_wconf 89' lang='lat' dir='ltr'><strong>dicendus,</strong></span> <span class='ocrx_word' id='word_1_200' title='bbox 2973 1460 3095 1498; x_wconf 91' lang='lat' dir='ltr'><strong>cum</strong></span> <span class='ocrx_word' id='word_1_201' title='bbox 3139 1461 3248 1509; x_wconf 88' lang='lat' dir='ltr'><strong>res,</strong></span> <span class='ocrx_word' id='word_1_202' title='bbox 3275 1446 3457 1501; x_wconf 87' lang='lat' dir='ltr'><strong>subla-</strong></span> 
     </span>
    </p>
   </div>
   <div class='ocr_carea' id='block_1_31' title="bbox 1888 1536 3460 1611">
    <p class='ocr_par' dir='ltr' id='par_1_31' title="bbox 1888 1536 3460 1611">
     <span class='ocr_line' id='line_1_31' title="bbox 1888 1536 3460 1611; baseline 0.001 -19"><span class='ocrx_word' id='word_1_203' title='bbox 1888 1541 1957 1594; x_wconf 88' lang='lat' dir='ltr'><strong>tis</strong></span> <span class='ocrx_word' id='word_1_204' title='bbox 1986 1540 2231 1611; x_wconf 86' lang='lat' dir='ltr'><strong>tyrannis</strong></span> <span class='ocrx_word' id='word_1_205' title='bbox 2266 1538 2560 1601; x_wconf 82' lang='lat' dir='ltr'><strong>Maxentio,</strong></span> <span class='ocrx_word' id='word_1_206' title='bbox 2594 1536 2907 1599; x_wconf 76' lang='lat' dir='ltr'><strong>Maximino,</strong></span> <span class='ocrx_word' id='word_1_207' title='bbox 2932 1545 2987 1591; x_wconf 88' lang='lat' dir='ltr'><strong>et</strong></span> <span class='ocrx_word' id='word_1_208' title='bbox 3019 1537 3250 1602; x_wconf 87' lang='lat' dir='ltr'><strong>Licinio,</strong></span> <span class='ocrx_word' id='word_1_209' title='bbox 3278 1546 3460 1608; x_wconf 79' lang='lat' dir='ltr'><strong>gestas</strong></span> 
     </span>
    </p>
   </div>
   <div class='ocr_carea' id='block_1_32' title="bbox 1886 1628 3458 1699">
    <p class='ocr_par' dir='ltr' id='par_1_32' title="bbox 1886 1628 3458 1699">
     <span class='ocr_line' id='line_1_32' title="bbox 1886 1628 3458 1699; baseline 0.001 -15"><span class='ocrx_word' id='word_1_210' title='bbox 1886 1647 1944 1686; x_wconf 91' lang='lat' dir='ltr'><strong>se</strong></span> <span class='ocrx_word' id='word_1_211' title='bbox 1974 1646 2202 1686; x_wconf 86' lang='lat' dir='ltr'><strong>narrare</strong></span> <span class='ocrx_word' id='word_1_212' title='bbox 2235 1629 2517 1685; x_wconf 81' lang='lat' dir='ltr'><strong>fateatur?</strong></span> <span class='ocrx_word' id='word_1_213' title='bbox 2550 1628 2830 1699; x_wconf 88' lang='lat' dir='ltr'><strong>Siquidem</strong></span> <span class='ocrx_word' id='word_1_214' title='bbox 2872 1628 3117 1683; x_wconf 89' lang='lat' dir='ltr'><strong>Licinius</strong></span> <span class='ocrx_word' id='word_1_215' title='bbox 3169 1645 3314 1684; x_wconf 89' lang='lat' dir='ltr'><strong>anno</strong></span> <span class='ocrx_word' id='word_1_216' title='bbox 3353 1630 3458 1685; x_wconf 80' lang='grc'><strong>525</strong></span> 
     </span>
    </p>
   </div>
   <div class='ocr_carea' id='block_1_33' title="bbox 211 1709 3459 1789">
    <p class='ocr_par' dir='ltr' id='par_1_33' title="bbox 211 1709 3459 1789">
     <span class='ocr_line' id='line_1_33' title="bbox 211 1709 3459 1789; baseline 0.001 -17"><span class='ocrx_word' id='word_1_217' title='bbox 211 1732 265 1779; x_wconf 78' lang='grc' dir='ltr'><strong>ν,</strong></span> <span class='ocrx_word' id='word_1_218' title='bbox 302 1729 422 1785; x_wconf 82' lang='lat' dir='ltr'><strong>cap.</strong></span> <span class='ocrx_word' id='word_1_219' title='bbox 458 1715 546 1769; x_wconf 77' lang='lat'><strong>58.</strong></span> <span class='ocrx_word' id='word_1_220' title='bbox 585 1715 767 1769; x_wconf 80' lang='lat' dir='ltr'><strong>Audas</strong></span> <span class='ocrx_word' id='word_1_221' title='bbox 790 1716 969 1779; x_wconf 86' lang='lat' dir='ltr'><strong>enim,</strong></span> <span class='ocrx_word' id='word_1_222' title='bbox 1017 1716 1172 1783; x_wconf 87' lang='lat' dir='ltr'><strong>cujus</strong></span> <span class='ocrx_word' id='word_1_223' title='bbox 1213 1716 1419 1770; x_wconf 76' lang='lat' dir='ltr'><strong>mentio</strong></span> <span class='ocrx_word' id='word_1_224' title='bbox 1462 1715 1521 1768; x_wconf 74' lang='lat' dir='ltr'><strong>ﬁt</strong></span> <span class='ocrx_word' id='word_1_225' title='bbox 1556 1731 1622 1770; x_wconf 89' lang='lat' dir='ltr'><strong>eo</strong></span> <span class='ocrx_word' id='word_1_226' title='bbox 1652 1715 1778 1781; x_wconf 79' lang='lat' dir='ltr'><strong>loci,</strong></span> <span class='ocrx_word' id='word_1_227' title='bbox 1817 1709 1855 1757; x_wconf 68' lang='grc' dir='ltr'><strong>Β</strong></span> <span class='ocrx_word' id='word_1_228' title='bbox 1883 1722 2134 1776; x_wconf 90' lang='lat' dir='ltr'><strong>sublatus</strong></span> <span class='ocrx_word' id='word_1_229' title='bbox 2155 1722 2244 1775; x_wconf 91' lang='lat' dir='ltr'><strong>sit.</strong></span> <span class='ocrx_word' id='word_1_230' title='bbox 2282 1721 2485 1775; x_wconf 82' lang='lat' dir='ltr'><strong>Verum</strong></span> <span class='ocrx_word' id='word_1_231' title='bbox 2514 1718 2584 1773; x_wconf 86' lang='lat' dir='ltr'><strong>ab</strong></span> <span class='ocrx_word' id='word_1_232' title='bbox 2610 1734 2678 1773; x_wconf 91' lang='lat' dir='ltr'><strong>eo</strong></span> <span class='ocrx_word' id='word_1_233' title='bbox 2704 1725 2949 1788; x_wconf 89' lang='lat' dir='ltr'><strong>tempore</strong></span> <span class='ocrx_word' id='word_1_234' title='bbox 2972 1718 3195 1788; x_wconf 88' lang='lat' dir='ltr'><strong>incepit,</strong></span> <span class='ocrx_word' id='word_1_235' title='bbox 3226 1735 3336 1789; x_wconf 86' lang='lat' dir='ltr'><strong>quo</strong></span> <span class='ocrx_word' id='word_1_236' title='bbox 3365 1735 3459 1775; x_wconf 85' lang='lat' dir='ltr'><strong>ve-</strong></span> 
     </span>
    </p>
   </div>
   <div class='ocr_carea' id='block_1_34' title="bbox 216 1806 1778 1875">
    <p class='ocr_par' dir='ltr' id='par_1_34' title="bbox 216 1806 1778 1875">
     <span class='ocr_line' id='line_1_34' title="bbox 216 1806 1778 1875; baseline 0.002 -17"><span class='ocrx_word' id='word_1_237' title='bbox 216 1806 269 1860; x_wconf 92' lang='lat' dir='ltr'><strong>in</strong></span> <span class='ocrx_word' id='word_1_238' title='bbox 306 1806 532 1861; x_wconf 87' lang='lat' dir='ltr'><strong>Perside</strong></span> <span class='ocrx_word' id='word_1_239' title='bbox 560 1821 754 1875; x_wconf 86' lang='lat' dir='ltr'><strong>passus</strong></span> <span class='ocrx_word' id='word_1_240' title='bbox 776 1814 859 1860; x_wconf 87' lang='lat' dir='ltr'><strong>est</strong></span> <span class='ocrx_word' id='word_1_241' title='bbox 884 1806 972 1860; x_wconf 91' lang='lat' dir='ltr'><strong>die</strong></span> <span class='ocrx_word' id='word_1_242' title='bbox 1005 1806 1067 1860; x_wconf 87' lang='lat' dir='ltr'><strong>l6</strong></span> <span class='ocrx_word' id='word_1_243' title='bbox 1093 1806 1217 1860; x_wconf 83' lang='lat' dir='ltr'><strong>Maii</strong></span> <span class='ocrx_word' id='word_1_244' title='bbox 1258 1822 1403 1861; x_wconf 88' lang='lat' dir='ltr'><strong>anno</strong></span> <span class='ocrx_word' id='word_1_245' title='bbox 1420 1807 1542 1871; x_wconf 63' lang='grc'><strong>420,</strong></span> <span class='ocrx_word' id='word_1_246' title='bbox 1568 1808 1671 1863; x_wconf 90' lang='lat' dir='ltr'><strong>sub</strong></span> <span class='ocrx_word' id='word_1_247' title='bbox 1698 1807 1778 1862; x_wconf 90' lang='lat' dir='ltr'><strong>Is-</strong></span> 
     </span>
    </p>
   </div>
   <div class='ocr_carea' id='block_1_35' title="bbox 212 1895 1776 1966">
    <p class='ocr_par' dir='ltr' id='par_1_35' title="bbox 212 1895 1776 1966">
     <span class='ocr_line' id='line_1_35' title="bbox 212 1895 1776 1966; baseline 0.001 -15"><span class='ocrx_word' id='word_1_248' title='bbox 212 1896 444 1966; x_wconf 82' lang='lat' dir='ltr'><strong>degerde</strong></span> <span class='ocrx_word' id='word_1_249' title='bbox 493 1912 618 1966; x_wconf 86' lang='lat' dir='ltr'><strong>rege</strong></span> <span class='ocrx_word' id='word_1_250' title='bbox 644 1937 659 1961; x_wconf 92' lang='lat'><strong>,</strong></span> <span class='ocrx_word' id='word_1_251' title='bbox 694 1895 862 1965; x_wconf 84' lang='lat' dir='ltr'><strong>Magis</strong></span> <span class='ocrx_word' id='word_1_252' title='bbox 896 1897 1333 1966; x_wconf 88' lang='lat' dir='ltr'><strong>persecutionem</strong></span> <span class='ocrx_word' id='word_1_253' title='bbox 1371 1898 1728 1953; x_wconf 87' lang='lat' dir='ltr'><strong>suadentibus</strong></span> <span class='ocrx_word' id='word_1_254' title='bbox 1764 1916 1776 1952; x_wconf 89' lang='lat'><strong>:</strong></span> 
     </span>
    </p>
   </div>
   <div class='ocr_carea' id='block_1_36' title="bbox 210 1987 1781 2057">
    <p class='ocr_par' dir='ltr' id='par_1_36' title="bbox 210 1987 1781 2057">
     <span class='ocr_line' id='line_1_36' title="bbox 210 1987 1781 2057; baseline 0 -15"><span class='ocrx_word' id='word_1_255' title='bbox 210 1987 359 2057; x_wconf 85' lang='lat' dir='ltr'><strong>atqui</strong></span> <span class='ocrx_word' id='word_1_256' title='bbox 416 1987 602 2042; x_wconf 77' lang='lat' dir='ltr'><strong>Audas</strong></span> <span class='ocrx_word' id='word_1_257' title='bbox 656 1988 999 2042; x_wconf 88' lang='lat' dir='ltr'><strong>occasionem</strong></span> <span class='ocrx_word' id='word_1_258' title='bbox 1059 1987 1209 2042; x_wconf 89' lang='lat' dir='ltr'><strong>dedit</strong></span> <span class='ocrx_word' id='word_1_259' title='bbox 1263 1987 1670 2057; x_wconf 88' lang='lat' dir='ltr'><strong>persecutioni,</strong></span> <span class='ocrx_word' id='word_1_260' title='bbox 1720 1996 1781 2043; x_wconf 92' lang='lat' dir='ltr'><strong>ut</strong></span> 
     </span>
    </p>
   </div>
   <div class='ocr_carea' id='block_1_37' title="bbox 213 2079 1782 2151">
    <p class='ocr_par' dir='ltr' id='par_1_37' title="bbox 213 2079 1782 2151">
     <span class='ocr_line' id='line_1_37' title="bbox 213 2079 1782 2151; baseline 0.003 -19"><span class='ocrx_word' id='word_1_261' title='bbox 213 2088 457 2144; x_wconf 88' lang='lat' dir='ltr'><strong>constat;</strong></span> <span class='ocrx_word' id='word_1_262' title='bbox 478 2088 532 2133; x_wconf 86' lang='lat' dir='ltr'><strong>et</strong></span> <span class='ocrx_word' id='word_1_263' title='bbox 552 2079 937 2135; x_wconf 86' lang='lat' dir='ltr'><strong>Theodoretus</strong></span> <span class='ocrx_word' id='word_1_264' title='bbox 966 2081 1131 2136; x_wconf 88' lang='lat' dir='ltr'><strong>tradit</strong></span> <span class='ocrx_word' id='word_1_265' title='bbox 1162 2083 1624 2151; x_wconf 88' lang='lat' dir='ltr'><strong>persecutionem,</strong></span> <span class='ocrx_word' id='word_1_266' title='bbox 1650 2090 1782 2136; x_wconf 89' lang='lat' dir='ltr'><strong>tunc</strong></span> 
     </span>
    </p>
   </div>
   <div class='ocr_carea' id='block_1_38' title="bbox 211 2172 1781 2246">
    <p class='ocr_par' dir='ltr' id='par_1_38' title="bbox 211 2172 1781 2246">
     <span class='ocr_line' id='line_1_38' title="bbox 211 2172 1781 2246; baseline 0.002 -19"><span class='ocrx_word' id='word_1_267' title='bbox 211 2188 330 2227; x_wconf 87' lang='lat' dir='ltr'><strong>cum</strong></span> <span class='ocrx_word' id='word_1_268' title='bbox 362 2172 654 2237; x_wconf 85' lang='lat' dir='ltr'><strong>scriberet,</strong></span> <span class='ocrx_word' id='word_1_269' title='bbox 675 2173 787 2243; x_wconf 86' lang='lat' dir='ltr'><strong>jam</strong></span> <span class='ocrx_word' id='word_1_270' title='bbox 823 2173 1049 2229; x_wconf 84' lang='lat' dir='ltr'><strong>durasse</strong></span> <span class='ocrx_word' id='word_1_271' title='bbox 1088 2175 1311 2246; x_wconf 75' lang='lat' dir='ltr'><strong>triginta</strong></span> <span class='ocrx_word' id='word_1_272' title='bbox 1343 2175 1503 2230; x_wconf 90' lang='lat' dir='ltr'><strong>annis</strong></span> <span class='ocrx_word' id='word_1_273' title='bbox 1537 2176 1781 2231; x_wconf 83' lang='lat' dir='ltr'><strong>:scribe—</strong></span> 
     </span>
    </p>
   </div>
   <div class='ocr_carea' id='block_1_39' title="bbox 212 2260 812 2339">
    <p class='ocr_par' dir='ltr' id='par_1_39' title="bbox 212 2260 812 2339">
     <span class='ocr_line' id='line_1_39' title="bbox 212 2260 812 2339; baseline 0.005 -25"><span class='ocrx_word' id='word_1_274' title='bbox 212 2260 302 2316; x_wconf 86' lang='lat' dir='ltr'><strong>bat</strong></span> <span class='ocrx_word' id='word_1_275' title='bbox 328 2262 497 2332; x_wconf 80' lang='lat' dir='ltr'><strong>igitur</strong></span> <span class='ocrx_word' id='word_1_276' title='bbox 522 2278 668 2317; x_wconf 88' lang='lat' dir='ltr'><strong>anno</strong></span> <span class='ocrx_word' id='word_1_277' title='bbox 689 2262 812 2339; x_wconf 72' lang='grc'><strong>450.</strong></span> 
     </span>
    </p>
   </div>
   <div class='ocr_carea' id='block_1_40' title="bbox 278 2352 1777 2420">
    <p class='ocr_par' dir='ltr' id='par_1_40' title="bbox 278 2352 1777 2420">
     <span class='ocr_line' id='line_1_40' title="bbox 278 2352 1777 2420; baseline 0.004 -14"><span class='ocrx_word' id='word_1_278' title='bbox 278 2352 415 2406; x_wconf 74' lang='lat' dir='ltr'><strong>VIII.</strong></span> <span class='ocrx_word' id='word_1_279' title='bbox 446 2353 568 2407; x_wconf 86' lang='lat' dir='ltr'><strong>Non</strong></span> <span class='ocrx_word' id='word_1_280' title='bbox 615 2352 683 2408; x_wconf 91' lang='lat' dir='ltr'><strong>de</strong></span> <span class='ocrx_word' id='word_1_281' title='bbox 712 2369 857 2409; x_wconf 89' lang='lat' dir='ltr'><strong>anno</strong></span> <span class='ocrx_word' id='word_1_282' title='bbox 901 2362 1149 2420; x_wconf 89' lang='lat' dir='ltr'><strong>tantum,</strong></span> <span class='ocrx_word' id='word_1_283' title='bbox 1197 2355 1292 2412; x_wconf 88' lang='lat' dir='ltr'><strong>sed</strong></span> <span class='ocrx_word' id='word_1_284' title='bbox 1336 2356 1404 2412; x_wconf 90' lang='lat' dir='ltr'><strong>de</strong></span> <span class='ocrx_word' id='word_1_285' title='bbox 1444 2358 1571 2411; x_wconf 91' lang='lat' dir='ltr'><strong>anni</strong></span> <span class='ocrx_word' id='word_1_286' title='bbox 1614 2359 1777 2412; x_wconf 90' lang='lat' dir='ltr'><strong>etiam</strong></span> 
     </span>
    </p>
   </div>
   <div class='ocr_carea' id='block_1_41' title="bbox 211 2443 1782 2515">
    <p class='ocr_par' dir='ltr' id='par_1_41' title="bbox 211 2443 1782 2515">
     <span class='ocr_line' id='line_1_41' title="bbox 211 2443 1782 2515; baseline 0.004 -20"><span class='ocrx_word' id='word_1_287' title='bbox 211 2451 358 2511; x_wconf 86' lang='lat' dir='ltr'><strong>parte</strong></span> <span class='ocrx_word' id='word_1_288' title='bbox 383 2443 522 2497; x_wconf 90' lang='lat' dir='ltr'><strong>certi</strong></span> <span class='ocrx_word' id='word_1_289' title='bbox 560 2443 766 2512; x_wconf 89' lang='lat' dir='ltr'><strong>aliquid</strong></span> <span class='ocrx_word' id='word_1_290' title='bbox 787 2444 949 2499; x_wconf 90' lang='lat' dir='ltr'><strong>statui</strong></span> <span class='ocrx_word' id='word_1_291' title='bbox 980 2455 1203 2515; x_wconf 89' lang='lat' dir='ltr'><strong>potest:</strong></span> <span class='ocrx_word' id='word_1_292' title='bbox 1244 2463 1370 2501; x_wconf 87' lang='lat' dir='ltr'><strong>nam</strong></span> <span class='ocrx_word' id='word_1_293' title='bbox 1402 2448 1782 2503; x_wconf 88' lang='lat' dir='ltr'><strong>Theodoretus</strong></span> 
     </span>
    </p>
   </div>
   <div class='ocr_carea' id='block_1_42' title="bbox 210 2533 1780 2603">
    <p class='ocr_par' dir='ltr' id='par_1_42' title="bbox 210 2533 1780 2603">
     <span class='ocr_line' id='line_1_42' title="bbox 210 2533 1780 2603; baseline 0.004 -18"><span class='ocrx_word' id='word_1_294' title='bbox 210 2541 372 2601; x_wconf 80' lang='lat' dir='ltr'><strong>caput</strong></span> <span class='ocrx_word' id='word_1_295' title='bbox 410 2534 481 2588; x_wconf 87' lang='grc'><strong>56</strong></span> <span class='ocrx_word' id='word_1_296' title='bbox 508 2533 637 2587; x_wconf 88' lang='lat' dir='ltr'><strong>libri</strong></span> <span class='ocrx_word' id='word_1_297' title='bbox 668 2535 846 2603; x_wconf 86' lang='lat' dir='ltr'><strong>quinti</strong></span> <span class='ocrx_word' id='word_1_298' title='bbox 875 2535 1127 2601; x_wconf 89' lang='lat' dir='ltr'><strong>absolvit,</strong></span> <span class='ocrx_word' id='word_1_299' title='bbox 1160 2536 1468 2592; x_wconf 84' lang='lat' dir='ltr'><strong>Theodosio</strong></span> <span class='ocrx_word' id='word_1_300' title='bbox 1496 2538 1676 2593; x_wconf 89' lang='lat' dir='ltr'><strong>adhuc</strong></span> <span class='ocrx_word' id='word_1_301' title='bbox 1697 2539 1780 2591; x_wconf 86' lang='lat' dir='ltr'><strong>vi-</strong></span> 
     </span>
    </p>
   </div>
   <div class='ocr_carea' id='block_1_43' title="bbox 213 2623 1779 2701">
    <p class='ocr_par' dir='ltr' id='par_1_43' title="bbox 213 2623 1779 2701">
     <span class='ocr_line' id='line_1_43' title="bbox 213 2623 1779 2701; baseline 0.004 -24"><span class='ocrx_word' id='word_1_302' title='bbox 213 2631 393 2679; x_wconf 82' lang='lat' dir='ltr'><strong>vente.</strong></span> <span class='ocrx_word' id='word_1_303' title='bbox 420 2623 560 2679; x_wconf 84' lang='lat' dir='ltr'><strong>Cum</strong></span> <span class='ocrx_word' id='word_1_304' title='bbox 595 2625 742 2679; x_wconf 91' lang='lat' dir='ltr'><strong>enim</strong></span> <span class='ocrx_word' id='word_1_305' title='bbox 780 2634 967 2697; x_wconf 80' lang='lat' dir='ltr'><strong>ageret</strong></span> <span class='ocrx_word' id='word_1_306' title='bbox 996 2627 1063 2682; x_wconf 91' lang='lat' dir='ltr'><strong>de</strong></span> <span class='ocrx_word' id='word_1_307' title='bbox 1115 2628 1364 2698; x_wconf 90' lang='lat' dir='ltr'><strong>reliquiis</strong></span> <span class='ocrx_word' id='word_1_308' title='bbox 1404 2628 1779 2701; x_wconf 78' lang='lat' dir='ltr'><strong>Chrysostomi</strong></span> 
     </span>
    </p>
   </div>
   <div class='ocr_carea' id='block_1_44' title="bbox 207 2714 1780 2789">
    <p class='ocr_par' dir='ltr' id='par_1_44' title="bbox 207 2714 1780 2789">
     <span class='ocr_line' id='line_1_44' title="bbox 207 2714 1780 2789; baseline 0.003 -18"><span class='ocrx_word' id='word_1_309' title='bbox 207 2714 739 2786; x_wconf 80' lang='lat' dir='ltr'><strong>Constantinopolim</strong></span> <span class='ocrx_word' id='word_1_310' title='bbox 773 2717 1003 2772; x_wconf 88' lang='lat' dir='ltr'><strong>relatis:</strong></span> <span class='ocrx_word' id='word_1_311' title='bbox 1047 2737 1064 2769; x_wconf 73' lang='grc' dir='ltr'>ι</span> <span class='ocrx_word' id='word_1_312' title='bbox 1106 2717 1285 2783; x_wconf 81' lang='lat' dir='ltr'><strong>Hunc,</strong></span> <span class='ocrx_word' id='word_1_313' title='bbox 1340 2720 1520 2789; x_wconf 90' lang='lat' dir='ltr'><strong>inquit</strong></span> <span class='ocrx_word' id='word_1_314' title='bbox 1549 2718 1617 2785; x_wconf 78' lang='lat'><strong>“‘,</strong></span> <span class='ocrx_word' id='word_1_315' title='bbox 1659 2721 1780 2776; x_wconf 85' lang='lat' dir='ltr'><strong>the-</strong></span> 
     </span>
    </p>
   </div>
   <div class='ocr_carea' id='block_1_45' title="bbox 209 2807 1782 2882">
    <p class='ocr_par' dir='ltr' id='par_1_45' title="bbox 209 2807 1782 2882">
     <span class='ocr_line' id='line_1_45' title="bbox 209 2807 1782 2882; baseline 0.004 -22"><span class='ocrx_word' id='word_1_316' title='bbox 209 2822 431 2861; x_wconf 88' lang='lat' dir='ltr'><strong>saurum</strong></span> <span class='ocrx_word' id='word_1_317' title='bbox 461 2808 515 2861; x_wconf 89' lang='lat' dir='ltr'><strong>in</strong></span> <span class='ocrx_word' id='word_1_318' title='bbox 540 2809 732 2864; x_wconf 89' lang='lat' dir='ltr'><strong>urbem</strong></span> <span class='ocrx_word' id='word_1_319' title='bbox 759 2807 944 2862; x_wconf 90' lang='lat' dir='ltr'><strong>intulit</strong></span> <span class='ocrx_word' id='word_1_320' title='bbox 975 2808 1042 2874; x_wconf 88' lang='lat' dir='ltr'><strong>is,</strong></span> <span class='ocrx_word' id='word_1_321' title='bbox 1074 2811 1168 2879; x_wconf 92' lang='lat' dir='ltr'><strong>qui</strong></span> <span class='ocrx_word' id='word_1_322' title='bbox 1205 2810 1437 2879; x_wconf 86' lang='lat' dir='ltr'><strong>imperio</strong></span> <span class='ocrx_word' id='word_1_323' title='bbox 1466 2827 1615 2866; x_wconf 86' lang='lat' dir='ltr'><strong>nunc</strong></span> <span class='ocrx_word' id='word_1_324' title='bbox 1641 2813 1782 2882; x_wconf 90' lang='lat' dir='ltr'><strong>poti-</strong></span> 
     </span>
    </p>
   </div>
   <div class='ocr_carea' id='block_1_46' title="bbox 213 2900 1781 2973">
    <p class='ocr_par' dir='ltr' id='par_1_46' title="bbox 213 2900 1781 2973">
     <span class='ocr_line' id='line_1_46' title="bbox 213 2900 1781 2973; baseline 0.004 -22"><span class='ocrx_word' id='word_1_325' title='bbox 213 2907 317 2962; x_wconf 90' lang='lat' dir='ltr'><strong>tur,</strong></span> <span class='ocrx_word' id='word_1_326' title='bbox 343 2900 440 2969; x_wconf 90' lang='lat' dir='ltr'><strong>qui</strong></span> <span class='ocrx_word' id='word_1_327' title='bbox 474 2901 562 2954; x_wconf 84' lang='lat' dir='ltr'><strong>avi</strong></span> <span class='ocrx_word' id='word_1_328' title='bbox 594 2915 795 2955; x_wconf 86' lang='lat' dir='ltr'><strong>nomen</strong></span> <span class='ocrx_word' id='word_1_329' title='bbox 824 2902 1070 2963; x_wconf 82' lang='lat' dir='ltr'><strong>sortitus,</strong></span> <span class='ocrx_word' id='word_1_330' title='bbox 1116 2903 1238 2972; x_wconf 85' lang='lat' dir='ltr'><strong>ejus</strong></span> <span class='ocrx_word' id='word_1_331' title='bbox 1269 2918 1485 2973; x_wconf 91' lang='lat' dir='ltr'><strong>quoque</strong></span> <span class='ocrx_word' id='word_1_332' title='bbox 1521 2905 1781 2973; x_wconf 87' lang='lat' dir='ltr'><strong>pietatem</strong></span> 
     </span>
    </p>
   </div>
   <div class='ocr_carea' id='block_1_47' title="bbox 210 2989 1780 3060">
    <p class='ocr_par' dir='ltr' id='par_1_47' title="bbox 210 2989 1780 3060">
     <span class='ocr_line' id='line_1_47' title="bbox 210 2989 1780 3060; baseline 0.004 -18"><span class='ocrx_word' id='word_1_333' title='bbox 210 3002 390 3043; x_wconf 77' lang='lat' dir='ltr'><strong>servat</strong></span> <span class='ocrx_word' id='word_1_334' title='bbox 414 2989 811 3060; x_wconf 84' lang='lat' dir='ltr'><strong>incorruptam.</strong></span> <span class='ocrx_word' id='word_1_335' title='bbox 853 2991 953 3046; x_wconf 85' lang='lat' dir='ltr'><strong>Hic</strong></span> <span class='ocrx_word' id='word_1_336' title='bbox 976 2992 1166 3047; x_wconf 90' lang='lat' dir='ltr'><strong>oculos</strong></span> <span class='ocrx_word' id='word_1_337' title='bbox 1186 3002 1241 3047; x_wconf 92' lang='lat' dir='ltr'><strong>et</strong></span> <span class='ocrx_word' id='word_1_338' title='bbox 1260 2993 1502 3049; x_wconf 79' lang='lat' dir='ltr'><strong>frontem</strong></span> <span class='ocrx_word' id='word_1_339' title='bbox 1527 2995 1582 3048; x_wconf 91' lang='lat' dir='ltr'><strong>in</strong></span> <span class='ocrx_word' id='word_1_340' title='bbox 1599 2995 1780 3050; x_wconf 90' lang='lat' dir='ltr'><strong>loculo</strong></span> 
     </span>
    </p>
   </div>
   <div class='ocr_carea' id='block_1_48' title="bbox 209 3061 1784 3152">
    <p class='ocr_par' dir='ltr' id='par_1_48' title="bbox 209 3061 1784 3152">
     <span class='ocr_line' id='line_1_48' title="bbox 209 3061 1784 3152; baseline 0.004 -22"><span class='ocrx_word' id='word_1_341' title='bbox 209 3061 471 3148; x_wconf 77' lang='lat' dir='ltr'><strong>deligens,</strong></span> <span class='ocrx_word' id='word_1_342' title='bbox 496 3093 598 3146; x_wconf 91' lang='lat' dir='ltr'><strong>pro</strong></span> <span class='ocrx_word' id='word_1_343' title='bbox 628 3079 952 3148; x_wconf 88' lang='lat' dir='ltr'><strong>parentibus</strong></span> <span class='ocrx_word' id='word_1_344' title='bbox 974 3072 1165 3149; x_wconf 81' lang='lat' dir='ltr'><strong>preces</strong></span> <span class='ocrx_word' id='word_1_345' title='bbox 1187 3081 1344 3145; x_wconf 82' lang='lat' dir='ltr'><strong>fudit,</strong></span> <span class='ocrx_word' id='word_1_346' title='bbox 1370 3089 1426 3136; x_wconf 92' lang='lat' dir='ltr'><strong>et</strong></span> <span class='ocrx_word' id='word_1_347' title='bbox 1458 3082 1527 3137; x_wconf 90' lang='lat' dir='ltr'><strong>iis</strong></span> <span class='ocrx_word' id='word_1_348' title='bbox 1557 3084 1652 3152; x_wconf 92' lang='lat' dir='ltr'><strong>qui</strong></span> <span class='ocrx_word' id='word_1_349' title='bbox 1686 3099 1784 3152; x_wconf 90' lang='lat' dir='ltr'><strong>per</strong></span> 
     </span>
    </p>
   </div>
   <div class='ocr_carea' id='block_1_49' title="bbox 209 3167 1776 3241">
    <p class='ocr_par' dir='ltr' id='par_1_49' title="bbox 209 3167 1776 3241">
     <span class='ocr_line' id='line_1_49' title="bbox 209 3167 1776 3241; baseline 0.004 -22"><span class='ocrx_word' id='word_1_350' title='bbox 209 3167 573 3237; x_wconf 85' lang='lat' dir='ltr'><strong>ignorantiam</strong></span> <span class='ocrx_word' id='word_1_351' title='bbox 597 3176 907 3237; x_wconf 87' lang='lat' dir='ltr'><strong>peccarant,</strong></span> <span class='ocrx_word' id='word_1_352' title='bbox 947 3178 1009 3225; x_wconf 90' lang='lat' dir='ltr'><strong>ut</strong></span> <span class='ocrx_word' id='word_1_353' title='bbox 1041 3170 1370 3240; x_wconf 81' lang='lat' dir='ltr'><strong>ignosceret,</strong></span> <span class='ocrx_word' id='word_1_354' title='bbox 1403 3172 1776 3241; x_wconf 66' lang='lat' dir='ltr'><strong>supplicavit.»</strong></span> 
     </span>
    </p>
   </div>
   <div class='ocr_carea' id='block_1_50' title="bbox 208 3256 1781 3327">
    <p class='ocr_par' dir='ltr' id='par_1_50' title="bbox 208 3256 1781 3327">
     <span class='ocr_line' id='line_1_50' title="bbox 208 3256 1781 3327; baseline -0.001 -15"><span class='ocrx_word' id='word_1_355' title='bbox 208 3256 342 3312; x_wconf 90' lang='lat' dir='ltr'><strong>Cum</strong></span> <span class='ocrx_word' id='word_1_356' title='bbox 366 3272 502 3326; x_wconf 77' lang='lat' dir='ltr'><strong>ergo</strong></span> <span class='ocrx_word' id='word_1_357' title='bbox 526 3256 869 3313; x_wconf 78' lang='lat' dir='ltr'><strong>Theodosius</strong></span> <span class='ocrx_word' id='word_1_358' title='bbox 899 3258 1100 3314; x_wconf 89' lang='lat' dir='ltr'><strong>obierit</strong></span> <span class='ocrx_word' id='word_1_359' title='bbox 1117 3260 1207 3314; x_wconf 89' lang='lat' dir='ltr'><strong>die</strong></span> <span class='ocrx_word' id='word_1_360' title='bbox 1237 3261 1306 3315; x_wconf 81' lang='grc'><strong>29</strong></span> <span class='ocrx_word' id='word_1_361' title='bbox 1330 3261 1458 3317; x_wconf 87' lang='lat' dir='ltr'><strong>Julii</strong></span> <span class='ocrx_word' id='word_1_362' title='bbox 1484 3277 1630 3316; x_wconf 90' lang='lat' dir='ltr'><strong>anno</strong></span> <span class='ocrx_word' id='word_1_363' title='bbox 1657 3261 1781 3327; x_wconf 77' lang='grc'><strong>450,</strong></span> 
     </span>
    </p>
   </div>
   <div class='ocr_carea' id='block_1_51' title="bbox 213 3348 1783 3422">
    <p class='ocr_par' dir='ltr' id='par_1_51' title="bbox 213 3348 1783 3422">
     <span class='ocr_line' id='line_1_51' title="bbox 213 3348 1783 3422; baseline 0.003 -20"><span class='ocrx_word' id='word_1_364' title='bbox 213 3349 616 3419; x_wconf 84' lang='lat' dir='ltr'><strong>imperiumque</strong></span> <span class='ocrx_word' id='word_1_365' title='bbox 649 3348 954 3405; x_wconf 80' lang='lat' dir='ltr'><strong>Marcianus</strong></span> <span class='ocrx_word' id='word_1_366' title='bbox 974 3366 1004 3405; x_wconf 90' lang='lat' dir='ltr'><strong>a</strong></span> <span class='ocrx_word' id='word_1_367' title='bbox 1035 3351 1324 3406; x_wconf 90' lang='lat' dir='ltr'><strong>Pulcheria</strong></span> <span class='ocrx_word' id='word_1_368' title='bbox 1342 3360 1646 3422; x_wconf 89' lang='lat' dir='ltr'><strong>senatuque</strong></span> <span class='ocrx_word' id='word_1_369' title='bbox 1671 3355 1783 3408; x_wconf 86' lang='lat' dir='ltr'><strong>ele-</strong></span> 
     </span>
    </p>
   </div>
   <div class='ocr_carea' id='block_1_52' title="bbox 213 3439 1784 3514">
    <p class='ocr_par' dir='ltr' id='par_1_52' title="bbox 213 3439 1784 3514">
     <span class='ocr_line' id='line_1_52' title="bbox 213 3439 1784 3514; baseline 0.004 -22"><span class='ocrx_word' id='word_1_370' title='bbox 213 3448 332 3493; x_wconf 86' lang='lat' dir='ltr'><strong>ctus</strong></span> <span class='ocrx_word' id='word_1_371' title='bbox 364 3439 723 3508; x_wconf 85' lang='lat' dir='ltr'><strong>capessiverit</strong></span> <span class='ocrx_word' id='word_1_372' title='bbox 747 3441 836 3495; x_wconf 88' lang='lat' dir='ltr'><strong>die</strong></span> <span class='ocrx_word' id='word_1_373' title='bbox 851 3440 926 3495; x_wconf 88' lang='grc'><strong>25</strong></span> <span class='ocrx_word' id='word_1_374' title='bbox 958 3441 1225 3512; x_wconf 80' lang='lat' dir='ltr'><strong>Augusti;</strong></span> <span class='ocrx_word' id='word_1_375' title='bbox 1266 3451 1481 3513; x_wconf 90' lang='lat' dir='ltr'><strong>oportet</strong></span> <span class='ocrx_word' id='word_1_376' title='bbox 1509 3452 1570 3498; x_wconf 91' lang='lat' dir='ltr'><strong>ut</strong></span> <span class='ocrx_word' id='word_1_377' title='bbox 1603 3444 1784 3514; x_wconf 90' lang='lat' dir='ltr'><strong>priore</strong></span> 
     </span>
    </p>
   </div>
   <div class='ocr_carea' id='block_1_53' title="bbox 214 3530 1782 3605">
    <p class='ocr_par' dir='ltr' id='par_1_53' title="bbox 214 3530 1782 3605">
     <span class='ocr_line' id='line_1_53' title="bbox 214 3530 1782 3605; baseline 0.003 -21"><span class='ocrx_word' id='word_1_378' title='bbox 214 3530 336 3584; x_wconf 82' lang='lat' dir='ltr'><strong>anni</strong></span> <span class='ocrx_word' id='word_1_379' title='bbox 359 3538 517 3599; x_wconf 81' lang='lat' dir='ltr'><strong>parte</strong></span> <span class='ocrx_word' id='word_1_380' title='bbox 538 3530 832 3586; x_wconf 82' lang='lat' dir='ltr'><strong>Historiam</strong></span> <span class='ocrx_word' id='word_1_381' title='bbox 849 3531 1228 3588; x_wconf 88' lang='lat' dir='ltr'><strong>Theodoretus</strong></span> <span class='ocrx_word' id='word_1_382' title='bbox 1253 3544 1346 3588; x_wconf 91' lang='lat' dir='ltr'><strong>aut</strong></span> <span class='ocrx_word' id='word_1_383' title='bbox 1373 3536 1782 3605; x_wconf 87' lang='lat' dir='ltr'><strong>conscripserit,</strong></span> 
     </span>
    </p>
   </div>
   <div class='ocr_carea' id='block_1_54' title="bbox 209 3618 1784 3686">
    <p class='ocr_par' dir='ltr' id='par_1_54' title="bbox 209 3618 1784 3686">
     <span class='ocr_line' id='line_1_54' title="bbox 209 3618 1784 3686; baseline 0.004 -15"><span class='ocrx_word' id='word_1_384' title='bbox 209 3627 303 3672; x_wconf 84' lang='lat' dir='ltr'><strong>aut</strong></span> <span class='ocrx_word' id='word_1_385' title='bbox 352 3626 504 3673; x_wconf 88' lang='lat' dir='ltr'><strong>certe</strong></span> <span class='ocrx_word' id='word_1_386' title='bbox 552 3618 882 3686; x_wconf 89' lang='lat' dir='ltr'><strong>absolverit;</strong></span> <span class='ocrx_word' id='word_1_387' title='bbox 935 3620 1179 3675; x_wconf 90' lang='lat' dir='ltr'><strong>nondum</strong></span> <span class='ocrx_word' id='word_1_388' title='bbox 1226 3622 1435 3678; x_wconf 88' lang='lat' dir='ltr'><strong>scilicet</strong></span> <span class='ocrx_word' id='word_1_389' title='bbox 1484 3624 1687 3678; x_wconf 89' lang='lat' dir='ltr'><strong>auditis</strong></span> <span class='ocrx_word' id='word_1_390' title='bbox 1727 3625 1784 3678; x_wconf 92' lang='lat' dir='ltr'><strong>in</strong></span> 
     </span>
    </p>
   </div>
   <div class='ocr_carea' id='block_1_55' title="bbox 210 3705 1782 3783">
    <p class='ocr_par' dir='ltr' id='par_1_55' title="bbox 210 3705 1782 3783">
     <span class='ocr_line' id='line_1_55' title="bbox 210 3705 1782 3783; baseline 0.005 -21"><span class='ocrx_word' id='word_1_391' title='bbox 210 3705 437 3762; x_wconf 86' lang='lat' dir='ltr'><strong>Oriente</strong></span> <span class='ocrx_word' id='word_1_392' title='bbox 456 3707 526 3761; x_wconf 89' lang='lat' dir='ltr'><strong>de</strong></span> <span class='ocrx_word' id='word_1_393' title='bbox 548 3709 702 3763; x_wconf 89' lang='lat' dir='ltr'><strong>obitu</strong></span> <span class='ocrx_word' id='word_1_394' title='bbox 734 3708 1027 3765; x_wconf 88' lang='lat' dir='ltr'><strong>Theodosii</strong></span> <span class='ocrx_word' id='word_1_395' title='bbox 1062 3711 1302 3779; x_wconf 88' lang='lat' dir='ltr'><strong>nuntiis,</strong></span> <span class='ocrx_word' id='word_1_396' title='bbox 1333 3712 1428 3783; x_wconf 88' lang='lat' dir='ltr'><strong>qui</strong></span> <span class='ocrx_word' id='word_1_397' title='bbox 1454 3714 1632 3769; x_wconf 82' lang='lat' dir='ltr'><strong>solent</strong></span> <span class='ocrx_word' id='word_1_398' title='bbox 1662 3729 1782 3770; x_wconf 91' lang='lat' dir='ltr'><strong>esse</strong></span> 
     </span>
    </p>
   </div>
   <div class='ocr_carea' id='block_1_56' title="bbox 209 3797 911 3855">
    <p class='ocr_par' dir='ltr' id='par_1_56' title="bbox 209 3797 911 3855">
     <span class='ocr_line' id='line_1_56' title="bbox 209 3797 911 3855; baseline 0.003 -4"><span class='ocrx_word' id='word_1_399' title='bbox 209 3797 297 3853; x_wconf 87' lang='lat' dir='ltr'><strong>his</strong></span> <span class='ocrx_word' id='word_1_400' title='bbox 327 3798 397 3854; x_wconf 90' lang='lat' dir='ltr'><strong>de</strong></span> <span class='ocrx_word' id='word_1_401' title='bbox 423 3800 588 3854; x_wconf 83' lang='lat' dir='ltr'><strong>rebus</strong></span> <span class='ocrx_word' id='word_1_402' title='bbox 619 3799 911 3855; x_wconf 89' lang='lat' dir='ltr'><strong>celerrimi.</strong></span> 
     </span>
    </p>
   </div>
   <div class='ocr_carea' id='block_1_57' title="bbox 278 3887 1783 3963">
    <p class='ocr_par' dir='ltr' id='par_1_57' title="bbox 278 3887 1783 3963">
     <span class='ocr_line' id='line_1_57' title="bbox 278 3887 1783 3963; baseline 0.004 -20"><span class='ocrx_word' id='word_1_403' title='bbox 278 3887 373 3943; x_wconf 78' lang='lat' dir='ltr'><strong>IX.</strong></span> <span class='ocrx_word' id='word_1_404' title='bbox 435 3888 666 3960; x_wconf 90' lang='lat' dir='ltr'><strong>Scripsit</strong></span> <span class='ocrx_word' id='word_1_405' title='bbox 716 3891 1098 3948; x_wconf 89' lang='lat' dir='ltr'><strong>Theodoretus</strong></span> <span class='ocrx_word' id='word_1_406' title='bbox 1129 3931 1145 3956; x_wconf 96' lang='lat'><strong>,</strong></span> <span class='ocrx_word' id='word_1_407' title='bbox 1192 3891 1340 3961; x_wconf 92' lang='lat' dir='ltr'><strong>quod</strong></span> <span class='ocrx_word' id='word_1_408' title='bbox 1396 3892 1514 3963; x_wconf 90' lang='lat' dir='ltr'><strong>ipse</strong></span> <span class='ocrx_word' id='word_1_409' title='bbox 1560 3893 1783 3963; x_wconf 84' lang='lat' dir='ltr'><strong>quidem</strong></span> 
     </span>
    </p>
   </div>
   <div class='ocr_carea' id='block_1_58' title="bbox 211 3979 1786 4054">
    <p class='ocr_par' dir='ltr' id='par_1_58' title="bbox 211 3979 1786 4054">
     <span class='ocr_line' id='line_1_58' title="bbox 211 3979 1786 4054; baseline 0.004 -22"><span class='ocrx_word' id='word_1_410' title='bbox 211 3979 401 4044; x_wconf 81' lang='lat' dir='ltr'><strong>tradit,</strong></span> <span class='ocrx_word' id='word_1_411' title='bbox 461 3981 533 4034; x_wconf 76' lang='grc' dir='ltr'><strong>τὰ</strong></span> <span class='ocrx_word' id='word_1_412' title='bbox 573 3981 868 4052; x_wconf 81' lang='grc' dir='ltr'>λειπόμενα</span> <span class='ocrx_word' id='word_1_413' title='bbox 912 3983 1011 4054; x_wconf 82' lang='grc' dir='ltr'><strong>τῆς</strong></span> <span class='ocrx_word' id='word_1_414' title='bbox 1055 3983 1592 4053; x_wconf 74' lang='grc' dir='ltr'><strong>Ἐκκλησιαστικῆς</strong></span> <span class='ocrx_word' id='word_1_415' title='bbox 1626 3987 1786 4039; x_wconf 74' lang='grc' dir='ltr'><strong>ἱστο-</strong></span> 
     </span>
    </p>
   </div>
   <div class='ocr_carea' id='block_1_59' title="bbox 205 4071 1786 4142">
    <p class='ocr_par' dir='ltr' id='par_1_59' title="bbox 205 4071 1786 4142">
     <span class='ocr_line' id='line_1_59' title="bbox 205 4071 1786 4142; baseline 0.005 -20"><span class='ocrx_word' id='word_1_416' title='bbox 205 4071 363 4138; x_wconf 69' lang='grc' dir='ltr'><strong>ρίας·</strong></span> <span class='ocrx_word' id='word_1_417' title='bbox 423 4086 560 4141; x_wconf 85' lang='lat' dir='ltr'><strong>quas</strong></span> <span class='ocrx_word' id='word_1_418' title='bbox 583 4086 747 4126; x_wconf 85' lang='lat' dir='ltr'><strong>voces</strong></span> <span class='ocrx_word' id='word_1_419' title='bbox 790 4073 1184 4142; x_wconf 85' lang='lat' dir='ltr'><strong>interpretatur</strong></span> <span class='ocrx_word' id='word_1_420' title='bbox 1214 4074 1300 4128; x_wconf 90' lang='lat' dir='ltr'><strong>vir</strong></span> <span class='ocrx_word' id='word_1_421' title='bbox 1327 4074 1577 4129; x_wconf 91' lang='lat' dir='ltr'><strong>eruditus</strong></span> <span class='ocrx_word' id='word_1_422' title='bbox 1596 4115 1610 4139; x_wconf 95' lang='lat'><strong>,</strong></span> <span class='ocrx_word' id='word_1_423' title='bbox 1637 4077 1786 4130; x_wconf 87' lang='lat' dir='ltr'><strong>velut</strong></span> 
     </span>
    </p>
   </div>
   <div class='ocr_carea' id='block_1_60' title="bbox 210 4159 1783 4234">
    <p class='ocr_par' dir='ltr' id='par_1_60' title="bbox 210 4159 1783 4234">
     <span class='ocr_line' id='line_1_60' title="bbox 210 4159 1783 4234; baseline 0.004 -21"><span class='ocrx_word' id='word_1_424' title='bbox 210 4159 443 4223; x_wconf 87' lang='lat' dir='ltr'><strong>diceret,</strong></span> <span class='ocrx_word' id='word_1_425' title='bbox 480 4176 545 4214; x_wconf 89' lang='lat' dir='ltr'><strong>ea</strong></span> <span class='ocrx_word' id='word_1_426' title='bbox 587 4177 708 4230; x_wconf 75' lang='lat' dir='ltr'><strong>quae</strong></span> <span class='ocrx_word' id='word_1_427' title='bbox 755 4161 965 4217; x_wconf 90' lang='lat' dir='ltr'><strong>Socrati</strong></span> <span class='ocrx_word' id='word_1_428' title='bbox 1007 4163 1454 4234; x_wconf 85' lang='lat' dir='ltr'><strong>Sozomenoque,</strong></span> <span class='ocrx_word' id='word_1_429' title='bbox 1495 4167 1628 4220; x_wconf 91' lang='lat' dir='ltr'><strong>viris</strong></span> <span class='ocrx_word' id='word_1_430' title='bbox 1673 4182 1783 4220; x_wconf 90' lang='lat' dir='ltr'><strong>non</strong></span> 
     </span>
    </p>
   </div>
   <div class='ocr_carea' id='block_1_61' title="bbox 210 4250 1780 4324">
    <p class='ocr_par' dir='ltr' id='par_1_61' title="bbox 210 4250 1780 4324">
     <span class='ocr_line' id='line_1_61' title="bbox 210 4250 1780 4324; baseline 0.001 -17"><span class='ocrx_word' id='word_1_431' title='bbox 210 4250 598 4307; x_wconf 75' lang='lat' dir='ltr'><strong>scientissimis</strong></span> <span class='ocrx_word' id='word_1_432' title='bbox 626 4267 812 4307; x_wconf 89' lang='lat' dir='ltr'><strong>rerum</strong></span> <span class='ocrx_word' id='word_1_433' title='bbox 844 4254 1220 4319; x_wconf 76' lang='lat' dir='ltr'><strong>orientalium,</strong></span> <span class='ocrx_word' id='word_1_434' title='bbox 1242 4256 1474 4320; x_wconf 85' lang='lat' dir='ltr'><strong>desunt,</strong></span> <span class='ocrx_word' id='word_1_435' title='bbox 1503 4271 1583 4319; x_wconf 90' lang='lat' dir='ltr'><strong>se,</strong></span> <span class='ocrx_word' id='word_1_436' title='bbox 1607 4256 1702 4324; x_wconf 89' lang='lat' dir='ltr'><strong>qui</strong></span> <span class='ocrx_word' id='word_1_437' title='bbox 1728 4257 1780 4308; x_wconf 90' lang='lat' dir='ltr'><strong>iu</strong></span> 
     </span>
    </p>
   </div>
   <div class='ocr_carea' id='block_1_62' title="bbox 209 4339 1782 4416">
    <p class='ocr_par' dir='ltr' id='par_1_62' title="bbox 209 4339 1782 4416">
     <span class='ocr_line' id='line_1_62' title="bbox 209 4339 1782 4416; baseline 0.003 -22"><span class='ocrx_word' id='word_1_438' title='bbox 209 4339 440 4396; x_wconf 86' lang='lat' dir='ltr'><strong>Oriente</strong></span> <span class='ocrx_word' id='word_1_439' title='bbox 473 4342 702 4409; x_wconf 86' lang='lat' dir='ltr'><strong>viveret,</strong></span> <span class='ocrx_word' id='word_1_440' title='bbox 742 4343 1229 4415; x_wconf 88' lang='lat' dir='ltr'><strong>intelligentiorem</strong></span> <span class='ocrx_word' id='word_1_441' title='bbox 1266 4348 1543 4416; x_wconf 83' lang='lat' dir='ltr'><strong>supplere.</strong></span> <span class='ocrx_word' id='word_1_442' title='bbox 1579 4347 1782 4401; x_wconf 84' lang='lat' dir='ltr'><strong>Verum</strong></span> 
     </span>
    </p>
   </div>
   <div class='ocr_carea' id='block_1_63' title="bbox 128 4435 1783 4508">
    <p class='ocr_par' dir='ltr' id='par_1_63' title="bbox 128 4435 1783 4508">
     <span class='ocr_line' id='line_1_63' title="bbox 128 4435 1783 4508; baseline 0.002 -20"><span class='ocrx_word' id='word_1_443' title='bbox 128 4504 141 4508; x_wconf 83' lang='lat'>_</span> <span class='ocrx_word' id='word_1_444' title='bbox 212 4450 324 4489; x_wconf 92' lang='lat' dir='ltr'><strong>non</strong></span> <span class='ocrx_word' id='word_1_445' title='bbox 351 4435 524 4499; x_wconf 90' lang='lat' dir='ltr'><strong>aliud,</strong></span> <span class='ocrx_word' id='word_1_446' title='bbox 552 4438 767 4505; x_wconf 90' lang='lat' dir='ltr'><strong>opinor,</strong></span> <span class='ocrx_word' id='word_1_447' title='bbox 793 4436 881 4491; x_wconf 91' lang='lat' dir='ltr'><strong>his</strong></span> <span class='ocrx_word' id='word_1_448' title='bbox 910 4437 1140 4493; x_wconf 85' lang='lat' dir='ltr'><strong>vocibus</strong></span> <span class='ocrx_word' id='word_1_449' title='bbox 1162 4437 1432 4501; x_wconf 89' lang='lat' dir='ltr'><strong>innuitur,</strong></span> <span class='ocrx_word' id='word_1_450' title='bbox 1450 4453 1612 4506; x_wconf 89' lang='lat' dir='ltr'><strong>quam</strong></span> <span class='ocrx_word' id='word_1_451' title='bbox 1636 4438 1783 4507; x_wconf 92' lang='lat' dir='ltr'><strong>quod</strong></span> 
     </span>
    </p>
   </div>
   <div class='ocr_carea' id='block_1_64' title="bbox 211 4524 1779 4582">
    <p class='ocr_par' dir='ltr' id='par_1_64' title="bbox 211 4524 1779 4582">
     <span class='ocr_line' id='line_1_64' title="bbox 211 4524 1779 4582; baseline 0.001 -4"><span class='ocrx_word' id='word_1_452' title='bbox 211 4524 596 4581; x_wconf 87' lang='lat' dir='ltr'><strong>Theodoretus</strong></span> <span class='ocrx_word' id='word_1_453' title='bbox 618 4527 838 4581; x_wconf 86' lang='lat' dir='ltr'><strong>Eusebii</strong></span> <span class='ocrx_word' id='word_1_454' title='bbox 863 4528 1100 4582; x_wconf 90' lang='lat' dir='ltr'><strong>voluerit</strong></span> <span class='ocrx_word' id='word_1_455' title='bbox 1118 4527 1415 4582; x_wconf 84' lang='lat' dir='ltr'><strong>Historiam</strong></span> <span class='ocrx_word' id='word_1_456' title='bbox 1437 4528 1779 4582; x_wconf 87' lang='lat' dir='ltr'><strong>continuare.</strong></span> 
     </span>
    </p>
   </div>
   <div class='ocr_carea' id='block_1_65' title="bbox 211 4614 1785 4683">
    <p class='ocr_par' dir='ltr' id='par_1_65' title="bbox 211 4614 1785 4683">
     <span class='ocr_line' id='line_1_65' title="bbox 211 4614 1785 4683; baseline 0.001 -14"><span class='ocrx_word' id='word_1_457' title='bbox 211 4614 306 4669; x_wconf 84' lang='lat' dir='ltr'><strong>Ait</strong></span> <span class='ocrx_word' id='word_1_458' title='bbox 324 4615 473 4669; x_wconf 89' lang='lat' dir='ltr'><strong>enim</strong></span> <span class='ocrx_word' id='word_1_459' title='bbox 500 4617 580 4668; x_wconf 71' lang='lat'><strong>7’:</strong></span> <span class='ocrx_word' id='word_1_460' title='bbox 617 4635 634 4666; x_wconf 72' lang='grc' dir='ltr'>ι</span> <span class='ocrx_word' id='word_1_461' title='bbox 660 4616 800 4683; x_wconf 85' lang='lat' dir='ltr'><strong>Quia</strong></span> <span class='ocrx_word' id='word_1_462' title='bbox 842 4618 1115 4673; x_wconf 87' lang='lat' dir='ltr'><strong>Eusebius</strong></span> <span class='ocrx_word' id='word_1_463' title='bbox 1160 4618 1478 4672; x_wconf 59' lang='lat' dir='ltr'><strong>Palestinus</strong></span> <span class='ocrx_word' id='word_1_464' title='bbox 1509 4631 1541 4671; x_wconf 92' lang='lat' dir='ltr'><strong>a</strong></span> <span class='ocrx_word' id='word_1_465' title='bbox 1582 4616 1785 4671; x_wconf 89' lang='lat' dir='ltr'><strong>sanctis</strong></span> 
     </span>
    </p>
   </div>
   <div class='ocr_carea' id='block_1_66' title="bbox 212 4706 1784 4779">
    <p class='ocr_par' dir='ltr' id='par_1_66' title="bbox 212 4706 1784 4779">
     <span class='ocr_line' id='line_1_66' title="bbox 212 4706 1784 4779; baseline 0.002 -19"><span class='ocrx_word' id='word_1_466' title='bbox 212 4706 480 4775; x_wconf 86' lang='lat' dir='ltr'><strong>apostolis</strong></span> <span class='ocrx_word' id='word_1_467' title='bbox 511 4707 917 4777; x_wconf 75' lang='lat' dir='ltr'><strong>280exorsus</strong></span> <span class='ocrx_word' id='word_1_468' title='bbox 943 4726 1032 4766; x_wconf 88' lang='lat' dir='ltr'><strong>res</strong></span> <span class='ocrx_word' id='word_1_469' title='bbox 1052 4711 1107 4764; x_wconf 92' lang='lat' dir='ltr'><strong>in</strong></span> <span class='ocrx_word' id='word_1_470' title='bbox 1125 4710 1384 4765; x_wconf 87' lang='lat' dir='ltr'><strong>Ecelesiis</strong></span> <span class='ocrx_word' id='word_1_471' title='bbox 1412 4718 1592 4779; x_wconf 83' lang='lat' dir='ltr'><strong>gestas</strong></span> <span class='ocrx_word' id='word_1_472' title='bbox 1612 4724 1784 4778; x_wconf 88' lang='lat' dir='ltr'><strong>usque</strong></span> 
     </span>
    </p>
   </div>
   <div class='ocr_carea' id='block_1_67' title="bbox 211 4793 1782 4871">
    <p class='ocr_par' dir='ltr' id='par_1_67' title="bbox 211 4793 1782 4871">
     <span class='ocr_line' id='line_1_67' title="bbox 211 4793 1782 4871; baseline 0.003 -22"><span class='ocrx_word' id='word_1_473' title='bbox 211 4795 280 4849; x_wconf 90' lang='lat' dir='ltr'><strong>ad</strong></span> <span class='ocrx_word' id='word_1_474' title='bbox 318 4793 663 4851; x_wconf 87' lang='lat' dir='ltr'><strong>Constantini</strong></span> <span class='ocrx_word' id='word_1_475' title='bbox 700 4799 815 4853; x_wconf 90' lang='lat' dir='ltr'><strong>Deo</strong></span> <span class='ocrx_word' id='word_1_476' title='bbox 866 4799 1051 4856; x_wconf 88' lang='lat' dir='ltr'><strong>dilecti</strong></span> <span class='ocrx_word' id='word_1_477' title='bbox 1081 4800 1394 4871; x_wconf 91' lang='lat' dir='ltr'><strong>imperium,</strong></span> <span class='ocrx_word' id='word_1_478' title='bbox 1427 4799 1782 4867; x_wconf 89' lang='lat' dir='ltr'><strong>conscripsit;</strong></span> 
     </span>
    </p>
   </div>
   <div class='ocr_carea' id='block_1_68' title="bbox 211 4884 1783 4956">
    <p class='ocr_par' dir='ltr' id='par_1_68' title="bbox 211 4884 1783 4956">
     <span class='ocr_line' id='line_1_68' title="bbox 211 4884 1783 4956; baseline 0.003 -17"><span class='ocrx_word' id='word_1_479' title='bbox 211 4899 319 4956; x_wconf 82' lang='lat' dir='ltr'><strong>ego</strong></span> <span class='ocrx_word' id='word_1_480' title='bbox 365 4884 515 4949; x_wconf 90' lang='lat' dir='ltr'><strong>inde,</strong></span> <span class='ocrx_word' id='word_1_481' title='bbox 546 4886 639 4940; x_wconf 91' lang='lat' dir='ltr'><strong>ubi</strong></span> <span class='ocrx_word' id='word_1_482' title='bbox 673 4887 765 4941; x_wconf 86' lang='lat' dir='ltr'><strong>ille</strong></span> <span class='ocrx_word' id='word_1_483' title='bbox 811 4889 1090 4945; x_wconf 87' lang='lat' dir='ltr'><strong>scribendi</strong></span> <span class='ocrx_word' id='word_1_484' title='bbox 1134 4890 1299 4944; x_wconf 82' lang='lat' dir='ltr'><strong>ﬁnem</strong></span> <span class='ocrx_word' id='word_1_485' title='bbox 1333 4889 1505 4954; x_wconf 91' lang='lat' dir='ltr'><strong>fecit,</strong></span> <span class='ocrx_word' id='word_1_486' title='bbox 1539 4889 1783 4946; x_wconf 70' lang='lat' dir='ltr'><strong>historiae</strong></span> 
     </span>
    </p>
   </div>
   <div class='ocr_carea' id='block_1_69' title="bbox 215 4973 1827 5048">
    <p class='ocr_par' dir='ltr' id='par_1_69' title="bbox 215 4973 1827 5048">
     <span class='ocr_line' id='line_1_69' title="bbox 215 4973 1827 5048; baseline 0.007 -22"><span class='ocrx_word' id='word_1_487' title='bbox 215 4987 353 5027; x_wconf 72' lang='lat' dir='ltr'><strong>mea:</strong></span> <span class='ocrx_word' id='word_1_488' title='bbox 378 4973 575 5028; x_wconf 89' lang='lat' dir='ltr'><strong>ducam</strong></span> <span class='ocrx_word' id='word_1_489' title='bbox 605 4974 841 5031; x_wconf 91' lang='lat' dir='ltr'><strong>initium.</strong></span> <span class='ocrx_word' id='word_1_490' title='bbox 875 4995 894 5028; x_wconf 72' lang='grc' dir='ltr'><strong><em>ι</em></strong></span> <span class='ocrx_word' id='word_1_491' title='bbox 928 4977 1168 5048; x_wconf 91' lang='lat' dir='ltr'><strong>Idipsum</strong></span> <span class='ocrx_word' id='word_1_492' title='bbox 1195 4986 1352 5033; x_wconf 88' lang='lat' dir='ltr'><strong>antea</strong></span> <span class='ocrx_word' id='word_1_493' title='bbox 1374 4977 1626 5033; x_wconf 89' lang='lat' dir='ltr'><strong>Socrates</strong></span> <span class='ocrx_word' id='word_1_494' title='bbox 1649 4993 1786 5047; x_wconf 76' lang='lat' dir='ltr'><strong>prte-</strong></span> <span class='ocrx_word' id='word_1_495' title='bbox 1824 5036 1827 5037; x_wconf 30' lang='grc' dir='ltr'><em>ν</em></span> 
     </span>
    </p>
   </div>
   <div class='ocr_carea' id='block_1_70' title="bbox 213 5062 1788 5133">
    <p class='ocr_par' dir='ltr' id='par_1_70' title="bbox 213 5062 1788 5133">
     <span class='ocr_line' id='line_1_70' title="bbox 213 5062 1788 5133; baseline 0.004 -15"><span class='ocrx_word' id='word_1_496' title='bbox 213 5062 430 5119; x_wconf 84' lang='lat' dir='ltr'><strong>stiterat</strong></span> <span class='ocrx_word' id='word_1_497' title='bbox 455 5082 469 5119; x_wconf 93' lang='lat'><strong>:</strong></span> <span class='ocrx_word' id='word_1_498' title='bbox 497 5065 627 5120; x_wconf 89' lang='lat' dir='ltr'><strong>inde</strong></span> <span class='ocrx_word' id='word_1_499' title='bbox 652 5067 796 5121; x_wconf 91' lang='lat' dir='ltr'><strong>enim</strong></span> <span class='ocrx_word' id='word_1_500' title='bbox 824 5084 1070 5133; x_wconf 83' lang='lat' dir='ltr'><strong>exorsus,</strong></span> <span class='ocrx_word' id='word_1_501' title='bbox 1105 5068 1197 5123; x_wconf 89' lang='lat' dir='ltr'><strong>ubi</strong></span> <span class='ocrx_word' id='word_1_502' title='bbox 1217 5069 1481 5124; x_wconf 82' lang='lat' dir='ltr'><strong>Eusebius</strong></span> <span class='ocrx_word' id='word_1_503' title='bbox 1510 5068 1671 5125; x_wconf 85' lang='lat' dir='ltr'><strong>tinem</strong></span> <span class='ocrx_word' id='word_1_504' title='bbox 1705 5068 1788 5124; x_wconf 85' lang='lat' dir='ltr'><strong>fe-</strong></span> 
     </span>
    </p>
   </div>
   <div class='ocr_carea' id='block_1_71' title="bbox 216 5158 1790 5233">
    <p class='ocr_par' dir='ltr' id='par_1_71' title="bbox 216 5158 1790 5233">
     <span class='ocr_line' id='line_1_71' title="bbox 216 5158 1790 5233; baseline 0.006 -24"><span class='ocrx_word' id='word_1_505' title='bbox 216 5163 386 5220; x_wconf 88' lang='lat' dir='ltr'><strong>cerat,</strong></span> <span class='ocrx_word' id='word_1_506' title='bbox 421 5158 641 5229; x_wconf 85' lang='lat' dir='ltr'><strong>longius</strong></span> <span class='ocrx_word' id='word_1_507' title='bbox 671 5159 901 5217; x_wconf 78' lang='lat' dir='ltr'><strong>deduxit</strong></span> <span class='ocrx_word' id='word_1_508' title='bbox 934 5162 1243 5227; x_wconf 89' lang='lat' dir='ltr'><strong>historiam,</strong></span> <span class='ocrx_word' id='word_1_509' title='bbox 1272 5178 1437 5233; x_wconf 88' lang='lat' dir='ltr'><strong>quam</strong></span> <span class='ocrx_word' id='word_1_510' title='bbox 1474 5163 1790 5219; x_wconf 80' lang='lat' dir='ltr'><strong>Theodore-</strong></span> 
     </span>
    </p>
   </div>
   <div class='ocr_carea' id='block_1_72' title="bbox 1880 1806 3459 1879">
    <p class='ocr_par' dir='ltr' id='par_1_72' title="bbox 1880 1806 3459 1879">
     <span class='ocr_line' id='line_1_72' title="bbox 1880 1806 3459 1879; baseline -0.001 -14"><span class='ocrx_word' id='word_1_511' title='bbox 1880 1812 2032 1866; x_wconf 87' lang='lat' dir='ltr'><strong>sania</strong></span> <span class='ocrx_word' id='word_1_512' title='bbox 2056 1810 2174 1865; x_wconf 83' lang='lat' dir='ltr'><strong>Arii</strong></span> <span class='ocrx_word' id='word_1_513' title='bbox 2212 1825 2323 1864; x_wconf 91' lang='lat' dir='ltr'><strong>non</strong></span> <span class='ocrx_word' id='word_1_514' title='bbox 2346 1810 2459 1879; x_wconf 88' lang='lat' dir='ltr'><strong>jam</strong></span> <span class='ocrx_word' id='word_1_515' title='bbox 2485 1824 2543 1863; x_wconf 86' lang='lat' dir='ltr'><strong>se</strong></span> <span class='ocrx_word' id='word_1_516' title='bbox 2574 1806 2806 1878; x_wconf 67' lang='lat' dir='ltr'><strong>Egypto</strong></span> <span class='ocrx_word' id='word_1_517' title='bbox 2836 1808 3126 1872; x_wconf 85' lang='lat' dir='ltr'><strong>continuit,</strong></span> <span class='ocrx_word' id='word_1_518' title='bbox 3151 1808 3248 1863; x_wconf 91' lang='lat' dir='ltr'><strong>sed</strong></span> <span class='ocrx_word' id='word_1_519' title='bbox 3280 1809 3459 1864; x_wconf 87' lang='lat' dir='ltr'><strong>allatis</strong></span> 
     </span>
    </p>
   </div>
   <div class='ocr_carea' id='block_1_73' title="bbox 1880 1898 3456 1971">
    <p class='ocr_par' dir='ltr' id='par_1_73' title="bbox 1880 1898 3456 1971">
     <span class='ocr_line' id='line_1_73' title="bbox 1880 1898 3456 1971; baseline -0.001 -15"><span class='ocrx_word' id='word_1_520' title='bbox 1880 1900 1950 1956; x_wconf 86' lang='lat' dir='ltr'><strong>ad</strong></span> <span class='ocrx_word' id='word_1_521' title='bbox 1976 1902 2364 1971; x_wconf 89' lang='lat' dir='ltr'><strong>imperatorem</strong></span> <span class='ocrx_word' id='word_1_522' title='bbox 2393 1900 2637 1969; x_wconf 89' lang='lat' dir='ltr'><strong>querelis</strong></span> <span class='ocrx_word' id='word_1_523' title='bbox 2671 1899 2749 1953; x_wconf 90' lang='lat' dir='ltr'><strong>ita</strong></span> <span class='ocrx_word' id='word_1_524' title='bbox 2782 1898 2985 1968; x_wconf 88' lang='lat' dir='ltr'><strong>erupit,</strong></span> <span class='ocrx_word' id='word_1_525' title='bbox 3021 1907 3083 1953; x_wconf 92' lang='lat' dir='ltr'><strong>ut</strong></span> <span class='ocrx_word' id='word_1_526' title='bbox 3121 1898 3189 1954; x_wconf 91' lang='lat' dir='ltr'><strong>de</strong></span> <span class='ocrx_word' id='word_1_527' title='bbox 3215 1901 3456 1970; x_wconf 82' lang='lat' dir='ltr'><strong>cogenda</strong></span> 
     </span>
    </p>
   </div>
   <div class='ocr_carea' id='block_1_74' title="bbox 1879 1989 3453 2065">
    <p class='ocr_par' dir='ltr' id='par_1_74' title="bbox 1879 1989 3453 2065">
     <span class='ocr_line' id='line_1_74' title="bbox 1879 1989 3453 2065; baseline -0.003 -16"><span class='ocrx_word' id='word_1_528' title='bbox 1879 1993 2090 2065; x_wconf 86' lang='lat' dir='ltr'><strong>synodo</strong></span> <span class='ocrx_word' id='word_1_529' title='bbox 2113 1993 2333 2047; x_wconf 85' lang='lat' dir='ltr'><strong>Nicaena</strong></span> <span class='ocrx_word' id='word_1_530' title='bbox 2361 1991 2628 2046; x_wconf 90' lang='lat' dir='ltr'><strong>continuo</strong></span> <span class='ocrx_word' id='word_1_531' title='bbox 2665 1990 2999 2059; x_wconf 83' lang='lat' dir='ltr'><strong>cogitaretur</strong></span> <span class='ocrx_word' id='word_1_532' title='bbox 3026 2008 3037 2042; x_wconf 92' lang='lat'><strong>:</strong></span> <span class='ocrx_word' id='word_1_533' title='bbox 3066 1989 3118 2044; x_wconf 93' lang='lat' dir='ltr'><strong>id</strong></span> <span class='ocrx_word' id='word_1_534' title='bbox 3131 2006 3262 2045; x_wconf 88' lang='lat' dir='ltr'><strong>vero</strong></span> <span class='ocrx_word' id='word_1_535' title='bbox 3277 1991 3453 2045; x_wconf 86' lang='lat' dir='ltr'><strong>conti-</strong></span> 
     </span>
    </p>
   </div>
   <div class='ocr_carea' id='block_1_75' title="bbox 1879 2080 3454 2155">
    <p class='ocr_par' dir='ltr' id='par_1_75' title="bbox 1879 2080 3454 2155">
     <span class='ocr_line' id='line_1_75' title="bbox 1879 2080 3454 2155; baseline 0 -17"><span class='ocrx_word' id='word_1_536' title='bbox 1879 2086 1957 2155; x_wconf 88' lang='lat' dir='ltr'><strong>git</strong></span> <span class='ocrx_word' id='word_1_537' title='bbox 2009 2085 2155 2139; x_wconf 81' lang='lat' dir='ltr'><strong>circa</strong></span> <span class='ocrx_word' id='word_1_538' title='bbox 2194 2098 2396 2137; x_wconf 89' lang='lat' dir='ltr'><strong>annum</strong></span> <span class='ocrx_word' id='word_1_539' title='bbox 2434 2082 2557 2135; x_wconf 85' lang='grc'><strong>522.</strong></span> <span class='ocrx_word' id='word_1_540' title='bbox 2614 2081 2732 2146; x_wconf 86' lang='lat' dir='ltr'><strong>Quo</strong></span> <span class='ocrx_word' id='word_1_541' title='bbox 2763 2080 2926 2135; x_wconf 89' lang='lat' dir='ltr'><strong>etiam</strong></span> <span class='ocrx_word' id='word_1_542' title='bbox 2980 2097 3126 2136; x_wconf 89' lang='lat' dir='ltr'><strong>anno</strong></span> <span class='ocrx_word' id='word_1_543' title='bbox 3171 2083 3350 2138; x_wconf 83' lang='lat' dir='ltr'><strong>victus</strong></span> <span class='ocrx_word' id='word_1_544' title='bbox 3381 2084 3454 2138; x_wconf 92' lang='lat' dir='ltr'><strong>ita</strong></span> 
     </span>
    </p>
   </div>
   <div class='ocr_carea' id='block_1_76' title="bbox 1879 2171 3454 2243">
    <p class='ocr_par' dir='ltr' id='par_1_76' title="bbox 1879 2171 3454 2243">
     <span class='ocr_line' id='line_1_76' title="bbox 1879 2171 3454 2243; baseline 0 -14"><span class='ocrx_word' id='word_1_545' title='bbox 1879 2185 1996 2229; x_wconf 90' lang='lat' dir='ltr'><strong>erat</strong></span> <span class='ocrx_word' id='word_1_546' title='bbox 2019 2174 2279 2237; x_wconf 78' lang='lat' dir='ltr'><strong>Licinius,</strong></span> <span class='ocrx_word' id='word_1_547' title='bbox 2306 2182 2367 2227; x_wconf 90' lang='lat' dir='ltr'><strong>ut</strong></span> <span class='ocrx_word' id='word_1_548' title='bbox 2397 2172 2606 2227; x_wconf 89' lang='lat' dir='ltr'><strong>sublata</strong></span> <span class='ocrx_word' id='word_1_549' title='bbox 2636 2171 2808 2241; x_wconf 91' lang='lat' dir='ltr'><strong>ipsius</strong></span> <span class='ocrx_word' id='word_1_550' title='bbox 2841 2173 3085 2243; x_wconf 84' lang='lat' dir='ltr'><strong>tyrannis</strong></span> <span class='ocrx_word' id='word_1_551' title='bbox 3121 2173 3320 2229; x_wconf 88' lang='lat' dir='ltr'><strong>merito</strong></span> <span class='ocrx_word' id='word_1_552' title='bbox 3346 2174 3454 2230; x_wconf 87' lang='lat' dir='ltr'><strong>dici</strong></span> 
     </span>
    </p>
   </div>
   <div class='ocr_carea' id='block_1_77' title="bbox 1879 2268 2065 2329">
    <p class='ocr_par' dir='ltr' id='par_1_77' title="bbox 1879 2268 2065 2329">
     <span class='ocr_line' id='line_1_77' title="bbox 1879 2268 2065 2329; baseline -0.005 -17"><span class='ocrx_word' id='word_1_553' title='bbox 1879 2268 2065 2329; x_wconf 88' lang='lat' dir='ltr'><strong>queat.</strong></span> 
     </span>
    </p>
   </div>
   <div class='ocr_carea' id='block_1_78' title="bbox 1951 2350 3453 2422">
    <p class='ocr_par' dir='ltr' id='par_1_78' title="bbox 1951 2350 3453 2422">
     <span class='ocr_line' id='line_1_78' title="bbox 1951 2350 3453 2422; baseline 0.003 -17"><span class='ocrx_word' id='word_1_554' title='bbox 1951 2351 2064 2406; x_wconf 79' lang='lat' dir='ltr'><strong>XII.</strong></span> <span class='ocrx_word' id='word_1_555' title='bbox 2097 2352 2156 2406; x_wconf 92' lang='lat' dir='ltr'><strong>Id</strong></span> <span class='ocrx_word' id='word_1_556' title='bbox 2196 2352 2380 2422; x_wconf 87' lang='lat' dir='ltr'><strong>operis</strong></span> <span class='ocrx_word' id='word_1_557' title='bbox 2408 2350 2641 2406; x_wconf 83' lang='lat' dir='ltr'><strong>Photius</strong></span> <span class='ocrx_word' id='word_1_558' title='bbox 2692 2366 2801 2405; x_wconf 92' lang='lat' dir='ltr'><strong>non</strong></span> <span class='ocrx_word' id='word_1_559' title='bbox 2849 2351 3199 2407; x_wconf 87' lang='lat' dir='ltr'><strong>mediocriter</strong></span> <span class='ocrx_word' id='word_1_560' title='bbox 3246 2353 3453 2421; x_wconf 86' lang='lat' dir='ltr'><strong>laudat,</strong></span> 
     </span>
    </p>
   </div>
   <div class='ocr_carea' id='block_1_79' title="bbox 1880 2440 3452 2512">
    <p class='ocr_par' dir='ltr' id='par_1_79' title="bbox 1880 2440 3452 2512">
     <span class='ocr_line' id='line_1_79' title="bbox 1880 2440 3452 2512; baseline 0.001 -16"><span class='ocrx_word' id='word_1_561' title='bbox 1880 2441 2209 2512; x_wconf 68' lang='lat' dir='ltr'><strong>praefertque</strong></span> <span class='ocrx_word' id='word_1_562' title='bbox 2222 2441 2483 2506; x_wconf 90' lang='lat' dir='ltr'><strong>Socratis,</strong></span> <span class='ocrx_word' id='word_1_563' title='bbox 2508 2440 2795 2496; x_wconf 88' lang='lat' dir='ltr'><strong>Sozomeni</strong></span> <span class='ocrx_word' id='word_1_564' title='bbox 2836 2441 3162 2512; x_wconf 87' lang='lat' dir='ltr'><strong>Evagriique</strong></span> <span class='ocrx_word' id='word_1_565' title='bbox 3179 2443 3452 2500; x_wconf 88' lang='lat' dir='ltr'><strong>historiis:</strong></span> 
     </span>
    </p>
   </div>
   <div class='ocr_carea' id='block_1_80' title="bbox 1880 2532 3450 2603">
    <p class='ocr_par' dir='ltr' id='par_1_80' title="bbox 1880 2532 3450 2603">
     <span class='ocr_line' id='line_1_80' title="bbox 1880 2532 3450 2603; baseline 0.003 -17"><span class='ocrx_word' id='word_1_566' title='bbox 1880 2549 1989 2603; x_wconf 85' lang='lat' dir='ltr'><strong>quo</strong></span> <span class='ocrx_word' id='word_1_567' title='bbox 2029 2534 2224 2587; x_wconf 89' lang='lat' dir='ltr'><strong>merito</strong></span> <span class='ocrx_word' id='word_1_568' title='bbox 2252 2533 2368 2602; x_wconf 87' lang='lat' dir='ltr'><strong>ipse</strong></span> <span class='ocrx_word' id='word_1_569' title='bbox 2395 2532 2629 2598; x_wconf 90' lang='lat' dir='ltr'><strong>viderit;</strong></span> <span class='ocrx_word' id='word_1_570' title='bbox 2660 2532 2715 2586; x_wconf 91' lang='lat' dir='ltr'><strong>in</strong></span> <span class='ocrx_word' id='word_1_571' title='bbox 2758 2546 2825 2587; x_wconf 90' lang='lat' dir='ltr'><strong>eo</strong></span> <span class='ocrx_word' id='word_1_572' title='bbox 2848 2540 3029 2587; x_wconf 91' lang='lat' dir='ltr'><strong>tamen</strong></span> <span class='ocrx_word' id='word_1_573' title='bbox 3065 2533 3340 2589; x_wconf 88' lang='lat' dir='ltr'><strong>desiderat</strong></span> <span class='ocrx_word' id='word_1_574' title='bbox 3368 2536 3450 2590; x_wconf 92' lang='lat' dir='ltr'><strong>di-</strong></span> 
     </span>
    </p>
   </div>
   <div class='ocr_carea' id='block_1_81' title="bbox 1881 2625 3456 2697">
    <p class='ocr_par' dir='ltr' id='par_1_81' title="bbox 1881 2625 3456 2697">
     <span class='ocr_line' id='line_1_81' title="bbox 1881 2625 3456 2697; baseline 0.001 -16"><span class='ocrx_word' id='word_1_575' title='bbox 1881 2627 2079 2682; x_wconf 90' lang='lat' dir='ltr'><strong>ctionis</strong></span> <span class='ocrx_word' id='word_1_576' title='bbox 2104 2629 2518 2697; x_wconf 83' lang='lat' dir='ltr'><strong>preprietatem.</strong></span> <span class='ocrx_word' id='word_1_577' title='bbox 2545 2625 2685 2680; x_wconf 90' lang='lat' dir='ltr'><strong>Sunt</strong></span> <span class='ocrx_word' id='word_1_578' title='bbox 2708 2625 2803 2695; x_wconf 92' lang='lat' dir='ltr'><strong>qui</strong></span> <span class='ocrx_word' id='word_1_579' title='bbox 2843 2626 3159 2681; x_wconf 87' lang='lat' dir='ltr'><strong>desiderent</strong></span> <span class='ocrx_word' id='word_1_580' title='bbox 3182 2628 3346 2682; x_wconf 87' lang='lat' dir='ltr'><strong>etiam</strong></span> <span class='ocrx_word' id='word_1_581' title='bbox 3374 2627 3456 2682; x_wconf 90' lang='lat' dir='ltr'><strong>di—</strong></span> 
     </span>
    </p>
   </div>
   <div class='ocr_carea' id='block_1_82' title="bbox 1880 2714 3454 2787">
    <p class='ocr_par' dir='ltr' id='par_1_82' title="bbox 1880 2714 3454 2787">
     <span class='ocr_line' id='line_1_82' title="bbox 1880 2714 3454 2787; baseline 0.001 -17"><span class='ocrx_word' id='word_1_582' title='bbox 1880 2716 2223 2787; x_wconf 86' lang='lat' dir='ltr'><strong>ligentiorem</strong></span> <span class='ocrx_word' id='word_1_583' title='bbox 2253 2726 2562 2784; x_wconf 88' lang='lat' dir='ltr'><strong>temporum</strong></span> <span class='ocrx_word' id='word_1_584' title='bbox 2604 2714 3016 2770; x_wconf 87' lang='lat' dir='ltr'><strong>distinctionem</strong></span> <span class='ocrx_word' id='word_1_585' title='bbox 3075 2725 3240 2784; x_wconf 88' lang='lat' dir='ltr'><strong>atque</strong></span> <span class='ocrx_word' id='word_1_586' title='bbox 3270 2733 3454 2772; x_wconf 87' lang='lat' dir='ltr'><strong>rerum</strong></span> 
     </span>
    </p>
   </div>
   <div class='ocr_carea' id='block_1_83' title="bbox 1880 2808 2153 2863">
    <p class='ocr_par' dir='ltr' id='par_1_83' title="bbox 1880 2808 2153 2863">
     <span class='ocr_line' id='line_1_83' title="bbox 1880 2808 2153 2863; baseline -0.004 0"><span class='ocrx_word' id='word_1_587' title='bbox 1880 2808 2153 2863; x_wconf 89' lang='lat' dir='ltr'><strong>ordinem.</strong></span> 
     </span>
    </p>
   </div>
   <div class='ocr_carea' id='block_1_84' title="bbox 1950 2895 3456 2968">
    <p class='ocr_par' dir='ltr' id='par_1_84' title="bbox 1950 2895 3456 2968">
     <span class='ocr_line' id='line_1_84' title="bbox 1950 2895 3456 2968; baseline -0.001 -15"><span class='ocrx_word' id='word_1_588' title='bbox 1950 2900 2086 2953; x_wconf 77' lang='lat' dir='ltr'><strong>XIII.</strong></span> <span class='ocrx_word' id='word_1_589' title='bbox 2117 2898 2320 2968; x_wconf 89' lang='lat' dir='ltr'><strong>Objicit</strong></span> <span class='ocrx_word' id='word_1_590' title='bbox 2358 2897 2656 2968; x_wconf 85' lang='lat' dir='ltr'><strong>Gregorius</strong></span> <span class='ocrx_word' id='word_1_591' title='bbox 2700 2895 2927 2965; x_wconf 84' lang='lat' dir='ltr'><strong>Magnus</strong></span> <span class='ocrx_word' id='word_1_592' title='bbox 2973 2898 3235 2951; x_wconf 89' lang='lat' dir='ltr'><strong>memoria</strong></span> <span class='ocrx_word' id='word_1_593' title='bbox 3270 2899 3456 2967; x_wconf 89' lang='lat' dir='ltr'><strong>lapsus</strong></span> 
     </span>
    </p>
   </div>
   <div class='ocr_carea' id='block_1_85' title="bbox 1885 2986 3455 3058">
    <p class='ocr_par' dir='ltr' id='par_1_85' title="bbox 1885 2986 3455 3058">
     <span class='ocr_line' id='line_1_85' title="bbox 1885 2986 3455 3058; baseline -0.001 -15"><span class='ocrx_word' id='word_1_594' title='bbox 1885 2992 1940 3044; x_wconf 90' lang='lat' dir='ltr'><strong>in</strong></span> <span class='ocrx_word' id='word_1_595' title='bbox 1966 2988 2291 3058; x_wconf 88' lang='lat' dir='ltr'><strong>appellando</strong></span> <span class='ocrx_word' id='word_1_596' title='bbox 2320 2989 2538 3041; x_wconf 90' lang='lat' dir='ltr'><strong>nomine</strong></span> <span class='ocrx_word' id='word_1_597' title='bbox 2556 2986 2624 3051; x_wconf 61' lang='lat'><strong>3&#39;,</strong></span> <span class='ocrx_word' id='word_1_598' title='bbox 2650 2986 2933 3054; x_wconf 81' lang='lat' dir='ltr'><strong>multiplex</strong></span> <span class='ocrx_word' id='word_1_599' title='bbox 2953 2987 3297 3042; x_wconf 90' lang='lat' dir='ltr'><strong>mendacium</strong></span> <span class='ocrx_word' id='word_1_600' title='bbox 3321 2989 3455 3042; x_wconf 90' lang='lat' dir='ltr'><strong>alia-</strong></span> 
     </span>
    </p>
   </div>
   <div class='ocr_carea' id='block_1_86' title="bbox 1885 3077 3455 3151">
    <p class='ocr_par' dir='ltr' id='par_1_86' title="bbox 1885 3077 3455 3151">
     <span class='ocr_line' id='line_1_86' title="bbox 1885 3077 3455 3151; baseline -0.001 -17"><span class='ocrx_word' id='word_1_601' title='bbox 1885 3096 1990 3151; x_wconf 89' lang='lat' dir='ltr'><strong>que</strong></span> <span class='ocrx_word' id='word_1_602' title='bbox 2020 3079 2215 3150; x_wconf 84' lang='lat' dir='ltr'><strong>ﬂagitia</strong></span> <span class='ocrx_word' id='word_1_603' title='bbox 2246 3096 2258 3131; x_wconf 91' lang='lat'><strong>:</strong></span> <span class='ocrx_word' id='word_1_604' title='bbox 2301 3097 2320 3129; x_wconf 74' lang='grc' dir='ltr'><strong><em>ι</em></strong></span> <span class='ocrx_word' id='word_1_605' title='bbox 2363 3077 2470 3132; x_wconf 91' lang='lat' dir='ltr'><strong>Sed</strong></span> <span class='ocrx_word' id='word_1_606' title='bbox 2504 3077 2675 3145; x_wconf 88' lang='lat' dir='ltr'><strong>ipsam</strong></span> <span class='ocrx_word' id='word_1_607' title='bbox 2706 3093 2926 3147; x_wconf 90' lang='lat' dir='ltr'><strong>quoque</strong></span> <span class='ocrx_word' id='word_1_608' title='bbox 2953 3077 3239 3132; x_wconf 84' lang='lat' dir='ltr'><strong>Sozomeni</strong></span> <span class='ocrx_word' id='word_1_609' title='bbox 3271 3080 3455 3134; x_wconf 82' lang='lat' dir='ltr'><strong>Histo-</strong></span> 
     </span>
    </p>
   </div>
   <div class='ocr_carea' id='block_1_87' title="bbox 1885 3169 3453 3239">
    <p class='ocr_par' dir='ltr' id='par_1_87' title="bbox 1885 3169 3453 3239">
     <span class='ocr_line' id='line_1_87' title="bbox 1885 3169 3453 3239; baseline 0 -13"><span class='ocrx_word' id='word_1_610' title='bbox 1885 3173 2019 3226; x_wconf 91' lang='lat' dir='ltr'><strong>riam</strong></span> <span class='ocrx_word' id='word_1_611' title='bbox 2069 3171 2226 3226; x_wconf 87' lang='lat' dir='ltr'><strong>sedes</strong></span> <span class='ocrx_word' id='word_1_612' title='bbox 2273 3169 2571 3239; x_wconf 88' lang='lat' dir='ltr'><strong>apostolica</strong></span> <span class='ocrx_word' id='word_1_613' title='bbox 2613 3169 2862 3237; x_wconf 90' lang='lat' dir='ltr'><strong>accipere</strong></span> <span class='ocrx_word' id='word_1_614' title='bbox 2913 3177 3151 3232; x_wconf 91' lang='lat' dir='ltr'><strong>recusat,</strong></span> <span class='ocrx_word' id='word_1_615' title='bbox 3196 3172 3453 3239; x_wconf 89' lang='lat' dir='ltr'><strong>quoniam</strong></span> 
     </span>
    </p>
   </div>
   <div class='ocr_carea' id='block_1_88' title="bbox 1886 3259 3455 3331">
    <p class='ocr_par' dir='ltr' id='par_1_88' title="bbox 1886 3259 3455 3331">
     <span class='ocr_line' id='line_1_88' title="bbox 1886 3259 3455 3331; baseline 0.002 -14"><span class='ocrx_word' id='word_1_616' title='bbox 1886 3263 2055 3317; x_wconf 89' lang='lat' dir='ltr'><strong>multa</strong></span> <span class='ocrx_word' id='word_1_617' title='bbox 2080 3261 2362 3324; x_wconf 91' lang='lat' dir='ltr'><strong>mentitur,</strong></span> <span class='ocrx_word' id='word_1_618' title='bbox 2395 3268 2452 3314; x_wconf 90' lang='lat' dir='ltr'><strong>et</strong></span> <span class='ocrx_word' id='word_1_619' title='bbox 2476 3259 2824 3314; x_wconf 89' lang='lat' dir='ltr'><strong>Theodorum</strong></span> <span class='ocrx_word' id='word_1_620' title='bbox 2874 3259 3219 3329; x_wconf 72' lang='lat' dir='ltr'><strong>Mopsuestia:</strong></span> <span class='ocrx_word' id='word_1_621' title='bbox 3248 3263 3455 3331; x_wconf 89' lang='lat' dir='ltr'><strong>laudat,</strong></span> 
     </span>
    </p>
   </div>
   <div class='ocr_carea' id='block_1_89' title="bbox 1884 3349 3457 3422">
    <p class='ocr_par' dir='ltr' id='par_1_89' title="bbox 1884 3349 3457 3422">
     <span class='ocr_line' id='line_1_89' title="bbox 1884 3349 3457 3422; baseline 0.001 -15"><span class='ocrx_word' id='word_1_622' title='bbox 1884 3360 1941 3407; x_wconf 92' lang='lat' dir='ltr'><strong>et</strong></span> <span class='ocrx_word' id='word_1_623' title='bbox 1975 3368 2148 3422; x_wconf 89' lang='lat' dir='ltr'><strong>usque</strong></span> <span class='ocrx_word' id='word_1_624' title='bbox 2202 3351 2270 3405; x_wconf 87' lang='lat' dir='ltr'><strong>ad</strong></span> <span class='ocrx_word' id='word_1_625' title='bbox 2308 3349 2473 3405; x_wconf 86' lang='lat' dir='ltr'><strong>ﬁnem</strong></span> <span class='ocrx_word' id='word_1_626' title='bbox 2523 3351 2709 3405; x_wconf 90' lang='lat' dir='ltr'><strong>obitus</strong></span> <span class='ocrx_word' id='word_1_627' title='bbox 2751 3352 2835 3404; x_wconf 90' lang='lat' dir='ltr'><strong>sui</strong></span> <span class='ocrx_word' id='word_1_628' title='bbox 2884 3366 3140 3421; x_wconf 85' lang='lat' dir='ltr'><strong>magnum</strong></span> <span class='ocrx_word' id='word_1_629' title='bbox 3174 3352 3457 3408; x_wconf 90' lang='lat' dir='ltr'><strong>doctorem</strong></span> 
     </span>
    </p>
   </div>
   <div class='ocr_carea' id='block_1_90' title="bbox 1885 3441 3456 3514">
    <p class='ocr_par' dir='ltr' id='par_1_90' title="bbox 1885 3441 3456 3514">
     <span class='ocr_line' id='line_1_90' title="bbox 1885 3441 3456 3514; baseline 0.001 -16"><span class='ocrx_word' id='word_1_630' title='bbox 1885 3444 2055 3499; x_wconf 91' lang='lat' dir='ltr'><strong>fuisse</strong></span> <span class='ocrx_word' id='word_1_631' title='bbox 2086 3441 2360 3514; x_wconf 85' lang='lat' dir='ltr'><strong>perhibet.</strong></span> <span class='ocrx_word' id='word_1_632' title='bbox 2406 3441 2594 3495; x_wconf 81' lang='lat' dir='ltr'><strong>Restat</strong></span> <span class='ocrx_word' id='word_1_633' title='bbox 2634 3457 2763 3512; x_wconf 84' lang='lat' dir='ltr'><strong>ergo</strong></span> <span class='ocrx_word' id='word_1_634' title='bbox 2797 3449 2877 3506; x_wconf 95' lang='lat' dir='ltr'><strong>ut,</strong></span> <span class='ocrx_word' id='word_1_635' title='bbox 2916 3441 2959 3498; x_wconf 91' lang='lat' dir='ltr'><strong>si</strong></span> <span class='ocrx_word' id='word_1_636' title='bbox 3001 3442 3126 3511; x_wconf 88' lang='lat' dir='ltr'><strong>quis</strong></span> <span class='ocrx_word' id='word_1_637' title='bbox 3174 3444 3456 3499; x_wconf 89' lang='lat' dir='ltr'><strong>historiam</strong></span> 
     </span>
    </p>
   </div>
   <div class='ocr_carea' id='block_1_91' title="bbox 1884 3532 3460 3603">
    <p class='ocr_par' dir='ltr' id='par_1_91' title="bbox 1884 3532 3460 3603">
     <span class='ocr_line' id='line_1_91' title="bbox 1884 3532 3460 3603; baseline 0.001 -14"><span class='ocrx_word' id='word_1_638' title='bbox 1884 3535 2033 3589; x_wconf 92' lang='lat' dir='ltr'><strong>illam</strong></span> <span class='ocrx_word' id='word_1_639' title='bbox 2066 3533 2291 3603; x_wconf 90' lang='lat' dir='ltr'><strong>recipit,</strong></span> <span class='ocrx_word' id='word_1_640' title='bbox 2321 3532 2530 3603; x_wconf 82' lang='lat' dir='ltr'><strong>synodo</strong></span> <span class='ocrx_word' id='word_1_641' title='bbox 2558 3533 2660 3601; x_wconf 69' lang='lat' dir='ltr'><strong>piae</strong></span> <span class='ocrx_word' id='word_1_642' title='bbox 2688 3533 2964 3588; x_wconf 75' lang='lat' dir='ltr'><strong>memoria:</strong></span> <span class='ocrx_word' id='word_1_643' title='bbox 2992 3533 3286 3588; x_wconf 79' lang='lat' dir='ltr'><strong>Justiniani</strong></span> <span class='ocrx_word' id='word_1_644' title='bbox 3321 3544 3460 3590; x_wconf 86' lang='lat' dir='ltr'><strong>tem-</strong></span> 
     </span>
    </p>
   </div>
   <div class='ocr_carea' id='block_1_92' title="bbox 1884 3623 3455 3695">
    <p class='ocr_par' dir='ltr' id='par_1_92' title="bbox 1884 3623 3455 3695">
     <span class='ocr_line' id='line_1_92' title="bbox 1884 3623 3455 3695; baseline 0.001 -16"><span class='ocrx_word' id='word_1_645' title='bbox 1884 3625 2111 3695; x_wconf 90' lang='lat' dir='ltr'><strong>poribus</strong></span> <span class='ocrx_word' id='word_1_646' title='bbox 2149 3624 2218 3679; x_wconf 89' lang='lat' dir='ltr'><strong>de</strong></span> <span class='ocrx_word' id='word_1_647' title='bbox 2256 3624 2435 3679; x_wconf 89' lang='lat' dir='ltr'><strong>tribus</strong></span> <span class='ocrx_word' id='word_1_648' title='bbox 2475 3623 2730 3692; x_wconf 88' lang='lat' dir='ltr'><strong>capitulis</strong></span> <span class='ocrx_word' id='word_1_649' title='bbox 2758 3623 2914 3678; x_wconf 68' lang='lat' dir='ltr'><strong>factae</strong></span> <span class='ocrx_word' id='word_1_650' title='bbox 2950 3625 3312 3680; x_wconf 90' lang='lat' dir='ltr'><strong>contradicat.</strong></span> <span class='ocrx_word' id='word_1_651' title='bbox 3351 3626 3455 3693; x_wconf 87' lang='lat' dir='ltr'><strong>Qui</strong></span> 
     </span>
    </p>
   </div>
   <div class='ocr_carea' id='block_1_93' title="bbox 1883 3713 3459 3787">
    <p class='ocr_par' dir='ltr' id='par_1_93' title="bbox 1883 3713 3459 3787">
     <span class='ocr_line' id='line_1_93' title="bbox 1883 3713 3459 3787; baseline 0 -16"><span class='ocrx_word' id='word_1_652' title='bbox 1883 3732 2015 3787; x_wconf 87' lang='lat' dir='ltr'><strong>ergo</strong></span> <span class='ocrx_word' id='word_1_653' title='bbox 2059 3716 2189 3770; x_wconf 87' lang='lat' dir='ltr'><strong>huic</strong></span> <span class='ocrx_word' id='word_1_654' title='bbox 2218 3715 2492 3770; x_wconf 90' lang='lat' dir='ltr'><strong>contraria</strong></span> <span class='ocrx_word' id='word_1_655' title='bbox 2532 3714 2714 3769; x_wconf 90' lang='lat' dir='ltr'><strong>dicere</strong></span> <span class='ocrx_word' id='word_1_656' title='bbox 2758 3730 2864 3768; x_wconf 89' lang='lat' dir='ltr'><strong>non</strong></span> <span class='ocrx_word' id='word_1_657' title='bbox 2893 3713 3060 3779; x_wconf 90' lang='lat' dir='ltr'><strong>valet,</strong></span> <span class='ocrx_word' id='word_1_658' title='bbox 3102 3715 3247 3769; x_wconf 91' lang='lat' dir='ltr'><strong>illam</strong></span> <span class='ocrx_word' id='word_1_659' title='bbox 3289 3717 3459 3771; x_wconf 89' lang='lat' dir='ltr'><strong>histo-</strong></span> 
     </span>
    </p>
   </div>
   <div class='ocr_carea' id='block_1_94' title="bbox 1883 3805 3458 3879">
    <p class='ocr_par' dir='ltr' id='par_1_94' title="bbox 1883 3805 3458 3879">
     <span class='ocr_line' id='line_1_94' title="bbox 1883 3805 3458 3879; baseline 0.001 -16"><span class='ocrx_word' id='word_1_660' title='bbox 1883 3810 2021 3863; x_wconf 87' lang='lat' dir='ltr'><strong>riam</strong></span> <span class='ocrx_word' id='word_1_661' title='bbox 2047 3822 2269 3862; x_wconf 89' lang='lat' dir='ltr'><strong>necesse</strong></span> <span class='ocrx_word' id='word_1_662' title='bbox 2300 3815 2386 3861; x_wconf 92' lang='lat' dir='ltr'><strong>est</strong></span> <span class='ocrx_word' id='word_1_663' title='bbox 2412 3815 2473 3860; x_wconf 91' lang='lat' dir='ltr'><strong>ut</strong></span> <span class='ocrx_word' id='word_1_664' title='bbox 2504 3806 2781 3875; x_wconf 66' lang='lat' dir='ltr'><strong>repellat.»</strong></span> <span class='ocrx_word' id='word_1_665' title='bbox 2805 3805 3164 3862; x_wconf 89' lang='lat' dir='ltr'><strong>Sozomcnum</strong></span> <span class='ocrx_word' id='word_1_666' title='bbox 3187 3808 3323 3863; x_wconf 80' lang='lat' dir='ltr'><strong>dixit</strong></span> <span class='ocrx_word' id='word_1_667' title='bbox 3358 3826 3458 3879; x_wconf 91' lang='lat' dir='ltr'><strong>pro</strong></span> 
     </span>
    </p>
   </div>
   <div class='ocr_carea' id='block_1_95' title="bbox 1884 3895 3455 3966">
    <p class='ocr_par' dir='ltr' id='par_1_95' title="bbox 1884 3895 3455 3966">
     <span class='ocr_line' id='line_1_95' title="bbox 1884 3895 3455 3966; baseline 0.001 -15"><span class='ocrx_word' id='word_1_668' title='bbox 1884 3896 2286 3951; x_wconf 78' lang='lat' dir='ltr'><strong>Theodoreto“</strong></span> <span class='ocrx_word' id='word_1_669' title='bbox 2319 3912 2332 3949; x_wconf 90' lang='lat'><strong>:</strong></span> <span class='ocrx_word' id='word_1_670' title='bbox 2362 3910 2540 3964; x_wconf 88' lang='lat' dir='ltr'><strong>neque</strong></span> <span class='ocrx_word' id='word_1_671' title='bbox 2586 3895 2733 3950; x_wconf 90' lang='lat' dir='ltr'><strong>enim</strong></span> <span class='ocrx_word' id='word_1_672' title='bbox 2776 3895 3044 3951; x_wconf 91' lang='lat' dir='ltr'><strong>hactenus</strong></span> <span class='ocrx_word' id='word_1_673' title='bbox 3068 3897 3300 3952; x_wconf 89' lang='lat' dir='ltr'><strong>eruditis</strong></span> <span class='ocrx_word' id='word_1_674' title='bbox 3328 3914 3455 3966; x_wconf 90' lang='lat' dir='ltr'><strong>per-</strong></span> 
     </span>
    </p>
   </div>
   <div class='ocr_carea' id='block_1_96' title="bbox 1884 3985 3456 4058">
    <p class='ocr_par' dir='ltr' id='par_1_96' title="bbox 1884 3985 3456 4058">
     <span class='ocr_line' id='line_1_96' title="bbox 1884 3985 3456 4058; baseline 0.001 -16"><span class='ocrx_word' id='word_1_675' title='bbox 1884 3986 2058 4042; x_wconf 89' lang='lat' dir='ltr'><strong>suasit</strong></span> <span class='ocrx_word' id='word_1_676' title='bbox 2100 3985 2501 4040; x_wconf 89' lang='lat' dir='ltr'><strong>illustrissimus</strong></span> <span class='ocrx_word' id='word_1_677' title='bbox 2551 3985 2842 4039; x_wconf 79' lang='lat' dir='ltr'><strong>Annalium</strong></span> <span class='ocrx_word' id='word_1_678' title='bbox 2881 3987 3194 4056; x_wconf 75' lang='lat' dir='ltr'><strong>scriptor&quot;,</strong></span> <span class='ocrx_word' id='word_1_679' title='bbox 3252 3989 3456 4058; x_wconf 81' lang='lat' dir='ltr'><strong>Grego-</strong></span> 
     </span>
    </p>
   </div>
   <div class='ocr_carea' id='block_1_97' title="bbox 1884 4076 2770 4145">
    <p class='ocr_par' dir='ltr' id='par_1_97' title="bbox 1884 4076 2770 4145">
     <span class='ocr_line' id='line_1_97' title="bbox 1884 4076 2770 4145; baseline -0.003 -15"><span class='ocrx_word' id='word_1_680' title='bbox 1884 4077 2028 4131; x_wconf 91' lang='lat' dir='ltr'><strong>rium</strong></span> <span class='ocrx_word' id='word_1_681' title='bbox 2051 4076 2222 4131; x_wconf 89' lang='lat' dir='ltr'><strong>verbo</strong></span> <span class='ocrx_word' id='word_1_682' title='bbox 2254 4090 2363 4129; x_wconf 90' lang='lat' dir='ltr'><strong>non</strong></span> <span class='ocrx_word' id='word_1_683' title='bbox 2386 4091 2506 4130; x_wconf 90' lang='lat' dir='ltr'><strong>esse</strong></span> <span class='ocrx_word' id='word_1_684' title='bbox 2538 4076 2770 4145; x_wconf 89' lang='lat' dir='ltr'><strong>lapsum.</strong></span> 
     </span>
    </p>
   </div>
   <div class='ocr_carea' id='block_1_98' title="bbox 1958 4163 3456 4234">
    <p class='ocr_par' dir='ltr' id='par_1_98' title="bbox 1958 4163 3456 4234">
     <span class='ocr_line' id='line_1_98' title="bbox 1958 4163 3456 4234; baseline 0.001 -14"><span class='ocrx_word' id='word_1_685' title='bbox 1958 4167 2096 4220; x_wconf 74' lang='lat' dir='ltr'><strong>XIV.</strong></span> <span class='ocrx_word' id='word_1_686' title='bbox 2122 4165 2396 4220; x_wconf 71' lang='lat' dir='ltr'><strong>Iudicium</strong></span> <span class='ocrx_word' id='word_1_687' title='bbox 2442 4171 2589 4217; x_wconf 90' lang='lat' dir='ltr'><strong>certe</strong></span> <span class='ocrx_word' id='word_1_688' title='bbox 2624 4163 2871 4232; x_wconf 76' lang='lat' dir='ltr'><strong>Gregorii</strong></span> <span class='ocrx_word' id='word_1_689' title='bbox 2922 4164 3098 4234; x_wconf 87' lang='lat' dir='ltr'><strong>Magni</strong></span> <span class='ocrx_word' id='word_1_690' title='bbox 3135 4165 3203 4219; x_wconf 90' lang='lat' dir='ltr'><strong>de</strong></span> <span class='ocrx_word' id='word_1_691' title='bbox 3234 4168 3456 4222; x_wconf 90' lang='lat' dir='ltr'><strong>menda-</strong></span> 
     </span>
    </p>
   </div>
   <div class='ocr_carea' id='block_1_99' title="bbox 1884 4251 3454 4321">
    <p class='ocr_par' dir='ltr' id='par_1_99' title="bbox 1884 4251 3454 4321">
     <span class='ocr_line' id='line_1_99' title="bbox 1884 4251 3454 4321; baseline 0.002 -14"><span class='ocrx_word' id='word_1_692' title='bbox 1884 4254 1985 4308; x_wconf 91' lang='lat' dir='ltr'><strong>ciis</strong></span> <span class='ocrx_word' id='word_1_693' title='bbox 2014 4254 2366 4317; x_wconf 87' lang='lat' dir='ltr'><strong>Theodoreti,</strong></span> <span class='ocrx_word' id='word_1_694' title='bbox 2411 4252 2464 4306; x_wconf 91' lang='lat' dir='ltr'><strong>id</strong></span> <span class='ocrx_word' id='word_1_695' title='bbox 2498 4260 2601 4314; x_wconf 85' lang='lat' dir='ltr'><strong>est,</strong></span> <span class='ocrx_word' id='word_1_696' title='bbox 2636 4251 2703 4305; x_wconf 86' lang='lat' dir='ltr'><strong>de</strong></span> <span class='ocrx_word' id='word_1_697' title='bbox 2735 4253 2975 4321; x_wconf 90' lang='lat' dir='ltr'><strong>peccatis</strong></span> <span class='ocrx_word' id='word_1_698' title='bbox 3017 4255 3280 4310; x_wconf 87' lang='lat' dir='ltr'><strong>adversus</strong></span> <span class='ocrx_word' id='word_1_699' title='bbox 3314 4265 3454 4312; x_wconf 84' lang='lat' dir='ltr'><strong>tem-</strong></span> 
     </span>
    </p>
   </div>
   <div class='ocr_carea' id='block_1_100' title="bbox 1816 4343 3457 4430">
    <p class='ocr_par' dir='ltr' id='par_1_100' title="bbox 1816 4343 3457 4430">
     <span class='ocr_line' id='line_1_100' title="bbox 1816 4343 3457 4430; baseline 0.002 -31"><span class='ocrx_word' id='word_1_700' title='bbox 1816 4373 1863 4430; x_wconf 73' lang='grc' dir='ltr'>ο</span> <span class='ocrx_word' id='word_1_701' title='bbox 1891 4360 2082 4415; x_wconf 91' lang='lat' dir='ltr'><strong>porum</strong></span> <span class='ocrx_word' id='word_1_702' title='bbox 2104 4353 2162 4398; x_wconf 88' lang='lat' dir='ltr'><strong>et</strong></span> <span class='ocrx_word' id='word_1_703' title='bbox 2191 4357 2375 4397; x_wconf 87' lang='lat' dir='ltr'><strong>rerum</strong></span> <span class='ocrx_word' id='word_1_704' title='bbox 2407 4343 2706 4407; x_wconf 90' lang='lat' dir='ltr'><strong>rationem,</strong></span> <span class='ocrx_word' id='word_1_705' title='bbox 2751 4343 3035 4400; x_wconf 84' lang='lat' dir='ltr'><strong>manifesto</strong></span> <span class='ocrx_word' id='word_1_706' title='bbox 3064 4346 3332 4402; x_wconf 86' lang='lat' dir='ltr'><strong>Baronius</strong></span> <span class='ocrx_word' id='word_1_707' title='bbox 3361 4364 3457 4419; x_wconf 88' lang='lat' dir='ltr'><strong>ap-</strong></span> 
     </span>
    </p>
   </div>
   <div class='ocr_carea' id='block_1_101' title="bbox 1889 4432 3455 4506">
    <p class='ocr_par' dir='ltr' id='par_1_101' title="bbox 1889 4432 3455 4506">
     <span class='ocr_line' id='line_1_101' title="bbox 1889 4432 3455 4506; baseline 0.003 -18"><span class='ocrx_word' id='word_1_708' title='bbox 1889 4433 2165 4505; x_wconf 89' lang='lat' dir='ltr'><strong>probavit,</strong></span> <span class='ocrx_word' id='word_1_709' title='bbox 2195 4433 2481 4503; x_wconf 90' lang='lat' dir='ltr'><strong>productis</strong></span> <span class='ocrx_word' id='word_1_710' title='bbox 2507 4432 2664 4503; x_wconf 81' lang='lat'><strong>281</strong></span> <span class='ocrx_word' id='word_1_711' title='bbox 2702 4442 2849 4487; x_wconf 90' lang='lat' dir='ltr'><strong>tomo</strong></span> <span class='ocrx_word' id='word_1_712' title='bbox 2894 4434 2961 4489; x_wconf 89' lang='lat' dir='ltr'><strong>IV</strong></span> <span class='ocrx_word' id='word_1_713' title='bbox 2990 4436 3081 4498; x_wconf 89' lang='lat' dir='ltr'><strong>(ne</strong></span> <span class='ocrx_word' id='word_1_714' title='bbox 3109 4437 3241 4506; x_wconf 91' lang='lat' dir='ltr'><strong>quid</strong></span> <span class='ocrx_word' id='word_1_715' title='bbox 3277 4437 3455 4493; x_wconf 86' lang='lat' dir='ltr'><strong>dicam</strong></span> 
     </span>
    </p>
   </div>
   <div class='ocr_carea' id='block_1_102' title="bbox 1889 4523 3456 4597">
    <p class='ocr_par' dir='ltr' id='par_1_102' title="bbox 1889 4523 3456 4597">
     <span class='ocr_line' id='line_1_102' title="bbox 1889 4523 3456 4597; baseline 0.003 -18"><span class='ocrx_word' id='word_1_716' title='bbox 1889 4526 1957 4580; x_wconf 92' lang='lat' dir='ltr'><strong>de</strong></span> <span class='ocrx_word' id='word_1_717' title='bbox 1997 4524 2065 4578; x_wconf 91' lang='lat' dir='ltr'><strong>IlI</strong></span> <span class='ocrx_word' id='word_1_718' title='bbox 2089 4523 2222 4594; x_wconf 71' lang='grc' dir='ltr'><strong>ειν)</strong></span> <span class='ocrx_word' id='word_1_719' title='bbox 2250 4524 2532 4593; x_wconf 90' lang='lat' dir='ltr'><strong>plusquam</strong></span> <span class='ocrx_word' id='word_1_720' title='bbox 2559 4523 2873 4592; x_wconf 90' lang='lat' dir='ltr'><strong>quindecim</strong></span> <span class='ocrx_word' id='word_1_721' title='bbox 2898 4525 3207 4589; x_wconf 76' lang='lat' dir='ltr'><strong>errdribus;</strong></span> <span class='ocrx_word' id='word_1_722' title='bbox 3228 4543 3367 4597; x_wconf 91' lang='lat' dir='ltr'><strong>quos</strong></span> <span class='ocrx_word' id='word_1_723' title='bbox 3399 4529 3456 4584; x_wconf 90' lang='lat' dir='ltr'><strong>in</strong></span> 
     </span>
    </p>
   </div>
   <div class='ocr_carea' id='block_1_103' title="bbox 1890 4613 3455 4690">
    <p class='ocr_par' dir='ltr' id='par_1_103' title="bbox 1890 4613 3455 4690">
     <span class='ocr_line' id='line_1_103' title="bbox 1890 4613 3455 4690; baseline 0.004 -21"><span class='ocrx_word' id='word_1_724' title='bbox 1890 4616 2058 4670; x_wconf 87' lang='lat' dir='ltr'><strong>haece</strong></span> <span class='ocrx_word' id='word_1_725' title='bbox 2096 4614 2322 4669; x_wconf 90' lang='lat' dir='ltr'><strong>historia</strong></span> <span class='ocrx_word' id='word_1_726' title='bbox 2351 4613 2820 4683; x_wconf 88' lang='lat' dir='ltr'><strong>deprehendisset.</strong></span> <span class='ocrx_word' id='word_1_727' title='bbox 2852 4616 3086 4671; x_wconf 92' lang='lat' dir='ltr'><strong>Protulit</strong></span> <span class='ocrx_word' id='word_1_728' title='bbox 3116 4618 3253 4673; x_wconf 89' lang='lat' dir='ltr'><strong>alios</strong></span> <span class='ocrx_word' id='word_1_729' title='bbox 3289 4637 3455 4690; x_wconf 85' lang='lat' dir='ltr'><strong>quos-</strong></span> 
     </span>
    </p>
   </div>
   <div class='ocr_carea' id='block_1_104' title="bbox 1891 4703 3458 4764">
    <p class='ocr_par' dir='ltr' id='par_1_104' title="bbox 1891 4703 3458 4764">
     <span class='ocr_line' id='line_1_104' title="bbox 1891 4703 3458 4764; baseline 0.003 -4"><span class='ocrx_word' id='word_1_730' title='bbox 1891 4707 2014 4760; x_wconf 88' lang='lat' dir='ltr'><strong>dam</strong></span> <span class='ocrx_word' id='word_1_731' title='bbox 2053 4705 2110 4758; x_wconf 92' lang='lat' dir='ltr'><strong>in</strong></span> <span class='ocrx_word' id='word_1_732' title='bbox 2135 4704 2282 4759; x_wconf 89' lang='lat' dir='ltr'><strong>notis</strong></span> <span class='ocrx_word' id='word_1_733' title='bbox 2321 4704 2437 4757; x_wconf 91' lang='lat' dir='ltr'><strong>suis</strong></span> <span class='ocrx_word' id='word_1_734' title='bbox 2460 4703 2707 4759; x_wconf 84' lang='lat' dir='ltr'><strong>Valesius</strong></span> <span class='ocrx_word' id='word_1_735' title='bbox 2738 4723 2751 4757; x_wconf 95' lang='lat'><strong>:</strong></span> <span class='ocrx_word' id='word_1_736' title='bbox 2782 4720 2887 4759; x_wconf 90' lang='lat' dir='ltr'><strong>nec</strong></span> <span class='ocrx_word' id='word_1_737' title='bbox 2925 4721 3116 4761; x_wconf 91' lang='lat' dir='ltr'><strong>omnes</strong></span> <span class='ocrx_word' id='word_1_738' title='bbox 3144 4715 3323 4763; x_wconf 88' lang='lat' dir='ltr'><strong>tamen</strong></span> <span class='ocrx_word' id='word_1_739' title='bbox 3369 4725 3458 4764; x_wconf 84' lang='lat' dir='ltr'><strong>re-</strong></span> 
     </span>
    </p>
   </div>
   <div class='ocr_carea' id='block_1_105' title="bbox 1889 4793 3459 4863">
    <p class='ocr_par' dir='ltr' id='par_1_105' title="bbox 1889 4793 3459 4863">
     <span class='ocr_line' id='line_1_105' title="bbox 1889 4793 3459 4863; baseline 0.002 -13"><span class='ocrx_word' id='word_1_740' title='bbox 1889 4795 2123 4860; x_wconf 89' lang='lat' dir='ltr'><strong>censuit,</strong></span> <span class='ocrx_word' id='word_1_741' title='bbox 2179 4801 2259 4859; x_wconf 91' lang='lat' dir='ltr'><strong>ut,</strong></span> <span class='ocrx_word' id='word_1_742' title='bbox 2313 4793 2461 4863; x_wconf 89' lang='lat' dir='ltr'><strong>quod</strong></span> <span class='ocrx_word' id='word_1_743' title='bbox 2513 4793 2792 4849; x_wconf 88' lang='lat' dir='ltr'><strong>Bonifacio</strong></span> <span class='ocrx_word' id='word_1_744' title='bbox 2844 4796 3098 4852; x_wconf 83' lang='lat' dir='ltr'><strong>Zozimus</strong></span> <span class='ocrx_word' id='word_1_745' title='bbox 3143 4798 3198 4851; x_wconf 92' lang='lat' dir='ltr'><strong>in</strong></span> <span class='ocrx_word' id='word_1_746' title='bbox 3246 4814 3459 4854; x_wconf 92' lang='lat' dir='ltr'><strong>summo</strong></span> 
     </span>
    </p>
   </div>
   <div class='ocr_carea' id='block_1_106' title="bbox 1889 4884 3458 4961">
    <p class='ocr_par' dir='ltr' id='par_1_106' title="bbox 1889 4884 3458 4961">
     <span class='ocr_line' id='line_1_106' title="bbox 1889 4884 3458 4961; baseline 0.001 -19"><span class='ocrx_word' id='word_1_747' title='bbox 1889 4886 2209 4958; x_wconf 81' lang='lat' dir='ltr'><strong>pontificatu</strong></span> <span class='ocrx_word' id='word_1_748' title='bbox 2232 4884 2561 4940; x_wconf 87' lang='lat' dir='ltr'><strong>successisse</strong></span> <span class='ocrx_word' id='word_1_749' title='bbox 2591 4884 2976 4961; x_wconf 85' lang='lat' dir='ltr'><strong>dicatur,cum</strong></span> <span class='ocrx_word' id='word_1_750' title='bbox 3002 4887 3251 4951; x_wconf 87' lang='lat' dir='ltr'><strong>Zosimus</strong></span> <span class='ocrx_word' id='word_1_751' title='bbox 3270 4898 3458 4944; x_wconf 91' lang='lat' dir='ltr'><strong>contra</strong></span> 
     </span>
    </p>
   </div>
   <div class='ocr_carea' id='block_1_107' title="bbox 1890 4976 3462 5047">
    <p class='ocr_par' dir='ltr' id='par_1_107' title="bbox 1890 4976 3462 5047">
     <span class='ocr_line' id='line_1_107' title="bbox 1890 4976 3462 5047; baseline 0 -13"><span class='ocrx_word' id='word_1_752' title='bbox 1890 4977 2169 5034; x_wconf 84' lang='lat' dir='ltr'><strong>Bonifacio</strong></span> <span class='ocrx_word' id='word_1_753' title='bbox 2227 4976 2556 5041; x_wconf 85' lang='lat' dir='ltr'><strong>decesserit,</strong></span> <span class='ocrx_word' id='word_1_754' title='bbox 2599 4984 2706 5031; x_wconf 91' lang='lat' dir='ltr'><strong>etc.</strong></span> <span class='ocrx_word' id='word_1_755' title='bbox 2768 4976 2901 5031; x_wconf 90' lang='lat' dir='ltr'><strong>Tam</strong></span> <span class='ocrx_word' id='word_1_756' title='bbox 2942 4977 3247 5047; x_wconf 86' lang='lat' dir='ltr'><strong>frequentis</strong></span> <span class='ocrx_word' id='word_1_757' title='bbox 3277 4977 3462 5047; x_wconf 89' lang='lat' dir='ltr'><strong>lapsus</strong></span> 
     </span>
    </p>
   </div>
   <div class='ocr_carea' id='block_1_108' title="bbox 1891 5067 2514 5127">
    <p class='ocr_par' dir='ltr' id='par_1_108' title="bbox 1891 5067 2514 5127">
     <span class='ocr_line' id='line_1_108' title="bbox 1891 5067 2514 5127; baseline -0.011 0"><span class='ocrx_word' id='word_1_758' title='bbox 1891 5085 2054 5127; x_wconf 86' lang='lat' dir='ltr'><strong>causa</strong></span> <span class='ocrx_word' id='word_1_759' title='bbox 2079 5084 2204 5123; x_wconf 79' lang='lat' dir='ltr'><strong>mox</strong></span> <span class='ocrx_word' id='word_1_760' title='bbox 2231 5067 2514 5122; x_wconf 77' lang='lat' dir='ltr'><strong>atl‘eretur.</strong></span> 
     </span>
    </p>
   </div>
   <div class='ocr_carea' id='block_1_109' title="bbox 1966 5148 3477 5232">
    <p class='ocr_par' dir='ltr' id='par_1_109' title="bbox 1966 5148 3477 5232">
     <span class='ocr_line' id='line_1_109' title="bbox 1966 5148 3477 5232; baseline 0.001 -17"><span class='ocrx_word' id='word_1_761' title='bbox 1966 5159 2057 5215; x_wconf 75' lang='lat' dir='ltr'><strong>XV</strong></span> <span class='ocrx_word' id='word_1_762' title='bbox 2114 5159 2172 5213; x_wconf 92' lang='lat' dir='ltr'><strong>In</strong></span> <span class='ocrx_word' id='word_1_763' title='bbox 2195 5159 2343 5213; x_wconf 92' lang='lat' dir='ltr'><strong>hunc</strong></span> <span class='ocrx_word' id='word_1_764' title='bbox 2371 5158 2617 5214; x_wconf 86' lang='lat' dir='ltr'><strong>laborem</strong></span> <span class='ocrx_word' id='word_1_765' title='bbox 2643 5158 2892 5214; x_wconf 91' lang='lat' dir='ltr'><strong>incubuit</strong></span> <span class='ocrx_word' id='word_1_766' title='bbox 2917 5159 2984 5213; x_wconf 89' lang='lat' dir='ltr'><strong>ab</strong></span> <span class='ocrx_word' id='word_1_767' title='bbox 3003 5159 3194 5214; x_wconf 88' lang='lat' dir='ltr'><strong>amicis</strong></span> <span class='ocrx_word' id='word_1_768' title='bbox 3220 5148 3477 5232; x_wconf 20' lang='lat' dir='ltr'><strong>rogatus,-</strong></span> 
     </span>
    </p>
   </div>
   <div class='ocr_carea' id='block_1_110' title="bbox 1550 5309 2147 5368">
    <p class='ocr_par' dir='ltr' id='par_1_110' title="bbox 1550 5309 2147 5368">
     <span class='ocr_line' id='line_1_110' title="bbox 1550 5309 2147 5368; baseline -0.008 0"><span class='ocrx_word' id='word_1_769' title='bbox 1550 5313 1874 5368; x_wconf 83' lang='lat' dir='ltr'><strong>SCIIULZII</strong></span> <span class='ocrx_word' id='word_1_770' title='bbox 1914 5309 2147 5366; x_wconf 62' lang='lat' dir='ltr'><strong>NOTrE.</strong></span> 
     </span>
    </p>
   </div>
   <div class='ocr_carea' id='block_1_111' title="bbox 768 5492 798 5513">
    <p class='ocr_par' dir='ltr' id='par_1_111' title="bbox 768 5492 798 5513">
     <span class='ocr_line' id='line_1_111' title="bbox 768 5492 798 5513; baseline 0 0"><span class='ocrx_word' id='word_1_771' title='bbox 768 5492 798 5513; x_wconf 46' lang='grc' dir='ltr'><strong>ἃ</strong></span> 
     </span>
    </p>
   </div>
   <div class='ocr_carea' id='block_1_112' title="bbox 282 5492 791 5566">
    <p class='ocr_par' dir='ltr' id='par_1_112' title="bbox 282 5492 791 5566">
     <span class='ocr_line' id='line_1_112' title="bbox 282 5492 791 5566; baseline -0.008 -12"><span class='ocrx_word' id='word_1_772' title='bbox 282 5492 328 5527; x_wconf 80' lang='grc'><strong>⁷⁷</strong></span> <span class='ocrx_word' id='word_1_773' title='bbox 357 5497 480 5555; x_wconf 79' lang='lat' dir='ltr'><strong>Vid.</strong></span> <span class='ocrx_word' id='word_1_774' title='bbox 502 5511 694 5566; x_wconf 86' lang='lat' dir='ltr'><strong>supra,</strong></span> <span class='ocrx_word' id='word_1_775' title='bbox 726 5492 791 5566; x_wconf 65' lang='lat' dir='ltr'><strong>pii</strong></span> 
     </span>
    </p>
   </div>
   <div class='ocr_carea' id='block_1_113' title="bbox 915 5495 3457 5569">
    <p class='ocr_par' dir='ltr' id='par_1_113' title="bbox 915 5495 3457 5569">
     <span class='ocr_line' id='line_1_113' title="bbox 915 5495 3457 5569; baseline 0.004 -20"><span class='ocrx_word' id='word_1_776' title='bbox 1046 5495 1125 5569; x_wconf 44' lang='lat' dir='ltr'><strong>ff</strong></span> <span class='ocrx_word' id='word_1_777' title='bbox 1153 5495 1433 5569; x_wconf 67' lang='lat' dir='ltr'><strong>Ilist._cco_:_l.</strong></span> <span class='ocrx_word' id='word_1_778' title='bbox 1458 5496 1496 5549; x_wconf 90' lang='grc'><strong>1.</strong></span> <span class='ocrx_word' id='word_1_779' title='bbox 1520 5513 1571 5569; x_wconf 70' lang='lat' dir='ltr'><strong>v,</strong></span> <span class='ocrx_word' id='word_1_780' title='bbox 1596 5510 1645 5548; x_wconf 87' lang='lat' dir='ltr'><strong>c.</strong></span> <span class='ocrx_word' id='word_1_781' title='bbox 1675 5495 1761 5548; x_wconf 75' lang='lat'><strong>36.</strong></span> <span class='ocrx_word' id='word_1_782' title='bbox 1784 5564 1794 5569; x_wconf 87' lang='lat'><strong>_</strong></span> <span class='ocrx_word' id='word_1_783' title='bbox 1838 5496 1883 5528; x_wconf 73' lang='grc'><strong>’⁷⁸</strong></span> <span class='ocrx_word' id='word_1_784' title='bbox 1907 5495 2376 5569; x_wconf 63' lang='lat' dir='ltr'><strong>Yid._Pr0(rmium</strong></span> <span class='ocrx_word' id='word_1_785' title='bbox 2409 5500 2543 5553; x_wconf 82' lang='lat' dir='ltr'><strong>Hist.</strong></span> <span class='ocrx_word' id='word_1_786' title='bbox 2562 5499 2684 5552; x_wconf 78' lang='lat' dir='ltr'><strong>ercl.</strong></span> <span class='ocrx_word' id='word_1_787' title='bbox 2762 5499 2807 5531; x_wconf 74' lang='grc'><strong>⁸⁸</strong></span> <span class='ocrx_word' id='word_1_788' title='bbox 2839 5499 2973 5555; x_wconf 81' lang='lat' dir='ltr'><strong>Hist.</strong></span> <span class='ocrx_word' id='word_1_789' title='bbox 2999 5502 3121 5557; x_wconf 73' lang='lat' dir='ltr'><strong>ccci.</strong></span> <span class='ocrx_word' id='word_1_790' title='bbox 3147 5517 3181 5557; x_wconf 92' lang='lat' dir='ltr'><strong>I.</strong></span> <span class='ocrx_word' id='word_1_791' title='bbox 3200 5520 3260 5569; x_wconf 73' lang='grc' dir='ltr'><strong>ν,</strong></span> <span class='ocrx_word' id='word_1_792' title='bbox 3285 5519 3334 5558; x_wconf 81' lang='lat' dir='ltr'><strong>c.</strong></span> <span class='ocrx_word' id='word_1_793' title='bbox 3368 5505 3457 5560; x_wconf 73' lang='lat'><strong>59.</strong></span> 
     </span>
    </p>
   </div>
   <div class='ocr_carea' id='block_1_114' title="bbox 211 5496 3462 5638">
    <p class='ocr_par' dir='ltr' id='par_1_114' title="bbox 211 5496 3462 5638">
     <span class='ocr_line' id='line_1_114' title="bbox 282 5496 3457 5618; baseline 0.002 -65"><span class='ocrx_word' id='word_1_794' title='bbox 282 5496 328 5527; x_wconf 83' lang='lat'>&quot;</span> <span class='ocrx_word' id='word_1_795' title='bbox 357 5497 480 5555; x_wconf 79' lang='lat' dir='ltr'><strong>Vid.</strong></span> <span class='ocrx_word' id='word_1_796' title='bbox 502 5511 694 5566; x_wconf 86' lang='lat' dir='ltr'><strong>supra,</strong></span> <span class='ocrx_word' id='word_1_797' title='bbox 726 5496 846 5618; x_wconf 48' lang='lat'><strong>135%.</strong></span> <span class='ocrx_word' id='word_1_798' title='bbox 875 5496 1000 5550; x_wconf 76' lang='grc'><strong>264.</strong></span> <span class='ocrx_word' id='word_1_799' title='bbox 1076 5496 1121 5527; x_wconf 79' lang='grc'><strong>⁷⁸</strong></span> <span class='ocrx_word' id='word_1_800' title='bbox 1153 5496 1287 5549; x_wconf 78' lang='lat' dir='ltr'><strong>&quot;ist.</strong></span> <span class='ocrx_word' id='word_1_801' title='bbox 1311 5496 1433 5548; x_wconf 81' lang='lat' dir='ltr'><strong>ccci.</strong></span> <span class='ocrx_word' id='word_1_802' title='bbox 1458 5496 1496 5549; x_wconf 92' lang='lat' dir='ltr'><strong>l.</strong></span> <span class='ocrx_word' id='word_1_803' title='bbox 1520 5513 1571 5556; x_wconf 89' lang='lat' dir='ltr'><strong>v,</strong></span> <span class='ocrx_word' id='word_1_804' title='bbox 1596 5510 1645 5548; x_wconf 88' lang='lat' dir='ltr'><strong>c.</strong></span> <span class='ocrx_word' id='word_1_805' title='bbox 1675 5496 1761 5548; x_wconf 84' lang='grc'><strong>56.</strong></span> <span class='ocrx_word' id='word_1_806' title='bbox 1838 5496 1883 5528; x_wconf 74' lang='grc'><strong>⁷⁸</strong></span> <span class='ocrx_word' id='word_1_807' title='bbox 1907 5496 2376 5555; x_wconf 72' lang='lat' dir='ltr'><strong>Vid.Pr0(emium</strong></span> <span class='ocrx_word' id='word_1_808' title='bbox 2409 5500 2543 5553; x_wconf 82' lang='lat' dir='ltr'><strong>Hist.</strong></span> <span class='ocrx_word' id='word_1_809' title='bbox 2562 5499 2684 5552; x_wconf 83' lang='lat' dir='ltr'><strong>ercl.</strong></span> <span class='ocrx_word' id='word_1_810' title='bbox 2762 5499 2807 5531; x_wconf 74' lang='grc'><strong>⁸⁸</strong></span> <span class='ocrx_word' id='word_1_811' title='bbox 2839 5499 2973 5555; x_wconf 80' lang='lat' dir='ltr'><strong>Hist.</strong></span> <span class='ocrx_word' id='word_1_812' title='bbox 2999 5502 3121 5557; x_wconf 75' lang='lat' dir='ltr'><strong>ccci.</strong></span> <span class='ocrx_word' id='word_1_813' title='bbox 3147 5517 3181 5557; x_wconf 87' lang='grc' dir='ltr'><strong>ι.</strong></span> <span class='ocrx_word' id='word_1_814' title='bbox 3200 5520 3260 5569; x_wconf 80' lang='lat' dir='ltr'><strong>v,</strong></span> <span class='ocrx_word' id='word_1_815' title='bbox 3285 5519 3334 5558; x_wconf 88' lang='lat' dir='ltr'><strong>c.</strong></span> <span class='ocrx_word' id='word_1_816' title='bbox 3368 5505 3457 5560; x_wconf 74' lang='grc'><strong>59.</strong></span> 
     </span>
     <span class='ocr_line' id='line_1_115' title="bbox 211 5563 3462 5638; baseline -0.003 -14"><span class='ocrx_word' id='word_1_817' title='bbox 211 5563 255 5597; x_wconf 86' lang='grc'><strong>⁸¹</strong></span> <span class='ocrx_word' id='word_1_818' title='bbox 291 5566 410 5623; x_wconf 91' lang='lat' dir='ltr'><strong>Lib.</strong></span> <span class='ocrx_word' id='word_1_819' title='bbox 436 5584 534 5629; x_wconf 85' lang='lat' dir='ltr'><strong>vn,</strong></span> <span class='ocrx_word' id='word_1_820' title='bbox 559 5565 726 5638; x_wconf 77' lang='lat' dir='ltr'><strong>epist.</strong></span> <span class='ocrx_word' id='word_1_821' title='bbox 757 5565 887 5638; x_wconf 28' lang='grc' dir='ltr'><strong>ξχκ</strong></span> <span class='ocrx_word' id='word_1_822' title='bbox 920 5565 964 5638; x_wconf 50' lang='grc' dir='ltr'><strong>δέ</strong></span> <span class='ocrx_word' id='word_1_823' title='bbox 982 5565 1062 5620; x_wconf 87' lang='lat' dir='ltr'><strong>Ad</strong></span> <span class='ocrx_word' id='word_1_824' title='bbox 1095 5565 1335 5638; x_wconf 69' lang='lat' dir='ltr'><strong>Speratis</strong></span> <span class='ocrx_word' id='word_1_825' title='bbox 1364 5564 1865 5638; x_wconf 13' lang='lat' dir='ltr'><strong>Historiamgccclcs.</strong></span> <span class='ocrx_word' id='word_1_826' title='bbox 1892 5566 1994 5638; x_wconf 73' lang='lat' dir='ltr'><strong>alii</strong></span> <span class='ocrx_word' id='word_1_827' title='bbox 2024 5567 2141 5638; x_wconf 69' lang='lat' dir='ltr'><strong>haec</strong></span> <span class='ocrx_word' id='word_1_828' title='bbox 2174 5570 2379 5623; x_wconf 79' lang='lat' dir='ltr'><strong>referre</strong></span> <span class='ocrx_word' id='word_1_829' title='bbox 2418 5571 2727 5633; x_wconf 84' lang='lat' dir='ltr'><strong>voluerunt,</strong></span> <span class='ocrx_word' id='word_1_830' title='bbox 2746 5568 2840 5623; x_wconf 84' lang='lat' dir='ltr'><strong>sed</strong></span> <span class='ocrx_word' id='word_1_831' title='bbox 2870 5572 3051 5627; x_wconf 92' lang='lat' dir='ltr'><strong>minus</strong></span> <span class='ocrx_word' id='word_1_832' title='bbox 3076 5582 3240 5638; x_wconf 86' lang='lat' dir='ltr'><strong>recte,</strong></span> <span class='ocrx_word' id='word_1_833' title='bbox 3259 5584 3320 5629; x_wconf 88' lang='lat' dir='ltr'><strong>ut</strong></span> <span class='ocrx_word' id='word_1_834' title='bbox 3344 5589 3462 5629; x_wconf 54' lang='lat' dir='ltr'><strong>me-</strong></span> 
     </span>
    </p>
   </div>
   <div class='ocr_carea' id='block_1_115' title="bbox 214 5633 3092 5709">
    <p class='ocr_par' dir='ltr' id='par_1_115' title="bbox 214 5633 3092 5709">
     <span class='ocr_line' id='line_1_116' title="bbox 214 5633 3092 5709; baseline 0.003 -20"><span class='ocrx_word' id='word_1_835' title='bbox 214 5639 323 5693; x_wconf 87' lang='lat' dir='ltr'><strong>nuit</strong></span> <span class='ocrx_word' id='word_1_836' title='bbox 372 5633 609 5709; x_wconf 20' lang='lat' dir='ltr'><strong>Ittigius’</strong></span> <span class='ocrx_word' id='word_1_837' title='bbox 635 5634 714 5688; x_wconf 83' lang='lat' dir='ltr'><strong>De</strong></span> <span class='ocrx_word' id='word_1_838' title='bbox 756 5633 997 5689; x_wconf 84' lang='lat' dir='ltr'><strong>Biblioth.</strong></span> <span class='ocrx_word' id='word_1_839' title='bbox 1032 5645 1079 5689; x_wconf 86' lang='lat' dir='ltr'><strong>et</strong></span> <span class='ocrx_word' id='word_1_840' title='bbox 1121 5634 1331 5691; x_wconf 78' lang='lat' dir='ltr'><strong>Catenis</strong></span> <span class='ocrx_word' id='word_1_841' title='bbox 1365 5634 1498 5697; x_wconf 68' lang='lat' dir='ltr'><strong>PR,</strong></span> <span class='ocrx_word' id='word_1_842' title='bbox 1527 5650 1578 5704; x_wconf 90' lang='lat' dir='ltr'><strong>p.</strong></span> <span class='ocrx_word' id='word_1_843' title='bbox 1616 5634 1737 5690; x_wconf 79' lang='grc'><strong>750.</strong></span> <span class='ocrx_word' id='word_1_844' title='bbox 1814 5635 1858 5668; x_wconf 84' lang='grc'><strong>⁸³</strong></span> <span class='ocrx_word' id='word_1_845' title='bbox 1891 5636 2009 5691; x_wconf 68' lang='lat' dir='ltr'><strong>Vid.</strong></span> <span class='ocrx_word' id='word_1_846' title='bbox 2050 5637 2341 5693; x_wconf 77' lang='lat' dir='ltr'><strong>Baronium</strong></span> <span class='ocrx_word' id='word_1_847' title='bbox 2387 5640 2440 5694; x_wconf 89' lang='lat' dir='ltr'><strong>in</strong></span> <span class='ocrx_word' id='word_1_848' title='bbox 2464 5639 2687 5703; x_wconf 76' lang='lat' dir='ltr'><strong>Annal.,</strong></span> <span class='ocrx_word' id='word_1_849' title='bbox 2711 5649 2749 5690; x_wconf 90' lang='lat' dir='ltr'><strong>t.</strong></span> <span class='ocrx_word' id='word_1_850' title='bbox 2779 5638 2843 5703; x_wconf 83' lang='lat' dir='ltr'><strong>V,</strong></span> <span class='ocrx_word' id='word_1_851' title='bbox 2881 5655 2933 5709; x_wconf 77' lang='grc' dir='ltr'><strong>ι).</strong></span> <span class='ocrx_word' id='word_1_852' title='bbox 2969 5640 3092 5697; x_wconf 76' lang='grc'><strong>572.</strong></span> 
     </span>
    </p>
   </div>
  </div>
