3952 6294
466 288 568 356 231

1595 284 1974 345 GARNERII
2015 285 2507 346 DISSERTATIO
2544 285 2627 345 Π.

3619 284 3738 353 232

469 415 580 457 non
601 396 746 469 quod
771 393 1064 452 crederem
1089 407 1228 462 opus
1247 406 1366 446 esse
1390 390 1444 446 id
1480 391 1589 462 agi,
1611 391 1756 461 quod
1785 392 2043 448 Socrates
2073 401 2113 454 Α
2143 394 2291 447 enim
2316 392 2660 463 frequentius
2689 392 2891 464 obiecit
2926 390 3150 463 Cyrillo,
3174 406 3338 461 quam
3373 394 3519 463 quod
3547 394 3616 449 ab
3649 396 3730 451 is-

477 492 924 555 Sozomenusque
971 483 1384 553 praestitissent,
1417 481 1513 535 sed
1551 492 1612 536 ut
1656 481 1759 537 hac
1811 497 2046 551 occupa-

474 582 626 636 tione
670 578 916 633 animum
960 574 1251 630 scribentis
1295 589 1325 628 a
1359 573 1686 629 calamitatis
1720 574 2048 646 cogitatione

476 671 832 727 abducerent.

543 758 683 812 XVI.
711 754 1121 824 Oportuitvcro
1152 755 1294 808 miro
1333 753 1388 808 in
1419 753 1474 808 id
1500 753 1684 811 studio
1714 753 1846 808 ferri
1873 753 2052 808 Theo-

473 851 749 912 doretnm,
778 856 838 901 ut
869 846 963 917 qui
1008 862 1102 902 sex
1146 847 1419 902 mensium
1455 846 1634 917 spatio
1670 854 1779 900 tam
1810 846 2051 901 laborio-

470 958 589 999 sam
619 939 902 996 historiam
934 939 1188 995 texuerit.
1214 939 1394 1006 Quare
1421 939 1573 993 credi
1592 946 1776 1008 posset
1795 953 1934 1007 opus
1956 950 2054 1006 per

476 1034 657 1088 otium
689 1040 850 1087 antea
883 1032 1187 1095 inchoasse,
1211 1041 1359 1085 nunc
1390 1030 1706 1094 absolvisse,
1733 1029 1840 1084 nisi
1869 1037 2056 1084 texen-

476 1123 561 1180 dae.
594 1124 837 1179 historiae
864 1122 1087 1177 modum
1131 1122 1416 1185 tenuisset,
1452 1121 1546 1191 qui
1587 1136 1697 1175 non
1730 1120 2055 1175 diuturnum

475 1216 719 1286 exigeret
741 1223 955 1284 tempus
980 1214 1049 1268 ab
1080 1214 1302 1268 homine
1333 1228 1519 1268 rerum
1556 1213 1764 1269 sciente
1794 1221 1851 1267 et
1872 1227 2056 1282 prom-

476 1314 572 1377 pto
599 1304 845 1360 scribere
882 1321 895 1357 :
934 1303 1103 1359 totius
1129 1302 1276 1358 enim
1314 1318 1441 1373 pars
1463 1304 1665 1367 media,
1690 1312 1851 1373 atque
1888 1303 2054 1358 etiam

477 1396 672 1466 major,
699 1396 860 1465 plena
886 1403 972 1449 est
1015 1394 1265 1465 epistolis
1293 1395 1588 1466 synodicis,
1619 1395 2056 1464 testimoniisque

478 1484 723 1547 insertis,
756 1499 880 1553 quae
912 1483 1177 1538 brevibus
1206 1483 1616 1539 narrationibus
1631 1493 2053 1539 connectuntur.

549 1576 713 1631 XVII.
744 1574 901 1642 Quod
929 1575 974 1629 si
1007 1573 1392 1629 Theodoretus
1419 1575 1487 1628 ad
1528 1574 1883 1629 scribendum
1901 1574 2059 1628 abre-

476 1678 605 1740 ptus
621 1676 708 1723 est
721 1674 857 1723 testu
880 1665 1187 1736 praefervidi
1214 1665 1440 1723 doloris.
1459 1666 1677 1736 ingenio
1700 1665 1974 1720 abutentis
1990 1664 2055 1719 ad

2153 485 2224 539 tis
2248 499 2500 537 errorum
2532 483 2807 553 magistris
2842 497 3019 545 suam,
3047 482 3161 535 sive
3180 480 3248 534 de
3276 483 3479 536 unione
3506 493 3734 539 natura-

2151 590 2294 640 rum,
2330 575 2443 629 sive
2468 574 2537 629 de
2560 574 2912 645 processione
2948 572 3187 643 Spiritus
3210 571 3404 637 sancti,
3422 573 3733 630 doctrinam

2152 667 2427 737 acceperit
2454 668 2478 721 τ

2222 760 2342 815 XX.
2366 758 2574 830 Opinor
2599 759 2767 829 igitur
2805 756 3195 828 primum.boc
3220 771 3359 827 opus
3396 755 3734 813 Theodoreti

2153 851 2300 906 aliud
2331 850 2469 906 nihil
2495 865 2616 905 esse
2638 858 2838 920 praeter
2857 848 3179 903 “historiam
3202 847 3415 901 Arianae
3436 847 3732 910 hrereseos.

2154 942 2268 997 sive
2297 942 2354 997 in
2380 942 2580 1013 seipsa,
2613 942 2726 996 sive
2754 941 2809 995 in
2844 939 3161 1011 propagine.
3202 938 3433 1001 Deinde,
3467 937 3638 1008 ipsam
3663 955 3735 993 eo

2155 1034 2386 1089 consilio
2426 1035 2685 1104 scriptam
2729 1032 2920 1097 fuisse,
2959 1040 3019 1086 ut
3052 1030 3477 1085 ostenderentur
3528 1030 3734 1090 fontes.

2154 1141 2223 1181 ex
2285 1126 2488 1196 quibus
2541 1125 2893 1180 Theodoreto
2940 1125 3264 1179 viderentur
3324 1124 3430 1177 orti
3485 1138 3733 1186 errores,

2155 1232 2294 1285 quos
2314 1215 2603 1287 atlingebat
2626 1215 2946 1271 Catholicis.
2981 1214 3191 1278 Tertio,
3216 1214 3271 1268 in
3306 1212 3544 1276 Arianis,
3573 1213 3738 1267 unio-

2156 1309 2243 1364 nis
2298 1309 2651 1380 hypostatica:
2701 1308 3052 1372 defensores;
3097 1306 3151 1360 in
3197 1305 3437 1360 Eusebio
3480 1305 3738 1360 Nicome-

2156 1398 2355 1463 diensi,
2377 1398 2666 1470 Cyrillum;
2701 1398 2757 1453 in
2791 1399 3089 1454 Athanasio
3113 1406 3275 1467 atque
3291 1396 3453 1451 etiam
3479 1396 3534 1450 in
3564 1394 3738 1467 Chry-

2157 1495 2432 1550 sostomo,
2471 1489 2823 1554 Nestorium;
2869 1488 3006 1543 alios
3033 1486 3265 1542 Nestorii
3290 1487 3496 1541 amicos
3524 1484 3581 1538 in
3613 1485 3737 1539 aliis

2158 1580 2509 1634 adumbratos
2531 1596 2670 1635 esse.
2714 1580 2920 1647 Quarto
2946 1580 3183 1650 denique
3208 1578 3469 1650 Cyrillum
3507 1586 3564 1632 et
3597 1578 3735 1632 Pro-

2158 1671 2304 1725 clum
2336 1671 2391 1725 in
2419 1671 2506 1735 iis,
2525 1672 2617 1741 qui
2636 1672 2931 1726 Diodorum
2950 1670 3270 1725 Tarsensem
3298 1678 3354 1724 et
3382 1669 3737 1723 Theodorum

476 1757 775 1812 vindicum
813 1755 880 1810 de
911 1755 1240 1810 adversariis
1266 1755 1588 1821 sumendam
1609 1754 1675 1817 “.
1713 1754 2055 1809 admirabili-
2089 1757 2129 1812 Β
2157 1761 2629 1830 Mopsuestenum,
2668 1764 2820 1818 velut
2863 1763 3183 1826 haereticos,
3213 1761 3434 1832 scriptis
3465 1760 3734 1831 factisque

478 1849 607 1904 tatis
655 1847 888 1902 multum
941 1846 1183 1901 brevitas
1236 1845 1501 1916 temporis
1556 1845 1771 1899 amittet
1811 1862 1823 1897 :
1864 1854 2055 1899 notum

479 1940 626 1996 enim
677 1939 810 2011 quid
839 1937 1012 2008 possit
1038 1937 1293 1992 facundia
1318 1937 1580 2000 irascens,
1606 1950 1877 2005 quamque
1910 1935 2056 1990 cele-

481 2043 570 2084 res
608 2028 809 2083 habeat
842 2022 1045 2089 motus,
1092 2042 1217 2081 cum
1263 2042 1322 2082 se
1362 2035 1458 2081 aut
1489 2025 1807 2085 ulciscitur.
1841 2036 1936 2080 aut
1962 2026 2058 2080 de-

480 2120 675 2187 fendit,
700 2118 1002 2191 praasertim
1028 2119 1071 2173 si
1098 2118 1375 2182 defendit,
1415 2119 1490 2172 ita
1521 2125 1581 2172 ut
1606 2133 1859 2188 regerere
1884 2117 2060 2187 possit

480 2213 775 2268 artificiose
798 2212 1007 2268 crimen
1034 2211 1089 2266 in
1115 2210 1474 2266 adversarios.

555 2326 744 2381 XVIII.
783 2325 963 2395 Atque
1008 2326 1127 2379 htec
1164 2339 1327 2378 causa
1367 2330 1452 2377 est
1501 2338 1611 2376 non
1660 2321 2055 2392 improbabilis,

482 2417 629 2474 unde
665 2425 746 2472 tot
790 2415 1248 2471 hallucinationes
1277 2412 1552 2468 historicas
1593 2411 1860 2483 originem
1891 2413 2057 2467 duxe-

484 2512 598 2566 rint
629 2529 642 2564 :
671 2508 945 2580 siquidem
975 2522 1217 2578 praeceps
1250 2513 1305 2561 et
1338 2505 1688 2560 turbulentus
1718 2505 1935 2559 animus
1968 2519 2058 2559 so-

480 2601 560 2660 let
584 2602 687 2657 sibi
724 2601 893 2672 magis
920 2614 1083 2670 quam
1120 2598 1243 2653 aliis
1275 2596 1594 2662 attendere;
1621 2596 1863 2667 dumque
1903 2607 2055 2651 motu

485 2708 587 2749 suo
636 2692 929 2762 abripitur,
958 2690 1015 2745 in
1044 2689 1316 2761 adiunctis
1339 2703 1521 2744 rerum
1555 2688 2059 2759 circumspiciendis

486 2784 697 2839 haerere
712 2797 823 2837 non
848 2790 1053 2852 potest.

554 2893 697 2950 XIX.
751 2894 869 2949 Jam
918 2906 1051 2946 vero
1093 2889 1239 2962 quod
1298 2897 1524 2960 propter
1558 2888 1844 2943 levandam
1892 2889 2059 2944 animi

485 2985 871 3058 aegritudinem
911 2982 1292 3038 Theodoretus
1320 2981 1390 3036 ad
1432 2981 1781 3036 scribendum
1816 2997 2061 3037 accesse-

2160 1853 2550 1919 traduxissent,
2586 1855 2746 1909 tacite
2785 1863 2917 1910 tunc
2940 1854 3137 1921 refelli,
3174 1869 3300 1908 cum
3322 1862 3553 1922 uterque
3580 1854 3737 1908 velut

2161 1945 2285 2001 fidei
2315 1946 2571 2001 defensor
2604 1946 2884 2002 inducitur
2899 1948 2964 2001 ⁸⁸.

2228 2034 2369 2089 XXI.
2393 2036 2597 2090 Horum
2630 2044 2864 2105 quatuor
2883 2035 3158 2107 opinionis
3181 2050 3313 2091 mete
3345 2035 3585 2105 capitum
3626 2035 3740 2105 pri—

2160 2144 2309 2183 mum
2339 2129 2493 2183 facile
2516 2128 2619 2183 sibi
2650 2128 3005 2198 persuadebit
3038 2128 3104 2192 is,
3137 2127 3229 2198 qui
3253 2127 3381 2182 totis
3398 2127 3640 2197 quinque
3665 2126 3737 2179 li-

2159 2217 2273 2271 bris
2291 2217 2439 2271 aliud
2468 2218 2605 2271 nihil
2636 2233 2735 2288 per
2763 2233 2820 2272 se
2844 2217 3064 2272 tractari
3087 2217 3401 2279 adverterit,
3426 2232 3588 2286 quam
3614 2231 3740 2285 quze

2160 2307 2227 2361 ad
2276 2307 2509 2362 haeresin
2537 2307 2793 2361 Arianam
2836 2308 3170 2376 Spectant”.
3223 2307 3354 2374 Quae
3386 2308 3531 2362 enim
3564 2308 3737 2362 attin-

2160 2407 2362 2470 gantur
2393 2409 2674 2469 praeterea,
2708 2399 2951 2470 episodia
2994 2399 3240 2469 quzedam
3271 2406 3429 2462 sunt,
3458 2413 3559 2454 nec
3604 2414 3737 2468 pro-

2159 2491 2289 2555 lixa,
2331 2506 2431 2545 nec
2457 2490 2784 2560 frequentia.

2222 2605 2387 2660 XXII.
2416 2606 2681 2660 Narratur
2710 2605 2764 2658 in
2799 2603 2941 2658 libro
2972 2603 3181 2674 primo,
3209 2618 3319 2673 quo
3349 2617 3532 2657 rerum
3552 2611 3736 2669 statu,

2161 2712 2272 2768 quo
2312 2699 2370 2752 in
2413 2699 2555 2761 loco,
2603 2696 2827 2751 hmrcsis
2865 2696 3083 2759 Ariana,
3112 2695 3351 2765 quando,
3376 2710 3485 2764 quo
3511 2704 3739 2764 parente

2160 2799 2287 2844 nata
2312 2790 2402 2854 sit,
2444 2805 2579 2858 quas
2613 2799 2795 2858 partes
2832 2788 3107 2851 habuerit,
3156 2802 3292 2858 quas
3328 2786 3736 2851 conversiones,

2161 2898 2405 2952 quasque
2434 2881 2668 2937 diversis
2701 2881 3039 2951 temporibus
3077 2879 3296 2944 formas,
3327 2895 3358 2933 a
3399 2879 3601 2949 quibus
3631 2878 3738 2933 im-

2162 2982 2417 3045 pugnata,
2451 2990 2588 3045 quas
2620 2974 2852 3029 moverit
2878 2981 2934 3028 et
2961 2981 3192 3043 quantas
3219 2973 3427 3036 turbas,
3462 2973 3740 3042 quomodo

487 3080 580 3143 rit,
600 3077 757 3133 facile
774 3075 1011 3146 probant
1032 3074 1276 3129 conditio
1306 3082 1613 3143 temporum
1634 3071 1702 3137 ⁸³,
1731 3071 2062 3128 Theodoreti
2091 3085 2135 3143 (ζ
2165 3063 2357 3118 Nom
2406 3062 2661 3117 damnata
2701 3062 2802 3129 sil;
2838 3072 3040 3132 Quanta
3075 3064 3249 3132 pietas
3292 3061 3637 3117 Constantini
3681 3063 3739 3117 in

488 3171 787 3241 ingenium,
826 3176 884 3222 et
917 3167 1032 3237 ipsa
1070 3168 1257 3232 etiam,
1298 3166 1342 3220 si
1376 3166 1538 3236 paulo
1578 3165 1841 3221 attentius
1886 3165 2066 3220 consi-

487 3259 733 3325 deretur,
771 3257 1023 3312 historia.
1050 3257 1184 3311 Nam
1234 3255 1557 3310 incredibile
1594 3270 1706 3309 non
1745 3263 1829 3309 est
1864 3263 2067 3327 myste-

492 3349 557 3403 rii
600 3348 850 3403 nonnihil
880 3347 934 3401 in
969 3362 1033 3401 ea
1052 3347 1223 3417 latere
1244 3386 1258 3410 ,
1297 3361 1400 3400 nec
1425 3346 1543 3400 sine
1568 3346 1876 3416 conquisita
1909 3347 2065 3401 calli-

490 3439 616 3494 dius
637 3454 822 3502 causas
849 3435 1136 3492 exordium
1175 3436 1301 3490 duci
1330 3435 1398 3490 ab
1426 3444 1549 3489 ortu
1572 3436 1796 3492 hmresis
1827 3438 2063 3500 Ariante,

492 3530 791 3586 terminum
818 3528 949 3600 poni
976 3529 1032 3583 in
1064 3527 1333 3582 Theodoti
1382 3528 1767 3599 Theodorique
1804 3529 1981 3593 obitu,
2010 3528 2065 3583 id

489 3632 595 3687 est,
630 3623 684 3676 in
714 3630 963 3691 tempore
1010 3634 1120 3688 quo
1160 3618 1447 3674 Nestorius
1487 3618 1731 3675 Sisinnio
1788 3620 1842 3674 in
1880 3619 2065 3675 sedem

493 3712 647 3768 urbis
690 3710 851 3781 regite
888 3707 1172 3764 successit.
1225 3707 1360 3763 Nam
1403 3723 1527 3763 cum
1587 3710 1809 3765 hmresis
1855 3709 2067 3765 Arianre

490 3802 806 3859 exstiterint
848 3810 1032 3871 partes
1058 3798 1212 3854 duae:
1256 3800 1445 3865 altera,
1475 3815 1596 3870 qua:
1623 3798 1901 3854 Christum
1944 3815 2068 3868 per—

492 3893 696 3951 fectum
727 3907 849 3947 esse
887 3892 1091 3957 Deum;
1125 3891 1295 3946 altera
1316 3931 1331 3955 ,
1364 3906 1484 3960 qua:
1531 3892 1836 3960 perfectum
1891 3889 2066 3942 homi-

494 3998 618 4038 nem
647 3988 872 4052 negaret
904 3997 918 4033 :
948 3979 1329 4036 Theodoretus
1357 3980 1532 4035 videri
1566 3989 1745 4051 potest
1780 3979 2065 4047 utriusque

492 4077 665 4149 partis
712 4076 999 4131 historiam
1043 4092 1211 4146 opera
1265 4092 1373 4131 una
1410 4076 1648 4131 voluisse
1700 4089 2062 4144 componere;

490 4167 589 4224 sed
613 4166 812 4238 prioris
841 4180 1057 4231 revera,
1102 4166 1433 4236 posterioris
1467 4166 1617 4219 velut
1649 4163 1704 4217 in
1731 4163 1988 4233 imagine,
2010 4172 2067 4218 et

493 4257 915 4327 αἰνιγματικῶς.
962 4257 1149 4313 Potest
1189 4256 1353 4312 etiam
1384 4255 1581 4321 videri,
1630 4254 1760 4309 dum
1808 4255 2063 4310 Arianam

492 4348 727 4405 haeresin
765 4349 927 4419 282
951 4348 1235 4412 describit,
1267 4348 1579 4412 ostendere,
1611 4364 1750 4418 quas
1798 4364 1899 4403 suo
1924 4359 2064 4403 tem-

2165 3154 2292 3217 fide,
2323 3168 2447 3208 cum
2490 3154 2752 3208 adversus
2780 3154 3012 3209 Arianos
3037 3153 3258 3219 tuenda,
3294 3163 3408 3207 tum
3443 3154 3587 3224 apud
3617 3153 3743 3208 infi—

2164 3245 2314 3301 deles
2339 3246 2720 3317 propaganda;
2745 3256 2879 3316 quot
2912 3253 3092 3301 tamen
3120 3245 3499 3301 haereticorum
3529 3245 3740 3300 fraudi-

2164 3337 2270 3393 bus
2301 3346 2494 3409 captus
2517 3338 2622 3403 sit;
2663 3338 2758 3407 qui
2787 3337 2972 3393 obitus
2998 3337 3147 3404 Arii;
3171 3338 3265 3407 qui
3293 3346 3350 3392 et
3378 3354 3610 3408 quarum
3639 3340 3742 3394 Ec-

2166 3428 2454 3482 clesiarum
2483 3427 2725 3497 episcopi
2742 3427 2959 3482 Arianis
2991 3426 3247 3490 faverint,
3275 3437 3371 3482 aut
3393 3428 3738 3493 obstiterint;

2166 3528 2371 3588 quanta
2404 3534 2597 3587 passus
2622 3518 2953 3574 Athanasius
2975 3557 2991 3582 ,
3030 3519 3100 3574 ab
3126 3518 3247 3589 ipso
3273 3519 3438 3574 etiam
3467 3518 3740 3575 Constan-

2169 3607 2303 3672 tino,
2351 3623 2452 3677 pro
2480 3606 2645 3662 Verbi
2671 3606 2987 3673 divinitate;
3027 3623 3150 3677 quae
3198 3607 3252 3660 in
3279 3607 3467 3661 exsilia
3488 3608 3738 3677 eiectus;

2165 3713 2328 3768 quam
2346 3699 2507 3769 283
2527 3699 2616 3769 pie
2631 3697 3022 3755 Constantinus
3038 3697 3258 3755 obierit.
3279 3698 3457 3768 Atque
3472 3697 3590 3752 haec
3609 3713 3741 3768 syn-

2166 3792 2314 3861 opsis
2346 3792 2472 3846 libri
2508 3791 2689 3861 primi.

2240 3906 2425 3960 XXIII.
2465 3905 2752 3961 Secundus
2791 3906 3036 3960 continet
3075 3906 3152 3960 rei
3191 3906 3406 3961 Arianae
3445 3904 3738 3959 historiam

2166 3997 2270 4051 sub
2305 3995 2632 4052 Constantio
2672 4013 2686 4049 :
2722 4004 2979 4050 narratur
3019 3998 3166 4051 enim
3204 3996 3414 4065 primus
3453 3994 3739 4049 Athanasii

2165 4085 2552 4142 Alexandriam
2581 4102 2611 4141 e
2645 4086 2835 4142 Galliis
2876 4087 3107 4150 reditus,
3153 4095 3269 4141 tum
3303 4086 3610 4141 Constantii
3636 4086 3742 4139 im-

2165 4176 2437 4244 peratoris
2471 4176 2706 4232 defectio
2744 4192 2774 4231 a
2808 4176 2913 4231 fide
2947 4177 3247 4239 catholica,
3286 4177 3529 4231 secunda
3564 4177 3740 4230 Atha-

2166 4266 2303 4321 uasii
2339 4266 2620 4337 relegatio,
2649 4268 2912 4337 Paulique
2929 4267 3519 4337 Constantinopolitani
3541 4269 3741 4340 ejectio

2168 4355 2222 4408 in
2240 4356 2435 4410 urbem
2453 4356 2736 4411 Cucnsum
2769 4373 2784 4409 :
2810 4364 3001 4425 postea
3022 4356 3322 4411 Macedonii
3346 4358 3592 4421 haeresis,
3615 4373 3740 4427 quae

494 4454 629 4509 pore
652 4454 875 4508 serpere
898 4437 1146 4508 putabat,
1182 4436 1353 4507 ipsius
1379 4436 1725 4507 propagines,
1750 4436 1805 4490 id
1828 4447 1933 4501 est,
1969 4436 2066 4491 de—
2098 4419 2142 4476 ί)
2167 4443 2382 4499 Arianae
2404 4445 2641 4509 soboles,
2663 4419 2888 4500 exortus
2911 4463 2926 4512 ;
2954 4460 3073 4515 quae
3094 4446 3148 4498 in
3166 4446 3400 4500 concilio
3423 4419 3737 4503 Sardi-censi

494 4542 803 4587 monstrare
837 4531 892 4585 in
915 4530 1067 4595 Ario,
1092 4530 1384 4593 Eunomia,
1429 4530 1763 4599 Apollinario
1797 4540 1855 4584 et
1884 4530 2061 4585 Mace—

494 4622 681 4682 donio.
710 4622 861 4677 velut
892 4620 947 4676 in
982 4620 1321 4690 parentibus,
1367 4619 1632 4691 Cyrillum
1661 4631 1718 4675 et
1751 4620 2065 4676 Catholicos

495 4713 717 4767 unionis
745 4710 1122 4767 substantialis
1166 4710 1506 4777 defensores,
1547 4726 1686 4780 quos
1722 4710 2062 4778 traducebat,

493 4804 646 4860 velut
682 4801 951 4874 eiusmodi
1002 4801 1239 4872 pestium
1288 4800 1432 4856 filios
1481 4812 1578 4863 aut
1614 4810 1862 4872 nepotes.
1921 4802 2065 4869 Quid

2168 4548 2317 4604 gesta
2344 4536 2479 4601 sint;
2509 4536 2641 4606 quid
2663 4536 2967 4591 Antiochia:
2985 4535 3171 4590 Ariani
3199 4536 3465 4591 adversus
3487 4536 3739 4606 Euphra-

2172 4634 2288 4678 tum
2333 4634 2390 4678 et
2442 4626 2788 4680 Vincentium
2833 4623 3040 4689 moliti;
3108 4622 3386 4693 quomodo
3429 4621 3740 4692 Stephanus

2172 4715 2548 4770 Antiochenus
2591 4714 2827 4770 Arianus
2857 4714 3137 4785 dejectus;
3184 4713 3463 4783 quomodo
3498 4712 3742 4768 Athana-

2174 4806 2292 4861 sius
2319 4807 2519 4862 iterum
2549 4807 2779 4863 redierit
2809 4805 2880 4861 ab
2917 4805 3143 4867 exsilio,
3188 4813 3247 4861 et
3276 4805 3500 4861 tertium
3529 4805 3740 4875 eiectus

1830 4970 2151 5027 SCHULZII
2188 4973 2422 5031 ΝΟΤλιΕ.

3232 5115 3278 5147 ⁸⁸
3307 5113 3417 5169 Soli
3471 5111 3742 5167 Camerio

498 5187 583 5242 hze
605 5186 903 5257 levissimae
919 5182 1336 5257 conjecturgese
1356 5180 1592 5250 probare
1612 5190 1928 5257 potuerunt.
1962 5185 2008 5257 8f
2028 5183 2258 5257 Somnia
2276 5180 2390 5257 base
2418 5184 2624 5257 digeris
2636 5184 2821 5257 potius
2835 5200 2997 5254 quam
3014 5188 3353 5257 conjecturas
3379 5185 3497 5257 viro
3521 5183 3742 5237 erudito

497 5257 705 5334 dignas.
728 5248 1513 5334 Eidz.l)_upinii‘liibliotfg‘aut.
1544 5248 1691 5334 eff-1:,
1720 5252 1883 5334 Lall},
1903 5268 1955 5321 p.
1980 5254 2069 5334 ἐμ,
2100 5254 2189 5334 9εξ,
2216 5253 2464 5334 et_lttigii
2487 5248 2651 5334 Prmf;
2670 5253 2737 5334 a_d
2765 5248 2900 5334 Hist.
2927 5248 3132 5334 eadem:
3151 5269 3436 5334 ἔκαμψε
3452 5252 3615 5334 8seq_.
3639 5268 3743 5334 nec

498 5318 606 5378 no'n
639 5324 712 5376 De
735 5318 1282 5391 Βὶὺιὶοεὴῖνειγϐαιεηὶδ
1307 5318 1440 5382 ΡΡ.,
1473 5335 1527 5388 p.
1561 5321 1681 5374 72‘).
1755 5321 1800 5351 ⁸⁷
1831 5323 1885 5379 Si
1904 5318 2006 5377 _vel
2031 5324 2263 5377 maxime
2288 5318 2503 5376 hasc'ita
2533 5338 2590 5376 se
2621 5323 2905 5389 haberent,
2932 5332 3110 5379 tamen
3144 5318 3393 5380 Carnerii
3424 5318 3744 5391 hypot'hesis

499 5408 690 5474 parum
709 5391 944 5474 praesidii
977 5390 1103 5445 inde
1124 5398 1308 5474 petere
1329 5381 1529 5474 posset.
1564 5390 1888 5474 Cumnenint
1913 5393 2313 5473 Theodoretus,
2339 5400 2400 5446 ut
2431 5393 2546 5474 ipse
2572 5393 2608 5445 I.
2639 5409 2692 5456 v,
2725 5408 2772 5447 c.
2805 5381 2903 5474 {39,
2927 5403 3180 5459 testatur,
3208 5381 3742 5474 scribendi'initium

497 5459 689 5533 fecerit
712 5459 784 5516 ab
808 5462 922 5533 Arii
953 5459 1194 5533 vesania,
1218 5459 1329 5533 haec
1357 5467 1538 5514 autem
1565 5475 1664 5529 pro
1687 5460 1922 5533 diversis
1950 5464 2361 5532 imperatorum,
2390 5459 2714 5527 aulicorum,
2741 5465 3127 5533 episcoporum
3155 5459 3372 5525 studiis,
3397 5462 3538 5533 ultra
3570 5476 3744 5533 saecu-

497 5530 611 5587 lum
653 5532 949 5587 Ecclesiam
975 5530 1294 5602 turbaverit,
1330 5543 1443 5582 non
1480 5537 1566 5583 est
1601 5529 1746 5602 quod
1779 5529 2077 5602 miremur,
2117 5532 2740 5602 scriptoremnostrum,
2771 5529 2893 5589 cum
2925 5529 3143 5589 centum
3188 5543 3245 5588 et
3281 5531 3429 5602 quod
3475 5531 3739 5602 excurrit.

497 5614 765 5672 annorum
812 5601 1093 5672 historiam
1129 5600 1417 5672 scriberet.
1454 5598 1668 5672 nonad
1709 5598 2012 5666 primordia
2039 5598 2247 5654 tantum
2279 5601 2593 5668 Arianisuti,
2624 5604 2716 5658 sed
2750 5605 2818 5660 ad
2873 5605 3182 5660 universam
3236 5598 3355 5671 ejus
3420 5601 3741 5672 progeniem

503 5670 717 5741 plenius
748 5671 1162 5728 describendam
1200 5669 1451 5736 animum
1499 5667 1785 5737 adjecisse.

567 5118 708 5172 "Ita
744 5114 1044 5183 Garnerius
1063 5108 1313 5179 praeludit
1337 5108 1646 5183 hypothesi,
1679 5125 1839 5179 quam
1870 5112 1897 5181 ᾗ
1939 5113 2005 5167 I9
2030 5123 2085 5167 et
2119 5113 2210 5177 20,
2264 5127 2590 5183 expromere
2633 5113 2778 5167 haud
2843 5113 3133 5170 dubitavit.
