3952 6294
223 280 322 349 233
1375 273 1469 336 ΒΕ
1508 277 1763 336 LIBRIS
1797 275 2302 337 THEODOIIETI.
2999 276 3004 280 ’
3073 320 3076 322 -
3358 277 3459 339 234

224 398 452 470 fugerit;
474 404 675 464 quanta
706 393 854 448 rabie
881 389 1052 463 ipsius
1081 391 1267 446 sedem
1297 391 1498 460 impius
1520 391 1788 461 Georgius
1817 395 1862 450 A
1961 391 2146 447 XXVI.
2183 391 2417 457 Quintus
2449 386 2649 446 statum
2687 393 2908 448 haeresis
2934 392 3166 458 Arianae,
3194 392 3457 449 duarum~

225 489 503 552 invaserit,
552 496 604 542 et
644 485 1066 540 Alexandrinam
1116 483 1416 538 Ecclesiam
1453 482 1782 547 vastaverit;
1890 499 1997 552 que
2036 483 2207 553 ipsius
2246 484 2625 554 prop'aginum,
2668 484 3086 552 Apollinariame
3121 492 3176 539 et
3212 484 3460 540 Macedo-

225 582 418 651 quibus
455 579 783 632 Arianorum
827 576 1040 630 artibus
1083 584 1333 628 coactum
1378 573 1448 627 sit
1489 573 1784 627 concilium
1859 573 2064 626 iniam:
2088 573 2489 628 damnationem
2511 573 2912 642 complectitur,
2935 574 3206 644 simulque
3231 575 3460 630 immen-

224 650 963 726 IlediolaiienseArianorum
993 674 1184 720 contra
1220 666 1616 729 Athanasium;
1652 663 1783 733 quid
1829 736 1833 740 _
1885 677 1978 718 sas
2037 664 2335 719 Theodosii
2393 666 2770 734 imperatoris‘,
2835 664 3110 720 Ambrosii
3190 650 3455 736 episcopi’,

224 761 468 816 Liberius
499 775 638 829 papa
674 773 799 812 cum
826 757 1148 813 Constantio
1181 757 1514 824 imperatore
1544 755 1784 807 collocu-

225 857 334 913 tus;
359 849 638 918 quomodo
662 849 939 917 etejectus
959 847 1029 899 sit
1053 847 1107 899 in
1134 846 1412 908 exsilium,
1438 853 1493 897 et
1525 843 1782 909 redierit;

225 951 399 1011 postea
435 941 504 993 de
538 939 772 993 concilio
802 937 1156 999 Ariminensi,
1190 935 1356 1004 impia
1391 934 1625 988 formula
1660 933 1786 988 fidei

223 1031 405 1084 Nicaeae
426 1028 675 1082 Thraciae
696 1028 986 1091 fabricata;
1011 1026 1269 1096 synodica
1289 1025 1525 1085 Damasi,
1549 1024 1787 1078 Athana-

223 1121 389 1188 siique
419 1119 654 1188 epistola
685 1133 852 1185 super
887 1115 1121 1170 concilio
1148 1114 1482 1168 Ariminensi
1507 1131 1520 1179 ;
1569 1113 1784 1166 Leontii

223 1210 542 1264 Antiocheni
575 1209 760 1264 Ariani
785 1207 998 1260 artibus
1020 1205 1087 1260 ad
1111 1203 1378 1259 fallendos
1409 1204 1636 1266 fideles;
1672 1203 1784 1255 Eu—

223 1303 382 1364 doxii,
423 1303 521 1371 qui
572 1300 803 1355 Leontio
850 1298 1133 1360 successit,
1174 1296 1420 1365 professa
1463 1294 1782 1361 impietate;

223 1393 448 1445 concilio
477 1393 676 1445 iterum
706 1390 900 1444 Nicaeae
924 1396 1260 1451 convocato;
1291 1385 1358 1439 de
1391 1385 1626 1438 concilio
1653 1383 1784 1436 item

223 1482 474 1536 Seleucia:
504 1482 728 1537 Isauria:
764 1481 990 1544 habito;
1044 1479 1112 1532 de
1146 1476 1289 1532 Aetii
1324 1475 1572 1530 Anomwi
1615 1473 1787 1528 initiis

222 1582 274 1625 et
310 1573 802 1636 condemnatione;
845 1571 912 1624 de
957 1570 1426 1623 Eunomianorum
1461 1567 1531 1619 ab
1568 1565 1786 1619 Arianis

225 1664 554 1718 discessione
577 1681 590 1728 ;
617 1664 684 1718 de
709 1663 913 1717 Jacobo
946 1661 1208 1715 Nisibeno
1228 1674 1327 1729 per
1347 1657 1744 1727 digressionem
1767 1671 1782 1720 ;

224 1754 286 1808 de
313 1755 544 1808 concilio
579 1754 799 1808 tandem
829 1753 1195 1814 Antiocheno,
1228 1750 1282 1803 in
1307 1764 1414 1817 quo
1440 1749 1691 1803 Melctius
1717 1747 1786 1800 ab

223 1844 430 1899 Arianis
459 1854 692 1898 vexatus
725 1853 809 1897 est
833 1859 846 1906 ;
875 1842 942 1896 de
970 1841 1208 1895 Eusebio
1236 1838 1603 1894 Samosatensi
1629 1839 1786 1893 Aria-

223 1950 406 1989 norum
428 1935 612 1996 hoste,
634 1942 687 1988 et
704 1934 858 1988 obitu
881 1932 1186 1988 Constantii
1209 1930 1526 1984 eorumdem
1549 1929 1786 1998 patroni.

283 2023 468 2079 XXIV.
538 2023 757 2077 Tertius
815 2021 1170 2091 prosequitur
1230 2018 1523 2088 imperium
1585 2017 1788 2073 Iuliani

220 2111 504 2180 Apostatm,
547 2126 660 2179 quo
697 2110 1014 2166 dominante
1088 2109 1182 2164 vix
1233 2108 1506 2176 respirare
1563 2107 1788 2176 quidem

223 2201 413 2255 licebat
440 2201 793 2265 Christianis,
815 2200 1110 2270 gentilibus
1139 2199 1398 2253 audacter
1431 2198 1740 2252 furentibus
1772 2215 1784 2250 :

224 2306 346 2344 ausa
375 2298 459 2345 est
489 2300 676 2344 tamen
708 2290 1007 2344 identidem
1047 2288 1292 2352 haeresis,
1324 2297 1568 2356 cognatae
1595 2287 1789 2356 impie-

223 2383 338 2438 tatis
363 2383 438 2434 uti
471 2382 742 2451 potentia,
768 2381 834 2434 ad
862 2381 1176 2435 Catholicos
1200 2380 1569 2436 insectandos.
1604 2380 1662 2434 In
1684 2379 1789 2433 hoc

220 2471 373 2540 igitur
433 2471 626 2534 libro,
697 2479 819 2540 post
889 2470 1194 2539 descriptos
1230 2469 1432 2524 Juliani
1489 2484 1672 2523 mores
1733 2477 1789 2521 et

225 2574 470 2616 enarrata
517 2562 707 2625 initia,
745 2561 981 2616 refertur
1018 2562 1399 2630 episcoporum
1431 2559 1683 2613 exsiliunt
1718 2558 1787 2612 ab

217 2654 424 2708 Arianis
439 2669 732 2724 passorum
760 2653 989 2716 reditus,
1009 2651 1220 2706 Paulini
1248 2649 1575 2704 Antiocheni
1596 2648 1787 2703 catho-

217 2745 302 2800 lici
329 2747 632 2808 ordinatio,
664 2745 948 2814 gentilium
982 2745 1037 2798 in
1069 2742 1406 2798 Christianos
1431 2741 1603 2804 furor,
1626 2755 1789 2809 quar-

217 2845 432 2907 tumque
493 2837 774 2892 Athanasii
840 2836 1115 2890 exsilium.
1185 2835 1316 2901 Quae
1379 2841 1789 2902 consequuntur

219 2945 379 2999 usque
403 2930 480 2986 ad
514 2931 698 2992 tinem,
719 2930 773 2982 in
801 2929 999 2984 Juliani
1033 2929 1337 2999 tyrannide,
1370 2938 1681 2982 sanctorum
1719 2925 1788 2980 de

1888 754 2113 810 Joannis
2131 755 2526 827 Chrysostomi,
2563 766 2617 810 et
2646 756 3110 810 Antiochcnorum
3137 758 3454 826 prtesulum,

1889 858 1953 899 ac
1985 843 2259 898 Theodori
2284 843 2649 914 Mopsuesteni
2673 845 2880 900 laudes.
2909 845 3088 913 Quare
3122 857 3243 916 post
3271 848 3460 901 lauda-

1891 944 2006 989 tum
2033 935 2375 1000 Gratianum,
2408 938 2502 1007 qui
2527 948 2744 992 mortuo
2770 939 3013 1004 Valente,
3048 939 3220 1014 totius
3241 939 3456 1010 imperii

1887 1027 2097 1095 potitus
2123 1036 2227 1092 est,
2259 1028 2468 1082 reditus
2493 1029 2730 1097 primum
2753 1029 3146 1083 catholicorum
3174 1031 3458 1100 episeopo-

1891 1133 2012 1171 rum
2046 1134 2146 1188 pro
2180 1118 2284 1172 fide
2312 1121 2584 1183 exsulum,
2609 1119 2935 1174 Arianorum
2969 1122 3087 1188 lege
3119 1122 3226 1175 lata
3260 1123 3457 1191 ejectio
3549 1184 3556 1189 _

1888 1213 2141 1259 narratur
2189 1223 2202 1258 :
2247 1214 2359 1259 tum
2410 1207 2702 1276 exponitur
2758 1209 2980 1263 hmresis
3036 1211 3458 1278 Apollinarianm

1890 1301 2120 1361 utraque
2143 1310 2289 1362 pars,
2315 1305 2367 1348 et
2389 1297 2661 1364 posterior
2688 1299 2941 1352 maxime.
2959 1299 3062 1352 aEx
3087 1299 3188 1353 hac
3213 1300 3450 1364 radice,»

1889 1383 2067 1453 inquit
2094 1385 2473 1440 Theodoretus
2493 1386 2558 1451 ⁸⁸,
2575 1407 2591 1437 ‹
2612 1388 2665 1441 in
2693 1389 2953 1444 Ecclesiis
2976 1400 3160 1443 natum
3181 1400 3284 1452 est,
3310 1393 3458 1461 quod

1888 1489 1995 1529 una
2031 1476 2212 1529 carnis
2253 1485 2307 1529 et
2346 1477 2654 1532 divinitatis
2694 1488 2892 1532 natura
2935 1481 3159 1546 dicitur,
3200 1483 3459 1553 quodque

1888 1563 2160 1617 divinitati
2194 1565 2468 1636 Unigeniti
2501 1569 2683 1636 passio
2707 1569 3026 1635 ascribitur,
3057 1579 3112 1624 et
3140 1571 3243 1626 alia
3275 1571 3328 1626 id
3369 1588 3460 1642 ge-

1887 1670 2012 1719 nus,
2047 1655 2114 1710 de
2145 1657 2348 1725 quibus
2396 1660 2755 1728 p0pulorum,
2792 1661 3247 1732 sacerdotumque
3280 1672 3459 1718 certa-

1890 1748 2037 1802 mina
2053 1750 2412 1806 exstiternnt.
2443 1770 2460 1801 ›
2508 1752 2714 1808 Deinde
2741 1755 2967 1809 Diodori
2998 1754 3282 1811 Tarsensis
3307 1757 3457 1812 ordi-

1888 1839 2060 1904 natio,
2107 1841 2329 1894 Eusebii
2363 1841 2763 1898 Samosatensis
2803 1846 3040 1911 reditus,
3083 1848 3346 1917 factaeque
3387 1851 3457 1904 ab

1890 1932 2009 2004 ipso
2031 1933 2402 1987 ordinationes
2419 1934 2850 2001 Catholicorum,
2870 1939 3151 2008 caedesque
3170 1941 3236 1993 ab
3262 1942 3458 1996 Ariaua

1887 2023 2120 2078 muliere
2159 2025 2492 2080 describitur
2529 2044 2542 2079 :
2581 2027 2778 2082 deinde
2811 2029 3105 2084 Theodosii
3139 2031 3316 2100 Magni
3352 2032 3456 2085 im-

1887 2119 2158 2186 peratoris
2196 2119 2563 2188 inauguratio,
2603 2121 2849 2174 studium
2885 2137 2985 2190 pro
3014 2122 3138 2187 ﬁde,
3169 2125 3324 2194 cujus
3354 2125 3457 2179 im-

1889 2219 2222 2279 pugnatores
2273 2211 2514 2280 episcopi
2555 2221 2882 2278 censentur;
2949 2213 3166 2268 concilii
3229 2216 3457 2271 secundi

1890 2302 2231 2363 convocatio,
2279 2301 2538 2372 synodica
2577 2299 2644 2354 ad
2688 2301 2977 2356 Damasum
3012 2319 3155 2358 anno
3193 2315 3458 2375 sequente

1891 2391 2078 2454 missa,
2120 2407 2227 2460 qua
2270 2392 2600 2445 damnantur
2635 2391 2983 2447 Macedonius
3019 2402 3073 2448 et
3108 2394 3455 2464 Apollinaris.

1889 2485 2107 2539 Damasi
2130 2485 2393 2540 adversus
2410 2485 2780 2555 Apollinarem
2803 2485 3078 2556 synodica,
3099 2488 3457 2560 ejusdemque

1891 2577 2164 2631 confessio
2195 2578 2262 2632 ad
2294 2579 2582 2632 Paulinum
2610 2577 2961 2632 describitur.
3013 2579 3135 2632 Mos
3166 2582 3456 2650 perstricta

1887 2667 2134 2722 Gratiani
2167 2685 2300 2722 nece
2335 2678 2389 2723 et
2423 2669 2710 2739 tyrannide
2739 2669 2978 2736 Maximi,
3001 2670 3309 2727 instituitur
3336 2690 3458 2728 nar-

1889 2756 2028 2811 ratio
2052 2757 2120 2810 de
2143 2758 2368 2812 Iustina:
2393 2759 2574 2812 studio
2602 2773 2729 2828 erga
2757 2758 3010 2824 Arianos,
3035 2761 3319 2830 turbisque
3349 2761 3458 2817 Me-

1891 2845 2099 2899 diolani
2129 2848 2312 2910 motis,
2333 2864 2398 2902 ac
2421 2849 2637 2901 Maximi
2663 2849 2898 2919 tyranni,
2927 2850 3332 2920 Theodosiique
3359 2854 3459 2906 im-

1890 2937 2162 3005 peratoris
2190 2952 2253 2991 ea
2278 2936 2345 2990 de
2369 2953 2425 2991 re
2444 2938 2674 3007 judicio,
2700 2947 2754 2992 et
2787 2939 2853 2992 de
2877 2939 3167 2994 Theodosii
3196 2942 3459 2998 adversus

221 3027 446 3091 tyranno
494 3020 810 3090 triumphis,
837 3020 1081 3090 ejusdem
1123 3019 1472 3089 expeditione
1498 3019 1553 3073 in
1575 3019 1785 3083 Persas,
1813 3045 1858 3103 ε
1890 3025 2124 3079 Arianos
2144 3027 2260 3095 lege
2283 3027 2649 3095 Amphilochii
2674 3028 2929 3096 precibus
2955 3029 3338 3087 edita..Postea
3362 3048 3460 3101 per

219 3120 271 3165 et
290 3112 432 3180 justa
465 3111 614 3166 cwde
641 3111 966 3174 enarranda,
995 3112 1171 3180 posita
1203 3118 1349 3165 sunt.

284 3203 446 3257 XXV.
485 3202 725 3268 Quartus
753 3204 1001 3258 continet
1039 3219 1129 3257 res
1159 3202 1316 3266 fidei,
1357 3218 1478 3271 qua:
1509 3201 1787 3271 regnanti-

221 3294 316 3349 bus
340 3297 524 3349 tribus
558 3311 738 3349 rerum
767 3295 1026 3359 dominis,
1065 3295 1293 3350 Joviano
1333 3294 1555 3362 quidem
1592 3301 1650 3345 et
1681 3292 1788 3346 Va-

219 3383 517 3439 lentiniano
544 3384 858 3448 catholicis,
884 3385 1320 3439 Valenteautem
1346 3382 1550 3436 Ariano
1569 3421 1582 3444 ,
1613 3380 1790 3434 conti-

221 3484 406 3543 gerunt
446 3491 461 3527 :
508 3489 680 3542 quare
724 3484 844 3544 post
877 3481 1303 3529 commemorata
1346 3472 1559 3527 Joviani
1611 3471 1786 3533 initia,

220 3565 448 3620 refertur
483 3565 724 3634 primum
756 3565 964 3618 reditus
990 3563 1268 3618 Athanasii
1295 3580 1307 3628 ;
1341 3563 1598 3632 synodica
1623 3561 1787 3632 IEgy-

219 3655 372 3724 ptiaci
403 3655 628 3710 concilii
654 3655 721 3708 ad
735 3656 1047 3719 Iovianum,
1080 3655 1402 3722 Jovianique
1427 3668 1574 3707 mors
1596 3667 1789 3722 repen-

219 3747 325 3800 tina
370 3764 382 3798 :
428 3755 548 3799 tum
599 3746 962 3800 Valentiniani
1014 3745 1385 3814 inauguratio,
1434 3743 1788 3812 Valentisquc

220 3835 396 3890 fratris
425 3836 482 3888 in
510 3843 819 3889 consortem
844 3836 993 3905 regni
1023 3827 1343 3904 assumptio,
1369 3834 1643 3888 ordinatio
1663 3833 1790 3887 Am-

217 3926 378 3982 brosii
422 3926 846 3981 Mediolancnsis
883 3927 1146 3995 episcopi,
1182 3928 1552 3996 Augustorum
1596 3925 1683 3979 lex
1718 3925 1786 3979 de

217 4021 687 4086 consubstantiali,
711 4022 777 4076 de
792 4037 901 4089 quo
921 4020 1081 4074 etiam
1102 4017 1342 4088 synodus
1369 4017 1670 4087 illyriciana
1691 4016 1788 4070 ha-

217 4113 323 4169 bita
342 4124 462 4180 est;
493 4115 868 4168 Audianorum
894 4113 959 4166 de
980 4114 1090 4166 Deo
1111 4119 1421 4180 corporato,
1441 4111 1787 4164 Messaliano—

217 4220 332 4259 rum
376 4205 545 4276 284
590 4206 658 4259 de
712 4205 977 4259 orationis
1036 4203 1224 4256 fletitia
1273 4201 1505 4271 quadam
1558 4201 1782 4263 virtute,

217 4290 438 4348 hmresis
473 4293 794 4356 exordium;
853 4301 1038 4361 postea
1074 4291 1314 4346 Valentis
1351 4289 1696 4359 imperatoris
1729 4288 1782 4341 in

1889 3116 2196 3187 episodium
2241 3117 2416 3172 caedes
2447 3118 2985 3182 Thessalonicensis,
3028 3121 3457 3179 et-Antiochena

1891 3206 2092 3260 seditio
2115 3214 2394 3269 narratur,
2431 3215 2491 3260 ut
2515 3206 2810 3269 Ambrosii,
2830 3218 2884 3261 et
2911 3208 3174 3274 Flaviani,
3197 3211 3456 3267 Theodo-

1891 3297 2068 3367 siique
2092 3297 2350 3352 laudandi
2372 3299 2586 3352 occasio
2609 3301 2858 3367 capiatur
2883 3315 2897 3352 :
2927 3309 3180 3353 narratur
3203 3311 3260 3357 et
3282 3302 3460 3356 idolo-

1891 3405 2014 3442 rum
2055 3389 2498 3458 templorumque
2553 3388 2879 3453 destructio,
2924 3388 3280 3458 Flavianique
3333 3407 3456 3447 cum

1889 3480 2222 3548 imperatore
2247 3478 2540 3533 collocutio
2568 3479 2636 3532 de
2661 3471 2982 3548 episcopatu
3011 3479 3374 3547 Antioehcno,
3403 3493 3460 3540 et

1891 3569 2268 3624 reconciliatio
2296 3585 2418 3623 cum
2447 3568 2925 3634 Occidentalibus,
2957 3586 3072 3624 rem
3101 3581 3460 3640 promovente

1887 3659 2087 3715 Acacio
2109 3677 2123 3724 ;
2145 3660 2374 3730 Eugenii
2399 3661 2663 3730 tyrannis,
2686 3659 3090 3729 'l'beodosiique
3115 3660 3343 3714 victoria
3376 3669 3459 3716 at-

1888 3769 1997 3822 que
2026 3753 2232 3806 obitus.
2271 3753 2503 3807 Venitur
2538 3753 2737 3807 deinde
2777 3752 2843 3806 ad
2887 3752 3109 3806 Arcadii
3139 3752 3454 3822 imperium,

1889 3853 2085 3906 resque
2115 3838 2508 3908 Chrysostomi,
2537 3840 2736 3908 quibus
2752 3840 2960 3909 prolixe
2990 3841 3269 3909 expositis,
3295 3843 3457 3913 285

1887 3928 2142 3982 laudatur
2182 3937 2237 3983 et
2284 3929 2592 3984 Alexander
2623 3930 3000 3984 Antiochenus
3046 3932 3357 4000 episcopus,
3401 3942 3459 3987 et

1889 4019 2064 4088 pietas
2085 4020 2380 4076 Theodosii
2397 4021 2640 4076 Junioris
2664 4037 2728 4075 ac
2755 4036 3031 4083 sororum,
3056 4030 3112 4074 et
3139 4023 3456 4079 Theodotus

1886 4110 2178 4168 Alexandri
2227 4127 2532 4174 successor,
2584 4111 2677 4179 qui
2712 4110 3129 4178 Apollinaristas
3161 4111 3227 4163 ad
3265 4111 3454 4167 Eccle-

1888 4200 2021 4254 siam
2051 4201 2290 4256 reduxit.
2323 4201 2585 4263 Tandem,
2624 4207 2842 4254 narrata
2871 4214 2969 4266 per
2993 4198 3295 4266 episodium
3320 4201 3446 4253 Per-

1889 4305 2073 4343 sarum
2117 4290 2519 4358 persecutione,
2561 4288 2843 4341 immensis
2881 4287 3134 4340 laudibus
3174 4289 3455 4342 extollitur

215 4379 469 4435 Arianam
494 4383 826 4450 impietatem
850 4382 1068 4450 lapsus;
1097 4379 1220 4433 inde
1243 4388 1554 4432 sanctorum
1572 4377 1784 4441 exsilia,
1819 4371 1860 4426 D
1890 4378 2212 4433 Theodorus
2250 4378 2680 4446 Mopsuestenus,
2731 4391 2794 4429 ac
2841 4375 2965 4429 finis
3007 4375 3251 4430 historiae
3283 4377 3454 4446 impo-

217 4478 329 4524 tum
371 4470 660 4526 Athanasii
701 4471 924 4533 obitus,
976 4469 1118 4525 Petri
1161 4467 1496 4521 successoris
1528 4465 1783 4520 catholici

216 4562 448 4624 vexatio,
500 4561 654 4620 Lucii
706 4560 891 4633 Ariani
934 4560 1094 4613 Petro
1136 4558 1350 4611 suffecti
1389 4556 1609 4630 infanda
1651 4557 1784 4612 faci-

215 4664 369 4714 nora,
403 4660 458 4704 et
493 4667 524 4703 a
562 4650 958 4703 Saracenorum
988 4650 1164 4702 electo
1202 4648 1458 4715 episcopo
1491 4649 1788 4717 reprehen-

215 4740 295 4794 sio
319 4759 332 4806 ;
363 4742 624 4810 deinceps
644 4739 1372 4808 Constantinopolitanorum
1399 4753 1463 4792 ac
1492 4740 1789 4795 Antioche-

213 4846 413 4886 norum
450 4833 689 4887 fidelium
717 4832 1046 4902 persecutio,
1083 4828 1322 4884 Flaviani
1351 4838 1404 4883 et
1441 4830 1664 4884 Diodori
1688 4846 1788 4900 pro

212 4921 318 4977 fide
338 4923 675 4988 sollicitudo,
700 4931 1014 4978 sanctorum
1045 4923 1059 4940 ⁶
1086 4920 1481 4974 monachorum
1503 4936 1629 4974 cum
1654 4922 1790 4978 duo-

212 5012 314 5069 bus
338 5015 424 5069 his
453 5015 579 5069 ﬁdei
613 5005 993 5070 defensoribus
1026 5010 1391 5081 conspiratio;
1417 5012 1700 5082 Ephremii
1732 5016 1787 5067 in

213 5104 388 5176 Syria,
423 5105 638 5177 Didymi
670 5104 1008 5162 Alexandria;
1028 5143 1042 5167 ,
1075 5101 1371 5158 illustrium
1404 5101 1783 5170 episcoporum

213 5193 268 5248 in
301 5196 527 5250 Pontica
565 5206 621 5250 et
651 5196 872 5257 Asiana,
903 5192 1118 5248 Damasi
1150 5202 1206 5245 et
1235 5191 1509 5245 Ambrosii
1535 5193 1587 5245 in
1624 5191 1783 5247 Occi-

211 5286 395 5352 dente,
439 5303 542 5358 pro
578 5287 684 5340 fide
721 5287 937 5340 sincera
973 5283 1251 5349 studium;
1279 5281 1515 5351 denique
1543 5282 1792 5337 Valentis

212 5379 492 5448 expeditio
513 5388 570 5434 et
592 5379 788 5441 caedes,
811 5377 1224 5444 Gothorumque
1245 5375 1311 5428 ad
1333 5375 1588 5429 Arianam
1615 5375 1786 5429 haere-

212 5467 294 5525 εἰη
332 5470 616 5524 abductio.

1887 4470 2056 4524 nitur.

1959 4559 2170 4616 XXVII.
2201 4558 2338 4615 Cum
2369 4574 2435 4613 ea
2475 4559 2545 4613 sit
2575 4557 2713 4612 ratio
2755 4559 2958 4628 Operis,
3009 4557 3155 4628 quod
3197 4573 3453 4614 recense-

1891 4663 2034 4712 mus,
2071 4647 2300 4709 nemini,
2327 4646 2544 4715 opinor,
2569 4647 2844 4701 historicas
2867 4648 3001 4701 artis
3022 4647 3201 4716 perito
3223 4647 3453 4702 dubium

1890 4747 1993 4803 est,
2031 4740 2162 4809 quin
2190 4754 2314 4793 vere
2339 4738 2563 4813 inscribi
2599 4739 2796 4792 debeat
2828 4738 3096 4793 Ilwreseos
3128 4740 3343 4793 Ariauc
3371 4740 3454 4792 Iti-

1887 4829 2074 4882 uaria.
2097 4828 2230 4882 Nam
2260 4843 2327 4882 ex
2359 4827 2493 4881 artis
2527 4834 2821 4895 praecepto,
2857 4827 3034 4895 primo
3055 4825 3243 4896 ipsius
3272 4826 3455 4880 omnia

1873 4929 2320 4990 .pertraetantur;
2345 4919 2542 4973 deinde
2571 4927 2787 4980 cuncta,
2814 4933 2934 4986 qua:
2952 4918 3296 4987 attinguutur
3326 4917 3451 4982 alia,

1887 5008 1954 5062 ad
1987 5008 2233 5062 eamdem
2263 5006 2614 5073 referuntur.

1961 5098 2196 5152 XXVIII.
2247 5099 2366 5153 Jam
2415 5112 2548 5150 vero
2597 5096 2878 5150 historiam
2925 5095 3066 5149 hanc
3112 5109 3179 5149 eo
3227 5093 3457 5150 consilio

1893 5188 2149 5258 scriptam
2173 5203 2313 5252 esse,
2346 5196 2407 5240 ut
2432 5186 2817 5240 ostenderetur
2837 5185 2991 5240 radix
3009 5198 3284 5247 errorum,
3321 5199 3459 5253 quos

1891 5279 1996 5332 sibi
2024 5279 2172 5334 visus
2197 5289 2281 5332 est
2315 5277 2694 5333 Theodorctus
2720 5276 2776 5331 in
2811 5276 3030 5346 scriptis
3071 5277 3243 5330 sancti
3271 5275 3454 5348 Cyriili

1890 5371 2100 5434 videre,
2139 5370 2284 5426 facili
2316 5369 2535 5440 negotio
2565 5367 2870 5423 conficitur.

1961 5459 2151 5514 XXIX.
2189 5461 2457 5515 Docuerat
2483 5458 2716 5529 Cyrillus
2749 5457 2890 5512 inter
2925 5455 3110 5514 ambas
3131 5456 3334 5514 Christi
3363 5472 3458 5512 na-

1505 5595 1822 5654 SCHL’LZII
1869 5594 2099 5651 ΝΟΤᾸΞ.

275 5699 323 5732 ⁸⁸
355 5701 492 5754 Hist.
533 5697 713 5752 ecrlcs.
768 5698 802 5751 1.
851 5715 903 5760 v,
939 5712 988 5749 c.
1025 5696 1075 5748 5.

447 5797 718 5859 Pamon.
761 5796 875 5854 Gn.
908 5791 1212 5853 LXXXIV.
