3952 6294
462 239 574 301 235

1600 230 1979 293 GARNERII
2014 230 2509 293 DISSERTATIO
2547 233 2629 292 Ιῐ.

3622 222 3728 287 236

466 362 616 405 turas
648 345 992 403 intercedere
1017 344 1215 400 ἕνωσιν
1237 332 1470 413 φυσικὴὺ
1494 348 1550 396 et
1578 340 1703 395 καθ’
1725 340 2043 403 ὑπόστασιν,

2218 341 2463 412 Uterque
2503 339 2811 397 divinitatis
2860 337 3025 396 Verbi
3077 333 3592 395 vehementissimus
3633 334 3729 391 de-

468 440 523 495 Id
537 446 641 506 est,
660 455 822 493 unam
836 454 956 494 esse
972 436 1275 492 divinitatis
1285 443 1342 490 et
1356 434 1715 493 humanitatis
1731 433 2048 494 ὑπόστασιν,

470 549 701 603 eamque
727 531 990 593 divinam,
1015 536 1071 581 et
1100 527 1262 582 Verbi
1303 527 1605 597 propriam.
1641 525 1749 580 Pro
1773 521 2053 595 hypostasi

468 629 732 693 posuerat
792 618 955 687 φύσιν
988 634 1003 670 :
1037 631 1145 685 qua
1180 620 1451 685 potestate
1488 612 1759 685 signiﬁcat
1797 612 1853 667 id
1890 627 2053 669 omne

474 714 620 784 quod
637 709 934 781 opponitur
961 706 1193 779 σχετικῷ
1220 716 1277 761 et
1294 707 1506 772 morali,
1528 706 1673 762 unde
1687 705 2051 768 concluserat,

475 812 600 873 post
631 799 936 854 unitionem
976 811 1141 851 unam
1171 812 1291 852 esse
1322 795 1379 850 in
1416 795 1637 851 Christo
1667 794 1831 851 Verbi
1870 793 2054 849 incar-

476 892 589 951 nati
626 892 811 960 φύσιν,
839 904 1078 958 vereque
1117 888 1228 944 dici
1272 887 1619 960 unigenitum
1642 888 1741 943 Dei
1769 885 1970 941 Filium
1998 884 2056 938 in

475 1001 644 1043 carne
671 985 915 1056 passum.
950 985 1223 1040 Docuerat
1259 982 1425 1038 etiam
1472 980 1739 1052 Spiritum
1782 986 2055 1061 sanctum,

469 1094 586 1135 non
618 1093 650 1132 a
682 1080 842 1133 Patre
884 1084 1120 1141 tantum,
1160 1075 1257 1132 sed
1287 1075 1452 1132 etiam
1494 1088 1526 1129 a
1560 1072 1701 1128 Filio
1734 1069 2057 1143 procedere.

2153 431 2342 489 fensor
2396 432 2518 488 fuit.
2557 432 2706 486 Nihil
2756 441 2909 487 certe
2953 430 3069 486 fere
3112 428 3263 484 aliud
3296 424 3629 481 Athanasius
3673 420 3728 479 in

2152 522 2379 595 scriptis
2401 523 2534 595 agit,
2562 522 2701 578 nihil
2729 521 3073 591 frequentius
3096 519 3151 574 in
3173 516 3526 573 sermonibus
3544 514 3733 571 Nesto-

2155 616 2271 671 rius
2306 633 2321 669 :
2352 615 2460 672 hoc
2480 622 2664 669 tamen
2696 612 3038 676 discrimine,
3062 610 3209 680 quod
3234 610 3326 664 ille
3351 608 3427 662 ita
3454 605 3733 677 ὁμοούσιρν

2157 722 2279 762 esse
2304 706 2629 761 Trinitatem
2651 705 3079 768 demonstraret,
3111 711 3172 756 ut
3197 716 3318 755 eam
3346 713 3473 754 cum
3506 697 3733 753 veritate

2157 796 2554 856 incarnationis
2593 796 2943 861 conciliaret;
3012 793 3180 849 vellet
3228 793 3331 848 iste
3393 789 3734 845 divinitatem

2160 890 2327 946 Verbi
2356 906 2481 945 cum
2519 890 2724 946 unione
2757 888 2880 943 καθ’
2913 887 3210 942 ὑπόστασιν
3241 899 3507 956 pugnare.

2228 980 2473 1052 Uterque
2516 980 2792 1037 Nicaenam
2841 978 3008 1034 ﬁdem
3059 975 3347 1047 magnifice
3388 971 3735 1044 depraedicat,

2159 1071 2311 1127 velut
2332 1073 2572 1138 unicam,
2594 1086 2716 1141 quas
2732 1068 2983 1134 sufﬁciat,
3009 1067 3135 1121 ﬁdei
3160 1065 3402 1137 regulam
3428 1081 3443 1118 :
3462 1063 3558 1119 sed
3575 1061 3741 1117 Atha—

473 1171 781 1239 Utrumque
810 1167 1193 1224 Theodoretus
1218 1167 1305 1222 vel
1337 1165 1575 1237 maligne
1607 1164 1674 1231 θ’,
1707 1172 1770 1218 ut
1798 1161 2061 1217 invidiam
2163 1163 2371 1227 nasius,
2398 1171 2460 1218 ut
2483 1178 2642 1218 veros
2664 1162 2899 1217 Arianos
2931 1160 3314 1230 impugnaret;
3343 1155 3652 1221 Nestorius,
3678 1162 3741 1208 ut

475 1262 680 1333 Cyrillo
720 1260 962 1328 faceret;
1011 1261 1100 1315 vel
1157 1257 1581 1323 inconsiderate,
1624 1264 1853 1327 propter
1890 1252 2061 1310 animi
2162 1254 2232 1310 iis
2251 1254 2568 1321 detrahens,
2590 1269 2731 1325 quos
2755 1252 2973 1309 Arianae
2996 1251 3270 1313 haereseos
3291 1263 3390 1318 per
3414 1246 3741 1303 calumniam

475 1352 976 1424 perturbationem,
1010 1340 1416 1422 interpretatus
1454 1357 1540 1405 est
1590 1366 1604 1402 :
1652 1362 1823 1418 quare
1857 1346 2062 1418 Cyrillo
2163 1361 2290 1402 reos
2322 1346 2579 1417 ﬁngebat.

476 1442 723 1514 apprime
743 1442 1013 1497 catholico
1033 1440 1453 1497 consensionem
1477 1454 1601 1495 cum
1621 1436 2065 1507 Ario,Apollina-
2236 1439 2481 1508 Uterque
2526 1435 2596 1494 ab
2632 1437 2994 1508 imperatore,
3041 1443 3103 1492 ut
3142 1433 3487 1506 jactabatur,
3532 1429 3745 1488 artibus

481 1534 565 1589 rio
598 1540 657 1588 et
698 1531 1018 1588 Macedonio
1040 1529 1250 1602 ohjecit
1279 1548 1293 1584 :
1327 1537 1384 1585 et
1421 1545 1547 1584 cum
1572 1528 1704 1584 Ario
1733 1527 1957 1599 quidem
1999 1540 2064 1581 ac
2163 1529 2552 1601 episcoporum
2577 1529 2792 1595 deluso,
2815 1528 3066 1600 dejectus
3088 1535 3175 1582 est
3202 1525 3271 1581 de
3297 1524 3427 1580 sede
3461 1541 3475 1577 :
3502 1522 3742 1579 Athana-

476 1623 839 1695 Apollinario,
873 1622 943 1678 de
983 1637 1093 1677 una
1123 1620 1329 1678 Christi
1367 1629 1603 1687 natura;
1648 1634 1775 1675 cum
1808 1617 2063 1674 Macedo-
2167 1622 2338 1679 siusa
2357 1622 2742 1687 Constantino,
2770 1635 2938 1691 quem
2960 1618 3267 1684 Eusebius;
3292 1625 3351 1672 et
3377 1632 3409 1671 a
3428 1615 3743 1679 Constante,

478 1716 572 1771 nio
605 1730 756 1781 vero,
794 1714 862 1771 de
897 1713 1137 1785 Spiritus
1165 1713 1341 1770 sancti
1372 1712 1742 1785 processione.

2183 1731 2331 1788 [nem
2372 1715 2614 1770 Euzoius
2646 1712 2974 1783 deceperat;
3019 1710 3309 1766 Nestorius
3345 1724 3377 1763 a
3417 1707 3744 1770 Theodosio,

549 1806 720 1861 XXX.
754 1806 827 1865 Ut
855 1805 1025 1877 igitur
1055 1805 1241 1871 tacite,
1270 1812 1328 1860 et
1360 1804 1515 1860 velut
1542 1803 1691 1858 aliud
1720 1817 1909 1874 agens,
1936 1816 2069 1859 eon-

480 1898 795 1955 sensionem
829 1911 956 1952 cum
992 1897 1125 1952 Ario
1154 1895 1445 1962 ostendat,
1474 1894 1791 1961 Alexandri,
1829 1894 1926 1964 qui
1949 1892 2067 1964 pri-

478 2006 604 2047 mus
663 1990 721 2044 in
779 1987 1013 2061 Egypto
1069 1989 1263 2044 Arium
1321 2004 1449 2044 cum
1510 1986 1627 2042 suis
1694 1986 1946 2042 sectariis
2000 2001 2070 2041 ex

478 2081 729 2138 Ecclesia
755 2081 940 2153 ejecit,
985 2081 1272 2152 epistolam
1310 2079 1547 2151 profert,
1588 2079 1647 2134 in
1672 2094 1783 2150 qua
1809 2078 1931 2134 Arii
1961 2078 2068 2134 im-

479 2174 657 2244 pietas
698 2172 893 2228 iisdem
939 2171 1058 2228 fere
1110 2172 1375 2244 loquendi
1430 2170 1684 2226 formulis
1719 2171 2068 2241 exprimitur,

479 2264 679 2320 iisdem
700 2263 1011 2319 rationibus
1036 2265 1408 2336 impugnatur,
1434 2263 1637 2331 quibus
1662 2262 1850 2333 opinio
1868 2261 2071 2332 Cyrillo

480 2354 680 2421 aﬁicta,
702 2355 890 2425 utjam
913 2354 1039 2411 inde
1065 2368 1097 2406 a
1118 2352 1313 2422 quinto
1341 2369 1443 2408 suo
1467 2353 1758 2409 decessore
1782 2352 2072 2411 damnatus

478 2444 720 2516 Cyrillus
755 2442 1058 2498 videretur.

554 2534 750 2591 XXXI.
791 2532 1225 2590 Consensionem
1280 2549 1406 2590 cum
1445 2534 1786 2606 Apollinario
1828 2534 2074 2592 insinuat

484 2643 611 2685 cum
637 2626 887 2698 exposito
916 2640 1132 2681 errore.
1167 2645 1185 2678 ι
1224 2627 1303 2681 Ex
1335 2625 1460 2693 hac,
1497 2626 1677 2697 inquit
1696 2627 1764 2693 νο,
1797 2626 1984 2683 radice
2014 2628 2074 2683 in

484 2718 746 2776 Ecclesiis
780 2729 970 2775 natum
994 2728 1100 2784 est,
1132 2719 1278 2790 quod
1320 2734 1429 2775 una
1471 2720 1655 2776 carnis
1681 2728 1739 2776 et
1770 2719 2074 2777 divinitatis

483 2817 683 2867 natura
704 2810 929 2876 dicitur,
974 2810 1233 2880 quodque
1263 2810 1545 2881 Unigeniti
1583 2810 1865 2867 divinitati
1891 2812 2074 2882 passio

485 2902 805 2969 aseribitur,
846 2910 904 2957 et
936 2901 1043 2956 alia
1074 2900 1129 2955 id
1161 2915 1355 2972 genus,
1402 2899 1474 2955 de
1507 2899 1713 2969 quibus
1744 2902 2074 2971 populorum

477 2989 949 3060 sacerdotumque
987 2989 1291 3047 certamina
1327 2987 1681 3044 exstiterunt.
1723 2989 1927 3045 Verum
1956 2989 2075 3046 haec

485 3082 713 3153 quidem
747 3089 939 3152 postea
959 3080 1331 3151 contigerunt.
1369 3100 1388 3133 ι

559 3179 576 3197 ⁸
606 3174 823 3229 XXXII.
854 3172 1292 3229 Consensionem
1332 3175 1539 3244 pariter
1586 3191 1713 3230 cum
1755 3174 2077 3231 Macedonio

486 3267 691 3331 innuit,
717 3281 844 3321 cum
871 3265 1066 3336 synodi
1090 3266 1352 3320 Romanae
1383 3266 1488 3320 sub
1520 3266 1752 3322 Damaso
1772 3266 2078 3323 confessio-

486 3373 615 3414 nem
649 3355 778 3411 ﬁdei
812 3355 1020 3426 profert
1050 3356 1107 3409 in
1135 3356 1253 3410 haec
1272 3356 1442 3411 verba
1469 3358 1513 3389 ⁹¹
1551 3374 1565 3410 :
1603 3376 1621 3409 ι
1650 3356 1922 3424 Quoniam
1952 3366 2078 3429 post

486 3447 786 3505 concilium
832 3442 999 3515 286
1040 3444 1325 3500 Nieaenum
1367 3446 1460 3501 hic
1508 3462 1667 3502 error
1717 3451 1963 3516 emersit,
2015 3458 2079 3505 ut

486 3536 713 3608 quidam
742 3551 838 3591 ore
866 3536 1096 3606 profano
1120 3536 1306 3591 dicere
1338 3536 1597 3603 audeant,
1646 3536 1915 3609 Spiritum
1947 3556 2077 3596 san-

488 3637 639 3685 ctum
691 3643 792 3697 per
847 3627 1046 3682 Filium
1094 3626 1300 3682 factum
1344 3642 1497 3693 esse,
1550 3630 2079 3688 anathematizamus

486 3738 604 3789 eos,
629 3721 724 3792 qui
754 3736 866 3775 non
899 3719 1183 3775 liberrime
1204 3720 1507 3790 praedicant
1528 3720 1794 3792 Spiritum
1824 3730 2078 3778 sanctum

490 3813 656 3868 unius
689 3810 1047 3883 ejusdemque
1071 3824 1196 3865 cum
1222 3811 1384 3867 Patre
1410 3819 1468 3868 et
1493 3811 1633 3868 Filio
1668 3813 1991 3870 substantia:
2014 3830 2080 3871 ac

490 3903 782 3975 potestatis
807 3901 1097 3958 exsistere.
1125 3920 1145 3953 ι

563 3995 804 4051 XXXIII.
856 3994 976 4051 1am
1027 4008 1161 4049 vero
1213 3992 1502 4050 Nestorius
1544 3996 1648 4052 sub
1696 3997 1984 4054 Athanasii
2022 4008 2081 4056 et

489 4086 866 4161 Chrysostomi
911 4100 1147 4157 persona
1192 4094 1302 4141 tam
1344 4088 1607 4158 graphice
1646 4088 1984 4161 depingitur,
2015 4102 2079 4147 ut

491 4180 651 4237 facile
680 4178 900 4252 agnosci
931 4186 1099 4248 queat
1134 4177 1456 4244 lectoribus,
1484 4180 1570 4235 vel
1604 4181 1803 4237 leviter
1826 4184 2073 4239 attentis.

491 4273 620 4329 Fuit
644 4271 794 4328 enim
830 4270 1116 4327 Athanasii
1143 4270 1495 4341 Nestoriique
1529 4272 1645 4330 haec
1677 4274 1986 4332 similitudo
2012 4291 2079 4332 ac

491 4360 879 4419 convenientia
900 4361 969 4414 °‘.

559 4454 804 4523 Uterque
819 4450 1253 4521 patriarchatum
1276 4452 1465 4521 gessit,
1487 4451 1821 4510 Athanasius
1841 4455 2077 4511 Alexan-

492 4545 737 4609 drinum,
767 4541 1057 4598 Nestorius
1087 4540 1757 4612 Constantinopolitanum
1793 4563 1806 4598 :
1839 4553 2077 4615 uterque

491 4636 765 4691 hatreseos
809 4631 1027 4686 Arianae
1083 4628 1392 4685 acerrimus
1446 4630 1797 4702 impugnator
1843 4635 2074 4701 exstitit,

491 4737 724 4793 eamque
751 4721 823 4777 ob
846 4735 963 4775 rem
993 4718 1327 4775 Athanasius
1351 4718 1523 4774 libros
1555 4720 1750 4793 edidit,
1782 4732 1838 4778 et
1863 4738 2076 4779 sermo-

492 4826 594 4868 nes
612 4810 818 4867 nemini
841 4810 1076 4881 ignotos.
1098 4808 1285 4863 Edidit
1303 4808 1591 4865 Nestorius
1611 4810 1774 4865 etiam
1796 4827 2078 4871 sermones

494 4914 551 4960 et
583 4911 850 4959 tractatus
869 4902 981 4972 jam
1013 4901 1284 4972 vulgatos,
1319 4909 1376 4955 et
1409 4900 1665 4972 insuper,
1710 4904 1806 4959 ubi
1835 4906 2081 4975 primum

492 4997 552 5051 in
571 4995 759 5052 sedem
781 4994 1148 5063 episcopalem
1169 4993 1332 5065 regiae
1359 4993 1513 5049 urbis
1537 4996 1804 5063 ascendit,
1840 4997 2072 5055 Ariano-

493 5096 617 5139 rum
640 5083 845 5153 templa
873 5082 1091 5136 evertit.

2168 1822 2333 1879 quem
2364 1805 2600 1878 Cyrillus
2622 1820 2721 1877 per
2742 1804 2884 1860 aulae
2909 1802 3190 1858 ministros
3212 1798 3642 1858 circumvenisse
3669 1796 3750 1852 di-

2169 1899 2419 1954 cebatur.
3274 1940 3281 1945 .

2235 1990 2480 2061 Uterque
2509 2004 2756 2045 sororem
2795 1986 3170 2058 imperatoris,
3215 2000 3339 2056 quas
3389 1998 3574 2039 rerum
3606 1981 3752 2053 poti-

2172 2090 2348 2148 retur,
2377 2081 2711 2137 contrariam
2733 2095 2798 2135 ac
2827 2079 3097 2135 lnfensam
3134 2083 3395 2148 expertus
3420 2083 3505 2131 est
3532 2092 3547 2129 :
3582 2072 3751 2129 Atha-

2170 2175 2363 2230 nasius
2417 2171 2796 2229 Constantiam
2838 2170 3222 2236 Constantini,
3278 2167 3569 2225 Nestorius
3626 2165 3753 2220 Pul-

2172 2265 2419 2321 cheriam
2460 2262 2757 2319 Theodosii
2808 2276 3086 2328 sororem,
3133 2259 3325 2316 ambas
3369 2257 3754 2329 episcoporum

2173 2355 2390 2411 artibus
2424 2354 2708 2423 impulsas.

2245 2447 2488 2516 Uterque
2514 2445 2569 2500 in
2596 2445 2853 2501 exsilium
2876 2445 3071 2514 pulsus
3088 2451 3191 2500 est
3214 2443 3284 2499 ab
3311 2443 3648 2513 imperatore
3665 2456 3758 2495 ar-

2172 2539 2325 2595 tibus
2348 2539 2791 2594 adversariorum
2831 2538 3064 2609 decepto
3101 2555 3115 2592 :
3151 2537 3486 2593 Athanasius
3531 2534 3756 2606 quidem

2175 2646 2206 2686 a
2233 2629 2614 2695 Constantino,
2646 2646 2810 2701 quem
2847 2630 3036 2685 Ariani
3062 2628 3350 2684 fraudibus
3376 2628 3756 2682 circumvene-

2174 2731 2329 2790 rant;
2375 2721 2664 2779 Nestorius
2704 2739 2736 2777 a
2779 2711 3115 2787 Theodosio,
3152 2721 3658 2791 Apollinariorum,
3700 2723 3761 2771 ut

2175 2814 2399 2883 quidem
2446 2811 2553 2867 sibi
2605 2810 2976 2883 persuadebat
3026 2810 3445 2876 Theodoretus,
3493 2808 3643 2864 dolis
3695 2807 3759 2861 il-

2176 2903 2318 2959 luso.

2100 3029 2144 3088 α
2230 2992 2488 3088 Uterque
2522 3007 2653 3047 suos
2684 2992 2882 3047 habuit
2903 3000 3123 3062 apertos
3152 2991 3490 3054 defensores,
3524 2990 3626 3046 sed
3654 3005 3763 3061 pra:

2178 3081 2515 3139 adversariis
2545 3097 2749 3153 paucos
2785 3100 2798 3137 :
2840 3091 2896 3138 et
2921 3083 3212 3153 utriusque
3241 3082 3564 3137 defensores
3596 3098 3665 3139 ea
3698 3081 3760 3137 de

2178 3188 2345 3230 causa
2396 3174 2840 3244 persecutionem
2876 3175 3052 3245 passi,
3098 3174 3359 3246 depositi,
3399 3175 3562 3246 ejecti
3610 3177 3761 3233 urbi-

2178 3267 2304 3333 bus,
2333 3274 2440 3323 etc.

2248 3359 2420 3416 Porro
2449 3367 2634 3414 autem
2656 3359 2702 3392 "
2730 3373 2857 3414 cum
2884 3358 3049 3413 vellet
3065 3358 3227 3429 287
3245 3357 3632 3416 'l'heodoretus
3656 3361 3761 3417 Ne-

2179 3450 2415 3507 storium
2439 3450 2759 3518 defendere,
2779 3467 2882 3506 nec
2913 3449 3183 3506 invidiose
3214 3459 3418 3517 tamen,
3444 3462 3539 3508 aut
3564 3452 3763 3525 impor-

2180 3550 2313 3597 tune
2348 3541 2403 3597 id
2430 3556 2612 3613 agere,
2638 3541 2751 3597 duo
2779 3549 3041 3613 praestare
3062 3544 3256 3599 statuit
3281 3561 3294 3597 :
3320 3545 3577 3609 alterum,
3604 3546 3762 3601 silere

2177 3649 2381 3690 nomen
2400 3634 2663 3699 Nestorii,
2689 3635 2893 3705 quippe
2926 3635 3148 3693 invidiae
3171 3637 3417 3707 plenum,
3440 3645 3494 3691 et
3520 3637 3760 3692 alienum

2179 3740 2209 3780 a
2272 3726 2441 3780 rebus
2492 3735 3008 3802 temporumhqute
3058 3730 3448 3798 persequitur;
3503 3728 3759 3792 alterum,

2178 3818 2478 3873 Diodorum
2512 3818 2838 3875 Tarsensem
2858 3828 2913 3876 et
2936 3821 3287 3877 Theodorum
3323 3822 3761 3892 Mopsuestennm

2178 3915 2406 3979 propter
2427 3908 2555 3963 ﬁdei
2576 3909 2821 3964 studium
2852 3919 2908 3966 et
2933 3909 3198 3966 doctrinae
3220 3908 3639 3975 rectitudinem,
3667 3910 3763 3963 im»

2179 4002 2389 4056 mensis
2440 4001 2700 4057 laudibus
2748 4003 3031 4058 extollere.
3089 4001 3225 4058 Cum
3277 4003 3424 4057 enim
3490 4001 3762 4057 Diodorus

2180 4091 2481 4158 Theodori,
2526 4092 2852 4149 Theodorus
2899 4093 3139 4149 Nestorii
3179 4094 3444 4163 magister
3489 4091 3672 4163 reipsa
3709 4098 3763 4145 et

2181 4181 2399 4247 fuiSset,
2426 4195 2482 4237 et
2514 4183 2583 4237 ab
2615 4182 2872 4238 omnibus
2907 4182 3075 4238 fuisse
3102 4190 3549 4253 cognosceretur,
3590 4179 3759 4235 artiﬁ-

2183 4274 2330 4327 ciosa
2355 4272 2459 4328 fuit
2477 4273 2595 4328 haec
2612 4272 2920 4343 callideque
2942 4281 2998 4328 et
3018 4272 3205 4327 efficax
3222 4271 3551 4327 defendendi
3569 4273 3759 4327 Nesto-

2110 4365 2151 4422 D
2181 4365 2250 4419 rii
2280 4364 2443 4429 ratio,
2467 4366 2771 4435 prtesertim
2797 4379 2921 4419 cum
2945 4363 3183 4436 Cyrillus
3207 4364 3425 4419 audiret
3444 4363 3759 4419 earumdem

2183 4457 2374 4521 trium,
2412 4455 2660 4521 Diodori,
2683 4455 2984 4519 Theodori,
3020 4462 3076 4510 et
3108 4453 3348 4509 Nestorii
3394 4454 3758 4523 impugnator,

2183 4545 2616 4615 credereturque
2649 4543 2989 4616 impugnatio
3020 4544 3189 4598 etiam
3222 4558 3253 4597 a
3286 4541 3491 4598 sanctis
3521 4556 3589 4596 ex
3622 4540 3759 4595 invi-

2180 4635 2275 4691 dia
2302 4637 2539 4706 quadam
2564 4637 2738 4691 nasci.

2256 4727 2499 4783 XXXIV.
2545 4728 2674 4785 Visa
2725 4728 2829 4783 fuit
2873 4726 3226 4783 Theodoreto
3262 4725 3567 4782 similitudo
3607 4726 3759 4793 longe

2182 4820 2361 4891 major
2402 4819 2545 4874 inter
2568 4818 2881 4873 Nestorium
2921 4828 2977 4872 et
3014 4818 3469 4890 Chrysostomum
3504 4816 3574 4869 ’⁵.
3629 4815 3758 4870 Nam

2185 4920 2419 4980 uterque
2463 4910 2709 4981 ejusdem
2754 4910 2861 4965 loci
2893 4910 3197 4965 monachus
3242 4909 3364 4973 fuit,
3407 4907 3759 4979 ejusdemque

2183 5001 2543 5056 Antiochente
2566 5001 2825 5056 Ecclesiae
2848 5001 3137 5072 presbyter
3170 5019 3185 5055 :
3221 5011 3457 5071 uterque
3488 4997 3758 5054 dissiden-

2187 5091 2334 5147 tibus
2352 5092 2975 5163 Constantinopolitauis
3004 5092 3222 5148 clericis
3252 5092 3380 5147 inde
3412 5099 3670 5147 evocatus
3693 5083 3756 5141 ad

1889 5216 2207 5277 SCHULle
2244 5220 2478 5279 NOTAE.

561 5327 606 5358 ”
629 5325 812 5399 Tacite
843 5339 976 5399 vero
995 5323 1296 5399 hocegisse
1310 5323 1517 5399 dicitur
1541 5325 1685 5399 $50.
1761 5328 1961 5384 "Hist.
2001 5332 2181 5387 coclea.
2218 5334 2256 5388 l.
2287 5351 2342 5399 v,
2371 5351 2421 5390 c.
2456 5334 2510 5388 '5.
2589 5335 2630 5367 ’ί
2660 5333 2797 5389 ibid.
2826 5335 2864 5389 ι.
2890 5351 2942 5399 v,
2967 5351 3017 5390 c.
3043 5337 3128 5390 ll.
3204 5337 3250 5369 ”
3283 5335 3425 5391 Sane
3449 5350 3559 5390 non
3590 5341 3755 5391 tanta.

497 5406 563 5479 ut
579 5397 867 5479 Veritatem
892 5394 1277 5479 hypotheseos,
1309 5395 1363 5448 in
1391 5394 1819 5479 cujus—favorem
1846 5399 1963 5457 haec
1992 5404 2176 5479 omnia
2199 5394 2402 5479 scripta
2425 5404 2773 5479 sunt,__n_obis
2801 5394 3134 5479 persuadere
3156 5405 3349 5476 possit.
3425 5404 3628 5479 "Quis
3650 5418 3758 5479 non

492 5468 723 5547 miretur
747 5462 1020 5547 Garnerii,
1045 5480 1112 5518 an
1153 5464 1328 5518 dicam
1353 5462 1746 5546 perspicaciam
1782 5470 1837 5522 in
1861 5472 2133 5547 emendis
2176 5462 2395 5529 arcanis
2437 5462 2706 5547 consiliis,
2730 5462 2851 5544 quae
2899 5462 3273 5540 Theodor'cto,
3308 5490 3433 5531 cum
3472 5462 3757 5547 Historiam

492 5535 672 5616 eccles.
697 5535 1001 5616 scriberet,
1040 5550 1170 5616 sane
1194 5536 1723 5616 “nonninnmfntem
1750 5541 2232 5616 venire‘poterant,
2264 5558 2333 5597 an
2365 5535 2864 5616 pertinacissimum
2895 5547 3016 5616 ejus
3043 5547 3098 5600 in
3120 5535 3429 5601 accusando
3463 5545 3760 5616 enimman-

492 5607 672 5675 doque
697 5604 1045 5686 Theodoreto
1065 5603 1366 5686 ’διψηυωῖ
1445 5606 1490 5637 ⁸⁸
1520 5607 1599 5660 Ex
1628 5603 1976 5664 Theodoreti
2002 5613 2160 5667 libris
2202 5603 2304 5666 hoc
2348 5603 2570 5683 probari
2612 5616 2821 5686 nequit.
2866 5603 2976 5672 Nec
3021 5617 3208 5673 videre
3238 5616 3411 5673 voluit
3442 5603 3758 5681 Garncr'tus,

484 5673 656 5748 quam
693 5674 895 5732 diateut
923 5690 1031 5731 tera
1065 5673 1285 5746 lupinis.
