1976 3147
156 99 204 133 237

735 103 782 132 DE
802 103 928 133 LIBRIS
944 103 1196 134 THEODORETI.

1723 107 1776 139 238

156 157 344 192 episcopatum
355 156 432 184 urbis
444 156 534 192 regiae,
547 160 657 191 propter
668 156 830 191 eloquentiae
838 161 866 185 et
877 165 940 185 san-
957 160 978 188 Α
993 158 1126 185 hactenus
1140 158 1306 193 interpretes
1319 158 1451 194 quinque,
1465 159 1539 194 quod
1556 159 1666 194 quidem
1679 161 1774 194 sciam,

157 201 293 230 ctimonize
305 202 417 229 famam.
433 202 553 236 Uterque
565 202 634 229 aula:
651 202 784 238 principis
802 208 830 230 et
845 203 942 231 civita-

158 249 192 275 tis
202 248 303 282 popqu
311 252 422 282 gratus;
434 251 549 281 uterque
562 247 670 274 clericis
681 252 709 275 et
722 249 863 276 monachis
873 249 944 276 Con-

158 294 407 328 stantinopolitanae
430 293 559 320 Ecclesiae
577 294 676 328 gravis.
696 294 816 329 Uterque
833 295 943 322 Arianis

158 340 294 371 infensus,
311 347 428 374 quorum
448 339 582 367 coitiones
599 339 823 375 Chrysostomus,
843 341 942 375 templa

156 386 299 413 Nestorius
308 385 430 412 sustulit.
445 385 564 420 Uterque
577 385 605 412 in
617 385 794 413 offensionem
810 387 938 420 Augustae

155 432 230 458 venit
253 435 366 465 propter
388 431 630 465 reprehensionem
649 431 780 459 Eudoxio:
795 439 810 458 a
825 431 943 467 Chryso—

113 505 116 507 ,
154 481 254 509 stomo,
268 477 421 504 Pulcherias
437 484 452 504 a
466 477 609 509 Nestorio;
627 481 743 512 uterque
757 477 897 512 depositus
914 478 941 504 in

153 521 259 556 synodo
283 521 318 548 ab
335 521 519 548 Alexandrino
542 522 667 556 praesule,
696 521 906 557 Cbrysostomus
926 530 942 549 a

154 567 319 601 Theophila,
340 567 484 594 Nestorius
495 575 510 594 a
523 566 642 602 Cyrillo;
662 572 777 601 uterque
790 567 894 602 ejectus
914 567 942 594 in

154 612 294 639 desertum
307 613 433 638 exsilium
445 617 472 639 et
486 612 636 639 aBarbaris
647 613 774 640 infestum
783 633 789 645 ,
802 613 941 640 Cucuzum

154 658 377 693 Cbrysostomus,
390 657 481 685 Oasim
494 658 645 685 Nestorius.
663 659 784 693 Uterque
795 659 830 686 ab
844 659 941 686 eodem

155 703 323 738 imperatore
345 708 498 735 revocatus,
528 712 543 730 a
568 711 624 738 quo
647 704 810 731 amandatus
831 704 941 736 fuerat,

154 749 368 784 Chrysostomus
387 749 420 775 ab
438 749 566 781 Arcadio,
587 750 731 777 Nestorius
745 758 759 777 α
775 751 939 777 Theodosio.

155 795 274 829 Uterque
291 795 355 822 dum
371 795 483 827 rediret,
496 795 524 821 in
539 795 583 822 via
595 795 659 822 vitm
671 795 752 822 finem
765 795 841 823 fecit.
862 796 941 824 Uter—

994 204 1164 238 Epiphanius
1187 204 1390 237 Scholasticus,
1410 205 1569 233 Jonchimus
1591 205 1774 239 Camerarius,

992 248 1111 275 Joannes
1133 248 1418 283 Christophorsonus,
1452 250 1573 277 Jacobus
1601 250 1775 283 Sirmondus,

994 292 1129 320 Ilenricus
1143 293 1277 321 Valesius.
1296 295 1391 321 Versio
1405 303 1465 329 qua:
1483 295 1629 330 Epiphanii
1646 302 1698 329 est,
1715 297 1774 324 Tri-

994 340 1099 373 partita:
1114 339 1229 366 historica
1243 339 1460 375 inscritur:qu:e
1471 341 1632 375 Camerarii,
1647 342 1720 370 edita
1734 347 1777 370 est

993 383 1104 411 Basin
1115 384 1244 419 primum,
1259 384 1358 412 deinde
1368 386 1495 420 Parisiis;
1510 394 1571 421 quae
1583 387 1777 423 Christophor—

993 430 1070 462 soni,
1093 430 1197 464 prodiit
1215 429 1330 457 Gencvte
1349 439 1421 458 anno
1439 432 1523 465 I612;
1547 441 1608 467 qua;
1626 432 1775 467 Sirmondi,

992 475 1103 502 Parisiis
1114 483 1186 502 anno
1198 476 1265 503 I642
1276 484 1283 508 ;
1295 484 1355 510 qua:
1366 476 1476 509 Valesii,
1494 478 1595 505 ibidem
1611 478 1678 505 I675
1690 479 1724 506 ³⁵.

1028 520 1171 548 XXXVIII.
1184 521 1244 548 Non
1262 522 1373 549 videtur
1392 523 1561 557 Epiphanius
1578 524 1777 552 scientissimus

991 565 1149 593 Latinitatis
1161 565 1245 593 fuisse
1262 575 1269 593 :
1283 574 1368 601 quare
1379 574 1434 594 non
1449 572 1491 595 est
1503 568 1677 596 exactissima
1690 569 1776 596 inter-

992 612 1121 646 pretatio,
1149 619 1231 646 quam
1253 612 1416 639 elaboravit.
1442 613 1525 640 Suam
1556 614 1719 642 Sirmondus
1742 623 1776 642 ex

992 656 1099 684 duabus
1118 657 1257 691 prioribus
1267 657 1415 684 Camerarii
1425 662 1454 685 et
1466 658 1709 693 Christophorsoni
1718 659 1776 688 fere

991 705 1076 730 totam
1087 702 1261 729 concinnavit
1276 703 1309 729 ⁸⁸.
1321 703 1447 730 Valesius
1462 711 1559 730 novam
1575 705 1700 736 tentavit,
1714 705 1776 732 aliis

991 754 1046 774 non
1057 752 1213 775 contentus.
1230 747 1343 774 Addidit
1358 752 1386 775 et
1400 753 1478 775 notas
1497 749 1620 776 eruditas
1634 757 1710 784 sane,
1727 750 1776 778 sed

991 792 1083 827 plures
1097 792 1297 827 grammaticas,
1315 801 1394 827 quam
1410 793 1564 821 historicas.

154 849 206 875 que
223 845 286 875 post,
298 841 404 868 obitum
419 845 521 867 sectam
537 841 579 867 sui
592 841 712 868 nominis
727 841 834 874 habuit,
852 849 867 868 a
886 849 940 876 qua
958 845 978 872 Β
1025 836 1155 863 Eamdem
1170 837 1312 864 historiam
1325 845 1340 864 e
1350 837 1434 864 Gallis
1450 837 1597 866 ediderunt
1606 838 1661 866 duo
1671 848 1677 866 ἒ
1688 847 1776 874 nuper

153 887 304 919 coleretur,
322 887 511 914 Joannitarum
527 887 747 922 Chrysostomus,
760 887 939 915 Nestoriano-

154 941 214 960 rum
238 933 437 960 monachorum
471 933 625 960 Nestorius.
652 933 801 967 Utriusque
830 932 939 961 tandem

153 981 228 1007 velut
236 979 366 1014 martyris
374 979 504 1013 reliquias
513 979 555 1006 sui
565 978 785 1013 conquisicrunt,
797 979 870 1013 quod
878 987 940 1006 cum

154 1025 187 1052 de
197 1025 394 1060 Chrysostomo
408 1024 444 1051 sit
454 1024 562 1051 cunctis
576 1028 682 1056 notum,
695 1024 729 1050 de
739 1024 865 1051 Nestorio
876 1032 942 1051 con-

154 1075 206 1098 stat
224 1078 258 1097 ex
274 1070 389 1105 Evagrio
408 1069 456 1096 lib.
476 1077 494 1096 ll
519 1069 652 1101 Historiaz,
674 1077 736 1104 cap.
756 1069 790 1102 Ξ,
810 1069 939 1097 laudante

154 1116 313 1143 Zachariam
324 1116 476 1142 rhetorem.

188 1160 297 1187 XXXV.
316 1161 379 1188 Fuit
393 1160 538 1188 Flavianus
554 1165 658 1196 martyr
675 1168 773 1196 magna
790 1162 798 1170 '
818 1168 881 1195 pars
899 1160 941 1187 bi-

154 1207 254 1238 storiae,
273 1214 356 1241 quam
372 1205 562 1233 Theodoretus
577 1205 734 1238 adumbrat,
757 1206 873 1240 ideoque
888 1206 940 1233 sub

152 1252 241 1279 aliena
253 1252 336 1279 etiam
351 1251 632 1286 personajnducitur,
646 1256 673 1278 et
683 1259 716 1278 eo
728 1251 839 1286 quidem
849 1251 939 1278 liben-

153 1299 217 1330 tius,
240 1299 313 1333 quod
341 1298 516 1333 conjunctam
542 1298 656 1325 haberet
680 1305 742 1324 cum
767 1297 940 1324 Theodoreto

152 1352 263 1372 causam
283 1353 290 1370 :
306 1352 368 1371 nam
382 1344 409 1370 in
425 1343 522 1370 eodem
534 1348 649 1378 uterque
659 1343 786 1375 concilio,
799 1343 832 1370 ab
842 1343 939 1370 eodem

152 1390 283 1416 Dioscoro
291 1389 546 1423 Apollinarianismi
558 1393 683 1423 patrono,
694 1392 806 1423 propter
815 1388 938 1423 ejusdem

153 1434 214 1461 ﬁdei
231 1433 430 1465 defensionem,
445 1438 475 1460 ut
485 1433 597 1468 quidem
608 1431 797 1460 Theodoretus
808 1433 860 1459 sibi
875 1440 939 1467 per—

152 1479 294 1510 suadebat,
311 1478 454 1513 depositus
474 1483 524 1505 est.
543 1477 622 1504 IIunc
637 1477 665 1504 in
680 1477 766 1504 Paulo
779 1477 936 1506 Constanti-

991 890 1072 914 unus,
1079 882 1210 909 Dominus
1216 882 1321 914 Cousin,
1329 883 1411 910 curia:
1420 883 1577 911 monetariae
1585 892 1694 918 przeses;
1706 885 1776 912 alter

990 934 1023 954 an
1028 931 1053 954 te
1062 935 1147 954 annos
1154 933 1264 955 centum
1275 928 1331 955 fere
1339 929 1561 963 ctquadraginta.
1569 929 1700 957 Martinus
1707 930 1776 957 Mat-

991 973 1090 1005 thaeus,
1099 973 1174 1008 prior
1194 974 1352 1001 Monasterii
1369 974 1439 1001 Novi
1459 974 1530 1009 apud
1545 975 1680 1008 Pictavos,
1698 977 1775 1004 ordi-

990 1018 1034 1046 nis
1044 1018 1234 1046 Cluniacensis
1247 1028 1253 1045 :
1267 1024 1382 1054 uterque
1393 1020 1473 1047 laude
1483 1021 1592 1056 dignus,
1607 1022 1653 1049 ille
1663 1027 1775 1057 propter

990 1063 1161 1098 elegantiam,
1174 1063 1224 1090 iste
1236 1068 1346 1098 propter
1360 1064 1556 1098 sinceritatem,
1569 1066 1694 1100 quamvis
1710 1067 1774 1094 bar-

991 1107 1094 1134 haram.
1112 1108 1254 1135 Matthatus
1267 1116 1300 1135 ex
1310 1108 1403 1135 Graeco
1413 1109 1506 1142 vertit,
1518 1110 1654 1138 Cousinus
1668 1119 1702 1138 ex
1711 1119 1773 1139 ver—

991 1154 1067 1180 sione
1078 1153 1173 1180 Latina
1186 1153 1294 1180 Valesii.
1307 1154 1428 1188 Uterque
1444 1154 1631 1188 praefationem
1643 1156 1671 1182 in
1684 1156 1774 1184 fronte

990 1199 1080 1233 operis
1096 1199 1161 1225 fecit
1181 1207 1186 1225 :
1205 1199 1253 1226 sed
1268 1199 1411 1226 Matthaaus
1421 1199 1533 1227 brevem
1547 1205 1630 1235 atque
1644 1201 1774 1237 epistola-

991 1252 1058 1277 rem,
1071 1253 1125 1280 qua
1142 1245 1315 1273 commendat
1328 1246 1472 1273 historiam
1485 1247 1519 1274 ab
1536 1252 1708 1282 argumento,
1724 1256 1774 1276 au-

990 1295 1066 1318 ctore
1093 1295 1121 1318 et
1150 1291 1287 1324 utilitate;
1309 1291 1445 1319 Cousinus
1466 1292 1688 1326 prolixissimam,
1720 1301 1774 1329 qua

990 1336 1070 1364 ﬁdem
1096 1337 1261 1364 Theodoreti
1283 1337 1416 1365 adversus
1442 1338 1643 1365 accusationem
1663 1340 1774 1367 Patrum

989 1383 1146 1416 aequalium,
1155 1383 1411 1417 damnationemque
1417 1383 1598 1411 conciliorum
1606 1386 1775 1419 generalium

990 1428 1071 1462 289
1084 1433 1210 1462 quatuor,
1225 1434 1252 1455 et
1268 1437 1435 1455 summorum
1449 1429 1609 1463 pontiﬁcum
1619 1430 1699 1465 longe
1711 1432 1775 1466 plu-

990 1473 1062 1499 rium
1086 1473 1234 1500 defendcrc
1258 1478 1383 1500 certatur.
1409 1474 1498 1507 Quare
1524 1474 1551 1502 id
1576 1475 1628 1509 ipsi
1648 1476 1773 1511 contigit,

153 1524 312 1559 nopolitano
331 1524 365 1551 ab
383 1524 493 1551 Arianis
517 1524 623 1558 dejecto
645 1524 682 1550 ita
699 1527 886 1557 repraasentat,
907 1527 938 1550 ut
951 1514 972 1542 ο
989 1519 1062 1550 (ιυοά
1073 1519 1141 1546 solet
1156 1526 1258 1553 magn-"'3
1273 1519 1394 1552 quidem.
1408 1519 1454 1546 sed
1468 1519 1615 1554 deplorata:
1627 1529 1714 1550 causae
1724 1531 1774 1557 pa-

151 1571 196 1597 vix
213 1570 363 1605 quidquam
388 1569 410 1585 ’⁸
434 1577 519 1596 unum
543 1569 624 1596 alteri
647 1569 764 1596 similius
780 1569 863 1603 288
878 1575 938 1595 esse

152 1617 247 1651 possit.
267 1617 367 1643 Paulus
380 1616 452 1643 enim
469 1615 572 1650 pariter
587 1619 669 1649 atque
688 1614 843 1644 Flavianus,
864 1613 938 1640 Con-

153 1662 404 1696 stantinopolitanae
423 1660 551 1688 Ecclesiae
565 1660 673 1694 praefuit
690 1668 697 1685 :
714 1663 830 1693 uterque
847 1662 937 1685 recto-

151 1714 211 1733 rum
226 1707 386 1741 dogmatum
407 1706 533 1734 defensor
549 1713 564 1732 a
582 1704 756 1732 Theodoreto
771 1704 862 1731 dictus
876 1708 935 1736 est;

150 1756 266 1786 uterque
292 1751 400 1778 Arianis
423 1755 470 1778 aut
492 1751 655 1777 Arianorum
680 1750 768 1777 soboli
796 1749 935 1782 infensus;

150 1802 266 1832 uterque
290 1797 433 1824 seditionis
455 1796 579 1823 conflatae
591 1796 764 1830 aliorumque
786 1795 936 1822 criminum

148 1847 308 1875 accusatus;
330 1847 446 1877 uterque
456 1842 587 1877 depulsus
603 1841 834 1876 thronojussione
851 1841 937 1875 impe-

149 1888 249 1916 ratoris
269 1888 304 1915 ab
323 1888 432 1915 Arianis
459 1888 588 1922 impulsi;
616 1891 733 1922 uterque
757 1887 892 1921 relegatus
907 1886 935 1913 in

151 1933 284 1960 miserum
297 1932 386 1959 exsilii
402 1932 504 1963 locum,
517 1931 618 1958 Paulus
628 1930 779 1962 Cucuzum,
791 1928 936 1956 Flavianus

148 1978 279 2012 Epipam;
303 1983 418 2011 uterque
433 1976 460 2003 in
472 1976 568 2003 exsilio
582 1976 700 2003 violenta
712 1978 799 2002 morte
814 1974 933 2006 interiit;

147 2028 263 2058 uterque
285 2023 312 2049 id
331 2030 429 2057 passus
452 2022 574 2057 potentia
587 2021 706 2048 hominis
724 2020 752 2047 in
771 2020 832 2046 aula
844 2019 934 2046 domi-

146 2068 255 2101 nantis;
266 2068 378 2100 Paulus,
391 2067 513 2102 przefecti
526 2066 655 2102 Philippi,
676 2066 832 2098 Flavianus,
846 2072 934 2092 eunu—

147 2113 190 2140 chi
204 2113 379 2148 Chrysaphii,
394 2117 447 2140 etc.

180 2158 301 2186 XXXVI.
312 2158 440 2193 Ejusdem
452 2157 574 2185 historia:
584 2165 648 2192 pars
660 2156 742 2184 etiam
754 2156 807 2183 fuit
819 2163 933 2190 magnus

148 2203 191 2229 ille
202 2203 327 2235 Proclus,
346 2204 394 2237 qui
411 2203 445 2230 de
466 2203 653 2230 incarnatione
673 2200 826 2229 oralionem
838 2200 934 2227 habuit

147 2256 237 2275 coram
251 2248 390 2280 Nestorio,
402 2257 454 2283 qua
466 2249 551 2276 Deum
564 2255 673 2283 passum
685 2247 754 2274 dixit
766 2255 773 2274 :
786 2251 814 2274 et
827 2251 931 2274 tomum

147 2293 256 2328 scripsit
267 2293 301 2320 ad
315 2295 457 2325 Armenos,
472 2301 527 2328 quo
542 2297 670 2328 excerpta
687 2300 721 2320 ex
730 2292 810 2320 libris
820 2291 931 2319 Diodori

146 2342 175 2365 et
187 2338 355 2365 Theodoreti
373 2339 501 2366 refutavit
512 2348 518 2365 :
530 2339 605 2366 hunc
626 2339 653 2366 in
667 2338 791 2366 Eudoxio
809 2338 931 2373 ejusdem

147 2382 222 2409 sedis
233 2382 540 2418 Constantinopolitanae
555 2384 670 2418 prmsule
682 2384 814 2419 depingit.
828 2383 932 2411 Caetera

146 2428 274 2462 persequi
287 2436 342 2456 non
359 2429 506 2456 admodum
519 2437 589 2463 opus
599 2433 651 2456 est.

182 2472 312 2501 XXXVII.
324 2474 470 2501 Historiam
485 2475 651 2502 Theodoreti
669 2474 793 2501 Latinam
805 2473 932 2501 fecerunt

990 1564 1088 1590 tronis.
1103 1564 1175 1591 Usus
1195 1569 1239 1590 est
1256 1564 1417 1598 exceptione
1436 1564 1497 1592 falsi
1518 1565 1650 1593 adversus
1669 1567 1773 1595 instru-

989 1614 1080 1637 menta
1091 1609 1284 1644 probatissima
1296 1618 1303 1642 ;
1320 1610 1390 1637 facta
1404 1610 1501 1637 callide
1517 1610 1573 1638 fere
1590 1613 1681 1639 omnia
1692 1613 1774 1641 aliter

988 1663 1069 1690 quam
1084 1655 1257 1687 accidissent,
1273 1655 1409 1690 exposuit,
1427 1660 1454 1682 et
1469 1656 1528 1690 ipsa
1543 1656 1626 1684 etiam
1643 1657 1773 1687 Ecclesiae

990 1700 1075 1727 totius
1089 1700 1204 1727 concilia
1221 1700 1415 1727 inconsiderati
1431 1704 1458 1728 et
1472 1702 1609 1729 temerarii
1617 1703 1716 1737 ju'dicii
1728 1712 1775 1732 ac-

989 1746 1104 1774 cusavit.
1119 1746 1220 1774 Verum
1237 1746 1263 1773 id
1279 1746 1455 1775 tribuendum
1471 1755 1526 1775 non
1542 1748 1695 1777 defensoris
1708 1757 1773 1784 per-

987 1799 1071 1824 sonae,
1081 1792 1125 1819 cui
1137 1799 1186 1818 sua
1199 1791 1259 1819 laus
1271 1791 1379 1819 detrahi
1391 1800 1446 1820 non
1460 1793 1551 1825 debet,
1561 1794 1607 1821 sed
1621 1785 1773 1823 conditioni

986 1844 1085 1869 causae,
1100 1845 1161 1872 qua).
1175 1837 1218 1864 vel
1233 1837 1334 1873 suscipi
1349 1845 1404 1865 non
1419 1838 1524 1871 debuit,
1534 1840 1577 1867 vel
1593 1840 1714 1875 defendi,
1729 1842 1773 1869 vel

987 1880 1027 1907 sic
1039 1881 1072 1907 ".

1072 1944 1085 1979 §
1109 1944 1154 1972 III.
1168 1945 1285 1973 Historia
1302 1946 1434 1982 religiosa,
1449 1947 1502 1974 sive
1515 1947 1686 1976 Philotheus.

1020 2023 1040 2049 I.
1067 2022 1195 2057 Historia,
1213 2032 1273 2059 quae
1298 2024 1460 2052 inscribitur
1471 2024 1634 2058 Philotheus,
1648 2027 1771 2055 continet

984 2069 1072 2104 elogia
1094 2069 1328 2096 sanctissimorum
1352 2073 1521 2100 ascetarum,
1546 2069 1593 2103 qui
1617 2071 1717 2104 partim
1742 2072 1771 2099 in

984 2114 1105 2146 Oriente,
1125 2114 1223 2149 partim
1245 2114 1272 2140 in
1284 2114 1352 2141 locis
1369 2113 1467 2140 vicinis
1481 2113 1671 2143 admirabilem
1684 2117 1768 2144 vitam

985 2160 1132 2188 duxerunt.
1155 2159 1225 2187 Sunt
1250 2162 1341 2186 autem
1369 2159 1408 2186 illi
1434 2159 1543 2194 triginta
1565 2161 1691 2194 omnino,
1714 2170 1770 2190 non

987 2205 1038 2231 viri
1066 2209 1181 2237 tantum,
1206 2204 1254 2232 sed
1274 2205 1357 2231 etiam
1378 2204 1500 2237 feminae,
1525 2213 1642 2239 quorum
1670 2214 1771 2242 agones

987 2249 1143 2284 spirituales
1165 2249 1354 2276 Theodoretus
1376 2249 1419 2276 vel
1448 2249 1506 2283 ipse
1528 2249 1607 2282 vidit,
1634 2251 1677 2278 vel
1697 2252 1770 2279 refe-

984 2293 1110 2320 rentibus
1138 2292 1199 2320 aliis
1217 2293 1360 2320 sanctitate
1389 2301 1444 2320 non
1472 2293 1570 2328 impari
1600 2294 1769 2330 hominibus,

984 2337 1088 2365 didicit.

1020 2382 1050 2410 II.
1064 2384 1122 2410 Non
1142 2383 1212 2410 hanc
1230 2383 1339 2417 scripsit
1357 2383 1450 2417 procul
1477 2383 1561 2411 dubio
1580 2384 1770 2414 Theodoretus

983 2433 1045 2464 post
1064 2436 1165 2455 annum
1192 2429 1255 2460 445,
1278 2436 1332 2463 quo
1356 2436 1428 2456 anno
1447 2429 1553 2456 litteras
1569 2429 1645 2456 dedit
1660 2430 1694 2457 ad
1713 2430 1768 2458 Eu-

985 2474 1091 2501 sebium
1114 2473 1136 2489 ”
1152 2482 1157 2499 :
1175 2473 1203 2499 in
1227 2473 1281 2500 illis
1307 2473 1379 2499 enim
1396 2473 1481 2507 ipsius
1502 2473 1668 2501 mentionem
1693 2474 1767 2508 facit,

805 2549 965 2578 SCHULZII
985 2549 1099 2577 NOTIE.

181 2635 205 2650 "
218 2633 269 2661 Hic
283 2634 376 2665 etiam,
390 2638 418 2661 et
432 2634 478 2668 qui
492 2633 616 2668 sequitur
633 2633 647 2668 ᾗ
659 2632 693 2660 56
707 2631 916 2668 parallelismus,

626 2633 693 2695 336
707 2633 916 2667 parallelismus.
926 2633 1022 2681 1prodit
1041 2633 1183 2671 luxurians
1196 2633 1346 2671 ingenium.
1397 2633 1420 2646 "
1430 2633 1607 2665 Antiquiores
1626 2633 1766 2673 versiones

650 2677 672 2694 r.
692 2667 748 2694 vol.
767 2667 810 2698 Vl,
831 2674 858 2701 p.
891 2667 956 2698 ηας
978 2666 1087 2700 plenius
1100 2670 1190 2693 autem
1210 2666 1344 2698 Oudinus,
1362 2665 1381 2701 Ι)
1398 2673 1422 2701 c.
1446 2669 1465 2701 t.
1481 2665 1508 2697 l,
1528 2673 1554 2700 p.
1573 2665 1650 2701 I094.
1667 2666 1766 2694 Vales”

149 2673 272 2696 recenset
298 2667 450 2700 Fabricius,
478 2667 601 2695 Biblioth.
626 2667 672 2695 Gr.
692 2667 748 2694 vol.
767 2667 810 2698 Vl,

950 2631 1022 2658 rodit
1041 2631 1183 2658 luxurians
1196 2631 1346 2666 ingenium.

1397 2630 1420 2646 ’⁸
1430 2630 1607 2665 AntiquiOres
1626 2631 1768 2660 ver-siones

147 2704 232 2730 editio
251 2708 314 2738 post
326 2704 508 2738 Moguntinam
522 2704 556 2730 de
574 2710 646 2729 anno
662 2702 739 2733 I679,
756 2705 783 2738 et
801 2700 1085 2738 Amstelodamensern
1098 2701 1265 2738 ἀεὶ-911695,
1281 2700 1503 2738 emendatissimo
1526 2700 1628 2738 prodiit
1640 2700 1768 2735 Augustae

149 2735 334 2765 Taurinorum
352 2735 382 2765 af
396 2739 472 2765 I748.
493 2738 515 2754 ⁸⁷
528 2738 567 2765 Ita
585 2742 685 2769 tamen,
706 2740 735 2763 ut
752 2736 818 2762 ferri
834 2744 888 2762 non
904 2740 1006 2770 posset,
1028 2736 1119 2770 judice
1132 2735 1250 2768 Valesio,
1264 2736 1384 2762 melioris
1399 2735 1630 2770 interpretationis
1644 2740 1765 2763 auctore.

149 2772 171 2788 "
189 2773 263 2800 lianc
283 2773 394 2808 quidem
412 2773 597 2808 praefationem
614 2771 746 2808 Garnerio
761 2778 795 2808 se_
807 2778 902 2808 palltm
917 2769 1117 2808 proliasse__non
1134 2774 1175 2796 est
1191 2770 1423 2808 quodnrniremnr.
1443 2769 1577 2808 Dill‘erunt
1593 2770 1665 2796 enim
1687 2778 1768 2805 quam

149 2809 266 2835 mavime
282 2804 342 2843 quae
357 2804 494 2836 Cousinus
514 2811 541 2834 et
562 2806 710 2833 Garncrius
727 2806 761 2832 de
781 2804 832 2833 fide
850 2805 1014 2832 Theodoreti
1037 2805 1185 2839 disputant.
1199 2804 1206 2806 ⁷
1225 2806 1246 2821 ³⁸
1261 2805 1321 2832 Vid.
1345 2810 1364 2831 t.
1382 2804 1426 2836 IV,
1445 2805 1524 2839 epist.
1541 2804 1584 2832 82.
