3952 6294
444 242 550 304 239
1564 241 1941 301 GARNERII
1980 240 2477 304 DISSERTATIO
2517 245 2598 305 II.
3593 255 3698 322 2.40

448 364 705 422 tanquam
754 347 937 419 operis
974 346 1304 418 pervulgati,
1365 338 1528 416 atque
1576 347 1650 401 ita
1700 347 1836 403 editi
1888 357 2019 402 ante
2052 361 2091 407 Α
2124 362 2269 402 anno
2315 350 2439 413 444,
2486 366 2630 413 anno
2673 353 2883 411 scilicet
2919 366 3290 428 consequente
3333 367 3591 417 octavum
3646 376 3701 421 et

446 460 652 500 annum
707 458 878 505 unum
926 453 1022 499 aut
1071 443 1325 497 alterum.
1381 441 1669 508 Quomodo
1701 445 1848 499 enim
1892 444 2025 500 alias
2129 438 2466 526 ιζ’ᾇεθεὶωυῐιι
2501 444 2613 513 iam
2638 445 2939 514 expletum.
2975 449 3102 505 "330
3129 452 3269 505 ratio
3290 455 3563 523 temporis
3583 457 3701 526 plu-

445 538 514 592 m}
546 537 741 606 ipsam,
775 535 926 591 νειυι
953 533 1022 588 ad
1052 541 1247 588 testem
1278 547 1391 587 sua;
1424 532 1573 599 ﬁdei,
1614 542 1806 589 contra
1834 535 2026 590 adver-
2124 524 2278 580 ribus
2307 529 2702 597 quaastionibus
2737 533 3016 590 solvendis
3060 538 3210 594 utilis
3243 547 3348 606 est,
3395 541 3465 596 de
3500 524 3701 613 quibus

445 629 623 684 sarius
664 634 721 683 et
765 626 982 698 judices
1036 624 1340 695 prudenter
1382 628 1745 696 provocaret?
2120 615 2306 671 obit-er
2348 626 2556 687 postea.

514 721 602 775 Ill.
633 718 752 785 Quo
784 716 1062 771 anteriore
1094 716 1384 786 tempore?
1417 717 1536 771 Non
1579 725 1729 772 certe
1776 726 1900 773 ante
1929 734 2027 774 an-
2196 708 2305 763 VII.
2348 710 2732 769 Dilﬁcultatem
2784 725 2937 772 creat
2979 719 3143 774 unica
3164 737 3274 787 res,
3296 738 3419 793 quae
3439 724 3696 784 illustris.

443 826 576 867 num
609 810 713 864 457
751 816 847 863 aut
885 806 1010 871 458,
1053 822 1163 875 quo
1191 806 1484 861 defunctus
1510 807 1621 860 vita
1658 807 1891 861 Aeacius
1927 808 2026 863 ne-
2123 796 2323 854 simum
2344 800 2635 856 Annalium
2653 805 2980 874 scriptorem
3010 809 3063 862 in
3098 811 3479 869 admirabilem
3507 833 3699 885 quam-

443 902 675 958 mensis
710 917 722 953 :
766 900 827 954 lit
869 899 1016 955 enim
1059 905 1211 951 certa
1243 896 1312 953 de
1357 896 1529 967 ipsius
1557 897 1711 952 obitu
1752 899 2025 953 sententia
2123 890 2270 956 dam,
2322 892 2391 946 de
2432 894 2542 949 vita
2585 896 2862 954 Simeonis
2912 908 3064 956 extra
3098 906 3457 961 centesimum
3493 923 3697 966 annum

441 1008 510 1046 ex
541 1007 607 1045 eo
644 989 791 1059 quod
835 989 892 1042 in
950 988 1204 1042 encomio
1250 986 1437 1042 Jacobi
1484 987 1731 1042 Nisibeni
1765 990 1780 1020 ¹
1822 989 2025 1043 dicitur
2124 983 2497 1051 PrOducenda,
2551 990 2880 1044 sententiam
2905 992 3173 1062 .impulit.
3225 995 3415 1051 Credit
3455 1001 3623 1065 enim,
3660 1016 3695 1055 ι

442 1081 688 1137 tenuisse
708 1080 1083 1149 episc0patum
1123 1094 1297 1135 annos
1319 1078 1751 1151 quinquaginta'
1777 1087 1832 1133 et
1855 1089 2018 1135 octo:
2122 1087 2321 1144 magno
2359 1077 2453 1132 illo
2482 1077 2699 1134 Meletio
2732 1082 3090 1140 Antiocheme
3126 1086 3690 1162 Ecclesiae-episeopo,

386 1196 389 1197 ν
443 1172 572 1227 inde
592 1172 739 1226 enim
769 1171 941 1225 scitur
970 1169 1173 1250 obiisse
1201 1183 1346 1222 anno
1369 1170 1470 1223 457
1497 1178 1592 1223 aut
1621 1171 1745 1232 458,
1781 1170 2027 1240 quando-
2122 1170 2218 1237 qui
2254 1169 2725 1243 Constantinopoli
2772 1192 2917 1232 anno
2961 1180 3058 1234 581
3106 1182 3264 1248 obiit,
3301 1199 3426 1238 cum
3456 1188 3695 1257 synodus

441 1261 665 1331 quidem
721 1259 1011 1313 ordinatus
1041 1241 1292 1312 est‘anno
1320 1257 1425 1311 5⁸78
1446 1270 1539 1312 aut
1562 1260 1684 1313 579.
1713 1258 1833 1326 Quo
1854 1260 2023 1329 igitur
2123 1261 2363 1315 secunda
2401 1241 2672 1331 generalis
2726 1266 3042 1334 haberetur,
3078 1273 3359 1328 visitatum
3411 1241 3583 1332 fuisse
3608 1278 3695 1333 Si-
3789 1343 3795 1348 ν

442 1350 667 1407 definite
712 1365 857 1404 anno
905 1348 1149 1403 sexennii
1201 1348 1370 1411 illius,
1422 1349 1568 1418 quod
1616 1350 1759 1405 inter
1809 1350 2021 1405 obitum
2123 1365 2395 1415 meonem,
2424 1362 2713 1424 postquam
2752 1357 2808 1411 in
2849 1360 3158 1416 columnam
3196 1364 3307 1433 jam
3335 1368 3689 1427 ascendisset.

441 1440 625 1496 Acaci-i
673 1447 728 1494 et
755 1439 1043 1508 epistolam
1073 1436 1142 1491 ad
1173 1436 1471 1491 Eusebium
1506 1438 1863 1508 interlapsum
1902 1440 2023 1494 est?
2121 1441 2305 1497 Utitur
2342 1443 2413 1497 ad
2457 1444 2619 1500 fidem
2649 1447 2758 1501 sibi
2795 1449 3098 1533 faciendam
3146 1456 3472 1512 auctoritate
3513 1459 3691 1514 Theo-

440 1530 789 1602 Responderi
831 1529 990 1584 facile
1020 1536 1218 1599 potest,
1258 1529 1303 1583 si
1333 1528 1681 1584 Theodoreto
1711 1531 2017 1585 credimus:
2120 1534 2321 1599 doreti,
2362 1537 2519 1606 cujus
2552 1546 2682 1592 sunt
2728 1546 2845 1595 haec
2886 1528 3056 1597 verba
3093 1561 3107 1596 :
3152 1563 3171 1596 ‹
3198 1544 3335 1601 Cum
3357 1563 3488 1603 vero
3513 1550 3691 1605 adini-

441 1630 459 1646 '
507 1623 732 1679 credere
796 1636 930 1676 vero
976 1636 1076 1690 par
1118 1628 1205 1674 est
1254 1636 1365 1690 pra:
1411 1621 1557 1685 aliis,
1606 1621 1875 1690 siquidem
1931 1637 2020 1678 res
2055 1687 2091 1707 η
2122 1625 2325 1681 randus
2383 1625 2652 1692 Meletius,
2715 1630 2808 1699 qui
2858 1632 3214 1691 Antiocheam
3270 1638 3510 1707 regionis
3564 1649 3694 1697 tunc

439 1721 646 1779 narret,
678 1728 814 1783 quas
838 1687 996 1778 vidit,
1021 1687 1272 1782 quasque
1286 1728 1354 1767 ex
1375 1713 1509 1783 ipsis
1532 1687 1745 1778 didicit,
1780 1729 2016 1783 quorum
2053 1687 2093 1740 Β
2114 1719 2493 1788 episcopatum
2540 1723 2781 1791 regebat,
2799 1725 2897 1779 .vir
2927 1726 3225 1794 prudentia
3249 1736 3304 1782 et
3334 1687 3694 1802 intelligentia

437 1803 579 1859 ιπιη
628 1812 833 1857 narrat,
2119 1804 2320 1870 clarus,
2355 1807 2671 1880 ingeniique
2690 1812 2911 1868 solertia
2950 1824 3197 1881 ornatus,
3231 1833 3694 1888 supervacaneum

508 1894 596 1950 ιν.
633 1893 771 1948 Cum
790 1890 968 1948 Vitam
994 1893 1259 1948 scriberet
1281 1893 1552 1950 Simeonis
1581 1894 1807 1967 Stylitas,
1836 1897 2016 1966 ipsum
2119 1894 2329 1951 diceret
2369 1897 2574 1954 lerrum
2605 1917 2748 1966 esse,
2789 1918 2911 1958 cum
2964 1905 3031 1960 ad
3073 1908 3303 1963 rationis
3334 1911 3548 1966 vincula
3574 1928 3697 1969 cor-

437 1984 607 2039 tradit
654 1982 849 2053 viginti
886 1983 998 2053 jam
1030 1990 1087 2037 et
1128 1991 1253 2037 octo
1300 1998 1477 2040 annos
1518 1986 1846 2055 transegisse
1869 1986 1913 2051 ³,
1949 2002 2015 2041 ex
2117 1987 2239 2055 pori
2277 1986 2570 2057 injicienda
2596 1993 2849 2050 voluntas
2880 1995 3184 2051 sufﬁceret:
3217 2000 3404 2063 cessit,
3434 2011 3491 2056 et
3509 2004 3698 2058 admo-

436 2088 551 2144 quo
613 2072 891 2142 inceperat
939 2072 1361 2143 quadragesimo
1415 2088 1634 2143 quoque
1690 2075 1780 2130 die
1846 2077 2016 2131 semel
2118 2079 2315 2133 nitioni
2341 2082 2463 2151 ejus
2498 2085 2700 2152 paruit,
2733 2087 3017 2158 accitoque
3059 2089 3213 2145 fabro
3242 2093 3524 2148 vinculum
3558 2097 3696 2153 solvi

437 2165 618 2230 vesci;
664 2164 871 2233 incepit
916 2177 1070 2228 vero,
1115 2172 1402 2233 postquam
1439 2180 1470 2219 a
1517 2168 1875 2223 conversione
1916 2185 2016 2225 sua
2113 2171 2349 2239 jussit“.
2382 2192 2400 2225 ›

436 2255 578 2309 duos
621 2268 746 2309 cum
796 2252 1083 2308 monachis
1126 2250 1457 2324 quibusdam
1500 2272 1693 2323 annos,
1733 2260 1920 2315 decem
1958 2261 2014 2316 in

435 2344 717 2400 Heliodori
794 2345 1128 2401 monasterio
1187 2344 1451 2401 duxisset.
1525 2348 1662 2403 Cum
1727 2366 1857 2421 ergo
1911 2352 2012 2407 do-

431 2440 559 2489 ceat
606 2433 873 2503 Evagrius
929 2433 1244 2488 Simeonem
1297 2435 1498 2490 vixisse
1573 2453 1604 2491 a
1653 2441 2014 2497 conversione

435 2540 534 2581 sex
586 2532 644 2580 et
682 2523 1080 2595 quinquaginta
1129 2541 1322 2592 annos,
1379 2542 1614 2598 eumque
1664 2545 1857 2587 omnes
1901 2532 2014 2589 fere

434 2614 732 2679 fateantur,
762 2622 1028 2669 sanctam
1092 2623 1328 2671 ascetam
1375 2633 1520 2673 anno
1559 2619 1721 2695 290
1751 2621 1856 2676 460
1902 2622 2012 2678 vita

433 2704 719 2769 functum,
769 2718 995 2758 necesse
1046 2713 1131 2761 est
1190 2716 1249 2762 ut
1309 2723 1609 2764 conversus
1655 2711 1822 2766 fuerit
1868 2728 2014 2768 anno

2185 2284 2321 2339 Vill.
2342 2285 2456 2340 Hoc
2479 2288 2791 2344 testimonio
2811 2289 2985 2347 fretus
3001 2293 3106 2348 tria
3127 2298 3464 2365 pronuntiat.
3487 2300 3698 2358 l.Con-

2114 2382 2337 2427 ventum
2388 2390 2420 2429 a
2461 2375 2677 2431 Meletio
2713 2378 2897 2449 aliquo
2925 2380 3268 2439 Antiocheno
3312 2386 3566 2459 episcopo
3607 2390 3697 2444 Si-

2115 2480 2386 2530 meonem,
2404 2481 2529 2520 eum
2548 2469 2656 2538 jam
2682 2470 3020 2527 ascendisset
3042 2474 3096 2527 in
3117 2476 3447 2531 columnam.
3464 2478 3517 2532 2.
3539 2479 3697 2535 Hunc

2114 2570 2145 2609 a
2165 2571 2272 2625 quo
2294 2566 2599 2613 conventus
2619 2568 2723 2625 est,
2748 2560 3049 2629 Meletium,
3073 2581 3181 2620 non
3205 2566 3427 2623 dilferre
3448 2585 3477 2623 a
3497 2584 3696 2640 magno

2112 2647 2227 2711 illo,
2256 2648 2349 2718 qui
2379 2649 2535 2719 291
2569 2650 3038 2726 ConstantinOpoli
3058 2658 3196 2713 obiit
3237 2674 3382 2714 anno
3405 2660 3528 2716 581.
3553 2661 3605 2715 5.
3634 2661 3695 2716 lu

2113 2739 2369 2794 columna
2439 2743 2658 2797 stetisse
2709 2744 3021 2802 Simeonem
3064 2751 3352 2820 plusquam
3415 2753 3695 2824 octoginta

432 2796 558 2851 404.
600 2794 658 2851 Si
699 2809 832 2866 ergo
885 2795 955 2849 ad
1010 2810 1186 2851 annos
1221 2798 1327 2853 404
1362 2798 1637 2854 addantur
1700 2802 2012 2870 duodecim,

432 2886 628 2916 M-I:m
703 2885 852 2916 ἰηιιηι
905 2886 1203 2916 ωηηιιηιιηρ
1283 2890 1480 2916 ..-ηιξ-ν.
1536 2891 1677 2916 ...και
1749 2894 1974 2916 Il-u-a_

2709 2794 3021 2802 -____--__-...
3065 2794 3352 2820 ,,.-.-.,.......
3415 2794 3694 2824 νν.υδ....ι.

2125 2844 2309 2896 annos,
2364 2832 2652 2905 Vitamque
2703 2837 2875 2907 ipsius
2941 2857 2971 2894 a
3023 2840 3369 2897 'l‘heodoreto
3430 2844 3694 2916 scriptam

432 2886 631 2956 partim
703 2885 852 2941 inter
905 2886 1233 2952 monachos,
1283 2890 1484 2957 partim
1534 2891 1681 2960 apud
1749 2894 2011 2951 Heliodo—

2298 2885 2309 2896 ,
2388 2885 2650 2905 _--_--‘--
2703 2885 2874 2907 τυ--
2941 2885 2971 2894 ..
3035 2885 3368 2897 -..ννυνμην
3430 2885 3694 2916 πυρα...

2125 2936 2256 2984 esse,
2300 2938 2425 2977 cum
2476 2927 2718 2980 nondum
2765 2929 3035 2996 explesset
3072 2932 3394 2987 vicesimum
3435 2947 3694 2992 octavum

432 2993 556 3035 rum
592 2978 722 3043 acti,
770 2977 1047 3035 addantur
1092 2979 1259 3035 etiam
1303 2981 1496 3050 viginti
1547 2990 1605 3037 et
1642 2993 1788 3050 octo,
1838 2989 1932 3057 qui
1980 3003 2011 3044 a

432 3078 684 3095 .u.--....d-
729 3069 931 3095 ε-ε....;,.
956 3068 1274 3095 ..αἱ-...Λιλυη
1327 3071 1670 3095 φι.--.1-.--.Α
1711 3078 1875 3095 Δ,νγ-ιγ
1934 3088 1948 3095 -

2244 2977 2255 2984 ,
2770 2977 3034 2996 --τη-η-
3085 2977 3394 2987 ..---.........
3437 2977 3694 2992 suum...

2125 3011 2367 3065 stationis
2401 3028 2623 3066 annum.
2660 3016 2857 3070 Verum
2898 3018 3001 3072 tria
3031 3020 3146 3074 haec
3178 3033 3460 3092 pugnant:
3487 3026 3697 3095 primo,

432 3078 687 3139 suscepto
724 3069 934 3139 jejunio
953 3068 1297 3131 efﬁnxerant.
1327 3071 1678 3130 Thcodoreto
1704 3078 2005 3145 scribente,

2680 3068 2685 3070 _
2777 3068 2783 3069 ,
2828 3068 2855 3069 η
3031 3068 3145 3074 ηὴν
3178 3068 3458 3092 “cum...
3490 3068 3695 3095 ,μω-υ,

2125 3116 2237 3155 :um
2283 3102 2537 3156 omnibus
2579 3105 2703 3159 vitae
2736 3105 3009 3165 Simeonis
3043 3113 3442 3182 scriptoribus,
3487 3117 3695 3173 deinde

430 3163 656 3217 exsistet
701 3176 880 3216 annus
926 3162 1031 3216 444
1061 3161 1104 3226 ⁸,
1149 3168 1261 3231 Quo
1300 3164 1537 3220 Historia
1582 3166 1832 3238 religiosa
1860 3185 2010 3226 eom-

2868 3161 3006 3165 ,
3044 3161 3442 3182 _-__,_--_---,
3490 3161 3612 3172 νυ...

2125 3208 2231 3261 :um
2264 3192 2643 3273 Thepdoreto,
2667 3197 2904 3268 denique
2938 3216 3061 3255 cum
3093 3204 3612 3273 ipsomet‘Baronio.

430 3252 610 3323 posita
663 3251 754 3307 sit.
2178 3256 2266 3335 lX.
2284 3256 2420 3337 Nam
2452 3293 2511 3338 ut
2538 3284 2607 3339 ab
2634 3251 2828 3343 ultimi;
2850 3288 3057 3344 ducam.
3078 3251 3315 3359 inritium,
3342 3297 3385 3349 si
3410 3299 3689 3368 octoginta

500 3366 566 3420 ν.
606 3364 739 3420 Inde
793 3364 1026 3420 solvitur
1071 3365 1305 3420 celebris
1339 3370 1566 3436 qumstio
1602 3370 1670 3426 de
1703 3387 1868 3437 anno,
1896 3389 2006 3443 quo
2107 3386 2279 3427 annos
2326 3374 2547 3458 Simeon
2573 3378 2881 3434 columnam
2924 3382 3152 3438 incoluit
3175 3425 3189 3449 ,
3216 3393 3271 3439 et
3292 3394 3495 3453 tamen,
3538 3392 3687 3458 quod

432 3456 654 3513 Simeon
700 3456 758 3510 in
806 3457 1114 3511 columnam
1169 3460 1498 3526 ascenderit,
1538 3462 1891 3533 quandinque
1948 3463 2005 3519 in
2107 3460 2309 3517 fatetur
2332 3454 2792 3530 Baronius,‘diem
2828 3470 3023 3525 clausit
3048 3480 3355 3528 extremum
3381 3490 3525 3531 anno
3546 3479 3683 3534 46οε

430 3562 496 3603 ea
517 3547 905 3603 steterit.Nam
927 3563 1051 3602 cum
1067 3548 1121 3601 in
1143 3548 1474 3607 domuncula
1489 3553 1816 3609 vixerittres
1831 3570 2006 3609 annos
2106 3569 2329 3610 necesse
2365 3566 2450 3611 est
2485 3566 2544 3611 ut
2591 3560 2899 3615 ascenderit
2929 3562 2984 3616 in
3027 3565 3338 3620 columnam
3379 3584 3525 3622 anno
3555 3569 3681 3636 380,

430 3647 717 3709 postquam
770 3639 839 3693 ab
883 3638 1171 3695 Heliodoro
1217 3642 1462 3707 recessit,
1527 3644 1817 3698 recesserit
1874 3659 2005 3699 vero
2106 3654 2201 3699 aut
2239 3645 2404 3700 etiam
2456 3649 2659 3714 citius;
2717 3665 2940 3706 necesse
2994 3670 3232 3724 quoque,
3283 3667 3344 3711 ut
3400 3660 3689 3729 scripserit,

430 3743 572 3783 anno
621 3728 745 3792 liti,
791 3742 1017 3783 necesse
1057 3737 1141 3784 cst
1170 3737 1231 3783 ut
1260 3731 1573 3785 columnam
1618 3733 2005 3789 conscenderit
2105 3735 2486 3792 Theodoretus
2525 3738 2799 3795 Simeonis
2851 3745 3163 3800 encomium
3216 3763 3360 3803 anno
3404 3750 3526 3817 408,
3558 3768 3684 3807 cum

431 3834 573 3874 anno
603 3818 729 3884 419,
767 3824 928 3889 atque
959 3819 1033 3872 ita
1061 3821 1118 3874 in
1154 3836 1218 3874 ea
1246 3820 1549 3889 perstiterit
1577 3836 1746 3875 unum
1774 3831 1831 3876 et
1860 3839 1999 3893 qua-
2105 3828 2195 3883 vix
2242 3845 2448 3884 annum
2490 3831 2815 3886 tricesimum
2853 3837 3153 3892 secundum
3206 3841 3491 3911 attigisset,
3536 3850 3683 3901 certe

428 3913 680 3983 draginta
703 3927 896 3973 annos.
917 3912 1198 3984 Siquidem
1221 3914 1287 3969 ad
1311 3915 1525 3970 obitum
1546 3916 1720 3983 usque
1741 3917 2000 3986 perstitit,
2103 3921 2347 3975 nondum
2393 3921 2532 3976 foret
2557 3923 2876 3994 cpiscopus;
2908 3927 3153 3983 nondum
3204 3933 3535 4000 evenissent,
3562 3952 3683 4006 qua:

428 3995 767 4074 contigitque
803 4004 988 4060 obitus
1027 4022 1171 4061 anno
1206 4006 1331 4061 460.
2104 4011 2173 4066 de
2225 4011 2481 4067 Simeone
2530 4023 2737 4079 narrat,
2790 4017 2856 4071 ad
2910 4034 2967 4073 se
3013 4035 3151 4089 quos
3182 3995 3684 4081 converteratmit-

444 4114 451 4119 η
496 4094 585 4150 Ἦ.
622 4094 720 4151 Est
759 4102 817 4148 et
860 4095 964 4149 alia
1004 4097 1252 4168 ejusdem
1303 4095 1590 4165 temporis,
1627 4112 1737 4167 quo
1760 4098 2002 4156 Historia
2105 4112 2275 4169 tente,
2324 4112 2385 4158 ut
2430 4105 2823 4163 sacerdotalem
2866 4110 3307 4170 benedictionem
3349 4117 3677 4186 acciperent.

430 4183 679 4254 religiosa
733 4185 985 4239 confecta
1035 4192 1138 4250 est,
1190 4184 1507 4239 inveniendi
1561 4192 1723 4242 ratio.
1767 4190 2002 4247 Jacobus
2102 4193 2230 4251 Haec
2269 4204 2454 4251 autem
2500 4197 2715 4268 aliaque
2762 4200 2888 4256 inde
2942 4207 3332 4275 consequentia
3374 4183 3676 4279 complura,

427 4274 519 4328 ille
553 4274 908 4340 admirabilis,
941 4288 1104 4344 quem
1149 4273 1549 4332 Theodoretus
1575 4280 1753 4351 capite
1783 4281 1849 4336 2i
1886 4282 2003 4337 lau-
2101 4288 2378 4357 quomodo
2411 4290 2558 4345 inter
2578 4307 2659 4356 se,
2698 4295 2974 4362 quomodo
2997 4273 3366 4353 cum‘Baronii
3400 4273 3679 4356 relationi;

427 4363 542 4430 dat,
566 4364 811 4419 exerceri
832 4365 1020 4433 carpit,
1043 4378 1153 4433 quo
1189 4371 1432 4435 tempore
1453 4367 1627 4424 Isauri
1662 4372 2000 4442 populaban-
2033 4391 2079 4446 ι)
2104 4376 2210 4432 bus
2236 4377 2304 4433 de
2338 4380 2507 4449 gestis
2547 4380 2879 4438 Theodoreti
2925 4395 2980 4439 et
3037 4385 3310 4442 Simeonis
3364 4389 3680 4444 cohaerent?

426 4462 519 4510 tur
561 4455 772 4510 vicinas
823 4455 1092 4525 regiones.
1147 4455 1441 4523 Pepulatos
1489 4474 1636 4514 anno
1682 4461 1788 4516 405
1835 4463 2004 4518 tradit
2173 4467 2242 4523 Χ.
2287 4468 2394 4524 Sed
2432 4472 2708 4540 quomodo
2737 4476 2883 4544 quod
2923 4477 2996 4531 ait
3037 4477 3103 4531 de
3148 4479 3365 4534 Meletio
3409 4480 3678 4535 invisente

425 4543 777 4601 Marcellinus
823 4545 879 4599 in
919 4544 1538 4616 Chronico,constatquc
1560 4558 1675 4603 tum
1699 4567 1766 4605 ex
1801 4552 2004 4611 litteris
2104 4557 2438 4627 Simeonem,
2506 4579 2630 4618 cum
2681 4566 2794 4636 jam
2848 4569 3185 4624 ascendisset
3232 4571 3286 4624 in
3341 4572 3672 4631 columnam,

424 4633 819 4706 Cbrysostomi,
886 4636 1002 4689 tum
1064 4634 1385 4690 indubitatis
1433 4637 1556 4692 aliis
1586 4643 1995 4710 monumentis;
2100 4652 2361 4707 convenit
2419 4668 2543 4708 cum
2604 4633 2937 4711 Theodoreti
2987 4659 3304 4715 narratione
3365 4661 3431 4714 de
3457 4659 3673 4715 Meletio

425 4727 575 4794 atqui
617 4724 999 4780 Thcodorelus
1035 4724 1112 4778 ait
1143 4725 1406 4781 18C01mm
1452 4735 1706 4782 OClaVllm
1754 4737 1811 4784 cl-
1837 4731 1998 4787 ῑτὶοθ-
2100 4739 2412 4797 Simeonem
2451 4745 2740 4817 invisente,
2788 4747 3129 4819 ferreamquc
3178 4760 3424 4805 catenam
3470 4751 3671 4806 auferri

423 4815 620 4871 simum
648 4815 1056 4870 exetclthlionis
1077 4816 1774 4887 θηηῐπὶιθιριθνῖεεθνοωη
1814 4822 1994 4877 Ηίδεο-
2098 4832 2406 4889 suadente?
2467 4834 2526 4889 Id
2578 4842 2725 4892 enim
2777 4837 3159 4896 Theodoretus
3228 4843 3434 4913 apertis
3490 4843 3672 4898 verbis

424 4911 560 4961 riam
588 4906 889 4977 religiosam
933 4905 1214 4960 scriberet.
1255 4927 1273 4958 ι
1304 4907 1571 4964 lnitorum
1606 4911 1711 4965 sub
1741 4912 1833 4967 dio
1876 4930 1995 4969 ccr-
2098 4922 2265 4977 tradit
2314 4925 2599 4991 accidisse,
2634 4936 2925 4998 antequam
2960 4930 3015 4985 in
3051 4933 3358 4988 columnam
3393 4933 3671 4989 ascendis-

371 4980 393 4993 κ
424 4998 690 5052 laminam
748 4995 925 5065 ἱρείης
963 4994 1236 5063 (Ῑλίωηωῖ)
1266 5004 1338 5072 ,θῑ
1380 4999 1560 5068 magni
1606 5000 1795 5055 ’aCObi
1846 5003 1991 5057 idem
2095 5023 2197 5067 set.
2253 5014 2519 5082 «Tribus,
2572 4980 2830 5088 inquiti“,
2887 5020 2942 5074 in
2991 5022 3319 5078 domuncula
3387 5025 3672 5079 transactis

422 5098 506 5144 cst
549 5086 813 5156 temporis
858 5085 1092 5154 spatium
1126 5103 1144 5140 :
1194 5095 1446 5143 octavum
1478 5090 1626 5144 enim
1677 5100 1732 5146 et
1773 5094 1988 5149 tricesi-
2094 5107 2253 5161 annis
2274 5107 2342 5162 ad
2371 5109 2795 5164 celeberrimum
2819 5112 2969 5168 hunc
2989 5116 3189 5170 montis
3211 5116 3473 5171 verticem
3498 5116 3668 5179 venit,

422 5200 571 5239 mum
624 5196 828 5236 annum
876 5182 987 5253 iam
1035 5184 1412 5254 expleverunt
1450 5207 1469 5238 ι
1533 5188 1765 5260 Scripsit
1823 5191 1992 5259 igitur
2093 5201 2388 5255 maceriam
2421 5201 2760 5258 circumduci
2791 5206 3136 5276 praecipiens,
3162 5217 3464 5278 catenaque
3495 5206 3671 5262 ferrea

1812 5390 2129 5453 SCHULZII
2164 5395 2400 5453 ΝΟΤΛΕ.

729 5523 825 5579 Vel
851 5524 1032 5615 potius
1065 5524 1635 5615 alteriusl’lacqbilde
1669 5529 2311 5615 quo‘vid._lfl,z.il;otli:,'_nc.
2339 5535 2441 5615 _2l.
2503 5536 2567 5615 Δξ
2597 5537 2924 5615 Quiuq._Sic
2968 5560 3187 5615 quoque
3231 5544 3392 5615 infra,
3434 5562 3489 5615 p.
3532 5543 3657 5615 297.

412 5589 520 5688 sed
550 5590 817 5675 Qudinus,
851 5589 889 5647 l.
922 5610 993 5688 cz,
1014 5610 1068 5665 p.
1098 5595 1455 5688 l09i,”habc.t
1483 5589 1891 5688 phedro-pium."
1989 5603 2112 5688 νῆά.
2501 5589 3419 5688 96.:‘Hii'id;

412 5663 694 5731 astruitur,
747 5664 835 5717 vix
883 5663 1168 5720 ante'ann.
1204 5666 1308 5721 445
1334 5663 1595 5737 scriptum
1625 5663 1744 5750 esse
1769 5667 2123 5728 Philotimum.
2199 5676 2219 5707 ⁸
2247 5675 2477 5733 Philota.
2508 5694 2555 5733 c.
2582 5678 2670 5737 26.
2736 5663 2946 5738 ΤΠ)ἷῶ
