3952 6294
206 381 309 448 81

1364 384 1468 443 DE
1506 381 1763 444 LIBRIS
1796 378 2302 441 THEODORETI.

3360 366 3473 428 242

210 491 406 563 viginti
456 489 774 545 cubitorum
834 488 1149 555 fabricata,
1189 491 1414 561 ejusque
1479 490 1656 561 capite
1713 488 1781 544 ad
1813 496 1855 554 Α
1884 502 1992 558 que
2036 487 2105 542 ad
2152 501 2357 541 munus
2398 482 2707 553 pertinebat
2733 480 3015 553 invigilare
3044 475 3318 541 omnibus,
3349 489 3470 545 quae

214 594 406 637 saxum
453 577 650 649 ingens
691 575 871 642 allixo,
922 580 1098 633 altero
1160 578 1230 633 ad
1282 579 1537 634 dextrum
1596 578 1799 649 pedem

215 674 446 742 Illigato,
504 679 566 722 ut
600 677 755 729 extra
781 669 985 724 limites
1016 670 1161 736 illos,
1196 685 1300 725 nec
1323 669 1369 723 si
1394 670 1578 735 vellet,
1605 668 1794 739 egredi

215 769 421 834 posset,
458 761 612 815 intus
666 761 888 826 mansit,
950 760 1149 815 caelum
1188 760 1408 817 assidue
1465 761 1657 815 animo
1684 762 1797 831 agi-

220 864 359 916 tans,
402 860 606 919 etquae
643 865 808 921 supra
833 850 1003 906 caelos
1024 858 1173 916 sunt,
1204 853 1220 870 '
1255 851 1619 921 contemplari
1642 851 1796 905 anni-

217 952 357 997 tens.
410 940 610 995 Mentis
667 940 816 995 enim
858 940 1097 995 volatum
1146 940 1279 995 ferri
1333 941 1614 996 vinculum
1661 939 1796 995 illud

217 1048 326 1087 non
372 1030 733 1101 impediebat.
783 1029 920 1086 Cum
976 1047 1109 1087 vero
1152 1032 1507 1089 admirandus
1549 1032 1641 1087 ille
1684 1031 1797 1087 Me-

218 1119 401 1189 letius,
430 1139 450 1171 ι
482 1128 589 1174 etc.

289 1210 382 1265 XI.
427 1211 488 1265 In
525 1225 592 1267 eo
641 1209 889 1285 deniun
917 1211 1063 1280 quod
1110 1211 1325 1276 scribit,
1378 1211 1693 1267 Simeonem
1741 1209 1800 1265 in

223 1300 479 1357 columna
533 1301 753 1356 stetisse
811 1302 936 1371 plus
964 1319 1126 1372 quam
1157 1304 1434 1374 octoginta
1466 1317 1659 1367 annos,
1685 1302 1799 1356 dis-

222 1393 389 1448 sentit
404 1393 476 1446 ab
495 1393 753 1448 omnibus
773 1396 1016 1464 antiquis
1029 1396 1419 1466 scriptoribus,
1433 1394 1798 1459 Theodoreto,
1844 1410 1845 1415 η

228 1483 467 1540 Antonio
510 1483 783 1541 Simeonis
814 1486 1108 1556 discipulo,
1146 1498 1201 1543 et
1232 1487 1465 1557 Evagrio
1502 1485 1800 1551 historico;

226 1590 295 1629 ne
317 1575 453 1644 quid
474 1575 652 1631 dicam
681 1575 749 1632 de
788 1577 1158 1648 Metaphraste
1192 1586 1315 1649 post
1337 1578 1475 1632 alios
1505 1575 1801 1630 scribente.

1895 580 1960 633 a‘d
2005 579 2261 648 pietatem
2305 578 2662 647 pertinerent.

1965 670 2105 725 XVI.
2139 670 2328 739 Neque
2360 684 2487 724 vero
2516 676 2568 722 te
2596 672 2830 735 moveat,
2862 662 3007 735 quod
3055 676 3084 716 a
3128 657 3473 715 Theodoreto

1897 759 2147 814 Meletius
2183 758 2401 812 dicatur
2438 758 2467 809 ὁ
2497 755 2819 826 θαυμάσιος.
2861 752 3015 823 quasi
3057 750 3159 804 hoc
3191 746 3477 818 epitheton

1896 866 2094 920 magno
2133 850 2212 903 illi
2247 848 2464 904 Meletio
2502 847 2603 903 soli
2632 844 2940 901 conveniat.
2993 842 3127 897 Nam
3165 840 3233 894 de
3286 839 3473 899 Basso,

1898 941 1992 1011 qui
2023 939 2410 1011 proculdubio
2441 955 2552 993 non
2571 944 2711 1001 erat,
2740 935 2851 993 nisi,
2877 934 2943 989 ad
2971 946 3267 995 summum,
3309 928 3473 983 chor-

1897 1033 2208 1102 episcopus,
2247 1030 2498 1100 loquens,
2521 1027 2820 1098 θαυμάσιον
2851 1024 3125 1087 nominat;
3147 1022 3256 1073 imo
3282 1017 3479 1072 eadem

1900 1124 2267 1193 appellatione
2314 1124 2475 1187 solet,
2526 1133 2883 1191 quoscunque
2932 1115 3243 1186 praecellere
3295 1117 3471 1181 putat,

1900 1228 2184 1269 exornare.
2238 1212 2384 1278 Quin
2430 1218 2488 1267 et
2534 1210 2661 1265 inde
2720 1208 3076 1279 confirmatur
3123 1205 3477 1258 vehementer

1901 1304 2089 1373 opinio
2126 1313 2313 1358 nostra
2347 1319 2359 1355 :
2393 1300 2663 1369 siquidem
2686 1297 3084 1359 Theodorctus,
3117 1310 3241 1348 eum
3268 1292 3334 1345 de
3368 1290 3478 1345 Me-

1902 1393 2035 1467 letio
2065 1392 2533 1448 Antiochenorum
2559 1389 2818 1458 episeopo
2838 1399 3144 1440 sermonem
3169 1381 3319 1443 facit,
3340 1393 3479 1449 non-

1901 1484 2007 1537 nisi
2051 1498 2305 1553 maguum
2346 1487 2525 1543 vocat,
2558 1478 2695 1532 Hist.
2741 1475 2866 1530 εδει.
2900 1474 2999 1527 lib.
3043 1490 3095 1535 v,
3129 1486 3248 1539 cap.
3282 1469 3351 1522 55
3379 1484 3391 1520 :
3422 1469 3478 1519 ὲν

1906 1572 2213 1644 Ἀντιοχείᾳ
2242 1573 2300 1624 δὲ
2334 1569 2597 1625 Μελετίου
2641 1567 2736 1620 τοῦ
2785 1564 3021 1637 μεγάλου
3052 1562 3150 1631 τὴν
3194 1556 3478 1630 προεδρίαν

228 1666 307 1721 De
353 1665 702 1721 Theodoreto
733 1668 867 1722 satis
918 1669 1203 1725 hactenus.
1253 1668 1528 1724 Antonius
1554 1674 1610 1721 et
1662 1667 1805 1721 Eva-

1918 1664 2196 1726 Ιιλαόιανὸς
2227 1662 2493 1726 διεδέξατο
2532 1661 2596 1714 ¹⁰.
2637 1658 2815 1714 Semel
2860 1664 3023 1725 atque
3052 1655 3250 1708 iterum
3294 1658 3477 1713 antea,

226 1757 380 1827 grius
410 1766 580 1810 totam
620 1757 694 1815 ita
726 1767 974 1825 narrant,
1015 1760 1130 1815 sive
1161 1761 1306 1814 inter
1334 1759 1654 1823 monachos,
1692 1757 1806 1812 sive
1907 1753 2241 1822 tertiumque
2259 1752 2493 1816 dixerat,
2520 1750 2684 1805 modo
2714 1748 2876 1812 θεῖον,
2927 1744 3091 1800 modo
3120 1743 3315 1814 μέγαν,
3335 1756 3479 1794 nun-

226 1846 283 1899 in
333 1846 671 1901 domuncula
714 1855 769 1901 et
824 1848 1071 1912 mandra,
1115 1848 1227 1904 sive
1276 1849 1332 1901 in
1383 1847 1653 1903 columnis
1696 1845 1808 1915 pri-

1918 1858 2074 1911 quam
2114 1842 2436 1912 θαυμάσιον,
2472 1849 2562 1906 et,
2612 1840 2774 1909 epist.
2828 1836 2951 1904 112,
2986 1837 3075 1890 ὅτε
3108 1833 3198 1886 τὸν
3224 1829 3316 1885 τοῦ
3342 1828 3478 1882 Θεοῦ

226 1952 376 1993 mum
430 1938 889 2008 depressioribus,
945 1940 1144 1997 deinde
1187 1940 1494 2003 altioribus,
1558 1938 1809 1994 asceticas

232 2029 505 2086 Simeonis
527 2030 653 2085 vitre
675 2031 978 2101 historiam,
1011 2040 1071 2086 ut
1099 2046 1207 2085 non
1244 2031 1428 2100 plures
1452 2046 1616 2099 quam
1644 2029 1806 2099 quin-

236 2118 496 2189 quaginta
557 2133 651 2174 sex
716 2127 812 2174 aut
874 2129 1083 2190 septem
1146 2135 1318 2174 annos
1372 2119 1653 2188 complexa
1714 2117 1804 2181 sit,

239 2209 666 2289 Simeonque'in
703 2211 1034 2276 columnam,
1062 2219 1182 2281 post
1209 2210 1504 2264 detractam
1538 2218 1803 2272 catenam,

235 2300 547 2355 ascenderit
581 2301 802 2356 circiter
837 2318 1040 2356 annum
1089 2301 1292 2356 Christi
1348 2301 1476 2365 420,
1525 2315 1634 2369 quo
1671 2307 1809 2355 tem-

228 2409 361 2464 pore
411 2393 813 2450 Antiochenam
850 2395 1152 2453 Ecelesiam
1209 2393 1433 2464 regebat
1470 2391 1806 2455 Theodotus,

229 2491 397 2550 atque
435 2482 514 2537 ita
546 2483 710 2539 modo
740 2483 1112 2548 humiliorem,
1143 2484 1308 2538 modo
1344 2481 1700 2536 excelsiorem
1728 2480 1810 2533 in-

230 2572 591 2636 habitaverit,
628 2573 987 2645 quadraginta
1043 2572 1265 2628 circiter
1313 2587 1581 2627 annorum
1612 2571 1807 2641 spatio.

301 2658 467 2729 292
505 2659 622 2715 XII.
666 2659 772 2715 Sed
810 2660 1047 2726 Meletio,
1089 2661 1326 2730 inquies,
1352 2661 1485 2731 quid
1511 2660 1643 2715 ﬁet?
1670 2660 1811 2727 Quid

231 2746 620 2804 Theodoreto?
646 2748 809 2816 Quid,
843 2751 887 2804 si
926 2749 1307 2805 Theodoretus
1339 2751 1599 2806 memoria
1628 2751 1812 2820 lapsus

226 2838 512 2895 Meletium
555 2840 839 2911 scripserit
883 2856 983 2911 pro
1030 2840 1356 2896 Theodoto?
1407 2842 1604 2897 Verum
1650 2839 1706 2894 id
1755 2840 1812 2894 in

228 2948 292 2987 re
337 2940 449 2986 tam
496 2932 706 2986 recenti
749 2940 965 3003 tamque
1004 2943 1131 2988 nota
1169 2934 1432 2988 accidisse
1464 2935 1552 2988 vix
1595 2933 1809 3003 opinor.

227 3018 419 3093 Lange
452 3022 796 3093 probabilius
837 3023 983 3094 quod
1017 3024 1094 3078 ait
1127 3025 1420 3079 Bollandus
1456 3032 1663 3088 noster,
1698 3022 1811 3077 Me-

226 3113 426 3168 lctium
472 3114 622 3170 hunc
650 3115 821 3170 fuisse
877 3117 1330 3186 chorepiseopum
1363 3116 1465 3170 sub
1502 3114 1806 3179 Theodoto,

228 3207 321 3260 cui
372 3208 669 3262 commissa
724 3214 871 3263 esset
925 3188 1163 3278 regionis
1230 3209 1399 3273 illius,
1455 3208 1510 3261 in
1553 3212 1660 3277 qua
1708 3205 1812 3261 fuit

230 3294 511 3351 Simeonis
572 3296 831 3361 mandra,
889 3296 1245 3367 inspicienda:
1292 3297 1651 3368 regendisque
1711 3296 1813 3351 sub

230 3386 471 3455 primate
537 3401 686 3440 cura.
752 3386 812 3440 Id
874 3386 1132 3441 videntur
1191 3386 1423 3440 innuere
1482 3384 1814 3440 Theodoreti

232 3474 404 3529 verba
439 3492 454 3527 :
490 3475 807 3528 ἐπισκοπεῖν
837 3475 1138 3544 τηνικαῦτα
1170 3475 1269 3545 τῆς
1299 3473 1573 3546 Ἀντιόχου
1607 3475 1814 3537 πόλεως

229 3567 567 3634 τεταγμένος
615 3563 714 3634 τὴν
756 3563 939 3636 χώραν
987 3566 1028 3629 ⁷,
1077 3580 1201 3636 qua!
1232 3580 1394 3620 nemo
1445 3564 1513 3619 de
1557 3566 1814 3634 episcopo

232 3655 393 3710 urbis
443 3655 664 3725 proprie
728 3656 947 3711 dixerit.
998 3658 1208 3712 Dixerit
1267 3673 1398 3711 vero
1457 3657 1700 3726 apposite
1745 3656 1813 3711 de

232 3746 668 3815 chorepiscopo,
727 3748 1044 3817 τεταγμένῳ
1091 3748 1407 3800 ἐπισκοπεῖν
1454 3745 1552 3816 τὴν
1601 3745 1810 3817 χώραν,

234 3837 387 3891 unde
425 3838 802 3907 chorepiscopi
853 3854 1054 3894 nomen
1101 3839 1286 3894 habet.

303 3926 451 3982 XIII.
482 3928 634 3983 Hanc
673 3929 1182 3999 interpretationem
1208 3928 1557 3995 confirmant,
1596 3946 1718 4000 quae
1744 3929 1813 3984 de

235 4019 407 4073 Basso
455 4018 609 4088 prius
650 4019 911 4075 dicuntur
935 4018 998 4088 ⁸;
1032 4021 1180 4076 hunc
1228 4036 1425 4091 nempe
1457 4021 1813 4091 praepositum

232 4108 409 4164 Fuisse
430 4110 768 4182 presbyteris
786 4111 934 4166 vicos
958 4112 1305 4182 regentibus:
1330 4114 1439 4175 τοῖς
1461 4113 1600 4165 κατὰ
1624 4111 1814 4180 κώμας

239 4199 484 4269 ἱερεῦσιν
538 4200 864 4254 ἐπιστατῶν.
926 4200 1063 4255 Nam
1123 4202 1256 4271 quid
1318 4201 1639 4255 ἐπίστασθαι
1703 4202 1814 4262 τοῖς

238 4289 503 4359 ἱερεῦσιν,
562 4290 668 4344 nisi
721 4291 1072 4343 émazonsiv?

302 4380 453 4435 XIV.
486 4376 639 4435 Hanc
663 4382 907 4436 eamdem
944 4381 1447 4450 interpretationem
1489 4380 1643 4434 locus
1676 4377 1816 4432 alter

239 4468 439 4532 aliinis,
474 4468 653 4538 capite
705 4468 794 4533 2t,
848 4470 1103 4524 illustrat.
1150 4470 1286 4525 Cum
1337 4470 1482 4524 enim
1531 4469 1600 4523 ad
1655 4468 1814 4540 Poly-
1852 4496 1894 4550 ο

240 4560 539 4615 ebronium
575 4559 839 4615 siccitatis
874 4570 1119 4630 tempore
1157 4560 1503 4626 conﬂuxisse,
1556 4560 1678 4630 opis
1724 4574 1820 4629 pe-

240 4648 426 4702 tendae
452 4660 634 4711 causa,
669 4657 962 4707 narrantur
997 4650 1319 4721 presbyteri,
1350 4665 1474 4704 eum
1513 4649 1582 4704 iis
1604 4652 1819 4705 venisse

240 4738 452 4792 dicitur
498 4737 710 4807 καὶτῆς
744 4737 1054 4808 Ἀντιοχέων
1073 4757 1156 4798 τις
1186 4738 1368 4810 χώρας
1404 4738 1593 4809 κώμας
1620 4738 1820 4801 πολλὰς

240 4827 554 4898 ποιμαίνειν
596 4831 924 4898 τεταγμένος
963 4833 1007 4886 ⁸.
1050 4830 1205 4907 Quod
1238 4833 1384 4887 enim
1436 4848 1545 4887 uno
1590 4831 1647 4886 in
1693 4831 1815 4885 Ioco

242 4919 570 4971 ἐπισκοπεῖν
595 4917 802 4973 dictum
827 4927 930 4983 est,
957 4921 1263 4991 ποιμαίνειν
1285 4921 1343 4975 in
1365 4920 1540 4977 altero
1565 4919 1811 4975 effertur.

314 5007 435 5064 XV.
486 5007 592 5062 Sed
639 5024 752 5062 rem
796 5009 1027 5066 deﬁnire
1081 5012 1215 5065 mihi
1269 5011 1488 5065 videtur
1536 5027 1713 5066 canon
1752 5010 1820 5065 ιθ

1904 1935 2209 2006 ἄνθρωπον,
2238 1935 2329 1988 τὸν
2358 1934 2534 2005 μέγαν
2562 1930 2842 1987 Μελέτιον.

1974 2059 2137 2115 XVII.
2170 2059 2328 2115 Hunc
2359 2074 2463 2129 ego
2490 2058 2764 2112 Meletium
2806 2055 3003 2125 opinor
3035 2052 3205 2108 fuisse
3230 2058 3418 2119 postea
3446 2064 3480 2103 a

1905 2151 2189 2205 Theodoto
2226 2150 2576 2221 praepositum
2600 2145 3028 2205 Neocmsariensi
3059 2141 3351 2207 Ecclesiae;
3378 2153 3481 2194 nec

1905 2242 2180 2299 diversum
2223 2242 2292 2296 ab
2332 2256 2422 2305 eo,
2465 2241 2560 2311 qui
2588 2240 2732 2311 apud
2775 2240 3041 2295 Joannem
3075 2234 3480 2290 Antiocheam

1904 2343 2024 2389 erat
2067 2348 2190 2387 cum
2232 2333 2603 2397 Theodoreto,
2642 2341 2700 2386 et
2748 2331 2873 2385 aliis
2920 2336 3175 2401 quatuor,
3235 2340 3363 2381 cum
3411 2324 3480 2378 ad

1904 2426 2221 2482 Nestorium
2262 2426 2502 2482 Joannes
2548 2423 2853 2487 scriberet;
2899 2421 3102 2491 quique
3146 2418 3203 2473 in
3232 2415 3482 2471 Orienta-

1905 2515 2041 2571 lium
2075 2516 2234 2587 293
2274 2515 2488 2587 synodo
2521 2524 2712 2570 contra
2745 2512 3008 2584 Cyrillum
3047 2518 3102 2565 et
3136 2508 3481 2567 Memnonem

1908 2608 2235 2663 sententiam
2280 2606 2420 2662 dixit
2468 2608 2533 2659 ¹¹.

1977 2709 2163 2765 XVIII.
2192 2710 2313 2765 Non
2339 2709 2684 2766 incommode
2713 2716 2898 2778 posset
2929 2720 3067 2777 opus
3098 2712 3275 2760 totum
3304 2701 3482 2757 dividi

1909 2800 2049 2854 duos
2100 2800 2156 2853 in
2197 2799 2394 2866 libros,
2440 2815 2676 2869 quorum
2724 2798 2879 2869 prior
2936 2796 3126 2867 viginti
3184 2793 3483 2865 capitibus,

1909 2890 2186 2962 posterior
2214 2890 2407 2946 decem
2437 2897 2720 2945 constaret
2740 2892 2782 2921 ¹²
2815 2907 2827 2942 :
2862 2888 2955 2943 ille
2981 2894 3296 2942 sanctorum
3328 2888 3480 2947 tunc,

1911 2996 2038 3037 eum
2074 2980 2459 3035 Theodoretus
2496 2980 2787 3043 scriberet,
2841 2978 2953 3032 fato
2995 2978 3343 3041 functorum;
3379 2975 3487 3030 ista

1913 3070 2275 3140 superstitum
2319 3070 2497 3140 elogia
2524 3070 2874 3125 contineret:
2909 3076 3142 3136 uterque
3176 3067 3248 3121 ab
3282 3065 3480 3137 insigni

1836 3174 1879 3233 ο
1912 3159 2147 3229 quodam
2168 3157 2372 3213 Iacobo
2393 3157 2623 3213 duceret
2641 3156 2882 3211 initium.

1983 3268 2126 3324 XIX.
2161 3268 2352 3338 Neque
2371 3284 2506 3324 vero
2535 3270 2653 3324 haec
2677 3269 2902 3339 partitio
2935 3266 3091 3322 ﬁeret
3115 3265 3288 3322 invite
3309 3262 3480 3326 Theo-

1914 3359 2126 3422 doreto,
2154 3358 2365 3429 quippe
2382 3358 2477 3429 qui
2507 3372 2661 3413 suam
2683 3357 3003 3427 apposuerit
3024 3356 3188 3426 capiti
3223 3357 3489 3412 vicesimo

1911 3450 2114 3521 primo,
2150 3448 2308 3518 quasi
2341 3462 2487 3503 novo
2514 3447 2677 3513 libro,
2716 3447 3108 3517 praefationem.
3144 3465 3161 3497 ι
3190 3446 3486 3514 Postquam

1912 3540 2243 3595 athletarum
2310 3540 2557 3603 virtutis,
2612 3540 2709 3609 qui
2753 3539 2863 3610 jam
2912 3527 3150 3592 victores
3184 3534 3485 3590 renuntiati
3558 3566 3569 3576 -

1913 3640 2065 3695 sunt,
2103 3638 2309 3701 agones
2372 3629 2814 3700 percensuimus,
2852 3627 3209 3696 ilict-umque
3255 3633 3373 3681 tum
3428 3625 3487 3678 in

1912 3722 2303 3777 exercitatione
2324 3721 2561 3787 labores,
2582 3729 2699 3776 tum
2722 3721 2776 3775 in
2807 3720 3202 3775 certaminibus
3234 3717 3483 3780 sudores,

1913 3812 2357 3882 clarissimasque
2387 3820 2444 3866 et
2482 3812 2855 3868 nobilissimas
2882 3810 3143 3865 victorias
3171 3807 3483 3864 summatim

1913 3904 2311 3968 enarravimus,
2337 3916 2458 3973 age,
2491 3917 2641 3958 nunc
2662 3917 2853 3958 eorum
2873 3901 2969 3971 qui
2994 3901 3317 3971 superstites
3336 3907 3485 3962 sunt,

1914 4004 1970 4061 et
1994 3995 2279 4066 magniﬁce
2310 3995 2616 4059 decertant,
2656 3978 2823 4063 atque
2850 3992 3155 4047 anteriores
3192 3991 3489 4046 sudoribus

1913 4086 2136 4142 vincere
2163 4086 2404 4150 student,
2420 4086 2589 4139 vitam
2611 4083 2991 4139 describamus
3011 4083 3074 4134 ¹³.
3108 4100 3127 4132 ι
3162 4082 3232 4134 Et
3253 4088 3439 4148 postea
3470 4097 3484 4131 ε

1923 4194 1940 4227 ι
1974 4176 2182 4231 Horum
2221 4175 2440 4229 initium
2494 4173 2690 4227 ducam
2721 4187 2751 4224 a
2784 4185 2982 4240 magno
3004 4169 3226 4223 Iacobo.
3266 4168 3316 4222 Is
3339 4166 3488 4222 enim

1915 4275 1972 4320 et
1995 4273 2239 4333 tempore
2275 4272 2334 4318 ct
2359 4263 2549 4317 labore
2578 4269 2809 4316 caeteros
2834 4258 3144 4323 antecedit;
3187 4257 3281 4327 qui
3307 4257 3487 4327 ipsum

1917 4352 2184 4407 imitando
2206 4351 2347 4404 mira
2369 4358 2424 4405 et
2455 4347 2727 4419 stupenda
2745 4347 2973 4402 faciunt.
2998 4345 3241 4415 Contigit
3270 4352 3478 4406 autem,

1920 4442 2109 4497 nescio
2132 4456 2241 4510 quo
2272 4448 2452 4509 pacto,
2498 4448 2563 4495 ut
2596 4448 2653 4494 et
2681 4439 2793 4493 vita
2840 4437 3178 4501 functorum,
3209 4443 3265 4491 et
3307 4434 3491 4490 adhuc

1922 4531 2302 4602 superstitum,
2328 4545 2529 4586 nomen
2555 4531 2659 4587 hoc
2681 4531 2921 4601 primum
2943 4530 3126 4584 locum
3150 4534 3347 4583 teneat.
3383 4525 3488 4579 De-

1924 4610 2237 4678 Ianctorum
2265 4622 2470 4692 quippe
2494 4623 2659 4677 vitam
2683 4638 2811 4677 cum
2827 4620 3219 4684 describerent,
3260 4630 3492 4674 exorsus

1924 4732 2044 4773 sum
2068 4731 2100 4770 a
2122 4716 2308 4771 divino
2334 4715 2426 4770 illo
2447 4715 2673 4781 Iacobo,
2715 4717 2810 4785 qui
2845 4716 3133 4770 Persarum
3151 4719 3165 4732 '
3187 4711 3487 4767 exercitum

1924 4807 2172 4863 oratione
2199 4822 2296 4862 sua
2317 4805 2619 4876 dissipavit,
2654 4826 2675 4859 ι
2712 4815 2820 4862 etc.

1997 4921 2115 4976 XX.
2158 4920 2487 4976 Heterodoxi
2509 4934 2787 4985 censores,
2815 4918 3123 4990 cujusmodi
3162 4916 3389 4971 Rivetus
3433 4921 3490 4966 et

1930 5011 2285 5080 ilottingerus
2306 5051 2320 5071 ,
2343 5011 2548 5079 aliique
2580 5011 2808 5072 similes,
2835 5024 2961 5064 cum
2988 5007 3320 5063 Philotheum
3367 5018 3491 5059 eer-

242 5098 649 5162 Antiochenus,
693 5099 787 5166 qui
840 5108 923 5155 est
967 5100 1036 5155 de
1063 5102 1471 5172 chorepiseopis
1507 5102 1824 5158 constitutis
1924 5108 2119 5155 nerent
2140 5100 2252 5154 suis
2276 5100 2493 5169 placitis
2535 5114 2813 5169 pugnare;
2859 5113 2963 5153 nec
2992 5096 3260 5150 auderent
3301 5104 3487 5148 tamen

245 5192 302 5245 in
338 5189 482 5246 vicis
501 5190 590 5243 vel
616 5189 769 5260 pagis
807 5192 1250 5247 :osteuditenim
1284 5206 1395 5247 non
1419 5207 1623 5263 paucos
1656 5193 1824 5248 fuisse
1925 5206 2063 5263 opus
2112 5190 2249 5245 adeo
2297 5191 2716 5260 couiprobatum
2759 5187 2966 5243 auctori
3017 5200 3119 5240 suo
3161 5184 3490 5245 subducere,

242 5281 519 5353 ejusmodi
547 5281 990 5352 chorepiscopos,
1012 5285 1216 5353 quibus
1240 5285 1535 5340 distributa
1557 5292 1677 5340 erat
1696 5299 1827 5340 cura
1928 5282 2108 5339 addita
2156 5282 2390 5351 plurima
2425 5283 2734 5353 jactarunt;
2770 5287 2827 5334 et
2868 5279 2925 5333 in
2982 5278 3124 5332 hanc
3161 5275 3492 5331 sententiam

249 5371 627 5427 Ecclesiarum
665 5380 819 5426 extra
868 5372 1144 5429 civitatem
1200 5374 1520 5444 positarum,
1564 5390 1829 5444 quorum-
1929 5373 2181 5429 Gentiani
2239 5375 2461 5431 Bcrveti
2511 5374 2831 5444 interpretis
2886 5371 3362 5435 observationem,
3423 5366 3501 5422 ad

1588 5513 1903 5569 SCHULZII
1942 5513 2176 5569 NOTAE.

320 5630 341 5662 ⁷
372 5627 611 5683 Philol/4.
643 5643 691 5681 c.
730 5628 818 5682 26.
891 5630 914 5661 ⁸
948 5628 1079 5684 ibid.
1144 5630 1165 5662 ⁸
1194 5629 1317 5684 Vid.
1350 5638 1390 5683 t.
1430 5631 1528 5695 III,

250 5697 484 5753 Conciiii
522 5698 749 5766 Ephes,
786 5714 904 5768 cap.
936 5700 1025 5753 25.
1103 5699 1142 5727 "
1177 5698 1385 5819 Epilogi

250 5777 338 5819 est
378 5765 679 5819 Philotimo.
757 5767 1047 5819 "Plijloth.
1084 5783 1137 5819 c.
1171 5764 1204 5819 Ξ
1240 5808 1255 5819 .

249 5777 338 5823 est
378 5764 679 5823 Philotimo.
757 5764 1047 5823 "Philam.
1084 5783 1137 5823 c.
1171 5764 1255 5823 Ἦ.

1567 5647 1618 5699 p.
1644 5631 1799 5685 1261.
1841 5632 1883 5662 ¹⁰
1910 5630 2063 5686 Adde
2095 5630 2323 5685 Philoth.
2351 5646 2398 5686 c.
2433 5631 2502 5695 9.,

1430 5693 1583 5756 viecs'
1608 5701 1748 5771 gerit
1785 5700 1968 5756 Oratio
2008 5701 2071 5755 de
2110 5701 2398 5767 charitate,
2448 5693 2662 5770 quain
2690 5693 2876 5754 nostra
2913 5696 3153 5754 editione
3206 5693 3494 5766 subiuncta

2551 5639 2589 5695 ι,
2622 5629 2712 5697 III,
2741 5646 2795 5698 p.
2824 5628 2995 5698 1150,Δ
3034 5697 3037 5698 ν
3064 5628 3103 5659 ίί
3136 5625 3429 5698 Vid._part.
3456 5640 3492 5677 ιι
