3952 6294
449 359 552 423 213

1569 365 1947 426 GA'RNEIIII
1989 363 2487 427 DISSERTATIO
2525 368 2608 427 II.

3616 363 3722 428 244

453 472 622 527 finem
672 473 869 542 capitis
912 473 1160 527 vicesimi
1209 472 1371 542 primi
1417 471 1485 528 de
1536 471 1794 529 Simeone
1843 471 2036 544 Stylita
2065 477 2111 534 Α
2145 473 2313 529 fuisse
2343 473 2857 545 scripturum,misi
2892 472 3251 544 intelligentia
3280 472 3565 543 divinique
3595 473 3720 545 Spi-

453 563 760 635 appositam
798 565 1006 620 causali
1043 572 1174 620 sunt
1198 565 1261 618 ¹⁸.

521 655 667 710 XXI.
710 657 769 710 Vr
788 671 911 709 rum
937 655 1218 711 Sirmondi
1251 655 1422 712 editio
1445 657 1625 728 arguit
1654 656 1909 712 Gentiani
1949 655 2035 710 vel

451 747 637 812 ﬁdem,
674 747 819 818 quod
855 748 1038 804 minus
1075 765 1221 816 reor,
1248 750 1333 804 vel
1355 749 1625 814 codicem,
1658 749 1805 819 quod
1847 749 2038 818 opina-

449 838 656 893 bilius:
683 854 784 907 ego
818 855 951 893 vero
986 857 1096 894 non
1133 840 1490 896 mediocriter
1510 841 1680 894 miror
1704 840 1928 895 lierveti
1954 840 2036 893 in-

448 932 825 1002 cogitantiam,
866 933 961 1003 qui
991 950 1102 989 non
1142 935 1442 990 adverterit
1470 935 1824 1004 depravatum
1856 934 2034 988 mani-

446 1023 586 1079 feste
612 1040 733 1080 esse
757 1036 966 1081 textum
995 1027 1145 1083 hunc
1168 1027 1236 1083 de
1259 1034 1436 1082 morte
1459 1027 1754 1093 Simeonis,
1773 1034 1830 1081 et
1848 1034 2034 1082 notam

447 1116 506 1170 in
553 1124 764 1171 textum
822 1117 1152 1171 inconcinne
1205 1119 1592 1188 perturbatum
1653 1118 1720 1172 de
1789 1117 2035 1187 margine

445 1205 761 1276 irrepsisse,
803 1223 930 1262 cum
963 1208 1142 1263 simile
1170 1209 1309 1263 nihil
1364 1209 1473 1264 ulla
1505 1209 1560 1264 in
1593 1217 1745 1278 parte.
1767 1207 1871 1262 alia
1905 1223 2036 1262 con-

443 1298 653 1369 tigerit.

518 1388 686 1444 XXII.
725 1391 1064 1448 Praeviderat
1109 1393 1500 1449 Theodoretus
1539 1391 1658 1448 fore
1693 1402 1751 1447 ut
1782 1391 2032 1446 nonnulli

445 1481 742 1552 aliquando
762 1484 1194 1540 admirabilitate
1229 1500 1437 1552 rerum,
1473 1501 1608 1555 quas
1629 1486 1911 1550 narrabat,
1939 1485 2035 1541 de-

447 1582 794 1629 terrerentur
840 1592 870 1631 a
917 1577 1193 1633 credendo
1217 1577 1284 1631 “.
1320 1598 1337 1629 ι
1377 1577 1481 1644 Qui
1517 1587 1698 1632 autem
1735 1578 1823 1642 iis,
1850 1593 1972 1647 qure
2001 1593 2034 1631 a

446 1680 534 1719 me
573 1665 808 1721 dicenda
851 1677 1017 1735 sunt,
1053 1668 1368 1724 crediturus
1414 1685 1525 1724 non
1557 1677 1670 1735 est,
1700 1669 1874 1738 liquet
1903 1683 2031 1722 eum

446 1773 517 1812 ne
573 1757 666 1812 illa
698 1759 921 1831 quidem
957 1776 1086 1816 vera
1120 1763 1487 1828 crediturum,
1522 1777 1645 1833 quae
1695 1778 1794 1832 per
1817 1761 2026 1827 Mosen,

443 1847 690 1913 Josuam,
731 1857 786 1904 et
827 1850 1024 1916 Eliam,
1069 1859 1127 1906 et
1169 1852 1427 1906 Elisaeum
1466 1859 1617 1923 gesta
1653 1859 1800 1915 sunt,
1831 1859 1886 1905 et
1930 1867 2030 1921 pro

447 1937 648 1993 fabulis
677 1939 880 1995 habere
929 1941 1218 2008 miracula,
1271 1958 1392 2012 quae
1449 1958 1480 1997 a
1531 1942 1737 1998 sanctis
1767 1944 2032 2012 apostolis

445 2037 657 2099 patrata
685 2041 832 2086 sunt.
867 2032 1024 2099 Quod
1055 2035 1105 2088 si
1139 2050 1289 2093 vera.
1317 2036 1410 2090 illa
1453 2051 1575 2091 esse
1612 2043 1865 2098 testatur,
1915 2034 2033 2090 haec

445 2141 668 2196 quoque
716 2142 747 2181 a
799 2128 938 2183 falso
991 2128 1168 2183 aliena
1220 2144 1343 2184 esse
1386 2128 1762 2198 credetzquae
1803 2127 1948 2183 enim
1973 2126 2031 2181 in

444 2218 610 2290 294
627 2219 733 2274 illis
753 2228 977 2290 operata
997 2229 1085 2278 est
1114 2222 1308 2293 gratia,
1331 2222 1524 2277 eadem
1539 2238 1639 2292 per
1670 2223 1773 2278 hos
1785 2237 2027 2293 quoque,

445 2319 508 2363 ut
533 2309 748 2376 ﬁerent,
775 2312 980 2377 effecit,
1019 2331 1038 2364 ›
1075 2321 1185 2368 etc.
1218 2315 1404 2384 Pergit
1451 2330 1606 2379 vero,
1639 2322 1699 2368 ut
1749 2313 1914 2368 fidem
1930 2313 2032 2368 ad-

444 2402 800 2459 mirabilitate
847 2420 1031 2459 rerum
1097 2414 1387 2460 nutantem
1431 2406 1675 2461 stabiliat
1719 2422 1732 2458 :
1781 2423 1797 2455 ι
1835 2405 1912 2460 Ex
1963 2404 2031 2458 iis

441 2515 634 2570 porro,
671 2515 794 2570 quae
823 2499 1057 2555 dicenda
1110 2508 1262 2566 sunt,
1317 2500 1502 2570 aliqua
1554 2499 1671 2570 ipse
1708 2498 1821 2553 vidi
1858 2517 1869 2552 :
1908 2514 2030 2568 quze

441 2591 628 2638 autem
652 2601 764 2639 non
825 2585 961 2649 vidi,
1011 2585 1081 2640 ab
1122 2585 1190 2640 iis
1224 2586 1432 2650 audivi,
1464 2587 1559 2656 qui
1591 2586 1862 2651 viderant,
1896 2585 2029 2640 viris

444 2675 674 2730 virtutis
725 2677 1064 2740 amantibus,
1121 2677 1413 2748 dignisque
1470 2679 1700 2744 habitis,
1756 2678 1851 2748 qui
1906 2677 2028 2736 illos

441 2767 720 2834 viderent,
743 2777 801 2823 et
833 2783 1026 2822 eorum
1068 2769 1320 2824 doctrina
1354 2770 1696 2825 fruerentur.
1717 2788 1736 2821 ›

512 2858 701 2912 XXIII.
731 2859 801 2914 At
831 2875 958 2913 cum
987 2861 1263 2916 Simeonis
1284 2877 1574 2917 ascensum
1601 2861 1658 2915 in
1691 2861 2024 2928 columnam,

442 2951 739 3022 instigante
791 2954 906 3008 Deo
938 2963 1278 3023 susceptum,
1334 2963 1636 3020 narrasset,
1679 2970 1874 3010 causas
1938 2955 2026 3010 in—

439 3045 678 3100 stinctus
717 3046 958 3101 reddens
990 3062 1004 3101 :
1043 3065 1060 3098 ι
1105 3048 1238 3117 Ego,
1272 3048 1532 3118 inquit”,
1560 3049 1854 3104 stationem
1884 3050 2027 3106 hanc

2142 565 2284 620 ritus
2305 566 2488 621 radios
2504 566 2808 636 accepisset
2834 582 2845 616 :
2866 564 2980 619 Hoc
3001 564 3495 634 mihi‘quoque,ait,
3515 566 3569 618 in
3586 580 3721 634 pne-

2140 657 2319 712 sentia
2348 673 2489 727 opus
2514 665 2598 711 est
2624 657 2849 722 auxilio,
2876 658 2970 726 qui
2993 655 3349 710 coner-vitam
3371 657 3721 713 conscribere

2140 757 2480 814 sanctorum,
2509 749 2604 820 qui
2631 749 2794 819 paulo
2818 758 2944 803 ante
2963 764 3062 802 nos
3085 757 3140 803 et
3161 748 3365 804 nostris
3383 749 3722 818 temporibus

2139 839 2390 894 claruere
2414 858 2426 892 :
2452 840 2671 894 illorum
2693 855 2824 910 ergo
2846 837 3163 892 invocanda
3185 845 3314 892 sunt
3335 853 3549 907 preces,
3567 847 3622 892 et
3638 839 3721 892 in-

2137 928 2390 998 cipienda
2434 930 2699 984 narratio.
2729 949 2747 980 ›
2805 929 2873 983 Et
2896 944 3016 998 cap.
3040 928 3130 993 ‘21,
3164 943 3288 982 cum
3328 929 3606 983 retulisset
3635 944 3716 995 se,

2138 1035 2263 1073 cum
2294 1020 2484 1074 Jacobi
2515 1035 2708 1089 preces
2738 1026 3072 1089 exponeret,
3125 1033 3448 1086 responsum
3475 1034 3506 1072 a
3529 1028 3720 1074 sancto

2138 1110 2258 1164 viro
2286 1111 2565 1181 accepisse
2604 1129 2617 1165 :
2660 1131 2676 1162 ι
2699 1110 2813 1165 Nec
2841 1125 2950 1174 me,
2984 1124 3088 1164 nec
3116 1108 3225 1163 alio
3249 1108 3394 1178 apud
3414 1109 3588 1164 Deum
3615 1109 3720 1165 tibi

2138 1219 2276 1273 opus
2315 1215 2400 1259 est
2441 1204 2842 1270 intercessore;
2906 1216 3184 1256 summum
3220 1199 3392 1255 babes
3427 1200 3718 1266 Joannem,

2137 1295 2304 1349 Verbi
2324 1310 2515 1349 vocem
2536 1336 2550 1360 ,
2589 1294 2805 1350 Domini
2828 1306 3223 1364 praecursorem
3246 1332 3259 1356 ,
3297 1291 3390 1360 qui
3416 1291 3520 1347 hoc
3542 1307 3646 1362 pro
3666 1301 3720 1347 te

2137 1385 2467 1456 deprecatur
2495 1387 2736 1442 assidue.
2774 1387 2843 1440 Et
2870 1400 2996 1440 cum
3032 1383 3276 1440 dicerem
3312 1384 3590 1440 confidere
3631 1401 3719 1440 me

2136 1486 2394 1556 precibus
2438 1497 2554 1541 tum
2596 1486 2796 1557 hujus,
2846 1495 2965 1539 tum
2992 1483 3228 1538 aliorum
3251 1490 3568 1538 sanctorum
3591 1497 3720 1552 apo-

2136 1579 2402 1635 stolorum
2426 1588 2481 1635 et
2500 1579 2916 1650 prophetarum,
2943 1592 3177 1647 quorum
3198 1590 3372 1646 nuper
3389 1575 3566 1629 allata:
3581 1575 3719 1630 mihi

2135 1679 2296 1726 erant
2323 1670 2568 1740 reliquiae
2602 1687 2616 1723 :
2644 1668 2842 1734 Crede,
2875 1668 2983 1733 ait,
3025 1675 3078 1723 te
3104 1667 3369 1727 Joannem
3391 1665 3596 1720 habere
3618 1665 3720 1719 Ba-

2137 1761 2377 1831 ptistam.
2418 1761 2532 1830 Ego
2561 1776 2692 1816 vero
2721 1775 2825 1815 nec
2849 1759 2929 1814 sic
2958 1757 3158 1813 adduci
3185 1756 3359 1827 potui,
3383 1763 3445 1810 ut
3465 1757 3714 1820 silerem;

2135 1851 2230 1906 sed
2259 1859 2414 1905 tanto
2437 1851 2609 1922 magis
2636 1850 2809 1904 institi
2837 1863 3110 1919 qumrcns,
3141 1855 3196 1902 et
3227 1849 3369 1902 scire
3397 1847 3588 1901 volens
3618 1862 3719 1901 cur

2133 1941 2299 2014 hujus
2319 1943 2504 2012 potius
2533 1942 2736 1996 faceret
2763 1941 3130 2005 mentionem;
3187 1947 3303 1993 tum
3330 1937 3452 2001 ille,
3484 1937 3716 2004 Vellem,

2133 2034 2230 2100 ait,
2255 2035 2533 2105 amplecti,
2563 2041 2619 2088 et
2647 2032 2955 2088 exosculari
2979 2031 3240 2086 amabiles
3265 2029 3384 2100 ejus
3401 2029 3709 2099 reliquias.»

2203 2125 2516 2192 Quinetiam
2566 2126 2911 2196 singulorum
2986 2123 3100 2178 vita
3155 2123 3471 2177 functorum
3539 2121 3718 2192 elogia

2133 2221 2467 2277 concludere
2499 2221 2639 2276 solet
2683 2218 2844 2290 295
2891 2216 3239 2272 invocatione
3286 2214 3494 2270 auxilii.
3525 2213 3717 2270 Jacobi

2131 2311 2378 2369 Nisibeni
2409 2330 2421 2365 :
2462 2331 2479 2364 ι
2517 2311 2615 2366 His
2645 2310 2712 2365 de
2731 2313 2848 2365 viro
2872 2309 3060 2364 divino
3093 2307 3357 2379 expositis
3385 2307 3506 2377 ejus
3539 2306 3718 2361 bene-

2133 2403 2437 2460 dictionem
2463 2404 2764 2474 implorans
2798 2403 2864 2456 ad
2888 2402 3049 2456 aliam
3083 2399 3455 2455 narrationem
3489 2413 3719 2470 progre-

2132 2497 2252 2551 diar
2273 2498 2332 2550 ιθ.
2366 2516 2383 2548 ι

2201 2587 2404 2642 Juliani
2451 2588 2606 2642 Saba:
2647 2603 2659 2641 :
2705 2606 2721 2639 ι
2788 2588 2901 2658 Ego
2952 2601 3087 2641 mea:
3135 2585 3203 2640 de
3255 2584 3348 2640 illo
3377 2581 3720 2638 narrationis

2131 2677 2298 2734 finem
2329 2679 2420 2735 hic
2442 2679 2672 2745 faciens,
2697 2679 2765 2734 ad
2803 2679 2970 2734 alium
2995 2693 3240 2749 pergam,
3275 2685 3494 2731 sanctos
3524 2689 3717 2741 orans,

2130 2786 2272 2841 quos
2293 2771 2742 2835 commemoravi,
2775 2771 2910 2824 mihi
2953 2779 3014 2824 ut
3049 2786 3148 2840 per
3177 2785 3336 2823 suam
3365 2768 3723 2825 intercessio-

2129 2879 2256 2918 nem
2281 2879 2575 2934 supernam
2598 2862 3040 2918 benedictionem
3073 2861 3451 2916 concilient".
3491 2880 3509 2912 ›

2199 2955 2457 3010 Marciani
2494 2955 2674 3025 magni
2708 2973 2720 3008 :
2760 2973 2778 3006 ι
2815 2955 2928 3025 Ego
2952 2969 3084 3008 vero
3111 2954 3241 3008 huic
3276 2970 3472 3009 rursus
3523 2971 3724 3010 narra-

2133 3046 2271 3102 tioni
2317 3045 2482 3099 finem
2531 3045 2841 3114 imponens,
2883 3060 2982 3099 oro
3029 3053 3085 3099 et
3125 3044 3357 3099 obsecro
3403 3055 3465 3100 ut
3511 3046 3719 3103 horum

437 3151 552 3191 non
603 3138 810 3208 absque
848 3138 1036 3194 divino
1082 3140 1316 3196 consilio
1350 3141 1549 3196 factam
1583 3142 1783 3208 credo;
1829 3158 2024 3212 quam-
2051 3177 2098 3240 ο
2129 3139 2378 3194 omnium
2443 3139 2843 3194 intercessione
2895 3137 3145 3193 divinum
3211 3137 3479 3192 auxilium
3537 3139 3722 3210 adipi-

437 3227 628 3284 obrem
658 3245 755 3284 eos
787 3246 906 3294 oro,
939 3247 1080 3300 quos
1100 3233 1513 3302 reprehendere
1544 3234 1802 3299 delectat,
1827 3245 1889 3290 ut
1913 3235 2021 3289 lin-

436 3333 558 3388 guae
585 3317 803 3372 frenum
862 3319 1130 3390 injiciant,
1187 3338 1367 3391 neque
1411 3323 1560 3377 illam
1624 3331 1832 3379 temere
1881 3324 2017 3378 ferri

437 3409 656 3475 sinant;
688 3410 782 3465 sed
814 3411 1166 3468 considerent
1190 3415 1480 3470 Dominum
1510 3417 1637 3471 talia
1661 3430 1904 3486 persaepe
1953 3415 2022 3470 ad

439 3497 758 3569 segniorem
839 3499 1135 3556 utilitatem
1199 3503 1525 3560 instituisse.
1569 3525 1586 3558 ι
1642 3505 1781 3560 Tum
1843 3504 2024 3560 allatis

438 3590 840 3660 prophetarum
887 3592 1164 3649 inusitatis
1186 3595 1515 3664 quibusdam
1553 3596 1885 3666 factis,,qum
1919 3612 2022 3650 no-

436 3680 607 3734 vitate
639 3697 740 3735 sua
767 3681 981 3737 animos
1011 3683 1320 3739 videntium
1346 3686 1415 3740 ad
1454 3685 1758 3741 audiendas
1784 3687 2025 3757 prophe-

437 3783 622 3828 tarum
670 3775 1093 3832 vaticinationes
1129 3789 1554 3835 converterent:
1589 3799 1608 3832 ‹
1671 3780 1762 3836 Sic
1817 3797 2022 3837 novum

438 3866 612 3932 istud,
643 3868 740 3933 ait,
791 3868 1290 3942 admirandamque
1331 3874 1708 3942 spectaculum
1761 3874 2020 3940 instituit,

440 3966 502 4012 ut
531 3973 726 4016 omnes
783 3961 859 4015 rei
892 3963 1136 4018 novitate
1165 3964 1234 4018 ad
1282 3963 1641 4033 spectandum
1693 3964 2017 4029 attraheret,

435 4049 887 4120 probabilemque
942 4053 1367 4110 adventantibus
1391 4053 1646 4108 traditam
1683 4052 1788 4107 sibi
1831 4054 2022 4109 admo—

433 4139 703 4195 nitionem
733 4141 993 4208 ediceret,
1025 4164 1042 4196 ι
1079 4153 1186 4201 etc.

505 4231 696 4287 XXIV.
719 4234 800 4288 Eo
819 4236 1044 4306 majoris
1065 4253 1232 4307 porro
1262 4235 1548 4291 faciendus
1597 4237 1690 4292 hic
1721 4237 1880 4302 liber,
1909 4255 2021 4308 quo

433 4325 836 4382 calumniosius
894 4327 964 4382 ab
1000 4316 1297 4385 'hzereticis
1349 4329 1678 4386 traducitur.
1739 4333 2016 4403 Nugarum

430 4417 657 4487 plenum
677 4419 956 4486 effutiunt,
975 4437 1040 4476 ac
1063 4422 1396 4477 Theodoreti
1415 4423 1636 4478 nomine
1654 4423 2014 4493 indignum”,

2129 3245 2251 3285 scar
2278 3230 2344 3282 ¹⁰.
2385 3249 2403 3280 ι

2197 3321 2446 3388 Eusebii,
2507 3321 2711 3387 Publii,
2776 3319 3049 3377 Simeonis
3093 3319 3288 3385 Prisci,
3340 3328 3473 3387 etc.,
3520 3319 3717 3376 eadem

2127 3413 2360 3470 formula
2391 3416 2569 3486 elogia
2601 3415 2870 3470 finiuntur
2891 3415 2956 3468 ²¹.

2197 3507 2386 3562 XXVI.
2419 3507 2612 3574 Quoad
2672 3506 3032 3576 reliquiarum
3081 3506 3314 3572 cultum,
3345 3514 3715 3576 prmtcrquam

2124 3600 2273 3670 quod
2305 3600 2468 3655 modo
2500 3600 2734 3654 relatum
2761 3607 2844 3654 est
2871 3597 2938 3654 de
2986 3598 3189 3664 studio,
3227 3615 3338 3669 quo
3369 3599 3715 3654 admirabilis

2125 3692 2216 3745 ille
2239 3691 2477 3747 Jacobus
2505 3691 2796 3745 tenebatur
2817 3691 3170 3747 exosculandi
3202 3691 3461 3761 reliquias
3483 3692 3713 3748 Joannis

2124 3780 2517 3846 Praecursoris,
2553 3780 2818 3835 eximium
2861 3782 2996 3836 illud
3037 3781 3283 3852 ejusdem
3335 3791 3439 3846 est,
3473 3797 3583 3851 quo
3611 3798 3710 3836 ex-

2125 3880 2335 3927 structa
2360 3873 2412 3926 in
2446 3881 2631 3927 monte
2679 3872 2950 3927 aedicula:
2984 3892 3000 3924 σ
3034 3874 3153 3928 Non
3201 3873 3399 3943 patiar,
3432 3873 3612 3943 inquit
3638 3874 3706 3938 υ,

2125 3972 2187 4019 ut
2218 3964 2407 4019 Jacobi
2466 3964 2781 4033 sepulcrum
2834 3963 2941 4019 hoc
2971 3965 3306 4034 appelletur;
3361 3963 3455 4018 sed
3510 3965 3706 4018 trium-

2124 4055 2412 4128 phantium
2449 4061 2749 4125 martyrum
2786 4053 3048 4123 templum
3082 4053 3186 4108 hoc
3225 4052 3344 4107 fieri
3369 4053 3512 4118 volo,
3537 4061 3706 4113 etme

2125 4147 2278 4202 velut
2315 4145 2676 4214 inquilinum‘
2695 4143 3010 4214 quempiam
3037 4143 3276 4204 illorum,
3301 4142 3706 4198 cohabitatione

2123 4239 2408 4310 dignatum
2432 4238 2536 4292 alia
2569 4237 2623 4290 in
2653 4251 2774 4290 arca
2802 4235 2950 4306 poni.
2988 4236 3175 4305 Neque
3203 4235 3318 4289 htec
3343 4234 3482 4288 dixit
3519 4235 3705 4299 modo,

2124 4330 2220 4386 sed
2251 4330 2432 4400 reipsa
2458 4327 2742 4398 praestitit;
2787 4327 3036 4382 collectis
3059 4326 3204 4381 enim
3243 4325 3485 4395 undique
3516 4326 3705 4394 multis

2123 4419 2430 4490 prophetis,
2464 4419 2762 4488 multisque
2792 4418 3056 4488 apostolis
3083 4425 3138 4471 et
3161 4418 3493 4488 martyribus
3516 4434 3705 4487 quam—

429 4523 545 4562 non
568 4510 731 4565 aliam
753 4521 904 4567 certe
933 4512 1005 4566 ob
1030 4527 1275 4579 causam,
1307 4529 1470 4582 quam
1489 4515 1618 4583 quia
1651 4515 2012 4579 demonstrat,
2050 4521 2092 4576 1)
2122 4510 2395 4580 plurimis,
2420 4524 2613 4564 omnes
2645 4524 2753 4562 una
2775 4508 2830 4564 in
2853 4523 2979 4562 arca
3005 4508 3268 4578 reposuit,
3325 4523 3449 4562 cum
3485 4519 3702 4564 sancto-

431 4599 580 4667 quod
611 4600 886 4656 haereticis
907 4601 1264 4656 vehementer
1299 4602 1468 4667 dolet,
1502 4604 1760 4658 Ecclesia:
1791 4603 2012 4658 illorum

431 4701 744 4762 temporum
791 4693 1121 4748 sententiam
1151 4693 1221 4748 de
1273 4693 1619 4750 invocatione
1675 4705 2009 4762 sanctorum,

430 4782 797 4853 reliquiarum
823 4785 998 4849 cultu,
1023 4785 1306 4840 erectione
1347 4787 1680 4856 templorum
1712 4787 1766 4841 in
1799 4804 2010 4843 memo-

429 4873 570 4928 riam
603 4883 930 4946 martyrum,
987 4874 1238 4928 oratione
1279 4892 1378 4944 pro
1423 4877 1678 4941 mortuis,
1712 4877 2010 4933 miraculo-

427 4981 552 5020 rum
604 4966 934 5036 patratione,
977 4967 1409 5038 spontaneisque
1448 4969 1841 5026 afﬂictionibus
1885 4988 2008 5027 cor-

427 5058 599 5127 poris.
1250 5058 1257 5070 '

498 5145 663 5200 XXV.
697 5147 765 5200 Et
793 5145 861 5200 de
889 5147 1238 5204 invocatione
1263 5151 1487 5220 quidem
1523 5161 1861 5219 sanctorum,
1894 5155 2013 5225 ipso

424 5236 607 5308 primo
641 5237 842 5306 capite,
893 5254 1018 5294 cum
1054 5241 1122 5294 ad
1178 5257 1319 5310 opus
1377 5243 1696 5308 accederet,
1751 5246 2012 5315 praefatus

424 5324 615 5379 Mosen
665 5333 915 5382 veterum
947 5338 1264 5386 sanctorum
1309 5335 1571 5402 praeclara
1618 5335 1863 5391 facinora
1898 5354 2008 5391 non

2121 4617 2243 4656 rum
2271 4601 2473 4671 popqu
2502 4599 2751 4655 habitare
2780 4601 3032 4670 cupiens,
3059 4609 3115 4654 et
3147 4616 3270 4654 cum
3306 4600 3388 4654 eis
3419 4616 3703 4672 resurgere

2121 4693 2418 4761 divinoque
2450 4701 2747 4762 conspectu
2773 4691 2902 4756 frui,
2936 4711 2954 4743 ι
2997 4699 3085 4747 etc

2210 4783 2425 4840 XXVII.
2481 4783 2689 4839 Eodem
2759 4783 3079 4839 testimonio
3135 4783 3548 4840 demonstratur
3614 4785 3700 4856 pia

2119 4876 2271 4931 illius
2299 4876 2563 4946 temporis
2595 4874 2937 4931 consuetudo
2969 4875 3216 4944 erigendi
3263 4876 3463 4944 templa
3494 4875 3548 4929 in
3583 4891 3698 4930 me—

2119 4969 2348 5023 moriam
2401 4977 2734 5040 martyrum:
2777 4967 2889 5021 imo
2926 4966 3130 5020 ibidem
3178 4967 3292 5035 ipse
3320 4967 3701 5023 Thcodoretus

2117 5068 2350 5116 testatur
2392 5077 2449 5116 se
2478 5076 2700 5131 parasse
2729 5075 2933 5123 aream,
2972 5057 3040 5113 de
3093 5074 3199 5127 qua
3250 5075 3373 5113 mox
3405 5075 3610 5124 sermo,
3643 5061 3697 5114 in

2119 5155 2323 5224 templo
2348 5153 2805 5222 triumphantium
2837 5159 3158 5222 martyrum.
3184 5151 3518 5208 Thalelmum
3558 5169 3698 5223 quo-

2116 5261 2224 5316 que
2253 5245 2422 5300 refert
2449 5244 2758 5299 daemonum
2806 5244 3100 5299 delubrum
3141 5245 3429 5309 evertisse,
3461 5252 3519 5299 et
3565 5254 3701 5300 tem-

2116 5338 2268 5407 plum
2290 5335 2585 5392 maximum
2599 5335 3070 5406 triumphantibus
3085 5337 3418 5408 martyribus
3432 5337 3696 5404 erexisse,

1797 5491 2118 5547 SCIIULZII
2157 5491 2391 5548 NOTAE.

498 5597 954 5684 :t'VideMsupra,
1009 5613 1058 5684 t._
1096 5607 1190 5684 111,
1227 5623 1283 5680 p.
1329 5609 1494 5684 _128‘2.
1549 5609 2051 5684 AddeQudinum,
2100 5612 2146 5684 l.
2199 5626 2274 5684 e_.,
2327 5618 2365 5684 t_.
2397 5609 2540 5684 [,p.
2584 5611 2741 5676 1095,
2779 5614 2998 5684 Dupinii
3041 5615 3285 5668 Biblioth.
3327 5622 3469 5667 and.
3514 5613 3691 5669 cedes.

424 5680 464 5724 t.
494 5668 584 5733 IV,
613 5687 667 5740 p.
701 5671 790 5735 99,
829 5668 884 5728 ét
909 5668 1286 5741 Lambecium,
1329 5679 1366 5733 I.
1399 5697 1510 5745 vm,
1567 5697 1620 5749 p.
1665 5681 1788 5733 517.

423 5755 474 5794 c.
506 5741 594 5794 211.
675 5743 718 5774 ¹⁷
753 5743 859 5794 Seu
894 5745 1077 5794 minus
1128 5747 1375 5794 diurnum-
1409 5751 1451 5794 si
1491 5762 1705 5794 smmum
1749 5767 1788 5794 η

423 5809 830 5872 minutissimis.
913 5815 953 5846 ³⁸
983 5809 1217 5872 Philoni
1263 5833 1308 5875 ς.
1384 5820 1428 5873 1.
1511 5809 1550 5850 tr“
1587 5821 1722 5877 ibid.
1771 5837 1819 5878 ς.
1869 5809 1922 5878 ἐξ.

953 5681 1286 5755 ambecjum,
1329 5681 1366 5733 l.
1399 5697 1510 5755 VIII,
1567 5697 1620 5749 p.
1665 5681 1911 5755 517.ῌ¹⁵
1938 5683 2058 5736 Vid.
2099 5682 2257 5755 Prgef'.
2299 5681 2364 5738 ad
2394 5681 2775 5755 Philotimum,
2835 5681 2880 5737 ιζ
2926 5686 3015 5747 III,

675 5743 718 5823 '7
753 5743 859 5824 Seu
894 5745 1077 5800 minus
1128 5747 1376 5817 dignum,
1409 5751 1451 5803 si
1491 5743 1705 5817 spectes
1749 5751 1990 5818 reliquos
2019 5753 2358 5821 ejuslihros.
2393 5753 2498 5810 Ista
2535 5752 2682 5806 enim
2739 5754 2969 5808 historia
3005 5743 3258 5808 versatur
3289 5755 3403 5807 fere
3435 5754 3489 5809 in
3527 5756 3692 5812 rebus

675 5830 830 5872 unus.
913 5815 1213 5872 “Philam.
1263 5833 1308 5875 c.
1384 5820 1428 5873 1.
1511 5823 1550 5850 ³⁸³
1587 5821 1722 5877 ibid.
1771 5837 1819 5878 ς.
1869 5823 1922 5878 2.
2003 5825 2046 5855 '°
2075 5824 2208 5880 ibid.
2266 5840 2313 5880 c.
2369 5826 2418 5881 5.
2497 5823 2694 5880 “ibid.
2730 5839 2774 5879 c.
2808 5824 2920 5881 4-6.
3001 5826 3044 5856 ²²
3086 5825 3410 5881 ι1»ὶ(1.ς.21.

2075 5839 2208 5880 ωια.
2266 5840 2313 5880 C.
2369 5839 2418 5880 ὁ.
2499 5839 2694 5880 υιυια.
2730 5839 2774 5879 C.
2808 5839 2920 5880 4-0.

3063 5701 3115 5753 p.
3156 5685 3309 5738 «res.
3393 5686 3435 5714 ιδ
3461 5684 3690 5739 Philoth.

3001 5826 3044 5856 ”
3086 5825 3219 5881 Ibid.
3248 5841 3292 5880 C.
3321 5826 3410 5880 21.
