3952 6294
216 309 319 372 245

1388 306 1485 365 DE
1528 303 1782 364 LIBRIS
1816 301 2324 364 THEODORETI.

3383 314 3487 375 246

220 418 326 473 diis
349 413 505 470 falsis
527 413 747 470 divinos
774 420 1017 467 mortuos
1041 420 1428 480 opponentem.
1459 412 1595 465 Tum
1628 411 1800 473 addit,
1835 416 1874 467 A
1908 409 2274 480 Hieronymus
2323 410 2653 484 intelligeret
2689 414 2869 472 adhuc
2907 417 3180 489 Syriacam
3215 419 3488 491 linguam?

221 525 330 579 quo
357 506 654 562 conﬁrmet
679 504 1077 560 invocationem
1101 510 1413 557 sanctorum
1447 521 1459 555 :
1505 522 1522 554 ί
1560 503 1805 568 Quorum

223 601 432 655 utinam
464 596 966 653 intercessionibus
999 594 1298 664 contingat,
1320 603 1376 648 et
1414 595 1561 649 hunc
1593 593 1658 647 ad
1690 610 1808 649 cer-

225 689 492 746 taurinum
523 697 749 753 metam,
771 687 962 741 eadem
989 702 1114 740 cum
1153 686 1382 741 victoria
1414 686 1724 756 pervenire,
1751 694 1807 740 et

226 795 324 835 nos
359 779 430 834 ab
455 779 566 844 his,
616 778 766 832 etab
812 777 908 830 illo
957 776 1174 847 adjutus
1223 776 1422 829 divinae
1449 775 1807 845 philosophiae

226 870 593 927 certaminum
616 868 871 922 ardentes
902 865 1019 921 ﬁeri
1043 866 1391 920 amatores“.
1430 885 1446 916 ι
1477 864 1616 930 Quid
1649 865 1807 934 plura

226 972 529 1032 prosequar
559 959 764 1028 ubique
789 956 992 1028 passim
1021 955 1220 1010 obvia?

363 1106 790 1149 OBSERVATIONBS
823 1105 886 1144 an
917 1103 1139 1143 smcuu
1168 1103 1349 1141 CAPITA
1382 1086 1660 1141 Philotimi.

291 1230 519 1284 LCirca
558 1227 797 1298 primum
845 1231 1029 1295 caput,
1070 1222 1218 1293 quod
1274 1221 1340 1276 de
1382 1229 1570 1277 sancto
1603 1215 1806 1276 Iacobo

226 1322 492 1377 Nisibeno
519 1327 624 1383 est,
654 1317 1057 1373 observandum
1085 1323 1169 1370 est
1202 1314 1399 1385 primo,
1429 1313 1695 1367 memoria
1726 1313 1806 1366 la-

226 1431 384 1486 psum
402 1429 526 1468 esse
556 1411 968 1466 Theodoretum
1000 1409 1055 1462 in
1088 1407 1175 1472 iis,
1213 1424 1333 1477 qum
1359 1406 1427 1460 de
1462 1414 1640 1460 morte
1691 1403 1808 1457 Arii

227 1507 421 1561 scribit
442 1507 509 1559 “.
537 1505 627 1558 Ait
643 1503 790 1557 enim
826 1501 1019 1556 Nicaeae
1043 1499 1269 1570 periisse
1293 1497 1476 1552 statim
1502 1512 1532 1549 a
1552 1495 1805 1560 concilio,

224 1597 428 1654 Jacobo
447 1595 717 1667 jejunium
739 1592 997 1648 omnibus
1021 1591 1410 1662 persuadente,
1434 1604 1558 1643 cum
1574 1587 1808 1642 Alexan-

225 1691 324 1744 der
355 1688 619 1743 Ecclesiae
638 1684 1018 1741 Alexandrina:
1062 1683 1374 1754 episcopus,
1407 1688 1665 1734 renueret
1695 1679 1805 1732 hae-

1906 498 1988 553 An
2025 516 2290 555 conversa
2336 502 2562 556 fuerunt
2607 515 2798 572 postea
2846 517 2903 560 et
2946 509 3002 562 in
3047 508 3291 565 Grmcam
3342 513 3482 566 etin

1906 589 2155 644 Latinam
2182 591 2448 662 linguam,
2471 601 2530 645 ut
2555 592 2899 650 innotescere
2931 609 3155 666 possent
3181 600 3486 665 Gennadio,

1905 699 2015 736 non
2052 684 2407 753 peritissimo,
2445 694 2502 739 ut
2531 687 2767 751 videtur,
2792 689 2990 759 linguae
3017 689 3255 746 Graecae?
3277 691 3332 747 Si
3360 709 3490 747 con-

1906 792 2062 830 versa
2087 785 2213 830 sunt
2264 776 2318 830 in
2371 786 2661 848 utramque
2704 779 2967 850 linguam,
3001 783 3276 850 quomodo
3305 784 3489 852 perie-

1909 877 2039 922 runt
2070 869 2316 934 omnino,
2350 886 2475 924 cum
2500 869 2684 926 forent
2708 873 2761 925 in
2800 872 3068 942 triplicem
3097 875 3252 943 quasi
3297 876 3488 930 orbem

1909 976 2121 1030 sparsa,
2161 961 2440 1027 Latinum,
2468 962 2718 1018 Graecum
2751 972 2807 1017 et
2832 963 3026 1034 Syrum
3049 965 3071 1018 ?
3093 965 3204 1020 Cur
3230 967 3367 1020 nulli
3391 983 3488 1021 ve-

1909 1061 2086 1108 terum
2141 1063 2303 1119 nota;
2350 1069 2418 1108 ne
2454 1053 2652 1110 Photio
2675 1055 2920 1125 quidem,
2979 1065 3130 1112 tanto
3155 1058 3488 1128 scriptorum

1908 1154 2158 1200 veterum
2202 1154 2421 1216 tamque
2463 1147 2683 1202 curioso
2720 1149 2976 1203 censori?
3024 1149 3270 1219 Augetur
3315 1167 3381 1204 ex
3423 1166 3490 1205 eo

1909 1237 2170 1306 suspicio,
2213 1236 2361 1306 quod
2390 1235 2710 1290 Gennadius
2753 1247 3175 1306 cognomentum
3227 1237 3491 1306 sapientis

1907 1328 2110 1384 Jacobo
2154 1328 2361 1382 tribuat
2422 1336 2680 1396 tanquam
2736 1329 3039 1397 vulgatum,
3093 1330 3251 1400 cujus
3305 1337 3488 1383 tamen

1907 1419 2400 1483 nemo-meminit,
2443 1417 2549 1472 nisi
2611 1418 2705 1487 qui
2763 1417 3111 1474 Gennadium
3175 1419 3487 1488 exscripsit.

1909 1510 2064 1565 Unde
2126 1509 2456 1564 crediderim
2518 1509 2674 1565 facile
2724 1509 3008 1579 supposita
3071 1509 3239 1564 fuisse
3286 1510 3491 1566 Jacobo

1907 1604 2170 1658 Nisibeno
2192 1603 2414 1672 scripta,
2451 1618 2571 1672 qua:
2599 1602 2788 1657 Jacobi
2813 1603 3061 1666 alterius,
3100 1610 3160 1657 ut
3187 1610 3318 1672 puta
3338 1603 3490 1656 Ami-

1909 1693 2037 1748 deni
2070 1693 2312 1747 eremiue
2343 1692 2651 1757 clarissimi,
2692 1692 2892 1747 forent.
2921 1692 3027 1748 Sed
3048 1693 3103 1746 in
3125 1701 3272 1747 tanta
3296 1692 3494 1748 obscu-

227 1781 564 1837 resiarcbam
593 1781 860 1850 recipere.
899 1776 1064 1846 Atqui
1103 1782 1317 1829 constat
1347 1773 1512 1828 certis
1555 1771 1804 1826 testimo-
1839 1760 1880 1814 Β
1911 1785 2070 1838 mam
2093 1784 2184 1837 cui
2212 1784 2539 1848 adbmeam,
2561 1784 2746 1838 “unus
2779 1784 2918 1838 scio.

226 1873 332 1928 niis
387 1873 584 1927 Arium
628 1867 1104 1937 Constantinopoli
1153 1867 1402 1935 periisse,
1433 1865 1650 1919 decimo
1684 1874 1809 1934 post

226 1966 524 2021 concilium
561 1979 726 2028 anno,
777 1962 981 2016 Jacobo
1019 1960 1207 2030 procul
1249 1958 1452 2028 posito,
1494 1958 1807 2012 Alexandro

224 2054 733 2123 Constantinopolis
757 2052 987 2122 pracsule
1019 2060 1283 2105 renuente
1314 2048 1506 2103 Arium
1546 2049 1601 2102 in
1624 2049 1810 2104 Eccle-

225 2149 363 2204 siatn
425 2147 700 2215 recipere,
767 2141 1002 2197 Macario
1062 2139 1432 2195 Alexandrino
1490 2140 1809 2210 presbytero

224 2254 417 2310 preces
451 2254 579 2293 suas
604 2236 852 2307 praesulis
893 2231 1668 2303 Constantinopolitan1296
1689 2247 1812 2302 pre-

221 2333 379 2388 cibus
408 2331 761 2402 adjungente.
789 2327 1070 2384 Videndus
1095 2327 1369 2391 Socrates,
1398 2325 1494 2380 lib.
1523 2341 1560 2391 ι,
1580 2341 1698 2394 cap.
1717 2324 1806 2389 25;

223 2427 592 2489 Sozomenus,
620 2423 716 2476 lib.
765 2439 829 2488 ιι,
866 2437 984 2490 cap.
1017 2420 1116 2484 28;
1151 2427 1206 2473 et
1257 2417 1642 2473 Theodoretus
1693 2417 1810 2486 ipse

223 2518 408 2572 libron
445 2517 585 2570 Hist.
630 2514 834 2578 eccles.,
868 2513 964 2566 ubi
1008 2526 1168 2567 suum
1226 2509 1456 2579 hujusce
1491 2507 1598 2562 loci
1650 2523 1808 2562 erro-

225 2623 338 2662 rem
364 2606 548 2661 allatis
586 2603 868 2661 Athanasii
902 2617 1017 2656 rem
1068 2607 1239 2654 totam
1274 2597 1554 2651 narrantis
1609 2594 1810 2649 litteris

225 2699 293 2753 ad
315 2698 591 2768 Apionem
621 2695 785 2751 tacite
813 2701 1053 2750 revocat.
1076 2691 1274 2746 Mirum
1316 2689 1563 2760 profecto
1597 2697 1811 2742 tantum

224 2787 564 2844 Theodoreti
609 2801 857 2842 errorem
888 2801 999 2839 non
1054 2782 1222 2849 fuisse
1260 2780 1613 2836 observatum
1638 2796 1668 2833 a
1707 2779 1810 2832 Ba-

226 2881 405 2945 ronio,
432 2880 552 2934 viro
590 2888 700 2933 tam
733 2875 1035 2947 perspicaci
1067 2893 1080 2928 :
1115 2874 1314 2928 mirum
1349 2888 1568 2942 quoque
1603 2885 1699 2940 per
1731 2869 1813 2923 in-

225 2973 584 3044 cogitantiam
607 2989 638 3026 a
661 2972 895 3035 Valcsio,
911 2969 1104 3024 Latino
1130 2968 1450 3036 interprete,
1469 2972 1524 3019 ct
1544 2965 1612 3018 ab
1636 2965 1811 3018 inter-

228 3073 380 3136 prete
407 3063 644 3126 Gallico,
679 3061 957 3117 Valesium
988 3066 1201 3123 secuto,
1239 3058 1294 3111 in
1347 3073 1407 3111 re
1465 3067 1576 3110 tam
1623 3062 1813 3125 aperta

229 3163 678 3226 peccatumess‘e.
709 3154 997 3208 Historiam
1026 3151 1173 3206 enim
1222 3148 1635 3203 ecclesiasticam
1684 3162 1811 3200 cum

232 3250 499 3320 Rcligiosa
559 3247 930 3303 confuderunt
961 3263 974 3298 :
1003 3244 1058 3298 in
1087 3243 1189 3299 hac
1223 3240 1497 3311 siquidem
1527 3247 1610 3294 est
1632 3252 1810 3304 error,

231 3358 395 3411 quem
428 3341 510 3395 illi
533 3340 876 3404 tribuerunt,
906 3339 963 3390 in
999 3351 1107 3405 qua
1166 3342 1349 3388 tamen
1376 3331 1444 3386 (16
1485 3329 1603 3384 Arii
1636 3337 1813 3384 morte

230 3434 389 3499 nihil,
424 3433 533 3487 nisi
582 3430 867 3486 Athanasii
920 3428 1128 3494 verbis,
1170 3433 1358 3481 exacte
1403 3423 1472 3479 ad
1520 3422 1815 3478 veritatem

233 3528 490 3582 refertur.

299 3617 723 3675 Observandum
759 3615 1003 3671 secundo
1041 3615 1252 3684 lapsum
1287 3625 1507 3682 quoque
1551 3606 1816 3663 memoria

235 3710 644 3765 Theodoretum
689 3708 746 3762 in
785 3706 1100 3761 narratione
1128 3703 1431 3759 obsidionis
1480 3701 1755 3755 Nisibenaa
1783 3713 1818 3752 ει

234 3803 434 3858 Persis.
474 3801 611 3856 Cum
658 3800 806 3855 enim
837 3807 947 3855 tres
999 3796 1318 3852 obsidiones
1375 3794 1597 3858 fuerint,
1639 3792 1818 3862 prima

234 3910 378 3949 anno
411 3895 536 3960 558,
569 3895 742 3947 altera
772 3908 916 3946 anno
944 3890 1069 3953 550,
1094 3896 1372 3958 postrema
1398 3900 1544 3939 anno
1583 3883 1708 3948 559,
1760 3881 1816 3936 in

237 4005 398 4042 unam
431 3989 648 4058 priores
669 3987 806 4040 duas
835 3983 1103 4048 confudit,
1129 3982 1198 4036 de
1227 3980 1390 4036 tertia
1412 3978 1584 4042 siluit,
1613 3976 1816 4046 quippe

235 4099 351 4153 qua:
372 4092 498 4153 post
521 4082 733 4136 obitum
762 4077 950 4134 Jacobi
971 4074 1218 4145 contigit.
1250 4072 1533 4129 Videndus
1561 4069 1818 4125 Petavius

237 4176 290 4228 in
319 4175 468 4229 notis
497 4173 566 4227 ad
589 4172 858 4226 rationem
886 4170 919 4223 4
946 4165 1149 4223 Juliani
1184 4160 1554 4233 imperatoris.

302 4265 728 4322 Observandum
777 4262 960 4326 tertio,
997 4261 1065 4315 de
1117 4258 1370 4313 doctrina
1401 4253 1669 4322 librisque
1724 4251 1817 4306 Ja-

239 4361 358 4414 cobi
379 4362 423 4390 ¹⁵
456 4358 705 4413 Nisibeni
737 4355 876 4409 nihil
906 4370 935 4408 a
973 4350 1323 4406 Theodoreto
1351 4347 1620 4416 scriptum
1664 4359 1816 4408 esse,

1981 1875 2046 1929 ll.
2079 1873 2239 1930 Circa
2274 1875 2580 1928 secundum
2611 1883 2798 1944 caput,
2829 1874 2976 1944 quod
3027 1874 3096 1929 de
3121 1874 3359 1937 Iuliano,
3387 1875 3489 1930 ob-

1913 1963 2240 2020 servandum
2267 1962 2464 2032 primo,
2491 1962 2763 2017 celebrem
2783 1963 2936 2016 illum
2953 1963 3157 2018 Bertea:
3170 1964 3490 2032 episcopum

1911 2056 2172 2110 Acacium
2200 2055 2303 2109 sub
2329 2054 2544 2110 Asterie
2564 2054 2766 2109 Juliani
2804 2054 3076 2123 discipulo
3095 2094 3110 2118 ,
3139 2055 3308 2108 vitam
3334 2070 3491 2110 asce-

1913 2149 2073 2203 ticam
2132 2145 2420 2218 egisse-in
2478 2146 2811 2200 monasterio
2869 2146 3029 2215 297
3084 2145 3344 2210 Gandari,
3382 2147 3491 2203 vici

1910 2257 2083 2311 prope
2135 2239 2484 2294 Antiochiam
2550 2238 2762 2308 positi;
2811 2253 2990 2306 neque
3047 2239 3190 2292 hanc
3228 2239 3396 2293 vitam
3435 2240 3492 2294 in

1911 2330 2230 2398 episcopatu
2265 2327 2615 2395 deseruisse;
2668 2327 2908 2381 tenuisse
2933 2343 3065 2382 vero
3115 2329 3492 2398 episcopatum

1911 2428 2037 2472 octo
2061 2427 2118 2471 et
2175 2416 2573 2486 quinquaginta
2604 2431 2779 2471 annos
2803 2417 2849 2448 "‘
2887 2433 2900 2468 :
2943 2417 3091 2472 unde
3120 2426 3337 2472 constat
3381 2418 3496 2473 fatu

1911 2508 2162 2562 functum
2213 2523 2332 2563 esse
2381 2523 2527 2562 anno
2559 2508 2683 2574 456,
2733 2523 2860 2561 nam
2894 2509 3180 2564 ordinatus
3224 2519 3306 2564 est
3349 2526 3498 2564 anno

1912 2601 2034 2657 578.
2058 2601 2254 2655 Mirum
2291 2615 2443 2666 vero,
2481 2600 2762 2655 hominem
2795 2601 2920 2656 vitae
2953 2609 3059 2655 tam
3089 2611 3290 2657 sanctae
3315 2609 3502 2658 tantos

1913 2693 1970 2747 in
1993 2693 2243 2758 Ecclesia
2291 2693 2580 2757 tumultus,
2613 2701 2710 2748 aut
2747 2694 3074 2758 concitasse,
3121 2703 3217 2748 aut
3257 2695 3491 2761 fovisse;

1915 2785 2009 2840 sed
2039 2794 2231 2839 notum
2258 2786 2343 2839 vel
2365 2785 2483 2855 ipso
2512 2787 2527 2804 ⁶
2555 2783 2888 2839 Theodoreti
2915 2785 3182 2856 exemplo,
3209 2786 3340 2856 quid
3371 2803 3496 2856 pos-

1914 2875 1985 2929 sit
2010 2875 2203 2945 religio
2236 2876 2414 2931 illusa.

1983 2964 2401 3022 Observandum
2434 2968 2698 3032 secundo,
2731 2969 3065 3025 mentionem
3101 2970 3218 3025 fieri
3253 2971 3496 3040 praefecti

1915 3058 2200 3128 cujusdam
2227 3061 2487 3129 praetorio
2538 3061 2782 3116 Orientis
2801 3062 2867 3113 ³⁷.
2896 3062 3023 3117 Fuit
3075 3062 3165 3118 hic
3190 3063 3491 3128 Modestus.

1915 3165 2080 3219 quem
2111 3150 2168 3205 in
2203 3149 2410 3206 codicis
2444 3152 2489 3183 ³⁸
2516 3152 2987 3222 Prosopographia
3028 3152 3261 3222 legimus
3296 3153 3495 3224 praefe-

1891 3249 2129 3296 "cturam
2159 3242 2391 3312 gessisse
2422 3243 2526 3298 sub
2561 3244 2804 3308 Valente,
2845 3259 2991 3298 anno
3036 3244 3161 3309 570,
3189 3260 3298 3314 quo
3353 3260 3496 3300 anno

1917 3330 2131 3386 scilicet
2174 3330 2498 3400 Aphraates,
2541 3331 2886 3386 admirabilis
2911 3331 3000 3387 ille
3033 3333 3355 3398 monachus,
3389 3333 3496 3388 du-

1918 3423 2076 3479 cibus
2099 3422 2300 3478 Acacio
2325 3432 2457 3479 tunc
2483 3424 2834 3495 presbytero,
2865 3425 3156 3481 etJnliano
3195 3427 3495 3481 monacho-

1917 3529 2038 3568 rum
2078 3525 2254 3584 patre,
2282 3514 2629 3569 Antiochiam
2678 3515 2854 3581 venit,
2886 3515 3210 3586 Valentique
3249 3516 3498 3571 Catholi—

1918 3621 2108 3661 eorum
2135 3606 2554 3661 insectationem
2571 3607 2792 3678 objecit.

1988 3699 2406 3756 Observandum
2442 3700 2628 3763 tertio,
2671 3709 2796 3755 ante
2834 3700 3124 3766 Isidorum,
3181 3702 3273 3772 qui
3313 3701 3495 3756 Theo-

1919 3790 2174 3847 doretum
2229 3791 2550 3861 praecessit,
2606 3791 2863 3846 Ecclesia:
2932 3791 3157 3862 Cyr-ensi
3217 3791 3496 3862 praefuisse

1918 3884 2221 3948 Asterium,
2251 3885 2513 3941 Arianum
2542 3885 2766 3954 quidem
2817 3884 3152 3954 sophista-m;
3194 3900 3304 3940 non
3341 3885 3496 3940 illum

1921 3985 2104 4033 tamen
2157 3977 2534 4048 Cappadocem
2557 4017 2572 4042 ,
2605 3977 2700 4046 qui
2735 3984 2792 4030 et
2830 3977 2945 4045 ipse
2985 3975 3229 4044 sophista
3260 3975 3496 4031 Arianus

1919 4067 2024 4123 fuit
2049 4085 2063 4121 :
2096 4083 2278 4138 neque
2306 4067 2456 4121 enim
2482 4067 2550 4121 ad
2586 4066 2702 4120 haec
2733 4074 2979 4135 tempora
3006 4069 3324 4135 pervenisse
3383 4071 3495 4127 dici

1919 4165 2122 4226 potest,
2177 4157 2287 4211 nisi
2336 4154 2688 4211 centonarius
2735 4162 2830 4207 aut
2857 4157 3172 4211 centenario
3209 4160 3498 4226 proximus

1919 4249 2150 4318 periisse
2182 4248 2520 4312 allirmetnr;
2559 4245 2830 4314 siquidem
2886 4245 2941 4298 in
2970 4249 3350 4316 persecutione
3382 4253 3495 4306 Ma-

1923 4340 2148 4394 ximiani
2194 4339 2439 4394 Herculii
2505 4347 2670 4407 atque
2718 4337 3063 4405 Diocletiani,
3103 4357 3224 4410 quae
3268 4345 3498 4414 contigit

238 4467 360 4505 cum
391 4459 576 4504 tamen
603 4449 672 4502 ad
694 4444 1227 4502 commendationem
1253 4439 1549 4511 plurimum
1576 4437 1814 4492 faceret:
1850 4437 1894 4494 υ
1919 4447 2063 4487 anno
2096 4430 2221 4495 505,
2254 4430 2572 4485 immolavit.
2606 4430 2739 4496 Quis
2764 4439 2946 4486 autem
2969 4433 3157 4489 credat
3195 4451 3320 4488 eum
3345 4445 3493 4500 tunc,

238 4541 374 4596 nihil
407 4541 478 4595 ab
505 4540 859 4610 Hieronymo,
887 4537 1002 4592 sive
1037 4536 1093 4590 in
1123 4533 1398 4596 Chronico,
1425 4531 1539 4585 sive
1573 4530 1630 4584 in
1655 4528 1819 4585 Cata-

241 4631 355 4701 lago
419 4631 734 4699 scriptorum
813 4626 1281 4681 ecclesiasticarum
1337 4638 1356 4676 :
1417 4621 1554 4675 nihil
1609 4619 1818 4689 pariter

239 4722 310 4776 ab
376 4721 748 4781 llebed—Jesu,
798 4719 1060 4790 diligente
1139 4713 1478 4784 cmteroquin
1547 4711 1817 4766 librorum

241 4816 507 4886 Syrorum
535 4813 858 4883 inquisitore
888 4830 900 4865 :
927 4811 1061 4866 nihil
1083 4810 1150 4864 ab
1177 4809 1287 4862 ullo
1316 4815 1588 4870 veterum,
1621 4811 1822 4874 praeter

245 4923 415 4962 unum
449 4906 816 4966 Gennadium,
862 4903 957 4972 qui
994 4899 1187 4971 viginti
1235 4905 1472 4971 quatuor
1504 4895 1677 4950 libros
1730 4909 1822 4949 re-

244 5008 451 5055 censet.
517 5000 719 5054 Verum
769 4995 1038 5052 Gennadii
1097 4992 1398 5047 auctoritas
1445 5006 1554 5043 non
1602 4988 1822 5043 videtur

247 5093 377 5147 mihi
417 5100 589 5156 tanta,
631 5099 692 5144 ut
750 5104 968 5143 omnem
1025 5085 1348 5154 scrupulum
1400 5081 1616 5136 evellat.
1667 5077 1823 5136 Unde

246 5184 392 5238 enim
415 5182 572 5237 novit
627 5180 851 5252 Syriaca
893 5193 1082 5248 opera,
1110 5175 1206 5245 qui
1249 5174 1339 5228 vix
1394 5171 1550 5225 novit
1579 5170 1766 5225 Graeca
1799 5168 1822 5220 ?

248 5276 398 5331 Unde
424 5274 614 5330 scitab
637 5274 967 5343 Hieronymo
1002 5268 1308 5340 praeterita,
1344 5273 1633 5335 propterea
1676 5262 1823 5332 quod

249 5367 493 5422 nondum
546 5366 600 5419 in
650 5364 896 5419 Grmcam
954 5362 1198 5430 linguam
1252 5373 1408 5412 versa
1465 5363 1678 5419 essent,
1721 5369 1824 5408 nec

1922 4521 2142 4594 quando
2179 4513 2506 4586 immolavit,
2559 4521 2829 4577 minorem
2866 4523 3086 4595 triginta
3134 4527 3293 4582 annis
3327 4530 3494 4582 exsti-

1923 4616 2076 4679 tisse,
2106 4629 2232 4668 cum
2258 4630 2369 4668 non
2393 4613 2547 4683 parvi
2572 4615 2813 4669 nominis
2830 4617 2940 4686 jam
2967 4619 3146 4672 esset?

1995 4707 2272 4763 Assentiri
2320 4721 2452 4776 ergo
2484 4722 2593 4760 non
2626 4722 2850 4776 possum
2900 4708 3153 4774 Baronio,
3208 4721 3499 4783 utrumque

1926 4798 2203 4853 Asterium
2234 4795 2591 4852 confundenti
2620 4814 2631 4848 :
2659 4806 2716 4852 et
2738 4813 2869 4853 vero
2899 4798 3187 4868 Cappadox
3219 4817 3497 4872 nunquam

1927 4889 2186 4960 Cyrensis
2231 4889 2522 4958 episeOpus
2573 4888 2696 4953 fuit,
2762 4889 2872 4942 imo
2917 4905 3018 4944 nec
3078 4893 3381 4964 presbyter,
3453 4896 3498 4950 si

1931 4981 2230 5037 Athanasio
2282 4979 2580 5034 credimus.
2624 4980 2749 5034 Fuit
2799 4997 2932 5036 vero
2981 4983 3092 5047 ille,
3141 4985 3208 5038 de
3255 5001 3364 5053 quo
3411 4987 3500 5041 hic

1923 5089 2106 5129 sermo
2124 5081 2242 5140 est;
2272 5072 2416 5127 unde
2440 5072 2644 5126 dicitur
2673 5089 2704 5126 a
2727 5073 3073 5128 Theodoreto
3115 5075 3290 5146 Cyrus
3329 5077 3500 5134 bene-

1926 5167 2111 5221 ficium
2162 5165 2440 5233 accepisse
2474 5178 2572 5233 per
2608 5163 3061 5220 intercessionem
3097 5167 3298 5221 Juliani
3324 5171 3390 5234 ",
3438 5178 3498 5224 ut

1926 5275 2047 5329 qua:
2072 5259 2302 5313 liberata
2324 5266 2470 5312 esset
2490 5257 2558 5311 ab
2581 5257 2784 5311 Ariano
2829 5267 3068 5326 pastore.
3103 5259 3298 5314 Mansit
3337 5277 3498 5331 porro

1927 5353 2088 5405 vidua
2114 5359 2237 5404 octo
2270 5349 2380 5403 fcrc
2410 5363 2601 5411 annos,
2666 5348 2840 5403 donec
2881 5349 2949 5402 ab
2984 5350 3221 5404 Eusebio
3250 5352 3498 5406 Samosa-

1616 5495 1935 5552 SCHULle
1973 5491 2204 5549 NOTIE.

320 5650 366 5682 ⁵³
405 5649 545 5704 Ibid.
587 5665 634 5703 c.
669 5650 757 5702 ‘28.
837 5649 882 5678 "
909 5647 1030 5702 Vitl.
1067 5653 1196 5700 tom.
1227 5643 1316 5707 lll,

250 5719 553 5775 Carnerius
604 5720 823 5772 fatetur.
900 5720 944 5747 ’⁵
973 5717 1168 5784 Supra,

252 5792 397 5861 dicis,
438 5789 804 5846 Thcodosiani
836 5787 1114 5842 nimirum.

1353 5657 1407 5709 p.
1447 5639 1596 5692 1114.

1220 5730 1272 5781 p.
1307 5704 1452 5770 "2'89,
1489 5726 1616 5781 ann.
1650 5709 1756 5781 4377
1790 5715 1884 5781 aut
1914 5704 2036 5770 458,
2070 5704 2272 5759 obiissc
2306 5704 2531 5761 dicitur-

1192 5779 1234 5814 ,θ
1269 5781 1385 5839 yid,
1422 5779 1552 5835 ibid.
1592 5795 1641 5847 ιι.
1687 5779 1815 5833 115ῖὶ
1846 5792 1958 5847 seq-

1686 5639 1728 5668 ”
1753 5637 2020 5706 Librisqnc
2054 5634 2175 5706 Jac.
2224 5632 2645 5706 Sedohsenram
2670 5647 2788 5706 esse
2817 5648 3006 5706 eorum
3044 5631 3361 5706 illeitiorialn
3384 5632 3496 5706 ipse

2605 5705 2646 5734 ’⁷
2679 5705 2794 5758 Viti.
2834 5703 2983 5768 LIII,
3028 5720 3078 5773 p.
3128 5703 3279 5758 1154.
3321 5703 3364 5733 ’⁸
3394 5703 3496 5758 Co-
