3952 6294
433 285 537 352 247

1559 283 1935 345 GARNERII
1976 283 2471 347 DISSERTATIO
2508 287 2590 346 II.

3587 282 3695 347 248

439 400 577 456 tensi
610 397 872 461 lsidorus,
898 393 1090 467 synodi
1144 392 1502 447 Antiocheam
1535 394 1885 458 auctoritate,
1916 408 2011 447 or-
2040 397 2085 454 Α
2115 394 2183 449 de
2214 392 2576 464 ‘simplicibus
2604 393 2959 466 presbyteris,
3009 393 3105 448 sed
3137 394 3205 449 de
3257 393 3695 464 cborepiswpis.‘

434 492 656 545 dinatus
681 496 786 543 est.

501 582 591 637 Ill.
625 581 783 635 Circa
813 578 1033 633 tertium
1081 582 1265 645 caput,
1292 575 1440 645 quod
1483 575 1550 630 de
1594 575 1869 630 Marciano
1902 583 2005 641 est,

436 672 574 726 nihil
626 667 1034 741 observandum
1108 665 1353 721 occurrit
1423 673 1623 735 praeter
1676 672 2008 720 conventum

436 764 679 835 quinque
710 760 1097 829 episcoporum
1154 757 1491 812 Marcianum
1545 757 1917 822 invisentium,
1953 756 2009 811 id

432 864 536 920 est,
563 853 806 908 Flaviani
851 852 1176 915 Antiochim,
1206 850 1386 905 Acacii
1420 849 1644 914 Boream,
1686 850 1880 905 lsidori
1908 850 2012 920 Cy-

437 948 504 1012 ri,
536 943 1082 1007 EusebiiChalcidis,
1131 941 1400 997 Theodoti
1446 940 1841 1011 Hierapol‘cos:
1874 944 2033 995 Con-'

434 1037 556 1108 tigit
585 1036 732 1091 enim
766 1051 867 1104 pro
889 1042 1040 1088 certo
1094 1042 1219 1102 post
1243 1046 1448 1086 annum
1499 1030 1622 1096 581,
1656 1046 1766 1099 quo
1800 1030 2011 1084 Flavia-

430 1145 537 1183 nus
568 1127 853 1182 ordinatus
893 1132 978 1181 est
1006 1124 1068 1178 in
1096 1122 1335 1179 secunda
1363 1121 1572 1193 synodo
1600 1120 1870 1191 generali;
1898 1135 2010 1174 non

400 1230 618 1285 ,tamen
658 1219 751 1273 diu
779 1225 930 1288 post,
967 1217 1228 1286 quoniam
1273 1215 1591 1270 Theodotus
1643 1213 2009 1283 Hierapolita-

433 1325 540 1364 nus
564 1308 763 1378 exiguo
780 1315 908 1377 post
944 1314 1195 1374 tempore
1252 1303 1507 1358 decessit.
1555 1304 1736 1369 Quare
1788 1302 2012 1356 videtur

433 1416 502 1455 eo
537 1400 657 1469 ipso
701 1414 849 1453 anno
890 1397 989 1452 581
1037 1393 1325 1459 accidisse,
1356 1409 1466 1463 quo
1524 1408 1721 1463 nempe
1746 1408 1894 1447 anno
1928 1408 2015 1447 re-

433 1493 605 1544 duces
645 1489 725 1543 illi
774 1488 1033 1558 praesules
1076 1502 1104 1540 a
1149 1502 1186 1539 η
1226 1484 1463 1557 synodo,
1508 1483 1686 1538 virum
1723 1484 2011 1538 sanctitate

433 1582 708 1638 celebrem
732 1596 906 1652 prope
936 1579 1282 1635 Antiochiam
1310 1578 1571 1650 positum,
1598 1574 1823 1646 pietatis
1838 1575 2012 1646 gratia

432 1674 746 1729 visitarunt.

507 1724 929 1835 le—Iﬁnvquarto,
969 1763 1114 1834 quod
1142 1760 1366 1817 Eusebii
1411 1761 1514 1816 viri
1566 1724 1896 1816 sanctissimi
1930 1760 2013 1816 di-
2042 1748 2084 1803 Β

434 1857 776 1927 scipulorum
805 1856 997 1911 laudes
1025 1855 1301 1920 continet,
1334 1853 1395 1908 ﬁt
1416 1854 1626 1909 mentio
1656 1854 1830 1908 sancti
1866 1853 2012 1909 illius

435 1949 491 2003 in
514 1963 625 2018 quo
653 1947 930 2013 vivebant,
969 1946 1196 2017 tugurii,
1227 1945 1433 2001 visitati
1460 1961 1492 2000 a
1553 1945 1906 2000 Theodoreto
1955 1951 2011 2000 et

435 2039 598 2093 sociis
635 2038 880 2108 ejusdem
911 2037 1168 2092 instituti.
1195 2035 1313 2103 Quo
1344 2045 1588 2107 tempore
1613 2044 1797 2091 autem
1825 2036 2011 2091 Theo-

435 2130 663 2185 doretus
701 2129 915 2189 Abbam
967 2128 1176 2193 invisit,
1225 2127 1391 2199 298
1454 2127 1779 2182 vicesimum
1836 2127 2013 2183 aetatis

435 2235 642 2275 annum
667 2221 940 2290 attigerat,
976 2227 1126 2275 certe
1151 2236 1262 2274 non
1287 2220 1524 2274 multum
1557 2227 1868 2274 excesserat
1898 2237 1911 2272 :
1955 2218 2011 2273 id

435 2326 567 2382 ergo
590 2311 819 2381 contigit
845 2327 991 2367 anno
1023 2310 1147 2365 406.
1192 2312 1329 2376 Nam
1354 2310 1557 2375 Abbas,
1614 2310 2010 2380 discipulorum

437 2418 602 2467 unus,
634 2411 760 2457 octo
777 2411 833 2457 et
864 2402 1089 2472 triginta
1117 2401 1366 2455 asceticae
1388 2400 1516 2456 vitae
1534 2416 1710 2456 annos
1732 2409 2010 2471 exegerat,

437 2508 564 2547 cum
614 2494 818 2562 scripta
866 2499 951 2546 est
1000 2490 1234 2546 Historia
1285 2490 1563 2562 religiosa;
1596 2490 1855 2560 scriptam
1881 2504 2014 2544 vero

437 2583 940 2640 demonstravimus
960 2599 1105 2638 anno
1140 2584 1264 2639 Ml.

508 2675 571 2729 V.
608 2674 667 2729 In
694 2675 948 2730 encomio
993 2674 1194 2739 Publii,
1226 2673 1373 2744 quod
1411 2682 1577 2743 caput
1617 2673 1873 2743 quintum
1898 2681 2004 2739 est,

437 2767 845 2823 observandum
868 2768 1068 2838 primo,
1096 2767 1241 2821 unde
1288 2766 1422 2821 urbs
1473 2765 1786 2836 Zeugmatis
1811 2781 2014 2821 nomen

438 2860 732 2929 acceperit,
756 2874 951 2929 nempe
994 2874 1023 2913 a
1068 2859 1326 2930 junctura
1374 2858 1585 2928 pontis,
1606 2872 1771 2928 quem
1802 2856 2014 2915 Xerxes

438 2949 707 3020 Euphrati
746 2950 1028 3020 imposuit.

510 3041 785 3106 Secundo,
813 3042 871 3097 in
895 3041 1166 3099 asceterio
1191 3038 1368 3096 Publii
1403 3039 1594 3095 laudes
1623 3040 1735 3096 Deo
1761 3039 1936 3094 dictas
1982 3054 2013 3092 ει

438 3134 724 3189 monachis
740 3132 927 3189 Graeca
956 3133 1121 3189 simul
1146 3140 1204 3187 et
1227 3132 1361 3204 Syra
1389 3132 1594 3203 lingua,
1620 3132 1850 3186 alternis
1877 3131 2014 3186 cho-

438 3224 538 3284 ris,
566 3223 733 3291 idque
762 3230 1039 3276 servatum
1083 3221 1271 3286 etiam,
1316 3236 1428 3291 quo
1475 3230 1720 3293 tempore
1757 3220 2013 3279 Theodo-

439 3324 595 3369 retus
617 3314 953 3369 Philotimum
983 3312 1278 3369 scribebat.

510 3406 720 3470 Tertio,
748 3405 1131 3475 Aphthonium
1148 3403 1327 3459 Publii
1349 3403 1701 3475 discipulum,
1721 3408 2015 3472 postquam

441 3512 619 3554 annos
661 3494 1026 3565 quadraginta
1067 3493 1301 3549 rexisset
1352 3494 1708 3558 asceterium,
1752 3491 2019 3563 Zeugma-

441 3590 584 3645 tensi
614 3588 872 3643 Ecclesia:
916 3588 1218 3656 praefuisse.
1256 3586 1553 3643 Ordinatus
1589 3599 1720 3657 ergo
1754 3592 1840 3639 est
1883 3599 2016 3657 sep~

443 3682 769 3751 tuagenario
796 3681 1010 3751 major:
1048 3682 1173 3751 quis
1221 3680 1369 3736 enim
1416 3680 1604 3736 credat
1643 3688 1767 3735 ante
1799 3677 2014 3733 tricesi-

443 3787 594 3827 mum
627 3788 831 3827 annum
872 3787 1030 3828 sacro
1065 3773 1233 3829 coetui
1268 3772 1587 3843 praefectum
1630 3772 1791 3827 esse?
1814 3770 2015 3825 Felicia

442 3864 729 3919 enimvero
754 3872 1002 3933 tempora
1031 3866 1045 3918 ι

513 3957 600 4012 Vl.
636 3957 697 4011 ln
749 3964 904 4013 sexto
932 3956 1134 4026 capite,
1181 3955 1331 4026 quod
1375 3953 1653 4010 Simeonis
1686 3951 1864 4008 Prisci
1902 3952 2019 4007 elo.

443 4050 591 4119 gium
636 4056 740 4112 est,
776 4048 1008 4105 observa
1070 4047 1388 4118 religiosum
1444 4045 1610 4115 hujus
1655 4044 1833 4099 aetatis
1894 4058 2017 4098 mo-

442 4155 563 4195 rem
594 4139 865 4195 invisendi
884 4139 1094 4193 montis
1125 4138 1273 4201 Sina,
1302 4136 1398 4193 ubi
1438 4135 1615 4209 legem
1652 4134 1829 4191 Moses
1856 4149 2019 4190 acce-

444 4230 545 4299 υῑι.

512 4321 626 4378 VII.
656 4321 718 4376 In
759 4322 937 4392 elogio
988 4317 1300 4389 Aphraatis,
1352 4316 1497 4387 quod
1524 4327 1781 4373 octavum
1827 4324 2015 4388 caput,

2113 483 2213 537 llic
2261 484 2416 538 locus
2445 484 2590 538 valet
2622 483 2688 537 ad
2723 483 3160 539 conﬁrmandum
3202 484 3352 555 quod
3401 490 3563 537 antea
3603 483 3691 537 di-

2111 573 2293 627 ximus
2322 574 2390 628 de
2422 573 2643 627 Meletio
2674 574 3094 644 chorepiscopo.

2182 665 2390 730 Tertio,
2418 665 2744 735 stupendum
2769 664 3063 735 Aphraatis
3101 666 3449 734 aliorumque
3482 678 3695 735 prrece-

2110 761 2363 835 dentium
2413 762 2881 834 θαυματουργιαν.
2926 762 3093 817 etiam
3151 762 3297 817 circa
3335 762 3530 817 brutas
3575 762 3695 816 ani-

2117 850 2351 909 inantes.

2182 946 2408 1012 Quarto,
2451 946 2651 1000 vixisse
2679 945 2772 999 diu
2804 953 3050 1001 sanctum
3081 955 3359 1013 ascetam;
3390 955 3511 1003 erat
3542 949 3691 1004 enim

2109 1038 2220 1108 jam
2279 1036 2485 1101 senior,
2523 1053 2649 1092 cum
2688 1038 2977 1093 Valentem
3028 1039 3207 1108 arguit
3255 1054 3399 1093 anno
3454 1041 3577 1105 576,
3636 1049 3696 1095 et

2115 1128 2295 1182 adhuc
2318 1127 2514 1196 agebat
2539 1127 2707 1180 vitam
2741 1144 2885 1181 anno
2919 1126 3043 1194 595,
3071 1143 3196 1181 cum
3222 1144 3348 1183 eum
3377 1129 3696 1186 Theodore—

2117 1228 2205 1274 tus
2227 1221 2511 1289 puerulus,
2538 1226 2713 1273 matre
2740 1220 3056 1285 comitante,
3087 1220 3298 1275 invisit.
3378 1250 3384 1258 ι

2184 1310 2319 1365 Vill.
2373 1309 2432 1363 In
2480 1311 2659 1379 elogio
2698 1310 2846 1365 Petri
2881 1311 2951 1377 ”,
3017 1319 3217 1380 praeter
3277 1313 3694 1369 conversionem

2114 1401 2564 1470 curationemque
2596 1402 2790 1455 matris
2820 1401 3176 1465 Theodoreti,
3210 1402 3493 1472 ipsiusque
3516 1403 3696 1458 Theo-

2113 1486 2290 1541 doreti
2347 1487 2688 1541 sanationem
2742 1503 2845 1557 ope
2898 1503 3048 1544 zonae
3093 1490 3265 1556 Petri,
3318 1492 3556 1546 notanda
3606 1488 3695 1547 est

2114 1579 2323 1634 mentio
2369 1579 2639 1649 Pergamii
2689 1579 2935 1650 praefecti
3001 1582 3256 1651 praetorio
3304 1582 3565 1649 Orientis,
3594 1584 3692 1654 qui

2114 1686 2260 1725 anno
2287 1668 2392 1724 564
2413 1671 2452 1735 ‘,
2489 1678 2582 1724 aut
2611 1669 2735 1735 565,
2795 1679 2890 1725 aut
2942 1672 3065 1737 566,
3094 1673 3472 1743 magistratum
3524 1675 3695 1745 gessit

2113 1762 2216 1815 sub
2240 1761 2466 1815 Valente
2499 1778 2512 1813 :
2548 1776 2725 1815 annus
2743 1777 2877 1815 vero
2896 1762 3244 1833 magistratus
3267 1764 3341 1817 ita
3374 1764 3691 1819 invenitur:

2111 1855 2284 1910 Natus
2339 1861 2423 1907 est
2476 1853 2856 1908 Theodoretus
2906 1869 3051 1909 anno
3099 1853 3223 1919 586,
3281 1861 3488 1924 septem
3536 1854 3696 1911 annis

2112 1956 2293 2011 antea,
2323 1947 2430 2000 hoc
2450 1954 2553 2011 est,
2591 1962 2735 2001 anno
2787 1946 2910 2001 579.
2955 1947 3150 2001 Petrus
3178 1954 3408 2001 matrem
3436 1946 3695 2001 Theodo-

2113 2038 2217 2094 reti
2272 2038 2532 2093 liberavit
2574 2039 2861 2093 oculorum
2916 2038 3141 2103 morbo;
3211 2038 3548 2093 liberaverat
3599 2037 3694 2092 ille

2113 2131 2325 2200 aliquot
2348 2129 2508 2185 annis
2539 2129 2701 2199 299
2724 2141 2883 2184 antea
2925 2129 3195 2200 Pergamii
3244 2130 3419 2183 tiliam
3440 2129 3508 2183 ab
3538 2128 3698 2199 aegri-

2114 2221 2350 2277 tudine:
2384 2236 2514 2292 ergo
2539 2221 2623 2275 vel
2675 2236 2819 2275 anno
2849 2221 2974 2284 574,
3029 2221 3113 2275 vel
3157 2221 3282 2284 575,
3322 2221 3409 2275 vel
3452 2220 3574 2284 576,
3604 2219 3697 2275 vel

2113 2313 2239 2367 577.
2291 2311 2362 2367 At
2410 2311 2693 2366 Modestus
2744 2309 3129 2380 praefecturam
3162 2309 3330 2380 gessit
3390 2322 3535 2363 anno
3566 2308 3694 2362 577.

2113 2403 2304 2459 Restat
2337 2398 2504 2472 igitur
2536 2408 2599 2455 ut
2623 2399 2941 2471 Pergamius
2972 2399 3167 2454 eadem
3190 2398 3421 2469 gesserit
3463 2412 3573 2452 uno
3623 2395 3696 2450 de

2115 2494 2293 2549 tribus
2320 2494 2475 2559 aliis;
2502 2491 2845 2562 probabilius
2875 2492 3022 2561 quod
3046 2490 3168 2544 576.

2186 2584 2279 2640 1X.
2334 2584 2396 2639 In
2448 2584 2631 2653 elogio
2682 2583 2983 2638 Theodosii
3026 2583 3069 2614 "
3137 2581 3546 2637 observandum
3596 2587 3699 2636 est

2115 2678 2318 2750 primo,
2366 2675 2544 2745 ipsum
2578 2675 2784 2729 obiisse
2835 2675 3000 2744 paulo
3046 2684 3337 2745 postquam
3383 2690 3443 2729 se
3487 2672 3699 2743 recepit

2115 2770 2479 2834 Antiochiam,
2504 2775 2652 2822 metu
2674 2766 3127 2837 depopulantium
3148 2768 3332 2821 omnia
3355 2767 3696 2828 Isaurorum,

2115 2864 2221 2917 hoc
2247 2868 2351 2925 est,
2380 2875 2524 2913 anno
2558 2857 2694 2922 405;
2730 2856 3074 2926 praecedente
3096 2857 3244 2910 enim
3279 2871 3424 2909 anno
3470 2868 3697 2926 grassa-

2116 2953 2316 3009 bantur
2345 2950 2536 3006 Isauri.

2186 3042 2464 3108 Secundo,
2498 3041 2688 3097 eadem
2737 3053 2861 3094 arca
2899 3036 3205 3102 conditum,
3241 3052 3350 3106 qua
3405 3035 3722 3090 mirandus

2117 3137 2442 3209 Aphraatcs,
2472 3151 2568 3191 sex
2610 3142 2706 3189 aut
2764 3140 2972 3202 septem
3004 3135 3165 3185 annis
3198 3131 3354 3200 prius
3395 3129 3511 3182 vlta
3568 3129 3699 3183 tun-

2117 3227 2669 3300 ctus.Hzecsepulci-i
2705 3224 3021 3282 communio
3068 3223 3174 3277 fuit
3218 3222 3305 3276 his
3355 3222 3699 3291 temporibus

2117 3319 2375 3374 amicitiae
2400 3327 2457 3373 et
2480 3317 2809 3371 reverentia:
2831 3315 3067 3384 signum.
3130 3312 3275 3367 Hinc
3303 3310 3538 3367 Iacobus
3580 3311 3696 3375 ille,

2117 3413 2186 3463 de
2223 3423 2333 3477 quo
2358 3407 2563 3460 dicitur
2586 3406 2764 3475 capite
2784 3404 2873 3469 2t,
2910 3419 3033 3457 cum
3062 3401 3471 3457 Theodoretum
3503 3400 3698 3471 dilige-

2117 3507 2220 3563 ret,
2252 3497 2444 3552 eadem
2476 3495 2685 3565 optavit
2715 3509 2841 3548 arca
2874 3493 3061 3548 condi.

2189 3588 2406 3651 Tertio,
2439 3585 2747 3640 Helladium
2790 3584 3141 3648 Tarsensem,
3172 3585 3267 3654 qui
3309 3584 3414 3639 fuit
3438 3595 3582 3636 unus
3627 3580 3696 3635 de

2119 3675 2501 3741 schismaticis,
2529 3675 2750 3745 rejectis
2790 3688 2822 3728 a
2847 3673 3262 3729 conditionibus
3313 3674 3517 3744 quibus
3560 3672 3696 3728 inita

2117 3786 2222 3842 pax
2247 3767 2639 3832 Ecclesiarum,
2661 3767 2766 3821 sub
2785 3765 3098 3821 Theodosio
3130 3767 3327 3836 partim
3348 3780 3505 3820 sacro
3528 3762 3695 3819 (εωευί

2118 3840 2435 3934 praefectus,
2473 3840 2754 3929 sexaginta
2773 3872 2946 3913 annos
2999 3859 3290 3912 asceticam
3325 3856 3494 3911 vitam
3527 3855 3697 3909 mira-

2119 3952 2310 4008 biliter
2343 3950 2587 4014 duxisse,
2616 3964 2722 4004 nec
2744 3964 2863 4003 eam
2920 3947 2978 4002 in
3010 3947 3331 4018 episcopatu
3374 3944 3695 4011 demisisse;

2119 4062 2293 4119 quare
2320 4059 2445 4101 cum
2477 4044 2727 4114 dejectus
2752 4050 2836 4097 est
2860 4041 3011 4106 sede,
3039 4057 3151 4095 non
3190 4039 3485 4095 admodum
3546 4045 3701 4093 octo-

2119 4138 2342 4210 genario
2370 4136 2550 4190 minor
2572 4133 2802 4189 exstitit.
2842 4132 2977 4199 Quis
3000 4148 3134 4188 vero
3175 4148 3287 4187 non
3343 4132 3575 4186 miretur
3604 4137 3701 4188 aut

2118 4246 2231 4285 non
2267 4226 2705 4298 stupeat‘magis,
2745 4226 2881 4280 tanti
2903 4225 3007 4279 viri
3037 4224 3366 4289 caecitatem,
3394 4222 3483 4278 vel
3515 4221 3697 4292 potius

2120 4328 2505 4393 praesumptam
2530 4319 2599 4373 de
2623 4317 2879 4373 Nestorio
2917 4316 3277 4386 opinionem?

444 4411 853 4466 observandum
906 4410 1107 4480 primo,
1162 4408 1309 4477 quod
1336 4408 1577 4463 refertur
1619 4409 1688 4464 de
1740 4409 2015 4479 legatione
2046 4434 2091 4489 υ
2188 4413 2258 4469 Χ,
2287 4413 2483 4482 Operae
2505 4412 2745 4481 pretium
2793 4418 2898 4476 est,
2957 4409 3025 4464 ad
3072 4408 3338 4463 rationem
3386 4416 3697 4475 temporum

442 4502 662 4557 Persica
677 4500 977 4564 Anthemii,
1000 4498 1096 4569 qui
1124 4497 1699 4568 magisterofliciorum
1723 4514 1868 4552 anno
1889 4497 2015 4564 404,

2126 4505 2556 4569 subducendam,
2586 4503 2826 4574 elogium
2858 4502 3096 4557 Zenonis
3127 4503 3171 4533 "
3197 4500 3251 4554 in
3306 4497 3698 4568 compendium

334 4648 347 4657 κ
443 4593 634 4647 consul
687 4608 833 4647 anno
860 4591 988 4663 405,
1025 4589 1318 4659 praefectus
1362 4590 1622 4660 praetorio
1653 4589 1897 4645 Orientis
1926 4604 2015 4644 eo-

2126 4597 2466 4653 contrahere.
2498 4595 2805 4665 Antequam
2823 4593 3127 4648 monachus
3156 4591 3331 4650 fleret.
3375 4591 3523 4645 inter
3539 4603 3700 4644 vere,-

443 4683 570 4738 dem
610 4700 774 4749 anno,
810 4691 867 4738 et
917 4681 1390 4750 consequentibus
1417 4680 1628 4746 decem,
1666 4695 1779 4735 uno
1808 4688 2021 4736 tantum

2119 4689 2305 4745 darios
2324 4686 2604 4747 militavit,
2655 4694 2897 4755 tuncque
2949 4684 3219 4754 temporis
3252 4682 3320 4737 de
3366 4682 3536 4737 rebus
3570 4679 3697 4735 fidei

443 4785 693 4846 excepto.
726 4777 997 4831 Funcmm
1028 4789 1155 4829 eum
1203 4774 1308 4830 hac
1356 4773 1626 4844 legatione
1677 4773 1807 4828 alibi
1836 4774 2025 4845 legere
2121 4783 2408 4839 institutus
2426 4788 2510 4835 est
2535 4796 2565 4834 a
2598 4778 2800 4834 Basilio
2828 4791 3049 4848 magno,
3085 4777 3179 4847 qui
3203 4792 3347 4831 anno
3372 4775 3478 4830 578
3503 4787 3696 4831 exces-

443 4879 533 4919 me
550 4879 663 4918 non
691 4862 913 4919 memini
938 4879 953 4926 ;
974 4863 1174 4932 legatio
1207 4879 1341 4919 vero
1368 4863 1485 4917 haec
1508 4862 1613 4917 sub
1626 4862 1862 4919 Arcadio
1889 4878 2023 4920 con-

445 4955 589 5026 tigit.
612 4970 737 5010 cum
759 4954 938 5010 foedus
952 4953 1148 5009 Persas
1163 4954 1307 5008 inter
1325 4961 1382 5009 et
1397 4953 1675 5009 Romanos
1697 4953 2017 5012 innovatum

444 5059 549 5106 est.

516 5139 793 5203 Secundo,
816 5135 1136 5192 Flavianum
1173 5145 1231 5192 et
1256 5137 1557 5193 Diodorum
1603 5139 1712 5194 dici
1747 5141 2017 5211 tempori-

443 5231 553 5287 bus
575 5239 738 5286 motae
770 5246 802 5286 a
821 5230 1049 5286 Valente
1078 5230 1482 5300 persecutionis
1511 5232 1722 5288 honore
1760 5234 2018 5289 secunda:

442 5322 719 5378 cathedra
759 5324 984 5379 affectos
1025 5322 1214 5388 fuisse,
1250 5324 1349 5392 τῆς
1389 5312 1645 5395 δευτέρας
1685 5324 2020 5396 ἠξιωμένους

444 5413 733 5486 καθέδρας.
755 5416 815 5472 ld
835 5415 981 5470 enim
1004 5415 1223 5470 videtur
1244 5415 1381 5470 mihi
1397 5415 1891 5490 interpretandum,
1907 5433 2019 5473 non

2127 4875 2253 4930 site
2277 4873 2390 4928 vita
2420 4890 2434 4926 :
2464 4871 2665 4927 deinde
2697 4870 2976 4940 cingulum
3023 4867 3229 4938 posuit,
3270 4867 3453 4922 statim
3512 4864 3699 4921 occiso

2124 4967 2371 5028 Valente,
2397 4962 2450 5018 id
2477 4975 2581 5029 est,
2611 4978 2755 5017 anno
2772 4961 2895 5027 578,
2918 4968 2980 5015 ut
3004 4976 3061 5015 se
3085 4960 3242 5015 daret
3267 4958 3536 5014 asceticae.
3555 4956 3700 5012 Con-

2124 5064 2325 5112 ventus
2344 5065 2429 5110 est
2449 5071 2479 5109 a
2510 5054 2857 5108 Theodoreto
2885 5068 3024 5122 pene
3065 5051 3286 5116 investi,
3345 5049 3443 5105 sed
3465 5050 3576 5120 jam
3617 5047 3699 5102 le-

2124 5158 2296 5214 ctore,
2326 5147 2433 5200 hoc
2493 5154 2597 5209 est,
2649 5152 2781 5198 nato
2828 5143 2898 5198 22
2953 5158 3128 5201 annos
3183 5141 3423 5197 circiter.
3449 5139 3696 5207 Denique

2126 5237 2292 5307 paulo
2320 5244 2447 5289 ante
2470 5242 2703 5288 mortem
2732 5232 3016 5303 pecunias,
3035 5248 3100 5288 ex
3123 5230 3454 5303 patrimonio
3474 5227 3701 5284 vendito

2127 5333 2453 5388 contractas,
2484 5322 2711 5379 tradidit
2741 5322 3052 5378 Alexandro
3076 5320 3386 5378 Antiochia:
3409 5319 3698 5391 episcop0,

2126 5416 2537 5474 distribuendas
2569 5415 2924 5489 pauperibus.

1759 5575 2074 5634 SCHULZII
2111 5576 2344 5635 ΝΟΤιΕ.

523 5709 566 5752 ⁸ο
597 5708 823 5773 Philam.
854 5728 902 5769 c.
934 5714 985 5770 9.
1064 5712 1104 5747 ³¹
1139 5712 1274 5769 ibid.
1310 5727 1357 5767 ς.
1396 5713 1478 5770 l0.
1558 5714 1601 5747 ⁸²
1629 5710 1763 5799 ibid.
1794 5727 1844 5768 c.
1879 5711 1967 5772 12.
