3952 6294
245 285 354 350 249

1421 287 1518 347 DE
1558 287 1812 347 LIBRIS
1847 286 2352 347 THEODORETI.

3395 284 3502 348 250

319 403 404 457 Ex
435 401 525 456 his
554 400 886 473 colliguntur
915 401 1043 455 duo.
1075 401 1318 456 Primum
1341 445 1354 467 ,
1387 420 1418 457 a
1481 404 1832 458 Theodoreto
1863 409 1903 465 Α
1937 405 2031 458 tim
2086 405 2264 474 capite
2291 406 2306 422 '
2331 403 2508 472 primo
2557 400 2784 470 hujusce
2847 397 3246 455 dissertationis
3268 395 3313 427 ³⁵
3360 413 3372 449 :
3410 399 3504 454 vix

250 501 592 550 conventum
624 510 769 548 anno
797 493 920 547 408.
950 493 1076 547 Fu-it
1103 494 1251 547 enim
1304 510 1483 548 annus
1513 495 1604 549 ille
1636 495 1835 550 vicesi-

251 602 376 640 mus
401 586 683 640 secundds
736 583 1088 649 Theodoreti,
1134 587 1335 655 quippe
1365 587 1480 638 nati
1523 602 1667 640 anno
1704 586 1826 638 386.

253 675 594 739 Secundum,
627 675 1010 743 corrigendum
1037 690 1156 728 esse
1193 684 1421 739 textum,
1474 676 1567 728 ubi
1631 675 1832 729 dicitur

250 766 400 821 Zeno
415 766 803 835 exegisse‘tum
829 766 1074 818 asceticm
1095 766 1215 820 vitm
1247 766 1608 836 quadraginta
1635 781 1827 830 annos,

251 871 374 910 cum
407 871 438 909 a
473 856 820 908 Theodoreto
843 854 1172 907 inviseretur
1211 873 1222 906 :
1255 871 1376 909 nam
1413 871 1512 924 pro
1564 857 1830 924 τεσσαρά-

250 964 413 999 κοντα
445 946 826 1016 reponendum
863 954 948 998 est
1003 945 1335 1014 τριάκοντα;
1374 947 1617 1016 alioquin
1653 962 1828 1001 annus

247 1037 707 1108 quadragesimus
741 1036 1147 1091 aconversioue
1184 1037 1421 1090 Zenonis
1469 1037 1737 1090 incideret
1771 1038 1827 1091 in

248 1144 453 1182 annum
520 1129 724 1182 Christi
768 1129 900 1190 M8;
960 1142 1070 1196 quo
1124 1141 1267 1180 anno
1310 1127 1419 1180 dici
1469 1143 1580 1179 non
1649 1136 1829 1196 potest

249 1220 639 1274 Theodoretus
678 1219 856 1288 prima
913 1218 1168 1288 lanugine
1231 1219 1321 1272 vix
1367 1234 1531 1287 genas
1559 1219 1822 1282 induisse,

247 1310 522 1380 siquidem
565 1326 710 1364 anno
747 1308 849 1362 420
893 1299 1187 1378 episcopus
1247 1309 1533 1363 ordinatus
1563 1320 1680 1373 est;
1711 1309 1822 1364 uti-

247 1416 356 1470 que
396 1417 640 1472 congrua
686 1410 865 1465 mtate,
927 1400 983 1455 id
1026 1410 1110 1455 est
1149 1401 1373 1471 triginta
1416 1401 1606 1455 saltem
1649 1417 1824 1455 anno-

248 1510 390 1548 rum.

317 1582 408 1635 XI.
445 1583 746 1636 Macedonii
779 1583 1018 1651 elogium
1069 1583 1147 1648 ³³,
1197 1585 1352 1652 quasi
1398 1585 1818 1650 eucharisticon,

247 1672 1110 1744 scripsitTheodorctus:ipsius
1138 1675 1285 1729 enim
1337 1676 1592 1744 precibus
1637 1678 1820 1732 editus

1935 495 2084 547 enim
2120 495 2267 548 ullus
2295 500 2380 547 est
2411 491 2664 561 pluribus
2689 498 2995 558 temporum
3019 487 3164 542 netis
3191 485 3404 555 plenior
3427 487 3506 540 lo-

1934 598 2051 638 cus.
2782 645 2791 656 ι

2002 675 2416 729 Observandum
2438 689 2567 728 vero
2590 670 3016 732 Theodoretum,
3035 669 3197 737 paulo
3212 678 3503 737 antequam

1932 765 2231 829 laberetur,
2267 775 2361 820 aut
2395 775 2524 819 tunc
2547 779 2670 817 cum
2700 763 2807 816 labi
2839 761 3123 829 inciperet,
3161 761 3360 815 adiisse
3410 759 3501 814 Ja-

1931 859 2129 911 cobum
2157 859 2494 912 laborantem
2523 857 2735 910 morbo.

2001 949 2136 1002 XVI.
2159 950 2348 1018 Capite
2383 951 2644 1003 vicesimo
2673 948 2915 1002 secundo
2947 948 3014 1001 de
3044 947 3282 1000 Limnaeo
3323 957 3501 997 sermo

1931 1039 2008 1102 fit,
2035 1040 2150 1108 qui,
2189 1056 2310 1094 cum
2337 1039 2539 1093 dicitur
2564 1039 2755 1092 eodem
2791 1047 3055 1105 tempore,
3105 1052 3213 1103 quo
3239 1033 3498 1096 Jacobus,

1929 1131 2218 1184 asceticam
2271 1132 2440 1183 vitam
2476 1130 2784 1191 inchoasse,
2819 1137 2874 1182 et
2919 1144 3026 1197 quo
3073 1135 3316 1194 tempore
3359 1123 3498 1176 scri-

1928 1221 2090 1275 bebat
2152 1222 2532 1275 Thcodoretus
2579 1220 2918 1291 trigesimum
2949 1227 3003 1271 et
3039 1227 3288 1270 octavum
3341 1229 3499 1266 exer-

1927 1312 2206 1364 citationis
2260 1325 2462 1364 annum
2515 1309 2818 1377 explevisse
2845 1347 2859 1371 ,
2905 1306 3145 1359 ostendit
3190 1303 3491 1364 manifeste,

1926 1418 2036 1472 quo
2091 1411 2338 1470 tempore
2404 1399 2636 1453 historia
2693 1398 2946 1466 religiosa
3009 1395 3319 1462 conscripta
3382 1392 3490 1454 sit,

1923 1497 2368 1567 quandoquidem
2392 1495 2635 1549 exerceri
2663 1495 2830 1562 cmpit
2892 1492 3130 1547 Iacobus
3179 1505 3325 1544 anno
3358 1487 3486 1542 505;

1923 1591 2011 1644 cui
2038 1590 2081 1643 si
2108 1589 2475 1657 adjungantur
2505 1586 2632 1639 anni
2654 1586 2849 1656 58jam
2867 1585 3090 1652 expleti,
3109 1582 3336 1636 exsistet
3364 1583 3494 1638 anni

1922 1682 2027 1735 414
2068 1680 2304 1734 initium.

245 1769 331 1814 est
362 1762 417 1815 in
470 1763 648 1816 lucem
687 1780 718 1817 a
749 1772 945 1824 matre,
992 1773 1280 1834 postquam
1325 1766 1599 1820 sexdecim
1648 1784 1821 1821 annos
1855 1739 1895 1796 Β
1992 1770 2154 1826 XVII.
2179 1769 2369 1838 Capite
2393 1768 2656 1823 vicesimo
2685 1766 2847 1821 tertio
2875 1765 3074 1820 dicitur
3120 1764 3358 1818 Joannes
3381 1762 3493 1832 jam

246 1851 462 1904 steriles
489 1851 543 1904 in
565 1852 916 1904 matrimonio
933 1853 1251 1921 peregisset.
1269 1852 1708 1922 Thaumaturgus
1730 1853 1820 1908 ille

245 1957 384 2010 pene
411 1943 761 1996 centenarius
792 1944 1026 1996 excessit
1052 1959 1081 1997 e
1113 1944 1240 2006 vita,
1290 1959 1414 1996 cum
1438 1944 1661 1997 vixisset
1684 1959 1820 2012 qua-

245 2034 494 2104 draginta
523 2036 688 2105 300
707 2037 947 2105 quinque
971 2052 1142 2089 annos
1167 2037 1282 2090 sine
1303 2035 1540 2106 tugurio,
1571 2036 1824 2105 viginti“

243 2128 490 2196 quinque
521 2129 623 2181 sub
653 2129 950 2198 tuguriolo,
987 2129 1210 2198 triginta
1247 2128 1466 2182 circiter
1498 2143 1624 2182 cum
1663 2144 1820 2182 exer-

242 2216 354 2270 ceri
386 2217 665 2286 coepisset.
700 2217 860 2271 Anno
887 2217 992 2272 582
1020 2232 1050 2271 a
1079 2216 1337 2270 Flaviano
1369 2217 1710 2273 Antiochcno
1730 2234 1820 2272 or-

243 2306 466 2360 dinatus
487 2317 572 2361 est
593 2309 899 2379 presbyter,
932 2308 1185 2364 nesciens
1210 2308 1340 2376 quid
1381 2308 1562 2375 ﬁeret;
1595 2312 1820 2366 retinnit

242 2415 386 2454 anno
432 2400 537 2454 588
564 2402 854 2471 magistros
879 2401 1115 2455 militum
1145 2416 1176 2455 a
1220 2399 1530 2455 Theodosio
1582 2402 1820 2471 impera-

244 2501 360 2548 tore
400 2496 620 2556 missos,
650 2494 718 2548 ad
749 2495 1014 2548 ultionem
1061 2507 1380 2548 eversarum
1410 2501 1715 2547 statuarum
1750 2496 1817 2549 de

243 2583 602 2638 Antiochenis
631 2584 973 2639 sumendam.
1010 2585 1214 2638 Monita
1239 2582 1367 2639 vitae
1387 2586 1632 2639 sanctius
1656 2585 1816 2640 insti-

247 2675 462 2732 tuendae
487 2675 832 2730 Theodoreto
855 2678 1112 2745 ,septenni
1164 2678 1330 2732 dabat
1380 2692 1524 2731 anno
1551 2677 1678 2738 595,
1716 2677 1814 2730 de-

244 2765 466 2821 functus
487 2766 708 2821 circiter
729 2783 872 2821 anno
898 2767 1022 2831 595,
1043 2767 1111 2822 ad
1133 2769 1411 2832 eumdem,
1437 2785 1560 2823 eum
1573 2767 1816 2836 Aphraa—

246 2866 294 2912 te
315 2868 373 2912 et
393 2858 705 2913 Theodosio
731 2860 946 2928 pridem
967 2860 1034 2914 ad
1065 2876 1294 2930 superos
1339 2863 1516 2926 elatis,
1543 2861 1813 2916 tumulum

245 2949 498 3004 humeris:
517 2958 830 3019 magnatum
867 2951 1072 3005 illatus.

1922 1864 2185 1934 attigisse,
2235 1860 2533 1914 autetiam
2573 1859 2876 1929 explevisse
2941 1857 3262 1912 vicesimum
3332 1855 3494 1922 quin-

1922 1959 2036 2002 tum
2062 1949 2470 2003 exercitationis
2499 1964 2700 2002 annum
2743 1966 2754 1999 :
2783 1947 2948 2016 cmpit
3001 1946 3165 2015 igitur
3190 1959 3333 1996 anno
3366 1943 3490 1996 “9.

1989 2042 2144 2110 301
2177 2042 2262 2094 Fit
2291 2042 2346 2094 in
2402 2041 2595 2094 eodem
2642 2039 2820 2108 capite
2858 2037 3064 2091 mentio
3093 2036 3322 2089 aliorum
3355 2032 3490 2087 insi-

1919 2135 2105 2202 gnium
2134 2135 2296 2188 trium
2323 2141 2652 2194 ascetarum,
2691 2129 2881 2192 llIosis,
2912 2127 3190 2188 Antiochi,
3241 2133 3296 2178 et
3321 2125 3490 2178 Anto-

1917 2228 2054 2290 nini,
2088 2229 2455 2296 continuoque
2485 2227 2637 2279 addit
2664 2225 3046 2278 Theodoretus
3073 2239 3086 2273 :
3119 2240 3136 2271 ‹
3173 2221 3322 2274 Alios
3349 2233 3486 2288 prae-

1920 2325 2066 2372 terea
2097 2319 2411 2386 complures
2442 2317 2496 2369 in
2525 2316 2728 2369 ﬁnibus
2747 2313 2970 2377 nostris,
2997 2311 3387 2378 montibusque
3433 2315 3491 2362 et

1917 2412 2126 2480 campis
2175 2411 2410 2464 athletas
2464 2408 2632 2462 habet
2685 2405 2906 2460 virtutis
2963 2404 3291 2474 agonotheta
3321 2401 3490 2464 Deus,

1919 2516 2058 2568 quos
2105 2501 2188 2554 vel
2221 2513 2546 2554 enumerare
2585 2495 2803 2550 diIIicile
2843 2495 2934 2559 sit,
2981 2493 3184 2547 nedum
3245 2490 3493 2559 singulo-

1916 2608 2034 2645 rum
2067 2593 2236 2646 vitam
2287 2591 2658 2645 conscribere.
2690 2607 2705 2638 ι
2740 2587 2872 2642 Inde
2917 2586 3272 2640 vehementer
3320 2582 3491 2634 miror

1915 2685 2191 2739 hominem
2226 2692 2304 2738 tot
2339 2683 2474 2736 viris
2505 2680 2789 2750 stupendae
2822 2678 3128 2733 sanctitatis
3176 2674 3348 2729 veluti
3376 2673 3488 2726 cir-

1913 2778 2229 2834 cumdatum
2264 2785 2319 2830 et
2351 2777 2610 2844 stipatum
2654 2773 2910 2826 aberrare
2960 2771 3203 2840 potuisse
3253 2784 3284 2820 a
3329 2775 3482 2820 recta

1916 2869 2037 2925 ﬁdei
2067 2869 2171 2921 via.
2205 2867 2249 2922 Ο
2279 2866 2674 2935 investigabilia
2708 2865 2804 2917 Dei
2828 2863 3061 2934 judicia!

2012 2957 2196 3010 XVIII.
2247 2953 2437 3022 Capite
2491 2953 2758 3006 vicesimo
2819 2959 3056 3018 quarto,
3127 2947 3223 3000 ubi
3285 2945 3489 2998 texitur

309 3041 423 3095 XII.
453 3041 512 3095 In
540 3043 718 3110 capite
749 3042 964 3096 decimo
991 3050 1187 3111 quarto
1213 3044 1350 3097 nihil
1403 3042 1808 3097 observandum
1838 3068 1880 3126 (ς
1913 3049 2149 3117 elogium
2194 3044 2563 3115 Polychronii,
2615 3043 2752 3096 nihil
2785 3039 3189 3096 observandum
3239 3038 3488 3100 videtur,

244 3134 503 3197 occurrit,
527 3132 984 3201 quemadmodum
1007 3149 1109 3189 nec
1127 3135 1178 3188 in
1201 3135 1557 3203 sequentibus
1571 3134 1807 3200 duobus,

244 3223 345 3278 nisi
369 3223 517 3292 quod
547 3224 843 3294 Cyrensem
877 3225 1158 3294 regionem
1188 3226 1514 3280 illustrarint
1534 3266 1548 3290 ,
1574 3225 1668 3296 qui
1699 3233 1812 3280 tres

242 3314 571 3380 laudantur;
630 3316 933 3377 Maisimas,
963 3316 1278 3386 Acepsimas
1307 3325 1363 3372 et
1417 3319 1564 3373 Maro
1595 3337 1606 3371 :
1639 3318 1812 3388 quod-

242 3421 346 3477 que
376 3408 698 3476 Acepsimas
726 3408 793 3462 ab
840 3408 1051 3462 Isidoro
1089 3409 1418 3464 Theodoreti
1480 3423 1810 3478 praecessore

243 3499 525 3554 ordinatus
556 3499 627 3552 sit
654 3499 710 3552 in
743 3500 1146 3570 presbyterum,
1181 3516 1304 3554 cum
1334 3500 1510 3569 probe,
1527 3501 1744 3554 abesset
1779 3516 1810 3554 a

243 3599 454 3657 morte;
480 3599 536 3645 et
567 3590 715 3660 quod
753 3591 991 3661 denique
1012 3591 1163 3645 Maro
1197 3591 1364 3646 fuerit
1395 3601 1587 3646 auctor
1608 3599 1811 3646 exactae

243 3681 385 3736 illius
411 3682 681 3743 asceticaa,
726 3696 890 3749 quam
949 3681 1005 3734 in
1037 3680 1312 3752 Cyrestica
1341 3682 1562 3751 regione
1614 3696 1810 3736 consc-

242 3782 471 3842 quentes
503 3773 597 3825 alii
625 3772 825 3826 imitati
856 3780 1007 3828 sunt.

309 3863 448 3917 XIII.
481 3863 673 3933 Capite
700 3863 916 3919 decimo
951 3865 1186 3934 septimo
1226 3866 1540 3920 continetur
1571 3867 1808 3937 elogium

240 3956 543 4018 Abraamis,
599 3955 694 4024 qui
727 3971 794 4009 ex
825 3957 1094 4010 monacho
1139 3958 1316 4011 Iactus
1368 3957 1662 4012 Carrarum
1694 3959 1812 4027 epi-

241 4061 466 4125 scopus,
511 4046 778 4100 asceticos
825 4047 1042 4101 labores
1082 4062 1192 4101 non
1238 4048 1532 4112 imminuit,
1577 4049 1672 4103 sed
1711 4047 1808 4102 ad-

239 4140 388 4194 auxit
426 4158 439 4192 :
483 4155 647 4208 quam
678 4140 802 4194 vitm
845 4139 1112 4195 rationem
1151 4141 1379 4195 laudans
1433 4141 1810 4196 Theodoretus

240 4230 478 4284 ostendit
499 4229 633 4283 satis
663 4243 724 4282 se
751 4245 860 4282 non
891 4229 1198 4284 absimilem
1227 4231 1483 4284 Abraami
1510 4232 1805 4286 exstitisse.

241 4319 538 4374 Defunctus
581 4330 664 4374 est
721 4319 1224 4390 Constantinopoli,
1285 4337 1569 4390 quocum
1627 4321 1808 4376 'I‘heo-

1914 3148 2272 3210 prreterquam
2323 3135 2469 3205 quod
2535 3134 2603 3188 de
2660 3133 2948 3188 sacerdote
3005 3132 3102 3200 τῆς
3169 3129 3486 3198 Ἀντιοχέ‹ι›ν

1913 3228 2094 3300 χώρας
2144 3226 2335 3298 κώμας
2370 3226 2568 3288 πολλὰς
2611 3224 2922 3294 ποιμαίνειν
2969 3221 3306 3289 τεταγμένῳ.
3332 3217 3488 3273 Unde

1914 3322 2217 3375 illustratur
2240 3319 2395 3372 locus
2413 3317 2750 3385 alter,'cuju's
2775 3314 3085 3368 obscuritas
3107 3311 3338 3364 Baronio
3359 3307 3490 3362 fecit

1912 3413 2258 3466 occasionem
2295 3409 2642 3464 incredibilia
2701 3407 2767 3461 de
2830 3405 3083 3461 Simeone
3119 3404 3314 3474 Stylita
3352 3402 3488 3457 scri-

1919 3503 2088 3558 bendi
2110 3503 2176 3556 ³⁸.

1981 3593 2122 3647 XIX.
2155 3592 2345 3661 Capite
2370 3590 2635 3646 vicesimo
2655 3591 2868 3660 quinto,
2896 3587 3042 3658 quod
3068 3593 3153 3641 est
3174 3586 3486 3640 cncomium

1909 3685 2166 3753 Asclepii,
2217 3683 2270 3736 id
2317 3699 2488 3738 unum
2518 3681 2943 3743 observandum,
2999 3678 3116 3732 ﬁeri
3154 3678 3486 3731 mentionem

1909 3776 2097 3831 Jacobi
2114 3783 2310 3830 asceta:
2339 3773 2702 3835 admirabilis,
2730 3773 2825 3841 qui
2851 3771 3182 3825 domuncula
3240 3769 3488 3822 inclusus

1911 3869 2090 3923 adhuc
2117 3869 2325 3922 viveret
2355 3867 2727 3936 nonagenario
2757 3865 2950 3933 major,
2993 3863 3236 3931 alterque
3285 3861 3424 3914 foret
3454 3874 3486 3913 a

1909 3963 2112 4019 Jacobo
2158 3963 2585 4030 Thaumaturgo,
2649 3959 2716 4013 de
2751 3972 2860 4026 quo
2906 3972 3026 4024 cap.
3074 3955 3164 4008 21.
3217 3953 3487 4006 Thauma-

1913 4063 2106 4124 turgus
2135 4053 2282 4107 enim
2309 4052 2428 4106 sine
2456 4050 2699 4120 tugurio,
2731 4048 2824 4100 hic
2878 4047 2935 4099 in
2963 4044 3295 4098 domuncula
3325 4042 3484 4096 habi-

1913 4146 2086 4198 tabat.

1975 4233 2090 4287 XX.
2123 4233 2314 4300 Capite
2379 4229 2645 4284 vicesimo
2700 4235 2858 4282 sexto
2901 4233 3163 4280 narratur
3214 4224 3482 4293 stupenda

1911 4323 2178 4378 Simeouis
2202 4323 2408 4392 Stylitze
2431 4321 2565 4374 vita.
2601 4322 2806 4375 Praeter
2823 4328 2980 4373 notas
3007 4328 3335 4386 temporum,
3359 4316 3482 4386 qui-

243 4409 446 4475 dosius,
475 4420 571 4464 aut
597 4411 884 4465 Puleberia
922 4411 1105 4480 potius
1125 4428 1248 4466 cum
1283 4413 1566 4467 sororibus
1609 4413 1810 4484 reginis
1841 4396 1883 4450 Π
1914 4416 2016 4470 bus
2040 4415 2121 4467 usi
2152 4429 2363 4476 smnus,
2390 4411 2733 4466 observanda
2773 4420 3008 4479 quatuor
3047 4427 3060 4462 :

241 4510 518 4557 evocarat.

305 4589 444 4646 XIV.
481 4591 886 4648 Postcrioribus
915 4592 1095 4646 tribus
1127 4593 1400 4661 capitibus
1429 4593 1494 4658 ",
1519 4593 1719 4663 quibus
1742 4593 1811 4648 de

241 4681 500 4745 Eusebio,
537 4681 819 4736 Salamane
859 4692 916 4737 et
977 4683 1124 4745 Mare
1185 4685 1428 4739 narratio
1480 4685 1807 4748 instituitur,

238 4787 342 4828 nec
385 4771 590 4842 aliquid
639 4773 845 4842 pariter
913 4773 1318 4828 observandum
1370 4782 1570 4843 praeter
1623 4775 1812 4829 insoli-

241 4875 347 4919 tam
373 4863 524 4917 illam
547 4864 781 4933 liturgize
804 4865 1096 4930 rationem,
1142 4881 1251 4935 qua
1291 4866 1694 4932 Theodoretus,
1749 4876 1806 4922 ut

240 4955 401 5010 Maris
432 4955 620 5024 pietati
642 4954 894 5017 serviret,
913 4955 1168 5010 manibus
1190 4955 1546 5012 diaconorum
1573 4972 1706 5012 usus
1725 4964 1809 5012 est

239 5061 333 5114 pro
360 5045 544 5100 altari.

304 5137 416 5192 XV.
443 5136 634 5205 Capite
663 5136 926 5191 vicesimo
953 5137 1130 5206 primo
1187 5137 1377 5206 incipit
1429 5138 1807 5194 Theodoretus

243 5236 420 5283 texere
472 5229 762 5283 historiam
802 5237 1144 5293 sanctorum,
1181 5229 1273 5298 qui
1319 5230 1503 5285 adhuc
1553 5231 1609 5284 in
1667 5231 1807 5285 vivis

239 5329 411 5384 erant,
435 5335 562 5374 cum
595 5319 891 5384 scriberet;
919 5327 976 5374 et
1005 5335 1034 5372 a
1092 5319 1293 5373 Iacobo
1323 5321 1544 5388 quidem
1590 5321 1803 5379 initium

240 5407 405 5475 ducit,
445 5408 515 5463 de
545 5423 655 5476 quo
711 5408 950 5463 diximus
983 5408 1171 5472 multa,
1203 5409 1398 5477 partim
1427 5410 1481 5464 in
1508 5409 1650 5473 Vita,
1681 5429 1804 5481 par-

1983 4507 2033 4559 1.
2061 4503 2218 4571 Quod
2253 4503 2321 4558 de
2351 4503 2517 4558 Basso
2537 4515 2796 4558 narratur
2822 4520 2836 4556 :
2865 4502 2991 4556 inde
3034 4501 3180 4555 enim
3230 4499 3485 4570 intelligi-

1909 4601 2090 4662 tur“,
2141 4597 2290 4667 quod
2321 4597 2389 4651 de
2422 4597 2638 4652 Melctio
2662 4599 2880 4652 dicetur
2909 4605 3098 4666 postea
3128 4614 3140 4648 :
3174 4594 3356 4648 Πείθει
3394 4594 3484 4646 τὸν

1912 4692 2216 4761 θαυμάσιον
2243 4691 2468 4753 Βάσσον,
2496 4690 2554 4753 ὂς
2578 4689 2877 4758 τηνικαῦτα
2908 4688 3105 4750 πολλὰς
3152 4682 3483 4755 περιώδευσε

1910 4783 2124 4852 κώμας,
2158 4785 2272 4844 τοῖς
2307 4783 2449 4834 κατὰ
2477 4781 2669 4851 κώμην
2709 4781 2946 4850 ἱερεῦσιν
2976 4778 3304 4831 ἐπιστατῶν.

1976 4875 2032 4929 2.
2059 4875 2284 4929 Bassum
2310 4875 2576 4937 Simeon—i,
2614 4881 2840 4942 propter
2866 4871 3222 4942 quadraginta
3268 4869 3484 4923 dierum

1915 4963 2235 5018 continuum
2263 4961 2532 5032 jejunium
2560 4960 2890 5025 semianimi,
2918 4960 3229 5013 divinorum
3278 4965 3482 5027 myste-

1915 5056 2123 5109 riorum
2146 5055 2413 5125 symbola,
2439 5053 2522 5107 ori
2548 5053 2769 5121 quidem
2798 5051 3098 5106 madefacta
3139 5050 3294 5119 prius
3314 5062 3483 5118 spon-

1911 5143 1997 5214 gia
2024 5143 2359 5207 humectato,
2389 5141 2484 5196 sed
2521 5142 2838 5210 priusquam
2866 5140 2992 5194 cibo
3013 5138 3351 5202 reﬁceretur,
3393 5138 3484 5192 in—

1909 5237 2112 5290 didisse
2147 5253 2160 5288 :
2198 5235 2345 5289 unde
2383 5234 2659 5303 colligitur
2702 5249 2766 5287 ea
2801 5231 2966 5285 etiam
3027 5237 3346 5298 tempestate
3374 5229 3483 5282 Eu-

1917 5322 2236 5376 cha-ristiam
2272 5330 2327 5376 et
2349 5321 2696 5375 moribundis
2715 5329 2768 5374 et
2794 5320 2996 5391 jejunis
3024 5320 3328 5388 przebitam.

1982 5417 2034 5471 '5.
2087 5414 2408 5470 Columnam
2462 5424 2814 5482 postremam,
2872 5427 2996 5465 cum
3052 5427 3083 5465 a
3123 5411 3240 5466 solo
3263 5409 3480 5478 triginta

1564 5525 1877 5583 SCIIULZII
1919 5527 2148 5583 ΝΟΤΛΕ.

303 5638 346 5667 ³³
378 5637 545 5699 Ibid.,
579 5653 629 5691 ο.
673 5637 752 5690 15.

238 5706 277 5738 ³⁵
314 5707 433 5763 Viti.
467 5724 652 5777 supra,
681 5723 730 5776 p.
754 5707 923 5778 9.92,§
959 5709 1036 5762 14.
1118 5710 1158 5742 ⁸⁷
1191 5711 1310 5766 Vid.
1341 5711 1472 5765 ibid.
1504 5711 1530 5782 §
1564 5706 1643 5767 I3.

867 5637 918 5732 δί
942 5638 1158 5732 1:25:qu
1183 5640 1577 5732 §gijlic1etuliliril
1592 5644 1795 5732 Jil‘illli.
1833 5645 1956 5702 V’id.
1987 5661 2172 5716 supra,
2214 5662 2266 5715 ρ.
2309 5645 2432 5712 995›
2459 5643 2484 5715 §
2515 5644 2596 5698 i8-

2702 5645 2744 5676 ³⁵
2778 5643 2896 5698 Vid.
2940 5655 3123 5710 supra,
3152 5655 3202 5710 ί).
3229 5638 3352 5707 290,
3377 5636 3472 5710 ἓϐ.
