3952 6294
437 272 538 337 251

1564 261 1944 325 GARNERII
1980 257 2479 322 DISSERTATIO
2516 258 2601 320 II.

3597 252 3707 315 25.2

440 397 540 438 sex
559 381 779 439 cubitos
792 382 1161 443 attolleretur,
1182 380 1288 434 hoc
1309 386 1413 444 est,
1434 377 1831 449 quinquaginta
1854 390 2019 446 quam
2050 383 2093 437 Α
2126 372 2355 429 solitum
2377 373 2575 439 sciret;
2607 367 2754 425 unde
2785 367 3121 426 Theodoreti
3155 365 3486 423 abstinentia
3552 365 3708 421 miri-

441 474 732 530 minimum
765 475 1024 546 pedibus,
1078 489 1191 529 non
1214 472 1387 527 fuisse
1406 472 1476 526 ab
1512 472 1704 526 infimo
1754 471 1824 526 ad
1866 483 2020 525 sum-

443 581 595 620 mum
616 557 963 643 uniusmod'i;
992 564 1089 621 sed
1119 580 1248 635 suos
1266 563 1528 619 habuisse
1550 563 1706 633 quasi
1720 561 1943 633 gradus,
1966 566 2025 615 et

443 655 674 726 proinde
702 657 947 710 minores
980 655 1155 711 moles
1183 655 1488 725 majoribus
1526 651 1829 722 impositas,
1859 649 1935 703 ita
1964 656 2026 704 ut

444 744 512 798 ad
543 743 854 799 Simeonem
887 754 1092 813 posset,
1146 744 1367 798 admota
1394 741 1668 812 superiori
1697 739 1828 793 moli
1856 738 2023 803 scala,

444 834 622 889 facilis
651 850 772 891 esse
794 850 1057 892 ascensus
1084 837 1198 891 :sic
1223 837 1373 892 enim
1397 833 1829 902 alloqueutibus,
1864 845 1930 885 ac
1956 829 2026 885 de

445 926 712 995 religione
754 925 1174 980 consulentibus
1231 923 1564 994 respondere
1613 927 1848 991 poterat,
1900 933 2026 974 cum

446 1027 590 1074 esset
612 1017 745 1073 exili
772 1032 930 1084 voce,
981 1026 1044 1073 ut
1088 1019 1184 1088 qui
1237 1016 1556 1073 comederct
1603 1022 1836 1080 tantum,
1864 1012 2029 1067 initio

448 1108 693 1177 quidem,
741 1110 1164 1182 quadragesimo
1213 1125 1433 1181 quoque
1463 1107 1553 1163 die
1588 1123 1602 1161 :
1652 1114 1842 1176 postea
1873 1118 2026 1168 vero,

448 1207 662 1252 octavo.

521 1287 575 1341 4.
611 1287 754 1342 Fieri
790 1290 1015 1359 quidem
1038 1290 1373 1347 mentionem
1398 1304 1432 1344 a
1451 1289 1796 1347 Theodoreto
1824 1286 2034 1342 littera-

452 1392 575 1430 rum
598 1394 629 1432 a
654 1377 911 1435 Simeone
932 1381 998 1435 ad
1026 1382 1417 1452 imperatorem
1441 1379 1814 1435 Theodosium
1830 1376 2029 1433 Junio-

452 1482 569 1523 rem
604 1468 672 1524 de
701 1472 964 1543 religione
983 1473 1315 1544 scriptarum
1342 1490 1356 1539 ;
1389 1487 1499 1528 non
1524 1480 1707 1527 tamen
1736 1470 2033 1527 missarum

451 1558 522 1613 ab
558 1558 891 1630 imperatore
919 1566 987 1617 ad
1016 1563 1327 1618 Simeonem
1359 1562 1427 1621 de
1456 1577 1590 1632 pace
1639 1558 2031 1623 Ecclesiarum,

453 1656 578 1718 post
605 1650 901 1706 concilium
931 1652 1270 1722 Ephesiifum
1313 1669 1326 1705 :
1364 1667 1429 1705 ea
1473 1650 1621 1704 enim
1648 1665 1752 1720 pax
1781 1646 2037 1703 Theodo-

2122 465 2225 520 fice
2258 473 2504 534 apparet.

2197 555 2312 611 Sub
2344 554 2511 610 finem
2562 555 2734 610 totius
2781 553 2970 626 operis
3017 550 3402 607 Theodoretus
3448 564 3513 603 ea
3547 546 3705 612 dicit,

2123 650 2329 721 quibus
2352 649 2552 720 prodat
2586 649 2813 704 insitum
2836 648 3024 704 animo
3052 661 3154 703 suo
3205 641 3429 716 pietatis
3460 656 3705 707 sensum,

2126 755 2452 810 oppressum
2482 740 2709 810 quidem
2742 748 2800 795 et
2839 755 2981 810 pene
3016 737 3373 808 prafocatum
3403 732 3710 804 impatienti

2126 831 2368 902 quadam
2409 832 2663 888 cacitate
2689 832 2754 897 ³⁸,
2786 847 2896 901 qua
2918 830 3080 885 fidem
3128 829 3223 883 ubi
3268 837 3387 883 erat
3414 827 3482 890 ⁸⁸,
3511 832 3568 880 et
3600 823 3708 877 ba-

2129 924 2281 979 resin
2310 924 2405 978 ubi
2435 938 2547 978 non
2574 929 2714 988 erat,
2764 922 2954 977 videre
2988 921 3092 976 sibi
3126 919 3438 983 videbatur,
3485 914 3583 971 sed
3617 928 3713 967 ex-

2129 1030 2314 1070 serere
2353 1030 2411 1070 se
2432 1022 2746 1079 conantem,
2797 1014 2842 1068 si
2869 1011 3092 1083 quando
3124 1028 3254 1067 vera
3284 1010 3379 1064 lux
3411 1007 3714 1078 praestigias

2131 1108 2357 1178 superbi
2424 1105 2712 1174 cujusdam
2741 1105 2938 1162 fascini
2965 1104 3288 1176 depelleret.
3350 1121 3370 1154 ι
3415 1101 3561 1165 Illos,
3624 1099 3713 1153 in-

2131 1199 2272 1269 quit,
2297 1214 2533 1269 quorum
2570 1198 2742 1253 vitam
2780 1198 3064 1262 contexui,
3101 1211 3172 1250 ne
3209 1210 3294 1249 me
3318 1192 3569 1264 procula
3598 1189 3715 1259 spi-

2133 1286 2320 1341 rituali
2355 1302 2550 1342 eorum
2582 1287 2755 1342 choro
2787 1286 3029 1356 positum
3061 1285 3408 1356 despiciant;
3441 1281 3535 1337 sed
3571 1281 3715 1335 infra

2129 1379 2405 1452 jacentem
2436 1381 2680 1444 trahant,
2728 1378 2869 1435 etad
2903 1379 3122 1433 culmen
3160 1378 3385 1434 virtutis
3412 1373 3720 1446 perducant

2135 1486 2346 1541 suoque
2369 1470 2537 1526 coetui
2565 1470 2883 1541 adjungant,
2911 1477 2973 1523 ut
2998 1486 3108 1523 non
3139 1469 3348 1523 alienas
3370 1466 3563 1521 laudes
3599 1473 3708 1518 tan.

2138 1570 2253 1617 tum
2278 1563 2536 1629 laudent;
2561 1560 2658 1617 sed
2694 1575 2797 1631 ego
2820 1560 2986 1615 etiam
3016 1560 3197 1615 laudis
3247 1560 3491 1629 aliquam
3547 1562 3724 1609 mate-

2136 1654 2275 1709 riem
2304 1669 2630 1723 consequar,
2655 1665 2823 1722 opere
2845 1691 2860 1716 ,
2893 1650 3098 1716 verbis,
3122 1661 3178 1706 et
3200 1657 3384 1705 mente
3407 1644 3722 1717 gloriﬁcans

454 1748 573 1796 reto
617 1744 708 1797 vix
749 1760 991 1815 unquam
1042 1745 1270 1814 probata
1310 1750 1417 1799 est.
1476 1744 1633 1798 Tunc
1671 1741 1833 1812 302
1884 1747 2033 1795 certe
2064 1753 2107 1810 Β
2135 1745 2523 1802 universorum
2566 1743 2918 1799 Servatorem
2967 1741 3249 1800 Christum
3294 1740 3586 1797 Dominum
3619 1750 3727 1791 no-

455 1833 719 1901 temporis
772 1850 881 1888 non
927 1835 1199 1905 placebat,
1256 1850 1383 1890 cum
1437 1833 1728 1888 historiam
1771 1839 2028 1895 texeret:

451 1938 767 1994 quanquam
794 1927 1044 1997 cpistola,
1078 1943 1200 1997 qua
1227 1927 1470 1982 Simeoni
1527 1925 1851 1982 inscribitur
1893 1924 1949 1978 in
1976 1939 2032 1977 ιιι

450 2023 607 2083 parte
637 2019 859 2072 concilii
895 2018 1182 2088 Ephesini,
1215 2018 1440 2074 videtur
1456 2017 1527 2072 ad
1557 2017 1817 2073 Acacium
1863 2016 2036 2087 perti-

452 2120 617 2173 nere;
644 2122 766 2176 qua
812 2124 949 2164 vero
973 2112 1244 2180 sequitur,
1275 2110 1469 2165 mutila
1496 2117 1602 2176 est,
1636 2117 1692 2165 et
1724 2110 1792 2165 ad
1818 2109 2033 2165 Simeo-

451 2214 578 2253 nem
608 2215 722 2255 non
741 2202 1101 2273 singulariter
1127 2203 1274 2258 data.

522 2287 605 2342 Ad
649 2289 766 2344 hac
827 2289 989 2357 addo,
1044 2291 1283 2347 Leonem
1333 2290 1746 2362 imperatorem,
1793 2306 1920 2346 cum
1966 2291 2035 2348 de

453 2379 689 2436 concilio
711 2379 1146 2438 Chalcedonensi
1170 2383 1236 2438 ad
1268 2384 1563 2454 episcopos
1612 2385 1827 2439 litteras
1852 2384 2031 2448 daret,

453 2470 743 2540 scripsisse
769 2487 989 2543 quoque
1011 2473 1081 2527 ad
1102 2475 1347 2530 illustres
1373 2476 1694 2540 monachos,
1741 2485 1796 2530 et
1846 2476 1900 2530 in
1927 2476 2039 2547 pri-

455 2564 562 2618 mis
586 2563 653 2618 ad
679 2565 1057 2621 sanctissimos
1085 2574 1215 2632 tres,
1248 2568 1588 2633 Simeonem,
1632 2568 1922 2634 Iacobum,
1982 2577 2038 2624 et

455 2655 819 2724 Baradatum,
859 2658 927 2712 de
976 2674 1088 2729 quo
1138 2668 1224 2715 est
1269 2648 1436 2732 caput
1507 2663 1598 2728 27,
1651 2661 1799 2733 quod
1854 2661 2040 2732 sequi-

457 2755 565 2802 tur.

526 2839 668 2896 XXI.
695 2842 872 2913 Caput
902 2844 1226 2900 vicesimum
1277 2845 1576 2916 septimum
1603 2845 1855 2901 continet
1921 2845 2040 2900 lau-

455 2931 554 2987 des
586 2933 865 3002 Baradati,
908 2937 1003 3007 qui
1036 2936 1143 2993 fuit
1166 2953 1309 2992 unus
1339 2938 1407 2992 de
1451 2937 1632 2993 tribus
1683 2937 2041 2993 sanctissimis

455 3025 674 3089 ascetis,
731 3025 800 3081 ad
855 3042 995 3097 quos
1054 3028 1385 3089 nominatim
1444 3038 1715 3084 memorat
1772 3029 2040 3100 Evagrius

456 3117 741 3187 scripsisse
786 3117 1028 3175 Leonem
1077 3121 1494 3191 imperatorem,
1540 3121 1610 3176 de
1656 3136 1820 3177 causa
1855 3100 2107 3175 Timo-c

461 3207 575 3262 thei
607 3208 962 3265 Alexandrini
987 3218 1043 3266 et
1067 3213 1289 3267 concilii
1319 3212 1804 3268 Chalcedonensis.

528 3298 720 3356 Exstat
771 3300 829 3356 in
874 3301 1019 3357 libro
1050 3303 1331 3375 encyclico
1384 3304 1640 3360 Baradali
1688 3302 2043 3359 rescribentis

459 3391 714 3461 cpistola,
745 3408 973 3464 magna,
1019 3394 1116 3450 sed
1151 3403 1355 3451 sancta
1408 3395 1778 3465 simplicitatis
1834 3394 2040 3465 plena:

459 3481 698 3539 aliorum
727 3482 962 3538 duorum
993 3484 1193 3549 littera
1217 3486 1520 3556 perierunt.
1559 3485 2043 3556 Quanquam‘apud

461 3570 755 3643 Evagrium
794 3580 879 3628 est
901 3573 1175 3630 Simeonis
1203 3574 1437 3645 cpistola
1469 3575 1537 3630 ad
1562 3575 1824 3630 Basilium
1853 3574 2047 3631 Antio-

462 3663 722 3730 chenum,
776 3664 993 3718 Maximi
1045 3666 1117 3720 ob
1165 3665 1587 3721 fornicationem
1634 3665 1873 3736 depositi
1918 3681 2045 3721 suc-

462 3768 760 3821 cessorem,
791 3755 848 3809 in
879 3771 988 3825 qua
1018 3756 1078 3811 fit
1116 3758 1326 3814 mentio
1364 3757 1547 3813 missa
1569 3756 1800 3812 alterius
1838 3757 1907 3812 ad
1940 3757 2046 3811 im-

462 3850 775 3909 peratorem
786 3885 798 3898 .

536 3933 702 3990 XXII.
728 3937 805 3993 De
851 3937 1148 4005 Thalelao,
1188 3941 1347 4011 cujus
1375 3937 1692 3994 encomium
1742 3937 1925 4007 capite
1974 3937 2046 3992 28

463 4027 720 4095 habetur,
768 4031 908 4085 nihil
936 4033 1343 4088 observandum
1387 4031 1628 4096 videtur,
1680 4029 1788 4085 nisi
1822 4030 1944 4084 leve
1975 4030 2044 4084 il-

463 4119 579 4186 lud,
631 4122 918 4179 inclusisse
942 4140 1000 4181 se
1034 4142 1231 4195 nempe
1281 4123 1591 4180 admirabili
1644 4122 1738 4176 illa
1789 4124 2046 4179 machina

463 4212 802 4270 clathrdrum
835 4216 890 4271 in
914 4232 1124 4272 morem
1157 4217 1320 4281 facta,
1356 4231 1502 4269 anno
1518 4214 1644 4268 451.
1697 4214 1758 4269 In
1810 4231 1874 4270 ea
1894 4216 2045 4271 enim

462 4314 720 4377 exegerat
771 4309 791 4330 "
823 4310 936 4381 jam
989 4310 1183 4365 decem
1237 4322 1432 4373 annos,
1483 4322 1608 4363 eum
1659 4306 2046 4364 Theodoretus

464 4399 756 4455 scriberet.
1279 4458 1287 4467 ,

533 4488 722 4546 XXIII.
749 4492 981 4563 Reliqua
1011 4493 1122 4548 duo
1162 4491 1344 4562 capita
1370 4490 1702 4546 feminarum
1726 4492 1916 4558 trium,
1934 4492 2047 4547 Ma-

464 4594 629 4646 rana,
651 4581 825 4655 Cyrae,
850 4591 906 4639 et
932 4583 1213 4639 Domnina
1239 4582 1565 4653 stupendam
1594 4582 2043 4639 exercitationem

463 4668 806 4727 describunt.
842 4672 1177 4727 Habitabant
1199 4671 1363 4727 simul
1389 4671 1603 4741 priores
1641 4671 1786 4736 dua,
1814 4680 2047 4727 etexer-

465 4761 579 4817 ceri
634 4771 916 4834 coeperant
957 4763 1068 4833 jam
1104 4761 1235 4816 inde
1283 4761 1354 4816 ab
1393 4776 1539 4816 anno
1568 4760 1692 4817 402.
1739 4760 1870 4817 Erat
1896 4762 2046 4817 enim

464 4853 915 4925 quadragesimus
946 4852 1225 4908 secundus
1247 4852 1662 4909 exercitationis
1692 4868 1891 4920 annus,
1917 4870 2044 4910 cum

465 4946 738 5001 scriberet
756 4945 1159 5001 Theodoretus.

538 5038 806 5093 Domniua
823 5052 947 5092 cum
968 5035 1409 5093 soleretadvenis
1427 5037 1738 5093 necessaria
1752 5037 1820 5092 ad
1839 5037 2046 5093 victum

467 5131 739 5194 sufficere,
774 5129 1122 5184 Theodoreto
1147 5129 1216 5185 ad
1239 5145 1362 5186 eam
1396 5138 1608 5200 partem
1637 5130 1901 5195 venienti,
1927 5146 2049 5200 qua

467 5221 762 5295 Cyrestiea
794 5221 1006 5291 regioni
1036 5220 1105 5275 ad
1148 5230 1399 5276 austrum
1431 5221 1534 5275 sita
1564 5229 1671 5285 est,
1708 5240 1725 5271 ι
1761 5230 1818 5275 et
1853 5236 2044 5290 panes,

468 5324 525 5370 et
557 5315 872 5379 fructus,et
898 5314 1101 5369 lentem
1139 5314 1500 5369 madefactam
1545 5313 1819 5368 mittebat.
1863 5332 1881 5365 ›
1926 5313 2043 5367 Non

471 5406 577 5461 alia
611 5406 801 5468 procul
836 5405 1008 5461 dubio
1054 5406 1123 5462 de
1176 5422 1362 5472 causa,
1399 5420 1567 5476 quam
1604 5405 1734 5474 quia
1779 5404 1868 5458 bis
1902 5404 2047 5462 vesci

2136 1845 2333 1893 strum.
2368 1857 2387 1890 ι

2453 1979 2612 2051 303
2636 1980 2663 2053 §
2690 1980 2778 2036 IV.
2806 1979 2988 2036 Oratio
3011 1978 3075 2032 de
3103 1978 3381 2032 charitate.

2207 2115 2251 2169 Ι.
2313 2114 2476 2170 Ducit
2546 2116 2839 2171 exordium
2888 2122 3084 2170 auctor
3141 2113 3210 2167 ab
3245 2112 3398 2165 hisce
3463 2105 3650 2161 verbis
3705 2120 3723 2157 ;

2145 2223 2164 2257 ι
2193 2205 2395 2271 Quanti
2424 2205 2536 2260 sint
2562 2205 2786 2261 virtutis
2805 2206 3046 2272 athleta,
3075 2213 3132 2260 et
3145 2219 3315 2275 quam
3342 2198 3552 2263 multis,
3580 2212 3722 2267 qua-

2136 2297 2394 2369 libusque
2430 2298 2658 2354 coronis
2689 2298 2955 2370 fulgeant,
2992 2297 3286 2369 perspicue
3316 2294 3387 2350 de
3420 2291 3528 2346 illis
3555 2304 3588 2343 a
3619 2302 3728 2342 no-

2136 2389 2226 2444 bis
2246 2390 2577 2461 conscripta
2612 2392 2966 2446 narrationes
2997 2389 3221 2445 docent.
3260 2406 3279 2438 ι
3310 2385 3379 2440 Ει
3407 2382 3571 2455 paulo
3591 2388 3729 2435 ante

2139 2481 2307 2538 finem
2337 2501 2349 2537 :
2388 2503 2407 2535 ι
2437 2483 2612 2555 Hujus
2628 2483 3062 2554 pulchritudinis
3086 2496 3279 2537 amore
3296 2477 3446 2548 capti
3467 2482 3729 2531 recentes

2138 2576 2361 2632 virtutis
2405 2577 2645 2643 athleta,
2682 2592 2921 2647 quorum
2963 2593 2995 2633 a
3047 2577 3210 2631 nobis
3237 2571 3568 2643 compendio
3596 2568 3729 2623 Vita

2140 2666 2421 2739 descripta
2445 2677 2550 2733 est,
2591 2669 2658 2724 ad
2675 2685 2870 2740 magna
2899 2669 2991 2723 illa
3020 2677 3272 2726 naturam
3299 2667 3599 2720 humanam
3622 2676 3727 2715 ex—

2140 2758 2405 2815 cedentia.
2437 2759 2694 2830 prodiere
2735 2757 3059 2814 certamina.
3090 2777 3108 2809 ι
3144 2757 3258 2813 Sub
3306 2755 3550 2810 medium
3581 2753 3732 2806 allu-

2141 2852 2279 2908 dens
2315 2851 2383 2906 ad
2413 2867 2612 2907 nomen
2636 2892 2650 2916 ,
2692 2867 2803 2920 quo
2849 2850 3175 2921 Religiosam
3222 2850 3503 2903 historiam
3531 2846 3736 2901 inscri-

2140 2951 2371 3014 pserat:
2413 2961 2432 2994 ‹
2482 2942 2585 3009 Qui
2619 2942 2787 3013 igitur
2824 2957 2955 2997 vere
3009 2951 3094 2996 est
3141 2940 3541 3011 philosophus,
3586 2939 3635 2992 is
3675 2945 3736 2993 et

2141 3032 2459 3103 philotbeus
2479 3032 2603 3103 jure
2628 3032 2938 3102 appelletur
2970 3031 3038 3085 ‘°.
3068 3051 3086 3084 ι

2208 3124 2274 3180 ll.
2306 3124 2438 3179 [nde
2480 3133 2699 3179 constat
2741 3124 3000 3179 eumdem
3039 3139 3164 3179 esse
3209 3132 3499 3178 auctorem
3545 3120 3736 3176 Philo—

2142 3218 2247 3272 thei
2272 3233 2338 3272 ac
2354 3216 2624 3273 Sermonis
2654 3218 2718 3271 de
2753 3218 3033 3279 charitate,
3059 3231 3261 3285 nempe
3287 3213 3733 3268 Theodoretum.

2139 3307 2371 3364 Constat
2398 3317 2456 3364 et
2484 3307 2790 3364 Sermonem
2829 3318 2953 3378 post
2981 3307 3314 3363 Philotimum
3351 3305 3732 3374 conscriptum

2141 3414 2284 3464 esse,
2317 3406 2483 3470 atque
2523 3399 2726 3468 itaipsi
2752 3413 2863 3453 non
2892 3399 2992 3453 abs
3018 3414 3077 3452 re
3101 3398 3158 3451 in
3181 3395 3514 3467 quibusdam
3537 3408 3732 3449 exem-

2142 3491 2390 3562 plaribus
2412 3490 2612 3560 subjici
2640 3490 2682 3522 δι
2722 3508 2735 3544 :
2769 3490 3041 3559 siquidem
3073 3504 3294 3545 causam
3329 3487 3731 3555 ostendat,qua

2142 3583 2366 3652 impulsi
2389 3580 2747 3637 admirabiles
2778 3581 2857 3635 illi
2887 3581 2992 3635 viri
3020 3580 3087 3634 ad
3108 3579 3410 3636 certamina
3431 3578 3731 3633 humanam

2142 3681 2400 3728 naturam
2416 3672 2739 3728 excedentia
2773 3671 3104 3742 prodierint.

2214 3765 2305 3820 Ill.
2335 3763 2464 3818 Fuit
2490 3772 2674 3819 tamen
2710 3764 2886 3819 altera
2927 3763 3093 3818 etiam
3132 3762 3410 3820 scribendi
3446 3777 3634 3827 causa,
3669 3769 3732 3816 ut

2143 3854 2509 3921 constantiam
2540 3853 2711 3908 animi
2742 3854 2851 3920 sui,
2896 3854 3028 3909 dum
3059 3854 3435 3910 calamitatum
3464 3852 3609 3908 mole
3633 3851 3736 3907 ob—

2142 3952 2420 4011 rueretur,
2434 3960 2547 4000 non
2560 3953 2868 4001 ascetarum
2885 3945 3070 4011 modo,
3092 3946 3189 4002 sed
3206 3955 3522 4002 sanctorum
3537 3944 3728 4008 etiam,

2142 4053 2381 4109 quorum
2438 4037 2730 4108 Scriptura
2805 4038 3070 4104 meminit,
3158 4022 3451 4107 ipsiusque
3515 4036 3728 4092 Christi

2142 4130 2410 4199 exemplis
2427 4135 2788 4185 sustentaret.
2808 4127 2947 4183 Hinc
2962 4127 3223 4183 laudibus
3240 4127 3457 4182 extollit
3480 4127 3728 4196 ipsorum

2144 4219 2674 4292 magnanimitatem,
2703 4220 2759 4274 in
2789 4218 3141 4286 carceribus,
3173 4218 3392 4285 exsilio,
3414 4217 3727 4281 calumniis,

2144 4313 2668 4383 direptionibusque
2715 4311 2991 4366 bonorum
3037 4310 3414 4381 perpetiendis
3450 4309 3727 4365 alacriter.

2149 4391 2376 4476 propter
2430 4404 2721 4461 charitatis
2766 4404 3060 4469 ardorem,
3132 4418 3243 4474 quo
3302 4402 3626 4458 ferebantur
3675 4401 3729 4455 in

2150 4496 2344 4551 Deum.
2383 4495 2524 4549 Hinc
2561 4503 2616 4551 et
2658 4495 2859 4564 seipse,
2905 4494 3155 4571 aliosque
3206 4500 3494 4548 consortes
3521 4492 3627 4547 sub
3664 4491 3728 4545 fio

2150 4603 2279 4642 nem
2324 4587 2601 4652 hortatur,
2635 4605 2653 4637 ‹
2688 4593 2751 4640 ιιι
2807 4586 2957 4639 hunc
3015 4584 3417 4655 amplectantur
3463 4596 3729 4643 amorem.

2151 4677 2451 4748 sponsique
2485 4674 2900 4747 pulchritudine
2946 4673 3153 4740 illecti,
3215 4682 3273 4728 et
3328 4670 3730 4742 promissorum

2153 4769 2425 4824 bonorum
2477 4767 2754 4823 desiderio
2784 4766 2952 4836 capti,
2997 4764 3504 4834 beneficiorumque
3548 4762 3732 4818 multi-

2154 4859 2401 4915 tudinem
2454 4865 2793 4922 reverentes,
2846 4864 2901 4911 et
2935 4856 3352 4927 ingratitudinis
3382 4870 3574 4926 panes
3615 4870 3730 4910 me-

2154 4960 2394 5014 tuentes,
2426 4956 2674 5005 amantes
2705 4948 2800 5003 Dei
2840 4948 3135 5019 legumque
3176 4948 3351 5018 ipsius
3387 4947 3647 5002 custodes
3675 4961 3732 5002 se

2150 5038 2452 5111 praebeant.
2480 5056 2499 5089 ι

2225 5130 2314 5185 1V.
2347 5130 2427 5185 Ex
2445 5128 2534 5184 bis
2568 5134 2818 5199 apparet,
2843 5126 2992 5199 quod
3022 5136 3079 5184 et
3106 5126 3330 5183 aliunde
3356 5135 3589 5191 constat,
3612 5141 3734 5181 ora-

2154 5223 2361 5279 tionem
2418 5222 2578 5277 istam
2625 5221 2986 5291 compositam
3033 5236 3155 5276 esse
3205 5229 3329 5291 post
3382 5218 3733 5286 latrocinium

2154 5312 2515 5383 Ephesinum,
2536 5312 2643 5365 hoc
2664 5320 2769 5376 est,
2797 5311 2901 5367 sub
2944 5310 3108 5366 ﬁnem
3130 5311 3260 5365 anni
3285 5310 3412 5374 M9,
3446 5316 3543 5363 aut
3574 5307 3732 5361 initio

2154 5403 2457 5474 sequentis.
2499 5403 2712 5458 Missam
2737 5402 2936 5473 opinor
2965 5402 3031 5457 ad
3062 5401 3288 5464 amicos,
3321 5415 3462 5469 quos
3502 5413 3614 5454 sua
3650 5411 3737 5451 so-

1804 5522 2125 5578 SCllULle
2168 5522 2398 5576 NOTAE.

546 5636 700 5709 ffAd
746 5637 802 5692 h.
846 5639 882 5691 1.
915 5636 1023 5694 vid.
1061 5639 1281 5709 Dupinii
1315 5638 1563 5692 Biblioth.
1600 5646 1740 5690 auct.
1773 5637 2051 5709 ordes.,_t.
2082 5637 2168 5707 IV,
2200 5655 2252 5709 p.
2290 5637 2407 5693 l00.
2472 5639 2514 5671 ³ε³
2545 5637 2920 5709 Supplcndum
2963 5653 3081 5693 csse
3111 5635 3327 5691 videtur
3366 5651 3467 5688 non
3510 5631 3734 5688 videbat.

474 5706 666 5767 “Vill.
713 5717 750 5765 t.
798 5710 887 5778 lll,
931 5727 985 5782 p.
1036 5706 1187 5767 ιδιι.
1265 5709 1305 5739 ³³
1335 5709 1455 5766 \iid.
1499 5723 1684 5780 supra,
1726 5723 1779 5777 ι).
1819 5707 1944 5776 2359,
1972 5707 2072 5781 μ.
