3952 6294
165 321 274 387 ’253

1352 325 1449 385 DE
1480 326 1736 386 LIBRIS
1774 325 2278 412 TIIEODORETI.

3349 319 3456 383 254

176 435 342 490 cietas
394 436 566 485 sortis
614 438 671 484 et
716 426 1125 486 commiseratio
1181 430 1468 501 tangebat,
1517 439 1578 484 ut
1625 430 1759 500 ipsis
1789 446 1829 500 Α
1859 435 2048 490 codice
2088 437 2278 491 Graeco
2303 447 2489 487 versas
2514 429 2808 485 Annalibus
2849 428 3102 495 inseruit,
3147 428 3324 484 sicubi
3363 433 3458 485 lux

177 523 546 584 constantiam
579 523 832 578 suaderet
864 565 878 590 ,
928 525 1021 578 vel
1047 539 1105 580 se
1137 523 1295 578 malis
1322 524 1589 578 invictum
1632 538 1760 593 pro—

177 617 348 672 baret.

246 705 311 761 ν.
344 705 506 760 Edita
535 713 624 759 est
649 705 887 775 primum
916 706 1102 760 Roma
1126 720 1270 759 anno
1303 703 1441 759 1580
1467 719 1495 758 a
1517 701 1764 757 Gerardo

181 796 373 851 Vossio
399 795 588 851 Grazce
621 805 676 850 et
706 796 914 862 Latine,
939 797 1033 866 qui
1057 803 1112 850 et
1141 796 1420 860 variantes
1439 794 1611 850 Grmci
1646 802 1765 847 tex-

185 897 273 942 tus
313 888 607 952 lectiones,
642 889 960 958 scholiaque
985 888 1253 960 adiunxit.
1287 887 1607 943 Versionem
1633 887 1768 941 Vos-

185 982 247 1036 sii
281 969 554 1050 expolivit
595 981 945 1046 Sirmondus,
985 981 1178 1050 paucis
1217 979 1513 1034 admodum
1539 1018 1553 1043 ,
1589 978 1766 1033 sicubi

185 1077 415 1132 Vossius
443 1095 475 1132 a
506 1077 693 1133 Graeco
726 1078 1042 1143 deﬂexerat,
1069 1079 1314 1132 mutatis.

253 1169 344 1224 Vl.
406 1170 468 1222 ln
519 1170 624 1224 hoc
671 1186 860 1239 opere,
919 1171 1066 1239 quod
1118 1171 1448 1240 eloquentiae
1484 1170 1765 1240 specimen

190 1261 468 1330 quoddam
506 1270 618 1326 est,
674 1263 810 1316 nihil
855 1263 1078 1332 quidem
1130 1263 1375 1317 historiae
1428 1264 1766 1327 continetur,

190 1355 335 1424 quod
367 1355 630 1408 lectorem
662 1354 900 1417 erudiat,
932 1356 1028 1410 sed
1068 1363 1267 1425 praeter
1321 1355 1600 1409 incentiva
1656 1355 1772 1425 pie-

192 1447 339 1510 tatis,
381 1445 587 1515 quibus
636 1446 899 1500 refertum
948 1455 1053 1510 est,
1090 1447 1143 1501 id
1173 1446 1339 1501 habet
1386 1446 1657 1515 dogmatis
1704 1445 1772 1499 de

193 1536 378 1599 Petro,
414 1535 506 1590 cui
552 1536 785 1604 loquens
807 1535 1060 1590 Christus
1087 1535 1429 1590 inducitur“
1466 1552 1478 1587 :
1520 1555 1538 1586 ι
1567 1533 1770 1600 Quem-

189 1627 488 1681 admodum
527 1643 627 1697 ego
650 1635 701 1681 te
729 1626 1081 1682 ﬂuctuantem
1116 1643 1226 1681 non
1261 1627 1506 1696 despexi,
1539 1627 1614 1680 ita
1638 1633 1691 1680 et
1716 1634 1772 1679 tu

189 1717 627 1772 sustentaculum
679 1727 799 1772 esto
835 1717 1099 1774 fratribus
1153 1718 1530 1783 conturbatis;
1581 1726 1774 1786 etquo

1872 525 2000 580 inde
2055 525 2297 580 historia:
2349 522 2627 577 aﬂ'erenda
2683 520 2804 574 fuit.
2844 519 3077 574 Metiana
3133 520 3316 574 versio
3346 535 3457 574 non

1872 623 2092 678 exstat,
2135 613 2330 668 melior
2379 612 2664 667 successit.
2715 611 2850 666 Nam
2901 608 3228 665 Sirmondus
3283 610 3456 665 altera

1872 715 2026 778 parte
2055 707 2186 760 tomi
2215 705 2360 761 tertii
2386 714 2608 760 centum
2637 702 2998 773 quadraginta
3027 710 3237 771 septem
3259 703 3455 767 edidit,

1875 811 2011 865 quas
2057 811 2124 850 ex
2170 795 2478 865 copiosiore
2533 795 2640 848 alio
2691 794 2881 848 codice
2929 794 3194 848 Vaticano
3230 793 3460 848 Latinas

1874 888 2021 943 fecit.

1945 979 2035 1032 111.
2083 979 2300 1033 Addere
2335 979 2515 1050 potuit
2550 978 2618 1032 ad
2650 993 2809 1033 suum
2846 993 3142 1033 numerum
3167 978 3300 1032 alias
3326 987 3458 1045 tres,

1877 1088 2015 1142 quas
2057 1073 2249 1142 rejecit
2279 1073 2332 1125 in
2365 1071 2724 1141 appendicem
2751 1070 2882 1125 tomi
2908 1070 2994 1136 IV;
3024 1086 3186 1124 unam
3212 1071 3277 1124 ad
3321 1070 3461 1139 Spo-

1877 1164 2088 1217 racium
2105 1163 2172 1218 de
2196 1163 2452 1217 Nestorio
2481 1163 2560 1228 "‘;
2595 1162 2821 1215 alteram
2851 1161 2918 1214 ad
2942 1161 3207 1216 Joannem
3233 1161 3460 1215 Germa-

1877 1253 2037 1307 nicim
2059 1253 2378 1323 episcopum
2402 1253 2446 1283 “
2471 1270 2484 1317 ;
2523 1252 2742 1306 tertiam
2769 1252 2836 1306 ad
2867 1251 3131 1306 Joannem
3161 1251 3463 1306 Antioche-

1879 1359 2010 1397 num
2039 1344 2104 1408 ‘7,
2133 1359 2255 1413 quae
2274 1341 2804 1411 reprehensionibus
2837 1341 3080 1409 capitum
3109 1339 3300 1411 Cyrilli
3329 1356 3466 1409 prae-

1879 1435 2124 1505 ponitur,
2145 1448 2453 1502 quanquam
2479 1433 2656 1501 prima
2676 1431 3025 1502 snpposititia
3052 1439 3155 1485 est.

1953 1524 2038 1577 IV.
2071 1523 2334 1578 Omisisse
2367 1523 2609 1588 videtur,
2667 1532 2781 1577 tum
2829 1537 2966 1592 quas
2996 1521 3222 1576 Latinas
3251 1529 3466 1575 tantum

1883 1615 2110 1682 reperit,
2137 1614 2409 1682 siquidem
2438 1615 2732 1669 accurabat
2755 1613 3056 1668 editionem
3087 1612 3464 1667 Graeco-Lati-

1883 1721 2047 1771 nam;
2082 1713 2197 1759 tum
2244 1722 2380 1775 quas
2425 1707 2605 1760 alieno
2656 1705 2880 1758 nomine
2910 1704 3294 1758 Theodoretus
3326 1703 3466 1758 scri-

188 1815 442 1861 servatus
476 1822 535 1861 es
568 1807 798 1871 auxilio,
842 1808 947 1863 hoc
982 1809 1096 1878 ipse
1148 1809 1270 1863 aliis
1303 1808 1628 1878 impertire;
1680 1824 1774 1861 ne-

1901 1797 2033 1859 )sit,
2101 1797 2408 1866 cujusmodi
2466 1805 2550 1851 est
2619 1796 2687 1849 ad
2740 1795 2944 1851 Rufum
3008 1795 3466 1850 'I‘hessalonicen-

189 1912 292 1966 que
325 1896 673 1951 labascentes
724 1896 990 1967 impellas,
1028 1898 1122 1953 sed
1156 1899 1304 1969 erige
1355 1899 1728 1968 periclitantes
1757 1915 1769 1950 :

189 1986 398 2042 idcirco
422 1989 570 2042 enim
601 1997 656 2043 et
684 1999 734 2044 te
762 1989 947 2045 labare
971 1990 1112 2054 sino,
1144 2001 1199 2045 et
1254 1990 1453 2045 cadere
1501 2007 1612 2044 non
1642 2005 1772 2059 per—

188 2080 370 2144 mitto,
402 2079 565 2151 304
608 2081 961 2135 stabilitatem
993 2098 1091 2152 per
1132 2090 1183 2135 te
1223 2081 1617 2136 ﬂuctuantibus
1644 2097 1774 2150 pro-

189 2185 410 2224 curans.
443 2169 534 2224 Sic
587 2170 776 2225 orbem
811 2179 1084 2225 terrarum
1133 2172 1454 2224 universum
1503 2168 1775 2224 ﬂuctuan-

189 2269 321 2323 tem,
357 2268 524 2329 atque
553 2260 830 2314 labantem
874 2243 1070 2331 magna
1125 2263 1241 2315 haec
1273 2260 1526 2314 columna
1571 2257 1775 2312 conﬁr—

189 2351 378 2415 mavit,
416 2360 474 2405 et
513 2359 572 2404 ut
600 2358 884 2406 corrueret
922 2351 1169 2414 omnino,
1193 2357 1303 2403 non
1344 2347 1637 2418 permisit;
1679 2348 1775 2402 sed

189 2443 397 2506 erexit,
449 2441 812 2512 stabilemque
844 2441 1112 2507 reddidit;
1144 2456 1277 2495 oves
1307 2439 1523 2493 divinas
1552 2453 1775 2508 pascere

185 2531 391 2601 jussus,
423 2550 441 2582 ι
476 2539 582 2584 etc.

265 2620 372 2675 Vll.
413 2620 540 2675 Haec
584 2619 652 2673 de
700 2619 864 2674 Petro
911 2619 1204 2682 sententia,
1240 2625 1300 2672 ut
1346 2624 1430 2674 est
1471 2617 1648 2672 aﬂinis
1686 2617 1773 2682 iis,

193 2727 311 2781 qum
345 2711 402 2764 in
436 2712 670 2781 epistola
713 2712 816 2766 115
859 2712 1217 2782 appellatoria
1251 2710 1319 2764 ad
1348 2719 1598 2765 sanctum
1634 2709 1776 2764 Leo-

194 2819 317 2858 nem
367 2803 665 2869 habentur,
707 2804 781 2858 ita
841 2800 972 2858 non
1005 2803 1240 2857 obscure
1290 2801 1534 2856 ostendit
1581 2800 1778 2855 eodem

195 2897 306 2951 fere
355 2905 602 2966 tempore
647 2906 703 2954 et
735 2898 1043 2952 orationem
1085 2906 1141 2951 et
1181 2895 1472 2966 epistolam
1515 2893 1777 2965 scriptam

196 3005 314 3046 esse
322 3033 333 3044 .

266 3082 404 3137 Vill.
439 3082 561 3136 Non
591 3090 675 3136 est
711 3081 1153 3152 praetereundum
1204 3079 1445 3145 silentio,
1501 3077 1648 3148 quod
1701 3085 1780 3131 ta-

1881 1903 2016 1950 sem,
2045 1895 2152 1943 etc.

1953 1980 2112 2049 305-
2135 1982 2195 2036 V.
2218 1980 2419 2035 Omnes
2448 1997 2549 2050 ego
2573 1980 3044 2050 reprrescntandas
3066 1980 3250 2045 credo,
3270 1981 3466 2049 partim

1881 2087 1950 2125 ne
1974 2072 2104 2140 quid
2137 2073 2349 2126 auctori
2378 2087 2478 2125 suo
2507 2072 2850 2136 detrahatur;
2885 2072 3106 2141 partim,
3154 2081 3210 2126 et
3250 2087 3317 2125 eo
3348 2073 3470 2141 qui-

1882 2164 2008 2218 dem
2039 2165 2292 2228 maxime,
2321 2163 2469 2232 quod
2499 2163 2766 2219 addendae
2789 2164 2899 2217 sint
2930 2164 3139 2233 plures,
3172 2165 3287 2219 sive
3332 2181 3472 2234 quas

1883 2255 2153 2310 Mercator
2185 2255 2420 2309 inseruit
2442 2255 2557 2310 suis
2592 2256 2966 2320 collectaneis,
3006 2257 3120 2310 sive
3145 2272 3266 2326 qua:
3289 2257 3342 2311 in
3366 2264 3472 2312 ter-

1885 2347 1973 2400 tiae
1992 2355 2047 2399 et
2076 2345 2281 2413 quintae
2316 2344 2507 2414 synodi
2536 2343 2686 2398 Actis
2716 2345 3090 2414 reperiuntur.

1957 2436 2042 2490 Vl.
2074 2437 2262 2491 Visum
2292 2450 2512 2506 quoque
2539 2443 2624 2489 est
2658 2435 2709 2487 id
2756 2445 3040 2504 priestare,
3075 2437 3220 2506 quod
3279 2436 3371 2490 alii
3415 2437 3471 2492 in

1886 2525 2212 2596 colligendis
2238 2525 2472 2580 aliorum
2508 2524 2841 2594 scriptorum
2871 2525 3122 2595 epistolis
3149 2527 3349 2592 solent,
3372 2526 3471 2580 da-

1885 2626 1969 2673 tas
2020 2620 2230 2675 scilicet
2267 2619 2334 2674 ad
2398 2617 2808 2673 Theodoretum
2857 2618 3102 2674 inserere
3154 2637 3167 2672 :
3209 2619 3264 2673 id
3321 2618 3473 2673 enim

1885 2711 2131 2766 historiae
2177 2727 2290 2765 non
2326 2711 2680 2766 mediocriter
2710 2711 2968 2780 prodest;
2999 2726 3314 2780 quanquam
3342 2711 3472 2766 inde

1885 2820 1996 2858 non
2026 2803 2316 2876 augebitur
2338 2803 2636 2858 admodum
2656 2803 3028 2872 Epistolarum
3051 2803 3209 2868 liber,
3235 2819 3362 2858 cum
3383 2804 3475 2858 vix

1887 2904 2001 2951 tres
2029 2904 2124 2949 aut
2151 2903 2389 2965 quatuor
2413 2897 2660 2965 reperire
2682 2896 2980 2964 potuerim.

1959 2990 2068 3044 VII.
2095 2989 2210 3043 Etsi
2234 3003 2401 3058 porro
2423 2987 2674 3042 ordinem
2700 3003 3105 3056 numerumque
3131 3004 3160 3042 a
3183 2989 3476 3044 Sirmondo

1889 3079 2250 3134 constitutum
2268 3077 2520 3148 religiose
2552 3077 2904 3131 retinendum
2939 3087 3093 3146 puto,
3123 3079 3322 3147 partim
3349 3096 3478 3148 pro-

198 3190 321 3229 men
374 3189 540 3229 nemo
575 3190 686 3228 non
735 3180 915 3243 potest
954 3174 1097 3227 inter
1129 3171 1421 3242 legendum
1461 3171 1776 3233 observare,
1809 3171 1850 3230 C
1885 3182 2008 3242 pter
2043 3171 2249 3226 citandi
2284 3186 2443 3225 usum
2495 3172 2564 3226 ab
2609 3171 2847 3226 eruditis
2889 3180 3208 3242 receptum:
3241 3172 3476 3226 alterum

200 3266 253 3320 in
308 3267 412 3321 hac
460 3267 708 3321 oratione
761 3264 1043 3319 charitatis
1074 3271 1352 3327 naturam,
1387 3261 1778 3332 praestantiam,

200 3355 415 3421 eﬂecta,
441 3364 498 3410 et
517 3357 740 3409 causas‘
767 3354 986 3423 copiose
1002 3351 1235 3422 exponi;
1266 3352 1473 3405 nullam
1497 3359 1677 3405 tamen
1699 3349 1784 3404 in-

202 3459 284 3503 ter
327 3463 526 3502 causas
568 3446 904 3500 mentionem
945 3444 1063 3499 ﬁeri
1105 3443 1293 3513 gratia:
1334 3442 1638 3507 interioris,
1676 3457 1783 3512 qua

203 3538 535 3593 diﬂ‘unditur
570 3536 809 3591 eharitas
843 3535 899 3588 in
943 3534 1203 3590 cordibus
1250 3533 1453 3587 nostris
1500 3549 1532 3602 a
1574 3533 1784 3603 Spiritu

202 3641 412 3694 sancto,
451 3628 546 3684 sed
573 3628 892 3683 memoriam
909 3627 1175 3681 duntaxat
1203 3631 1551 3694 acceptorum
1579 3624 1787 3678 beneﬂ-

203 3725 439 3789 ciorum,
467 3721 844 3791 exemplorum
869 3720 1073 3775 Christi
1098 3727 1154 3773 et
1182 3727 1522 3782 sanctorum,
1550 3717 1788 3787 promis-

204 3817 424 3872 sionum
461 3823 516 3870 et
547 3815 750 3884 legum,
780 3829 900 3882 quze
921 3811 1198 3882 pertinent
1225 3811 1410 3864 omnia
1446 3809 1514 3863 ad
1558 3809 1788 3880 gratiam

205 3909 376 3963 solam
407 3907 544 3977 legis
583 3913 638 3960 et
665 3905 949 3959 doctrinm.
975 3903 1177 3958 Verum
1207 3901 1275 3957 de
1310 3902 1416 3956 hoc
1444 3901 1785 3974 diligentius,

205 4015 328 4056 cum
355 3999 427 4054 de
469 3997 577 4052 ﬁde
616 3995 950 4068 Theodoreti
985 3995 1221 4050 dicetur.

621 4132 648 4205 §
681 4134 745 4188 ν.
773 4131 1027 4203 Ερὶδεοιω
1048 4131 1372 4186 Theodoreti.

273 4267 317 4323 1.
342 4266 692 4336 Nicephorus
724 4264 980 4320 Callistus
1018 4263 1211 4318 scribit
1234 4278 1292 4317 se
1315 4261 1576 4332 epistolas
1607 4261 1792 4316 Theo-

210 4359 388 4415 doreti
435 4374 602 4427 supra
647 4356 974 4426 quingentas
1023 4361 1245 4409 nactum
1287 4369 1429 4417 esse,
1483 4365 1688 4420 easque
1737 4357 1794 4404 et

209 4453 416 4522 optime
447 4457 503 4504 et
533 4448 601 4503 ad
635 4447 809 4503 Grazci
856 4445 1129 4501 sermonis
1154 4445 1394 4499 nitorem
1437 4443 1789 4512 compositas.

1887 3273 2067 3320 tamen
2112 3263 2499 3334 chronologiea
2543 3263 2767 3335 synopsi
2810 3263 3185 3318 exhibendum
3234 3280 3381 3330 reor,
3418 3275 3479 3320 ut

1887 3355 2013 3410 inde
2040 3357 2214 3426 majus
2240 3356 2426 3410 lumen
2452 3356 2696 3411 historiae
2717 3357 3056 3412 aﬂ‘undatur.
3085 3358 3296 3428 Aliquae
3323 3367 3475 3423 sunt,

1885 3446 2082 3513 fateor,
2119 3447 2186 3503 de
2221 3449 2424 3518 quibus
2447 3449 2613 3504 statui
2633 3449 2724 3503 vix
2753 3449 2983 3519 aliquid,
3024 3459 3119 3504 aut
3151 3451 3342 3516 refert,
3385 3459 3481 3505 ant

1887 3540 2052 3594 etiam
2080 3548 2276 3609 potest.
2308 3540 2443 3595 Tres
2471 3549 2653 3595 autem
2683 3542 3030 3598 characteres
3050 3544 3104 3596 in
3127 3544 3359 3613 singulis
3383 3545 3483 3599 ob-

1889 3629 2186 3684 servandos
2217 3630 2404 3696 credo,
2429 3631 2582 3697 anni,
2611 3631 2740 3686 festi
2777 3641 2832 3686 et
2858 3649 3126 3702 persona.
3168 3634 3312 3689 Festi
3343 3634 3478 3698 dixi,

1889 3732 2114 3792 propter
2144 3723 2510 3779 heortasticas
2529 3767 2542 3789 ,
2577 3742 2714 3794 quas
2737 3727 3006 3795 plurimas
3029 3728 3252 3797 scripsit
3288 3728 3482 3782 amicis

1891 3816 1958 3871 de
1981 3832 2153 3880 more,
2180 3824 2241 3868 ut
2265 3825 2516 3886 peractos
2547 3817 2666 3871 dies
2690 3816 2860 3871 festos
2876 3819 3270 3888 gratularetur.

1961 3907 2097 3961 Vill.
2153 3907 2418 3961 Distribui
2462 3908 2749 3963 commode
2795 3919 3027 3979 possunt
3059 3927 3271 3974 omnes,
3301 3914 3481 3981 quoad

1891 4010 2144 4054 nostrum
2174 4000 2477 4069 negotium,
2505 4000 2643 4054 duas
2667 4001 2722 4053 in
2749 4008 2932 4068 partes
2963 3999 3027 4063 “,
3064 4002 3476 4066 historicarum,

1893 4100 1952 4146 et
1999 4091 2558 4146 non-historiearnm.
2604 4091 2902 4144 Historicas
2959 4091 3102 4154 dico,
3159 4107 3299 4160 quae,
3356 4108 3482 4145 cum

1894 4182 2134 4236 habeant
2191 4183 2454 4252 temporis
2497 4189 2864 4250 autpersonae
2912 4189 3134 4246 notam,
3173 4183 3483 4239 conducere

1895 4281 2126 4341 possunt
2155 4273 2225 4325 ad
2261 4270 2594 4325 Theodoreti
2647 4269 3051 4324 ecclesiasticas
3104 4271 3480 4327 illustrandas.

1896 4360 2012 4415 lloc
2044 4376 2244 4430 genere
2268 4360 2604 4431 dogmaticas
2639 4376 2860 4431 quoque
2891 4362 3250 4431 complector.

1967 4449 2058 4504 ΙΧ.
2089 4451 2152 4505 In
2179 4451 2388 4518 codice,
2415 4467 2525 4521 quo
2557 4468 2692 4507 usus
2732 4461 2818 4507 est
2847 4453 3135 4519 Baronius,
3182 4464 3238 4509 et
3269 4453 3323 4507 in
3363 4453 3487 4508 aliis
3515 4473 3519 4478 ·

210 4543 452 4598 Dubium
473 4582 488 4604 ,
521 4556 591 4594 an
619 4549 833 4594 certum
864 4553 1157 4594 numerum
1200 4536 1489 4606 designare
1533 4535 1793 4601 VOluel'it,
1825 4513 1874 4572 θ
1901 4558 2040 4612 quos
2055 4543 2189 4608 vidi,
2218 4544 2450 4613 epistola
2472 4545 2537 4599 ad
2567 4545 2891 4615 Sporacium
2932 4545 3001 4600 de
3029 4546 3285 4602 Nestorio
3305 4547 3482 4600 omni—

212 4644 307 4689 aut
329 4634 660 4704 quingentas
681 4630 902 4696 dixerit,
933 4645 1043 4700 quo
1076 4643 1226 4684 more
1252 4628 1435 4682 Latini
1467 4628 1644 4682 solent
1673 4643 1798 4682 sex-

181 4763 186 4768 -
213 4735 410 4783 centas
458 4739 554 4793 pro
586 4723 857 4793 plurimis,
900 4734 1135 4792 quarum
1161 4735 1429 4775 numerus
1465 4719 1556 4774 vix
1580 4718 1800 4774 deliniri

214 4825 406 4888 queat.
455 4815 707 4880 Ututest,
750 4815 954 4869 multas
998 4821 1213 4869 constat
1265 4813 1518 4883 periisse,
1563 4828 1798 4882 quarum

216 4909 601 4966 Theodoretus
650 4910 766 4979 ipse
802 4909 1075 4965 meminit.
1130 4909 1421 4964 Perierunt
1458 4915 1630 4972 certe,
1662 4923 1800 4978 quas

219 5002 507 5072 scripsisse
540 5017 599 5056 se
650 5001 816 5055 tradit
864 5007 920 5054 et
951 5000 1019 5054 ad
1066 4997 1351 5071 Cyrillum,
1386 5005 1443 5053 et
1487 4998 1555 5052 ad
1597 5014 1799 5069 anony-

224 5109 367 5153 mum
399 5092 468 5158 ⁸³,
500 5093 590 5147 cui
613 5092 872 5162 legendos
899 5089 1339 5146 Commentarios
1357 5089 1413 5142 in
1443 5089 1670 5143 Paulum
1697 5089 1799 5143 mi-

223 5194 365 5239 serat
387 5183 455 5250 “,
492 5192 548 5236 et
572 5183 641 5237 ad
668 5182 1038 5254 Eugraphiam
1100 5188 1158 5235 et
1204 5180 1272 5236 ad
1302 5181 1626 5236 Dioscorum
1653 5182 1794 5246 duae,

221 5285 324 5332 etc.

292 5367 354 5421 ll.
383 5367 580 5422 Plures
602 5365 872 5422 Baronius
901 5380 933 5420 a
956 5361 1222 5420 Federico
1251 5363 1415 5420 Metio
1445 5381 1513 5420 ex
1538 5366 1800 5422 Vaticano

1903 4635 2008 4690 bus
2041 4637 2412 4706 prteponitur;
2444 4638 2540 4692 sed
2566 4655 2596 4693 a
2627 4637 2925 4693 Sirmondo
2957 4639 3161 4709 rejeeta
3189 4650 3273 4694 est
3299 4640 3351 4693 in
3389 4655 3488 4708 ap-

1903 4726 2215 4796 pendicem,
2251 4734 2307 4780 et
2342 4727 2566 4797 quidem
2603 4729 2824 4794 merito,
2852 4744 2979 4784 cum
3015 4728 3366 4798 supposititia
3395 4729 3485 4794 sit,

1909 4826 1967 4871 ut
1993 4833 2094 4872 suo
2117 4818 2238 4871 loco
2262 4817 2672 4872 demonstratur
2694 4820 2759 4872 “9.

1979 4907 2049 4961 Χ.
2085 4907 2234 4962 Nihil
2260 4907 2440 4962 hocin
2470 4922 2671 4977 genere
2700 4906 2979 4962 scribendi
3005 4907 3339 4977 perfectius:
3363 4920 3489 4959 nam

1905 5017 2028 5070 quae
2053 5009 2182 5055 sunt
2207 4999 2564 5070 epistolarum
2587 4999 2838 5062 virtutes,
2881 4999 3142 5063 brevitas,
3189 4997 3492 5068 perspicui-

1905 5105 2007 5156 tas,
2050 5091 2339 5162 elegantia,
2360 5090 2664 5155 urbanitas,
2697 5089 2985 5154 modestia,
3019 5088 3364 5144 observantia
3390 5088 3490 5143 den

1904 5185 2041 5248 cori,
2068 5191 2124 5238 et
2163 5184 2441 5254 ingeniosa
2480 5181 2830 5252 prudensque
2879 5197 2943 5236 ac
2971 5181 3189 5236 erudita
3228 5181 3480 5250 simplici-

1908 5287 2009 5343 tas,
2040 5277 2094 5330 in
2117 5277 2364 5347 epistolis
2381 5275 2712 5331 Theodoreti
2734 5275 3131 5329 admirabiliter
3150 5275 3223 5330 ita
3247 5275 3486 5339 elucent,

1909 5376 1970 5422 ut
2002 5368 2371 5424 scribentibus
2395 5368 2645 5438 exemplo
2673 5383 2793 5422 esse
2815 5367 3045 5438 possint.

1612 5501 1929 5560 SCllULle
1972 5501 2202 5560 NOTAE.

293 5642 335 5726 ‘_‘
359 5643 484 5726 γῆς.
511 5650 550 5696 ι.
581 5643 750 5726 IlI-,Hp:
987 5644 1034 5679 ’⁸³
1206 5649 1365 5717 epist.
1591 5643 1713 5698 Vid.
1757 5642 1928 5726 epist_._
2080 5643 2124 5676 ⁸⁸
2162 5644 2486 5726 ,Μένων-(ιε.
2518 5644 2866 5726 1⁷ῇει.“δυρι”ςι,
2909 5653 2945 5698 ι.
2971 5645 3058 5726 iV,
3088 5644 3307 5726 [δέρη.
3335 5660 3488 5726 seqq.

224 5712 266 5787 δέ
294 5713 374 5787 an
412 5713 614 5787 10mm.
641 5712 760 5768 vm.
790 5716 923 5787 tum.
963 5733 1013 5785 p.
1049 5719 1185 5771 1175
1224 5712 1375 5787 seqq.

220 5781 470 5839 Biblioth.
517 5793 657 5838 auct.
699 5785 876 5840 ccclcs.
913 5781 1164 5859 ι.’1ν,ι).
1212 5781 1316 5842 111
1341 5781 1459 5859 seq.

1452 5718 1494 5746 ⁵⁷
1527 5715 1851 5786 Hancvide
1895 5715 2052 5777 ibid.,
2083 5731 2136 5784 ν.
2174 5716 2307 5771 19.88
2328 5731 2479 5786 seqq.

2559 5715 2603 5749 *3
2625 5715 2773 5772 Duas
2809 5717 2860 5771 in
2889 5725 3085 5789 partes.
3123 5716 3242 5773 Vid.
3271 5715 3491 5787 Dupinii

1541 5785 1583 5816 δί’
1614 5784 1732 5841 Vid.
1771 5784 1930 5853 infra,
1974 5801 2091 5857 cap.
2121 5787 2174 5854 8,
2202 5786 2301 5859 5'2.
