3952 6294
476 259 583 327 255

685 370 937 442 Epistola:
964 375 1168 443 priores
1204 373 1321 427 dua:
1352 372 1422 426 ad
1453 388 1795 444 anonymum.

544 483 586 538 I.
620 484 698 538 Ad
730 485 967 539 amicum
985 485 1221 554 aliquem
1246 484 1470 541 miserat
1492 464 1872 543 Theodoretus
1888 484 2050 542 Com-

478 575 775 630 mentarios
802 590 930 630 suos
973 575 1030 629 in
1058 577 1400 646 Apostolum,
1444 578 1653 644 litteris,
1684 588 1959 651 precatus,
1988 589 2051 636 ut

478 666 646 719 ferret
658 664 962 733 judicium;
987 666 1198 721 remisit
1226 667 1316 721 ille
1340 669 1633 737 perlectus,
1663 671 2051 743 necjudieium

479 753 819 824 signiﬁcavit.
874 755 1163 811 Silentium
1194 756 1588 829 interpretatus
1618 771 1703 817 est
1734 761 2050 816 Theodore-

481 852 567 897 tus
610 843 759 896 velut
800 844 1084 899 honestam
1135 847 1620 916 improbationem;
1681 851 1819 920 petit
1862 853 2052 908 alteris

481 932 677 985 litteris
704 932 992 1002 judicium,
1041 937 1415 1007 cujuscunque
1454 939 1602 995 modi
1642 940 1830 1005 fuerit,
1876 940 1945 996 ad
1992 957 2051 996 se

482 1021 643 1075 mitti.
672 1022 972 1093 Rescripsit
1003 1026 1212 1081 amicus
1258 1025 1554 1085 immensas
1592 1031 1775 1100 operis
1820 1031 2049 1098 laudes;

482 1111 579 1165 has
630 1112 829 1166 minuit
872 1115 1046 1169 tertiis
1090 1115 1287 1171 litteris
1313 1117 1710 1185 Theodoretus,
1755 1136 1821 1175 ex
1850 1121 2052 1177 atl‘ectu

483 1202 647 1257 animi
686 1202 967 1263 laudantis
1005 1207 1188 1276 potius
1237 1223 1401 1276 quam
1444 1224 1511 1263 ex
1558 1211 1743 1280 operis
1790 1210 2052 1279 dignitate

482 1292 748 1360 profectas
782 1306 1057 1352 causatus.
1099 1297 1434 1352 Interierunt
1465 1299 1656 1369 primas
1689 1317 1703 1352 :
1747 1299 1871 1354 aliis
1914 1299 2052 1354 dua-

484 1383 604 1446 bus,
635 1383 797 1454 306
820 1387 1119 1454 praesertim
1141 1389 1560 1458 posterioribus,
1591 1389 1731 1453 nihil
1751 1391 2055 1461 elegantius

481 1485 536 1530 et
569 1473 927 1545 ingeniosius.
1535 1501 1538 1505 '

552 1565 616 1620 li.
653 1565 869 1621 Certam
915 1569 1120 1625 habent
1147 1571 1299 1636 anni,
1350 1572 1446 1627 sed
1502 1572 1724 1629 dubiam
1752 1576 1767 1594 ‘
1808 1588 2054 1643 persona:

483 1660 664 1706 notam
703 1673 715 1707 :
763 1655 901 1711 datm
947 1668 1074 1712 sunt
1112 1659 1262 1712 enim
1313 1661 1478 1729 paulo
1522 1668 1647 1729 post
1676 1661 1958 1716 absolutos
1998 1661 2052 1715 in

484 1744 800 1813 Apostolum
833 1748 1292 1813 Commentarios,
1338 1750 1391 1804 id
1420 1758 1505 1805 est
1527 1792 1541 1816 ,
1575 1751 1797 1806 circiter
1848 1767 2052 1805 annum

483 1835 605 1888 455.
634 1836 767 1890 Nam
798 1839 1184 1892 Commentarii
1214 1840 1495 1908 pertinent
1524 1842 1592 1896 ad
1632 1842 1780 1896 hunc
1827 1856 2054 1908 annum,

486 1930 546 1973 ut
566 1937 665 1976 suo
692 1924 813 1978 loco
840 1925 1147 1979 confectum
1178 1935 1262 1982 est
1289 1928 1355 1980 ⁵ο.

555 2015 641 2069 Ill.
672 2016 929 2072 Divinare
964 2018 1053 2072 vix
1080 2019 1209 2073 licet
1241 2020 1309 2073 ad
1335 2034 1499 2088 quem
1543 2019 1725 2074 missa:
1753 2018 1861 2072 sint
1891 2037 1903 2071 :
1934 2033 2055 2073 cre-

485 2107 651 2161 dibile
690 2115 903 2162 tantum
938 2117 1021 2164 est
1072 2109 1238 2164 fuisse
1269 2110 1609 2180 episcopum,
1649 2110 1851 2180 quippe
1892 2123 2056 2179 quem

486 2198 787 2253 sanctitatis
810 2200 1030 2255 nomine
1053 2201 1361 2270 compellat.
1390 2200 1555 2266 Quid,
1580 2201 1626 2255 si
1653 2200 1823 2255 fuerit
1845 2201 2056 2275 Euthe-

488 2287 602 2339 rius
655 2285 987 2357 Tyanensis,
1034 2302 1272 2355 quocum
1324 2301 1517 2357 magna
1569 2286 1671 2340 fuit
1710 2286 2058 2343 Theodoreto

490 2374 798 2430 studiorum
827 2376 1082 2440 societas,
1107 2385 1162 2429 et
1185 2376 1439 2431 amicitiae
1466 2376 1848 2432 necessitudo?

754 2488 995 2562 Epistula
1027 2490 1060 2544 5
1089 2490 1158 2543 ad
1193 2488 1457 2543 Iremcum
1480 2490 1797 2561 episcopum.

559 2623 597 2678 l.
632 2624 768 2681 Nota
794 2641 1040 2695 persona:
1067 2625 1213 2679 clara
1237 2632 1321 2679 est
1352 2643 1365 2678 :
1393 2640 1518 2679 nam
1576 2624 1900 2680 inscribitur
1940 2623 2056 2678 Ire-

490 2734 602 2771 meo
634 2718 887 2788 episcopo.
920 2717 1044 2772 Fuit
1077 2717 1167 2772 ille
1206 2717 1445 2787 primum
1474 2731 1679 2782 comes,
1713 2723 1825 2770 tum
1857 2731 1925 2771 ex
1961 2730 2058 2769 co-

491 2810 621 2864 mite
651 2810 940 2879 episcopus
985 2808 1201 2881 Tyrius.
1255 2808 1433 2878 Ipsius
1465 2810 1672 2864 mentio
1719 2808 1781 2862 ﬁt
1821 2808 1877 2863 in
1909 2808 2060 2863 Actis

490 2898 706 2953 concilii
729 2898 1011 2969 Ephesini,
1043 2899 1110 2953 ad
1154 2899 1301 2968 quod
1330 2914 1455 2953 cum
1484 2899 1656 2955 altero
1684 2900 1883 2955 comite
1916 2898 2059 2955 Can-

488 2988 712 3045 didiano
744 2990 927 3054 venit,
960 2989 1073 3059 ipse
1107 2988 1327 3059 quidem
1377 2989 1528 3044 velut
1556 2991 1765 3046 amicus
1801 2989 2058 3055 Nestorii,

487 3083 856 3138 Candidianus
886 3099 1015 3138 vero
1047 3098 1169 3138 cum
1200 3093 1468 3156 potestate
1512 3068 1830 3154 cognituris.
1874 3083 2063 3136 Partes

490 3174 655 3243 igitur
696 3172 932 3227 Nestorii
977 3174 1229 3237 consilio,
1260 3174 1554 3238 industria,
1580 3182 1636 3228 et
1660 3174 1925 3245 dignitate
1958 3188 2059 3227 no-

492 3264 654 3317 minis
673 3263 930 3317 ardenter
958 3263 1118 3329 iovit;
1150 3281 1261 3319 non
1287 3265 1486 3334 Ephesi
1513 3271 1745 3331 tantum,
1772 3264 1865 3321 sed
1897 3263 2060 3319 etiam

489 3353 981 3423 Constantinopoli,
1013 3369 1121 3423 quo
1165 3357 1365 3410 missus
1396 3365 1479 3410 est
1510 3371 1540 3410 a
1574 3344 1967 3420 schismaticis,
1992 3354 2061 3410 ad

491 3442 862 3498 deludendum
906 3443 1288 3512 imperatorem
1310 3485 1323 3510 ,
1352 3444 1481 3499 dum
1521 3446 1723 3517 Ephesi
1755 3461 1843 3501 res
1871 3461 2062 3518 agere-

497 3544 602 3588 tur.

562 3623 627 3677 Ii.
655 3622 914 3678 Eamdem
948 3622 1238 3680 factionem
1262 3642 1371 3681 non
1400 3628 1581 3682 minus
1602 3626 1743 3697 jnvit
1761 3624 2065 3680 Antiochiae

495 3724 702 3786 postea,
735 3730 845 3785 quo
871 3724 1113 3785 tempore
1148 3717 1404 3773 infandus
1432 3720 1522 3773 iile
1549 3719 1794 3789 Deiparze
1820 3717 2060 3773 Christi-

496 3820 604 3874 que
632 3806 804 3861 hostis
830 3805 1111 3861 Nestorius
1135 3822 1166 3861 e
1204 3822 1305 3862 suo
1333 3809 1509 3863 sancti
1548 3807 1809 3877 Euprepii
1840 3819 2059 3861 secessu

498 3895 689 3951 turbas
705 3896 849 3951 ciere
876 3897 1155 3967 pergebat.
1177 3897 1258 3953 Ob
1286 3899 1433 3953 hunc
1459 3899 1686 3968 impium
1709 3897 1951 3950 favorem
1983 3895 2065 3950 of—

494 3986 669 4041 fendit
710 3987 1057 4058 imperatoris
1108 3988 1390 4056 animum;
1443 3989 1674 4057 ideoque
1713 3987 1968 4040 redactus
2006 3986 2061 4039 in

496 4076 767 4139 ordinem,
815 4087 870 4133 et
913 4079 1120 4149 ejectus
1150 4080 1293 4144 aula,
1335 4080 1391 4133 in
1423 4079 1632 4149 Syriam
1691 4077 1936 4142 secessit,
1966 4076 2059 4130 ubi

499 4168 786 4224 Phcnnieize
809 4170 1189 4240 episcoporum
1218 4171 1460 4234 decreto,
1495 4169 1783 4223 ordinante
1813 4167 2064 4223 Theodo-

497 4270 635 4323 reto,
660 4260 837 4331 Tyriae
863 4261 1100 4317 civitatis
1119 4263 1495 4331 episcopatum
1516 4247 1827 4331 capessivit.

564 4353 652 4408 IIl.
683 4354 860 4424 Ipsum
883 4363 1062 4409 tamen
1091 4369 1201 4408 non
1233 4353 1326 4406 diu
1360 4353 1571 4407 tenuit:
1600 4369 1727 4406 nam
1764 4352 2064 4424 imperator
2097 4369 2140 4424 ι)

492 4460 633 4514 aegre
659 4442 841 4500 ferens
861 4445 1180 4499 Phoenicum
1207 4451 1263 4497 et
1290 4442 1622 4497 Theodoreti
1653 4445 1878 4509 laetum,
1902 4444 2065 4514 jussit
2098 4488 2103 4493 .

493 4534 761 4593 Irenaeum
783 4535 1019 4604 deponi;
1050 4534 1310 4603 primum,
1344 4533 1493 4603 quod
1526 4533 1868 4602 imperatori,
1897 4547 2062 4602 quem

494 4624 817 4689 otl‘enderat,
842 4639 1041 4679 exosus
1071 4631 1250 4689 esset;
1293 4622 1513 4684 deinde,
1539 4622 1686 4691 quod
1709 4622 1933 4677 hreresis
1956 4622 2066 4676 Ne-

495 4718 749 4773 storianae
792 4716 1013 4772 nomine
1059 4724 1379 4785 suspectus;
1431 4714 1691 4784 denique,
1720 4713 1866 4785 quod
1913 4714 2066 4784 diga-

495 4826 635 4865 mus.

564 4903 651 4957 IV.
684 4898 1035 4972 Imperatoris
1074 4897 1154 4951 ira
1185 4897 1242 4952 in
1283 4898 1488 4952 [remeo
1524 4913 1636 4952 non
1667 4897 1836 4962 stet-It,
1870 4897 1966 4953 sed
1994 4897 2063 4952 ad

494 4995 783 5050 Phoenices
826 4991 1115 5060 episcopos
1173 4996 1230 5043 et
1274 4989 1691 5044 Theodoretum
1744 4990 2011 5059 pertinuit
2046 5007 2060 5044 :

496 5084 621 5139 illos
636 5084 781 5138 enim
807 5079 1052 5152 jussitde
1081 5079 1186 5135 ﬁde
1214 5081 1417 5135 sentire
1448 5090 1657 5150 aperte,
1682 5080 1827 5150 quod
1857 5081 1912 5134 in
1940 5097 2064 5135 san-

494 5172 688 5227 cienda
710 5186 844 5240 pace
866 5176 1130 5225 statutum
1146 5177 1284 5225 erat.
1316 5170 1487 5225 Istum
1521 5172 1691 5225 vetuit
1715 5170 1901 5241 egredi
1927 5171 2062 5225 fines

492 5263 637 5334 Cyri,
673 5277 795 5331 quas
826 5261 1009 5316 omnia
1050 5262 1434 5333 intelliguntur
1482 5278 1550 5317 ex
1588 5262 1818 5332 cpistola
1856 5261 1958 5316 ΗΟ
2007 5269 2063 5315 et

493 5354 633 5410 aliis.

569 5443 629 5498 V.
655 5442 896 5515 Contigit
929 5444 1116 5499 Irenrei
1162 5446 1438 5503 ordinatio
1489 5461 1634 5502 anno
1674 5446 1894 5501 circiter
1934 5445 2062 5509 Mli,

1607 264 1981 327 GARNERII
2021 260 2516 329 DISSERTATIO
2548 264 2630 326 II.

3619 265 3734 331 956

2074 376 2121 432 Α
2147 370 2416 442 depositio
2457 379 2582 443 post
2627 370 3086 451 quadriennium;
3113 371 3476 443 depositionis
3507 381 3735 446 tempus

2151 462 2503 533 consignatur
2531 463 2714 520 edicto
2751 470 3066 534 praetorum,
3117 463 3309 519 indict.
3348 464 3397 530 l,
3429 480 3575 527 anno
3593 465 3746 522 Dio-'

2150 553 2371 608 cletiani
2403 555 2522 621 liii,
2558 556 2653 625 qui
2682 563 2767 611 est
2793 555 2997 611 Christi
3026 555 3149 610 448.
3175 554 3461 612 Ordinatio
3503 567 3743 627 peracta.

2150 655 2235 699 est
2261 654 2387 700 ante
2419 646 2633 703 obitum
2666 647 2869 711 Procli,
2904 646 3000 717 qui
3029 647 3266 703 decessit
3310 663 3455 702 anno
3487 648 3610 713 μγ,
3637 648 3730 702 die

2150 734 2221 792 24
2250 735 2541 804 Octobris;
2578 737 2688 793 imo
2735 745 2860 792 ante
2899 738 3261 803 sanctionem,
3316 754 3425 807 qua
3475 738 3732 795 Theodo-

2151 838 2303 885 retus
2346 830 2489 900 Cyro
2543 808 3011 895 concludebatur;
3063 829 3189 885 data
3228 845 3363 885 vero
3393 839 3477 885 est
3516 831 3735 885 sanctio

2153 936 2298 975 anno
2340 921 2465 984 445,
2520 920 2624 975 sub
2671 918 2856 975 tinem.
2883 920 3018 974 Nam
3047 920 3277 985 Proclus
3319 921 3731 978 ordinationem

2152 1009 2423 1078 probavit,
2448 1018 2504 1063 et
2534 1009 2916 1064 Theodoretus
2940 1017 3064 1078 post
3100 1010 3436 1069 sanctionem
3463 1027 3522 1066 se
3551 1014 3733 1068 conti-

2153 1101 2273 1154 nuit
2298 1098 2458 1169 Cyro,
2486 1115 2589 1154 nec
2607 1099 2839 1169 proinde
2873 1098 3071 1169 Tyrum
3103 1100 3382 1167 profectus
3400 1112 3499 1156 est.

2228 1186 2311 1243 VI.
2344 1187 2422 1243 Ex
2441 1190 2545 1243 hac
2564 1189 2815 1255 historia,
2844 1191 3072 1260 ipsoque
3101 1191 3345 1261 epistolae
3383 1202 3731 1263 argumento,

2155 1276 2629 1351 innotescit307
2656 1288 2890 1350 tempus,
2939 1296 3049 1350 quo
3099 1281 3225 1335 data
3252 1288 3338 1336 est
3388 1298 3400 1335 :
3442 1298 3567 1335 nam
3600 1299 3734 1346 cum

2154 1369 2509 1438 quaestionem
2539 1369 2679 1424 hanc
2700 1370 3096 1440 aenigmatieam
3118 1371 3358 1425 Irenacus
3379 1370 3735 1425 Theodoreto

2154 1458 2577 1528 proposuisset:
2615 1478 2633 1510 ι
2689 1458 2743 1514 Si
2779 1460 2946 1530 judex
2990 1459 3192 1530 impius
3249 1460 3465 1515 duobus
3510 1461 3736 1530 pietatis

2155 1549 2376 1605 athletis
2400 1550 2679 1619 optionem
2720 1551 2973 1616 dederit,
3025 1560 3087 1606 ut
3114 1550 3348 1606 duorum
3377 1550 3610 1606 alterum
3653 1552 3735 1606 fa-

2156 1638 2321 1703 ciant,
2349 1649 2443 1695 aut
2481 1639 3173 1705 saeriticentdaemonibus,
3202 1651 3298 1695 aut
3336 1656 3455 1695 sese
3484 1641 3538 1695 in
3579 1657 3735 1697 mare

2090 1712 2126 1765 Β
2156 1730 2290 1786 dent
2312 1732 2618 1801 praecipites
2646 1750 2658 1785 :
2694 1740 2859 1802 atque
2890 1731 3087 1787 horum
3120 1748 3263 1787 unus
3294 1734 3571 1802 posterius
3594 1734 3738 1788 arri-

2159 1818 2363 1889 puerit,
2389 1820 2759 1890 alacriterque
2793 1820 2851 1874 in
2878 1819 3214 1890 profundum
3255 1819 3556 1885 desilierit;
3592 1821 3737 1877 alter

2157 1923 2290 1962 vero
2307 1918 2565 1962 neutrum
2588 1908 2836 1979 elegerit,
2861 1909 2956 1964 sed
2987 1909 3257 1963 idolorum
3275 1909 3496 1983 quidem
3520 1910 3734 1964 cultum

2156 1997 2362 2067 prioris
2381 1999 2632 2069 exemplo
2657 2001 2954 2070 respuerit,
2976 2002 3216 2071 seipsum
3247 2011 3429 2057 tamen
3474 2001 3735 2079 [luctibus

2158 2107 2271 2145 non
2312 2091 2611 2162 objecerit,
2660 2092 2758 2147 sed
2798 2092 3218 2162 exspectaverit,
3281 2102 3341 2147 ut
3385 2110 3483 2162 per
3522 2094 3630 2147 vim
3661 2094 3733 2147 ab

2159 2182 2266 2237 alio
2289 2194 2652 2255 mergeretur,
2685 2193 2809 2240 uter
2840 2185 3063 2239 illorum
3092 2185 3295 2240 rectius
3322 2184 3519 2239 fecisse
3545 2184 3736 2239 videa-

2160 2280 2284 2339 tur;
2349 2292 2367 2326 ι
2432 2276 2727 2345 respondet
2779 2274 3161 2341 Theodoretus
3227 2276 3446 2331 laudata
3506 2277 3734 2346 quidem

2158 2362 2362 2431 prioris
2425 2365 2741 2430 alacritate,
2802 2365 2900 2420 sed
2950 2365 3275 2435 posterioris
3341 2367 3564 2436 praelata
3623 2366 3739 2420 vir-

2161 2461 2296 2521 tute,
2337 2470 2502 2524 quam
2541 2456 2807 2527 exemplis
2852 2464 3165 2535 sanctorum
3195 2455 3511 2527 Christique
3560 2456 3741 2527 ipsius

2158 2546 2499 2614 comprobat.

2230 2659 2342 2714 VII.
2391 2660 2542 2714 [Iane
2602 2661 3025 2731 responsionem
3079 2670 3306 2717 secutus
3347 2663 3587 2718 lrenzeus
3622 2677 3739 2718 non

2159 2759 2356 2820 sponte
2399 2752 2624 2807 recessit
2647 2768 2680 2807 a
2709 2753 2860 2817 sede,
2912 2754 3011 2809 sed
3041 2755 3397 2823 exspectavit,
3437 2755 3613 2809 donec
3637 2769 3740 2822 per

2158 2841 2273 2894 vim
2303 2841 2614 2911 ejiceretur.
2647 2841 2881 2912 Urgente
2906 2842 3054 2897 enim
3096 2843 3451 2913 imperatoris
3480 2842 3741 2900 mandato

2164 2938 2226 2983 ut
2254 2931 2337 2983 vel
2365 2930 2589 2984 Mariam
2623 2932 2891 3001 virginem
2925 2932 3249 3002 simpliciter
3281 2921 3361 2987 ac
3392 2933 3511 2986 sine
3543 2932 3740 2988 restri-

2088 3036 2130 3094 c
2162 3020 2343 3076 ctione
2399 3020 2685 3090 Deiparam
2743 3022 2972 3088 diceret,
3022 3024 3110 3078 vel
3160 3023 3291 3085 sede
3345 3030 3582 3089 careret,
3641 3038 3741 3094 per

2161 3114 2555 3186 mnigmatieam
2594 3114 2954 3184 quaestionem
2994 3132 3024 3169 a
3065 3116 3415 3175 Theodoreto
3445 3116 3739 3170 consilium

2162 3205 2434 3275 petierat;
2470 3205 2627 3275 petiit
2651 3205 2819 3276 igitur
2854 3204 3074 3260 circiter
3102 3221 3305 3260 annum
3335 3205 3457 3268 M6,
3493 3215 3589 3260 aut
3612 3206 3736 3259 M7.

2162 3295 2431 3360 Penendit
2470 3297 2620 3351 enim
2652 3296 2748 3351 diu
2781 3295 2975 3352 lrenaai
3022 3312 3206 3360 causa,
3268 3306 3328 3351 ut
3361 3296 3640 3365 colligitur
3670 3312 3738 3351 ex

2162 3390 2393 3460 epistola
2416 3389 2500 3443 l6.
3096 3440 3099 3443 ἰ
3601 3461 3604 3465 ,

2232 3482 2366 3536 VIII.
2402 3482 2572 3535 Porro
2601 3489 2784 3537 autem
2810 3482 2868 3535 in
2904 3479 3165 3549 Catalogo
3205 3479 3471 3533 librorum
3517 3478 3738 3550 Syriaca

2162 3572 2347 3643 lingua
2391 3572 2829 3641 conscriptorum
2854 3572 3078 3643 legitur,
3114 3570 3261 3641 apud
3286 3570 3689 3625 Ilebed—Jcsum
3720 3588 3735 3623 :

2170 3683 2189 3715 ι
2224 3664 2462 3719 Irenazus
2493 3662 2691 3733 Tyrius
2720 3663 3024 3733 composuit
3045 3663 3539 3725 ecclesiasticarum
3564 3661 3739 3716 histo-

2162 3756 2368 3810 riarum
2399 3754 2569 3810 libros
2599 3755 2843 3826 quinque
2868 3754 2937 3809 de
2973 3754 3247 3825 ejectione
3294 3754 3570 3820 Nestorii;
3604 3768 3736 3807 ncc-

2161 3862 2276 3903 non
2304 3847 2375 3902 de
2403 3847 2658 3903 omnibus
2704 3847 2772 3901 iis
2815 3861 2938 3915 qua:
2969 3846 3025 3900 in
3077 3845 3185 3899 iilis
3220 3844 3541 3914 regionibus
3574 3852 3737 3914 gesta

2163 3947 2308 3993 sunt.
2350 3956 2369 3989 ›
2409 3938 2644 3993 Dubium
2684 3936 2926 4002 videtur,
2981 3952 3163 3991 annon
3219 3936 3324 3991 iste
3379 3935 3737 3991 historiarum

2163 4029 2399 4099 scriptor
2423 4029 2494 4084 sit
2518 4029 2756 4083 Irenaaus
2809 4029 2920 4092 ille,
2968 4028 3037 4083 de
3082 4010 3201 4097 quo
3226 4042 3410 4081 sermo
3428 4033 3512 4080 est
3544 4044 3558 4078 :
3586 4034 3735 4080 certe

2164 4137 2288 4176 cum
2319 4120 2665 4175 Theodoreto
2688 4120 2839 4174 velut
2878 4119 3072 4189 aequali
3110 4119 3378 4189 jungitur,
3414 4132 3535 4186 qua:
3564 4114 3733 4169 videri

2163 4220 2342 4283 potest
2367 4210 2670 4266 atlirmandi
2708 4212 2892 4266 ratio:
2929 4226 3068 4281 opus
3109 4212 3214 4265 hoc
3246 4208 3487 4264 nondum
3516 4208 3574 4261 in
3624 4206 3734 4261 Eu-

2164 4321 2298 4375 ropa
2324 4304 2505 4359 visura
2534 4312 2639 4366 est,
2675 4304 2823 4374 quod
2858 4304 3082 4374 quidem
3112 4303 3302 4357 sciam.

2619 4415 2862 4486 Epistula
2884 4416 2918 4469 4
2942 4416 3282 4469 heartastica.

2231 4529 2273 4583 Ι.
2304 4528 2522 4583 Nullum
2550 4528 2717 4584 habet
2748 4529 3120 4583 characterem
3146 4527 3260 4582 sive
3287 4527 3436 4593 anni,
3462 4529 3581 4582 sive
3608 4543 3734 4598 per-

2162 4633 2330 4684 sonae,
2366 4620 2529 4675 habet
2564 4619 2886 4674 nonnullum
2928 4617 3074 4684 festi,
3106 4634 3301 4688 nempe
3333 4619 3732 4672 Pentecostes:

2165 4712 2226 4765 ﬁt
2256 4712 2402 4767 enim
2451 4711 2659 4767 mentio
2688 4712 2886 4781 pluviae
2919 4719 3223 4780 opportune
3262 4709 3421 4773 datae,
3452 4724 3578 4764 cum
3610 4723 3734 4763 san-

2167 4803 2471 4858 ctissimum
2498 4805 2698 4858 festum
2723 4812 2998 4873 ageretur.
3030 4802 3296 4872 Optahilis
3327 4816 3461 4856 vero
3489 4801 3735 4872 frugibus

2164 4894 2351 4964 pluvia
2376 4895 2518 4949 solet
2548 4909 2667 4949 esse
2705 4888 2949 4963 tempore
2981 4892 3349 4947 Pentecostes.

2234 4985 2300 5040 ll.
2333 4985 2562 5039 Ficbant
2599 5000 2768 5054 porro
2797 4984 3073 5039 festivales
3117 4984 3474 5039 salutationes
3505 4983 3561 5037 in
3587 4981 3736 5037 festis

2166 5067 2501 5133 solemnibus
2524 5116 2537 5140 ,
2586 5090 2721 5145 quas
2750 5076 2940 5143 ἑορτὰς
2967 5076 3234 5146 κυριακὰς
3259 5076 3272 5093 ⁸
3300 5072 3475 5129 (ἔταξςὶ
3503 5080 3731 5139 vocant;

2169 5166 2486 5237 nontamen
2529 5166 2585 5219 in
2624 5166 2900 5225 omnibus.
2940 5164 3035 5220 sed
3081 5165 3136 5218 in
3194 5165 3481 5235 praecipuis
3541 5165 3733 5229 tribus,

2171 5257 2541 5327 Theophanis,
2587 5257 2849 5311 Paschate
2903 5265 2958 5311 et
2994 5257 3333 5312 Pentecoste.
3370 5254 3736 5327 Theophanis:

2170 5350 2412 5414 nomine,
2442 5356 2707 5418 quantum
2733 5348 2844 5404 huc
2873 5348 3129 5419 pertinet,
3154 5348 3503 5403 Nativitatcm
3533 5346 3733 5403 Christi

2169 5450 2227 5495 et
2258 5441 2618 5511 Epiphaniam
2654 5440 3159 5511 compicctebantur
3212 5458 3223 5494 :
3272 5440 3738 5509 quemadmodum

1838 5595 2155 5655 SCIICLZII
2193 5593 2421 5650 NOTAE.

563 5670 606 5703 ⁵⁸³
639 5669 752 5725 Vici.
778 5685 960 5743 supra,
992 5688 1045 5743 p.
1076 5672 1198 5727 9.76.
