3952 6294
148 273 248 338 25⁸1

1311 274 1407 336 DE
1447 272 1702 335 LIBRIS
1737 269 2245 335 THEGDORETI.

3290 284 3393 346 253

152 391 372 448 nomine
427 389 708 446 Paschalis
776 389 1035 459 pratviam
1090 388 1440 459 passionem;
1498 387 1720 443 nomine

1838 384 2009 439 τέόεια
2025 386 2176 457 ὑμῶν
2190 387 2347 459 δυσχε
2357 371 2669 461 patveuetc.
2683 392 2832 458 Qum,
2852 391 3067 461 opinor,
3084 391 3222 446 verti
3235 408 3394 463 opor-

153 470 527 548 Pentecostes,
562 480 849 551 ἀνάληψιν,
877 481 991 536 sive
1017 481 1410 536 ascensionem.

220 572 310 628 ιιι.
343 573 642 643 Praecipua
693 587 821 627 vero
864 580 923 626 et
967 586 1065 641 per
1116 571 1491 626 excellentiam
1544 570 1726 641 ἑορταὶ

156 665 415 737 κυριακαὶ
460 665 807 729 dicebantur,
832 664 918 718 vel
947 678 1015 718 eo
1051 665 1282 718 maxime
1303 703 1317 727 ,
1354 663 1499 733 quod
1527 661 1727 717 Orien-

158 758 225 813 tis
244 772 400 812 more
453 756 716 812 solemnis
743 755 1049 825 baptismus
1079 756 1135 809 in
1182 757 1314 826 ipsis
1333 755 1723 810 celebraretur.

160 848 287 905 Vide
312 849 622 902 orationem
651 844 1028 916 Chrysostomi
1063 847 1132 900 de
1164 857 1355 902 sancto
1373 845 1722 916 Philogonio,

159 944 211 990 et
236 935 457 990 tertiam
478 934 662 991 Procli
693 933 761 988 de
792 934 1191 989 lncarnatione.

596 1046 837 1119 Epistola
871 1047 903 1104 5
928 1050 1264 1103 heortastica.

219 1161 447 1216 Nullum
473 1161 624 1225 anni,
653 1160 891 1229 aliquem
920 1159 1043 1215 festi
1064 1173 1417 1230 personaeque
1449 1159 1728 1216 characte-

161 1268 269 1308 rem
315 1253 563 1309 exhibet.
602 1252 832 1307 Videtur
886 1252 1033 1306 enim
1082 1250 1282 1321 scripta
1338 1251 1393 1304 in
1435 1250 1727 1305 Nativitate

157 1344 377 1409 Christi,
409 1359 523 1413 quo
552 1352 798 1414 tempore
825 1363 843 1393 ε
872 1344 1015 1399 Deus
1048 1342 1194 1397 curis
1220 1342 1383 1413 308
1408 1341 1730 1412 angoribus-

158 1452 257 1507 que
281 1436 487 1491 nostris
508 1432 849 1491 occasionem
872 1432 1262 1488 consolationis
1282 1432 1668 1501 suppeditavit.
1701 1449 1719 1482 ›

156 1521 382 1577 Videtur
432 1521 597 1576 etiam
636 1521 702 1574 ad
756 1521 1023 1575 illustrem
1070 1521 1248 1574 virum
1280 1522 1483 1585 missa,
1529 1520 1728 1590 quippe

156 1628 312 1682 quem
356 1610 776 1683 magniﬁcentia:
819 1611 1039 1665 nomine
1087 1611 1377 1680 compellat
1419 1628 1433 1665 :
1481 1611 1729 1680 suspicor

158 1702 319 1758 fuisse
346 1701 669 1773 praefectum
697 1700 1008 1773 Cyresticte,
1041 1710 1136 1756 aut
1163 1703 1327 1757 etiam
1356 1701 1614 1759 Orientis.

585 1812 829 1884 Epistola
852 1813 885 1869 6
914 1814 1251 1869 hcortastica.

220 1927 458 1983 Videtur
483 1929 650 1983 missa
676 1934 801 1997 post
824 1925 1115 1980 Paschales
1139 1925 1260 1979 dies
1285 1942 1297 1978 :
1331 1924 1411 1979 illi
1439 1924 1587 1980 enim
1623 1922 1732 1978 fre-

156 2020 419 2091 quentius
462 2036 495 2074 a
530 2018 873 2074 Theodoreto
930 2018 1192 2073 dicuntur
1242 2017 1527 2071 salutares.
1566 2014 1730 2070 Certe

158 2113 325 2168 festos
358 2114 484 2168 dies
509 2112 685 2183 egisse
712 2126 771 2166 se
796 2127 923 2166 cum
960 2111 1164 2181 populo
1192 2125 1292 2165 suo
1313 2109 1439 2180 Cyri
1459 2108 1657 2163 innuit.

329 2221 578 2294 Epistula
611 2223 641 2276 7
671 2220 1045 2287 consolatoria,
1077 2221 1145 2274 ad
1172 2218 1517 2274 Theonillam.

220 2336 441 2391 Nullam
483 2335 648 2391 habet
686 2335 812 2389 anni
857 2342 1076 2401 notam;
1115 2349 1362 2405 persona:
1399 2349 1531 2391 vero
1580 2333 1729 2388 illam

158 2427 453 2491 duntaxat,
494 2443 600 2497 qua
653 2427 973 2501 designatur
1008 2426 1234 2481 illustris
1268 2425 1491 2490 femina,
1538 2424 1730 2495 pietati

159 2519 360 2584 dedita,
396 2519 500 2573 viri
549 2519 1075 2591 magniﬁcentissimi
1107 2535 1264 2585 uxor,
1297 2520 1454 2590 cujus
1494 2518 1549 2573 in
1573 2517 1727 2574 obitu

157 2611 550 2667 consolatorias
570 2612 952 2669 Theodoretus
982 2612 1074 2667 dat
1096 2612 1327 2666 litteras.

155 2720 396 2793 Epistola
427 2722 461 2777 8
497 2721 853 2777 consolatoria
873 2721 1035 2776 simul
1059 2740 1121 2777 ac
1151 2722 1490 2786 heortastica,
1521 2716 1593 2773 ad
1623 2717 1733 2773 Eu-

807 2793 1105 2863 graphium.

222 2903 267 2957 l.
295 2902 496 2959 Certus
522 2913 607 2961 est
637 2905 897 2975 temporis
916 2906 1202 2963 character
1223 2949 1240 2976 ,
1292 2907 1420 2966 data
1458 2911 1731 2982 siquidem

156 3004 240 3051 est
256 3004 380 3065 post
400 2997 671 3052 alteram:
705 3017 722 3049 ι
756 2996 1229 3067 Supervacaneum
1251 2999 1392 3056 duco
1430 3003 1755 3072 spiritualia

156 3087 355 3142 iterum
391 3087 637 3142 remedia
681 3087 859 3143 dolori
898 3088 1182 3145 adhibere.
1226 3109 1246 3143 ι
1295 3092 1422 3151 Haec
1449 3102 1631 3149 autem
1655 3096 1734 3150 al-

156 3186 298 3242 tera,
337 3194 460 3247 quae
486 3179 668 3234 alieno
704 3180 825 3235 loco
856 3181 1056 3250 posita,
1085 3182 1420 3253 sexagesima
1449 3200 1594 3240 nona
1627 3202 1730 3240 nu-

156 3281 419 3334 meratur,
467 3270 671 3341 scripta
720 3280 844 3337 est,
894 3288 1005 3342 quo
1056 3283 1301 3343 tempore
1347 3270 1731 3341 Theodoretus

155 3361 279 3433 Cyri
318 3361 671 3417 detinebatur
691 3362 735 3393 ⁸¹
765 3380 778 3415 :
815 3382 833 3414 ι
862 3364 976 3418 Nisi
1000 3380 1088 3419 me
1122 3367 1471 3423 necessitatis
1508 3369 1728 3425 vincula

158 3455 537 3518 retinuissent,
562 3456 919 3511 accurrissem
942 3472 973 3511 c
989 3457 1220 3527 vestigio
1239 3458 1403 3513 simul
1422 3474 1489 3515 ac
1514 3460 1584 3517 de
1617 3476 1733 3517 ma-

156 3542 339 3611 gniﬁci
370 3557 436 3605 ac
475 3541 697 3613 gloriosi
743 3542 990 3614 conjugis
1036 3545 1117 3599 tui
1149 3545 1480 3602 dormitione
1527 3562 1732 3618 cogno-

157 3628 232 3697 vi',
260 3652 278 3684 ι
311 3642 422 3689 etc.

227 3725 292 3779 ll.
325 3725 623 3795 Epistolam
656 3726 780 3781 dico
824 3726 1243 3789 consolatoriam
1276 3730 1436 3785 simul
1473 3738 1531 3785 et
1566 3730 1733 3787 lieor-

158 3817 406 3871 tasticam
443 3817 649 3872 :missa
695 3817 841 3871 enim
875 3827 959 3873 est
997 3829 1120 3888 post
1160 3820 1467 3889 passionem
1488 3820 1719 3877 Christi.

162 3926 181 3960 ι
221 3907 397 3971 Unde,
448 3907 625 3976 inquit
650 3905 719 3972 ⁸³,
762 3907 979 3973 sullicit,
1028 3910 1113 3964 vel
1151 3910 1217 3965 ad
1259 3925 1530 3966 summam
1563 3912 1733 3968 tristi-

159 3998 287 4052 tiam
318 3997 712 4068 protligandam
758 3999 1080 4055 salutarium
1117 4001 1461 4057 cruciatuum
1494 4003 1609 4058 sola
1639 4019 1734 4059 re—-

156 4089 405 4147 cordatio
432 4107 447 4141 :
476 4106 576 4159 pro
598 4098 792 4145 natura
810 4091 958 4146 enim
980 4092 1219 4146 humana
1235 4092 1292 4146 hi
1319 4093 1562 4163 suscepti
1579 4104 1731 4152 sunt.

156 4182 386 4237 Mortem
420 4182 568 4236 enim
603 4183 868 4239 Dominus
896 4182 1203 4249 destruxit,
1260 4200 1371 4240 non
1429 4195 1491 4241 ut
1530 4201 1731 4257 corpus

162 4290 327 4328 unum
377 4273 447 4329 de
472 4282 649 4329 morte
688 4274 1055 4344 triumphasse
1112 4275 1464 4340 ostenderet,
1510 4278 1609 4333 sed
1670 4286 1734 4332 ut

1831 476 1954 541 tuit,
1975 477 2154 532 Pietas
2183 488 2353 532 vestra
2372 481 2704 550 indignatur,
2730 491 2836 537 etc.
2865 483 3051 552 Neque
3081 481 3229 537 enim
3260 484 3397 537 solet

1826 565 2207 624 Theodoretus
2257 570 2451 639 plurali
2486 588 2725 627 numero
2770 589 2869 643 pro
2917 574 3183 644 singulari
3230 576 3311 628 uti
3337 576 3396 630 in

1827 659 2141 729 hujusmodi
2183 661 2339 716 locis.
2381 662 2643 732 Suspicor
2671 664 2837 729 hunc,
2876 666 2942 719 ad
2970 681 3131 735 quem
3159 666 3394 731 scribit,

1825 765 1947 805 esse
1996 751 2249 822 Alypium
2302 753 2694 808 monachorum
2727 755 3021 827 Cyresticm
3058 756 3231 810 totius
3261 772 3395 827 pro-

1824 841 2038 908 vinciae,
2061 851 2155 896 aut
2178 854 2329 898 certe
2347 844 2475 915 Cyri
2504 845 2820 902 exarchum.

1828 954 2071 1025 Epistola
2101 956 2168 1010 10
2196 960 2632 1015 commendatitia
2652 1002 2666 1027 ,
2700 960 2769 1015 ad
2798 959 2977 1015 Eliam
3010 960 3394 1016 scholasticam.

1896 1070 2087 1125 Datam
2156 1078 2373 1140 oportet
2419 1081 2538 1142 post
2585 1089 2786 1128 annum
2827 1074 2953 1129 445.
3013 1074 3201 1144 Neque
3250 1075 3396 1129 enim

1828 1162 2210 1218 Theodoretus
2232 1173 2356 1219 ante
2380 1165 2485 1219 hoc
2506 1174 2720 1236 tempus
2741 1175 2837 1221 aut
2865 1166 2919 1221 in
2936 1168 3026 1237 jus
3062 1183 3094 1222 a
3123 1182 3397 1236 quoquam

1825 1261 2053 1307 vocatus
2091 1261 2195 1317 est,
2240 1264 2335 1308 aut
2369 1255 2623 1325 cuiquam
2659 1257 2897 1311 intendit
2920 1257 3107 1321 litem;
3158 1257 3270 1311 imo
3296 1272 3399 1311 nec

1830 1340 1972 1395 ullus
1994 1341 2246 1414 Cyrensis
2269 1343 2525 1400 Ecclesiae
2557 1346 2809 1410 clericus,
2833 1355 2894 1400 ut
2912 1347 3188 1416 expressis
3214 1347 3402 1402 verbis

1827 1432 1989 1504 309
2017 1435 2264 1489 scribens
2286 1436 2354 1488 ad
2377 1437 2610 1497 Nomum
2632 1438 2910 1491 consulem
2939 1438 3186 1492 tradit”.
3213 1438 3272 1492 lu
3299 1438 3401 1492 hac

1831 1532 2011 1585 tamen
2054 1526 2287 1595 cpistola
2331 1528 2681 1585 manifestum
2724 1537 2827 1593 est,
2874 1529 3132 1585 Abraami
3177 1530 3395 1584 cuidam

1826 1614 2088 1671 Ecclesiae
2105 1615 2363 1688 Cyrensis
2387 1618 2751 1690 depraedatori
2786 1620 2936 1675 litem
2961 1621 3078 1676 ﬁeri
3103 1621 3247 1691 apud
3273 1637 3403 1691 pra:-

1756 1715 1804 1775 B
1831 1706 2031 1762 fectum
2054 1708 2292 1765 Orientis
2316 1711 2620 1766 Antiochiae
2646 1712 3001 1777 residentem,
3047 1722 3103 1769 et
3145 1712 3400 1768 advocari

1832 1797 2008 1853 Eliam
2053 1801 2460 1866 scholasticam,
2503 1812 2561 1867 ut
2601 1820 2820 1858 causam
2865 1804 3034 1860 dicat.
3076 1804 3209 1870 Quis
3238 1819 3403 1874 porro

1829 1889 1998 1945 fuerit
2033 1890 2350 1955 Abraames,
2378 1904 2474 1947 aut
2494 1894 2618 1963 quis
2648 1895 2812 1959 Elias,
2839 1895 3135 1950 obscurum
3156 1903 3261 1959 est,
3292 1894 3400 1949 nisi

1830 1981 1975 2050 quod
2001 1983 2091 2035 ille
2142 1982 2583 2051 improbissimus
2622 1986 2808 2050 fuerit,
2861 1986 2964 2040 iste
2996 1986 3141 2055 juris
3162 1993 3219 2041 et
3265 1984 3403 2041 artis

1830 2074 2087 2128 oratoria:
2106 2074 2333 2143 peritus.

1831 2207 2071 2279 Epistola
2108 2210 2167 2263 Η
2206 2210 2562 2281 gratulatoria
2595 2213 2664 2266 ad
2690 2212 3002 2265 Flavianum
3028 2210 3401 2266 Constantino-

2284 2281 2585 2349 politanum
2624 2284 2938 2352 episcopum.

1900 2367 1939 2420 1.
1968 2368 2309 2424 Manifestum
2337 2371 2499 2426 habet
2522 2373 2648 2426 anni
2668 2380 2723 2426 ct
2746 2386 2990 2441 personae
3009 2371 3399 2426 characterem.

1831 2459 2209 2535 Theodoretus
2257 2462 2403 2517 enim
2469 2463 2727 2518 Flaviano
2784 2463 3093 2533 gratulatur
3144 2461 3402 2531 adeptum

1831 2551 1986 2607 urbis
2023 2552 2183 2622 regite
2206 2553 2602 2623 episcopatum,
2634 2555 2690 2607 in
2718 2558 2735 2573 ‘
2760 2569 2924 2623 quem
2961 2553 3225 2610 successit
3266 2553 3403 2607 Pro-

1831 2642 1936 2708 cl'o,
1989 2643 2082 2713 qui
2132 2644 2277 2699 diem
2313 2652 2620 2701 extremum
2663 2646 2859 2702 clausit
2891 2660 3036 2701 anno
3063 2646 3187 2713 447,
3219 2645 3307 2700 die
3333 2646 3405 2701 24

1830 2732 2100 2791 Octobris.

1901 2825 1966 2881 ll.
2019 2826 2097 2881 De
2133 2827 2409 2891 Flaviano,
2457 2828 2550 2897 qui
2604 2838 2727 2897 post
2776 2827 3171 2897 depositionem
3212 2844 3243 2883 a
3273 2829 3404 2884 Dio-

1832 2933 1990 2976 scoro
2030 2919 2086 2975 in
2108 2919 2414 2974 latrocinali
2438 2920 2670 2975 concilio
2696 2920 2914 2984 factum,
2947 2921 3117 2974 nobili
3144 2922 3407 2991 martyrio

1833 3009 2123 3065 defunctus
2168 3018 2273 3074 est,
2298 3010 2514 3080 egimus
2555 3010 2768 3079 prolixe
2805 3010 2865 3063 in
2886 3010 3035 3064 notis
3066 3010 3134 3064 ad
3163 3009 3403 3066 Liberati

1852 3102 2208 3159 Breuiarium.

1904 3193 1993 3249 lli.
2023 3193 2181 3248 Nunc
2209 3192 2452 3248 breviter
2483 3190 2715 3247 dicenda
2737 3192 3011 3249 sententia
3045 3193 3113 3248 de
3147 3192 3405 3261 quaestio-

1830 3284 1996 3341 nibus
2032 3285 2267 3349 duabus,
2318 3299 2473 3354 quas,
2497 3284 2701 3339 eruditi
2745 3293 2968 3339 movent
3002 3302 3015 3336 :
3063 3289 3198 3353 quot
3234 3298 3407 3337 annos

1831 3390 2028 3447 nempe
2070 3376 2362 3430 Flavianus
2393 3375 2618 3439 sederit,
2661 3376 2756 3429 ubi
2783 3383 2841 3429 et
2861 3375 3079 3445 quando
3105 3375 3176 3430 sit
3206 3374 3404 3430 defun-

1831 3474 1973 3521 ctus.
2032 3464 2137 3521 Sed
2190 3465 2346 3534 prius
2396 3465 2738 3520 observanda
2795 3465 2938 3527 duo,
2992 3466 3246 3530 alterum,
3299 3481 3407 3534 qua

1832 3556 2212 3612 Theodoretus
2233 3563 2351 3610 arte
2374 3555 2690 3611 Flavianum
2712 3556 2918 3619 laudet;
2947 3556 3025 3609 ait
3045 3556 3192 3611 enim
3210 3594 3226 3618 ,
3265 3575 3284 3606 ι
3304 3556 3406 3610 ob-

1831 3663 2047 3704 scuram
2093 3656 2311 3702 noctem
2354 3646 2410 3700 in
2456 3663 2649 3715 puram
2700 3649 2989 3703 meridiem
3035 3648 3107 3702 ab
3138 3648 3255 3718 ipso
3282 3655 3405 3702 tan-

1830 3752 1993 3807 quam
2041 3736 2345 3792 clarissimo
2384 3737 2535 3791 orbis
2576 3737 2786 3792 lumine
2835 3753 3178 3793 conversam.
3212 3756 3230 3788 ›
3286 3735 3408 3803 Quo

1831 3825 1981 3880 dicto
2028 3825 2248 3879 videtur
2289 3824 2451 3879 tacite
2490 3824 2744 3878 Proclum
2781 3839 3033 3895 arguere,
3060 3822 3215 3892 quasi
3241 3837 3408 3879 vexa-

1830 3917 1998 3973 tionis
2024 3932 2136 3971 sute
2153 3924 2432 3971 auctorem
2459 3931 2474 3978 ;
2509 3915 2712 3984 quippe
2739 3916 2832 3983 qui
2880 3934 2899 3966 ί
2929 3914 3171 3969 humano
3197 3920 3408 3967 terrore

1831 4006 2108 4064 cohibitus
2131 4005 2221 4070 sit,
2256 4020 2326 4059 ne
2376 4019 2477 4073 pro
2521 4004 2855 4073 evangelicis
2903 4002 3250 4072 dogmatibus
3298 4002 3410 4055 ala-

1831 4100 2000 4155 criter
2047 4098 2356 4155 dimicaret.
2391 4114 2410 4147 )
2456 4094 2652 4149 Proclo
2696 4102 2847 4148 certe
2896 4109 3005 4147 non
3060 4091 3410 4161 tequissimus

1833 4191 2213 4245 Theodoretus
2257 4188 2394 4247 fuit.
2451 4185 2820 4254 Mopsuesteni
2874 4182 3151 4239 Theodori
3206 4197 3407 4247 causa,

1832 4296 1996 4350 quem
2026 4287 2082 4333 et
2109 4277 2486 4333 Theodoretus
2516 4274 2823 4344 deperibat,
2848 4279 2905 4327 et
2934 4272 3160 4327 Proclus
3205 4272 3409 4342 scripto

160 4380 508 4425 communem
540 4380 639 4434 per
664 4365 798 4420 illud
820 4366 1275 4425 resurrectionem
1308 4376 1612 4437 praestaret,
1646 4377 1731 4422 at—
1762 4384 1810 4441 ι)
1837 4370 1905 4426 ad
1925 4370 2191 4424 Armenes
2221 4374 2369 4421 tomo
2395 4364 2794 4420 confutaverat.

159 4472 266 4526 que
315 4456 457 4510 hanc
503 4456 667 4511 nobis
706 4471 858 4525 spem
908 4454 1119 4511 ﬁrmam
1143 4458 1434 4528 prazberet.
1465 4455 1620 4524 Quod
1658 4460 1727 4525 si,

158 4564 283 4605 cum
309 4549 512 4604 divina:
548 4548 877 4603 festivitates
899 4548 1268 4603 omnimodam
1301 4550 1732 4605 consolationem

157 4642 359 4697 afferre
393 4641 626 4705 soleant,
679 4640 915 4696 tristitia:
965 4639 1213 4695 dolorem
1257 4656 1368 4696 non
1414 4655 1694 4711 expugnas
1717 4681 1732 4709 ,

160 4729 393 4793 suadeo,
436 4748 454 4781 ι
500 4737 605 4784 etc.

1904 4459 1990 4515 IV.
2036 4457 2305 4518 Alterum,
2346 4455 2549 4508 mirum
2595 4452 2793 4518 videri,
2847 4468 2945 4508 cur
2990 4451 3242 4522 epistola,
3288 4468 3411 4523 quae

1830 4560 1940 4608 tam
1974 4556 2162 4619 aperta
2190 4546 2454 4615 temporis
2476 4553 2605 4600 nota
2632 4544 2862 4615 insignis
2890 4553 2994 4609 est,
3036 4546 3153 4601 visa
3202 4544 3273 4600 sit
3318 4545 3409 4599 ni-

1831 4640 2129 4698 hilominus
2154 4637 2387 4693 Baronio
2429 4637 2631 4707 scripta
2664 4645 2788 4707 post
2813 4637 3157 4692 latrocinium
3183 4636 3411 4705 Ephesi-

1831 4748 1965 4789 num
1990 4738 2083 4798 ;et
2109 4729 2234 4785 ideo
2259 4729 2315 4782 in
2344 4729 2677 4793 columnam,
2713 4729 2862 4782 velut
2892 4727 3257 4797 epitaphium,
3289 4742 3412 4782 san-

156 4843 409 4915 Epistola
442 4840 476 4894 9
507 4841 788 4910 familiaris
815 4840 977 4896 simul
1007 4849 1057 4894 et
1096 4841 1444 4912 apologetica,
1493 4842 1563 4895 ad
1607 4860 1738 4897 ano-
1840 4834 1932 4880 (⁵ιο
1974 4820 2198 4915 manili
2245 4818 2871 4915 illeid‘fndamiscripfff
2902 4818 3049 4873 enim
3081 4829 3167 4873 θεῖ
3196 4817 3412 4874 duom“

804 4927 1055 4983 nymum.»
1133 4908 1141 4912 ⁷
1257 4908 1273 4912 ⁷
1842 4913 2200 4993 ferme-annis
2227 4918 2351 4966 ante
2377 4909 2647 4979 ejusmodi
2674 4908 2991 4964 concilium.

228 5004 555 5059 Deditanno
578 5004 701 5069 449,
731 5004 834 5058 sub
864 5004 1050 5066 tinem,
1087 5010 1377 5072 postquam
1418 5003 1633 5059 audivit
1667 5005 1735 5061 de
1914 5006 1977 5059 ν.
2029 5004 2111 5059 De
2151 5002 2328 5064 annis,
2348 5001 2570 5070 vquibus
2602 4999 2892 5053 Flavianus
2918 4996 3079 5065 sedit,
3112 5004 3414 5069 pugnantes

160 5096 432 5152 sententia
469 5096 525 5149 in
561 5094 866 5150 latrocinali
917 5094 1151 5150 concilio
1185 5093 1244 5147 in
1276 5108 1335 5149 se
1364 5092 1490 5148 data
1517 5109 1531 5146 :
1558 5094 1735 5150 amico
1843 5105 1973 5160 sunt
1994 5103 2279 5151 auctorum
2299 5091 2604 5148 sententiae.
2630 5091 2737 5147 Alii
2761 5091 3046 5146 biennium
3096 5099 3155 5145 et
3195 5104 3414 5145 menses

161 5187 330 5253 enim,
354 5196 452 5242 aut
472 5187 779 5241 amicorum
806 5185 976 5239 οωιυί
998 5185 1201 5254 potius,
1238 5184 1494 5255 injuriam
1529 5185 1734 5242 illatam
1836 5183 2027 5241 decem
2047 5180 2254 5237 sedisse
2277 5186 2528 5235 asserunt
2553 5196 2567 5245 ;
2599 5178 2691 5234 alii
2718 5194 2922 5234 annum
2951 5177 3214 5234 duntaxat
3241 5194 3412 5237 unum

162 5293 302 5346 aegre
332 5276 556 5341 fcrenti,
576 5275 896 5346 respondet,
927 5290 1027 5330 sua
1055 5290 1116 5330 se
1140 5274 1455 5329 innocentia
1482 5282 1537 5330 et
1563 5275 1737 5330 divini
1839 5289 1963 5329 cum
1986 5271 2176 5327 decem
2211 5269 2512 5325 mensibus.
2546 5268 2605 5324 In
2625 5269 2812 5339 priore
2841 5270 3101 5339 opinione
3124 5277 3414 5329 versantur

158 5368 347 5439 iudicii
368 5384 467 5439 spe
503 5367 819 5423 consolans:
845 5367 988 5432 Dixi,
1035 5372 1129 5421 aut
1149 5367 1440 5421 amicorum
1461 5368 1615 5420 coetui
1641 5384 1737 5438 ρο·-
1837 5364 2126 5428 Baronius,
2175 5361 2446 5418 Antonius
2495 5361 2824 5428 Ricbardus,
2878 5370 2937 5416 et
2982 5361 3296 5418 Bollandus.
3350 5362 3414 5420 ln

161 5461 281 5516 tius.
308 5460 369 5516 1d
390 5458 545 5516 enim
571 5457 874 5514 ostendunt
911 5457 1099 5528 priora
1132 5456 1299 5513 verba
1330 5474 1343 5511 :
1392 5457 1457 5511 Ἡ
1498 5459 1595 5529 μὲν
1625 5459 1740 5515 θεο-
1840 5455 2146 5528 posteriore
2175 5454 2378 5511 Menses
2405 5452 2743 5521 Graecorum,
2786 5453 3053 5511 Maximus
3072 5453 3409 5527 Cytheraeus,

1492 5599 1809 5658 SCIIULZII
1846 5597 2078 5657 NOTAE.

227 5719 268 5753 ⁸¹
297 5718 480 5791 Epist.
505 5717 597 5773 69.
676 5718 720 5751 "
752 5717 923 5787 Epist.
950 5716 1002 5772 8.
1081 5717 1126 5750 ³³
1150 5715 1323 5787 Epist.
1364 5717 1453 5774 81.
