3952 6294
574 231 678 294 259

1692 220 2068 280 GAR‘NERII
2107 222 2599 283 DISSE‘RT‘ATIO
2638 222 2718 281 II.

3703 219 3806 286 260

573 336 914 406 Nicephorus
943 331 1598 402 Constantinopolitanus,
1638 329 1940 397 Cedrenus,
1983 331 2144 384 Peta-
2177 347 2218 401 Α
2247 332 2447 388 illustri
2494 333 2816 404 martyrium
2855 329 3104 402 perfecit,
3132 336 3438 400 pugnantes
3460 329 3657 386 iterum
3681 344 3803 388 sunt

573 442 718 483 νιιιε.

642 517 729 573 Vl.
754 519 828 571 De
849 516 1130 570 mensibus
1163 514 1351 569 decem
1378 528 1524 568 nunc
1547 527 1742 567 omnes
1773 511 2146 574 consentiunt,

575 617 864 678 prepterea
902 606 1047 676 quod
1095 605 1385 659 Flavianus
1429 605 1716 659 ordinatus
1747 611 1832 659 est
1852 605 1954 658 sub
1985 603 2150 657 ﬁnem

576 697 850 761 Octobris,
885 696 1167 764 depositus
1191 695 1278 749 die
1311 695 1523 750 decima
1556 694 1806 764 Augusti.

645 787 757 841 V’ll.
809 786 1046 851 Quaestio
1086 786 1153 839 de
1180 786 1338 840 annis
1364 786 1567 855 pendet
1603 801 1670 839 ex
1697 796 1943 855 tempore
1971 785 2154 840 obitus

577 877 774 942 Procli,
801 877 890 931 cui
913 877 1206 931 Flavianus
1225 877 1508 931 successit.
1541 876 1648 930 Alii
1675 877 1928 930 Proclum
1951 876 2154 930 obiisse

578 967 733 1019 aiunt
764 982 908 1020 anno
942 968 1065 1032 M6,
1102 968 1195 1021 alii
1225 983 1369 1021 anno
1399 969 1502 1021 447
1533 985 1546 1032 ;
1583 975 1748 1037 prout
1777 982 1972 1035 nempe
1999 966 2155 1020 etilli

577 1066 633 1110 et
676 1058 764 1111 isti
797 1060 1044 1112 sentiunt
1078 1059 1146 1112 de
1174 1068 1335 1114 terrm
1357 1068 1528 1123 motu,
1563 1075 1672 1128 quo
1693 1057 2155 1125 Constantinopo-

577 1147 648 1201 lis
669 1163 934 1204 concussa
981 1157 1084 1214 est,
1127 1150 1333 1219 quique
1384 1150 1580 1204 Proclo
1633 1149 1855 1202 vivente
1907 1147 2154 1217 contigit.

581 1237 759 1292 Motus
803 1239 892 1292 ille
924 1255 952 1292 a
983 1239 1206 1293 Petavio
1246 1239 1469 1308 ponitur
1489 1255 1630 1292 anno
1653 1240 1776 1303 M7,
1799 1239 1855 1291 in
1885 1254 1993 1308 quo
2015 1238 2158 1291 Mar-

580 1329 840 1383 cellinum
869 1338 924 1384 et
953 1330 1380 1384 Alexandrinum
1417 1330 1579 1398 310
1610 1328 1923 1382 Chronicon
1968 1327 2157 1395 sequi—

582 1429 672 1474 tur
703 1437 718 1472 :
747 1423 974 1490 ponitur
1002 1437 1031 1474 a
1058 1421 1293 1475 Baronio
1331 1437 1474 1475 anno
1496 1423 1619 1482 446,
1654 1421 1748 1474 ubi
1773 1436 1874 1490 pro
1896 1434 1973 1484 se,
2011 1418 2159 1488 quod

582 1510 784 1563 mirum
817 1518 920 1573 est,
955 1519 1010 1564 et
1037 1521 1227 1563 contra
1259 1510 1421 1563 ﬁdem
1457 1510 1730 1573 codicum,
1781 1508 2157 1563 Marcellinum

585 1600 792 1653 laudat.
827 1599 1126 1654 Sententiae
1183 1599 1350 1668 priori
1400 1598 1788 1652 adhazrendum
1839 1605 1992 1666 puto,
2043 1603 2158 1649 tum

2248 423 2576 492 scriptorum
2627 422 2928 477 sententiae.
2965 419 3212 475 Tradunt
3250 421 3397 475 enim
3452 420 3543 473 alii
3589 419 3646 475 in
3693 421 3803 490 ipso

2249 512 2439 582 synodi
2461 513 2582 565 loco
2616 510 2962 564 interfectum
2994 525 3114 563 esse
3137 525 3167 562 a
3194 509 3454 563 Barsuma
3477 517 3534 562 et
3560 509 3672 563 suis
3694 525 3803 563 mo-

2250 603 2441 658 nachis
2469 620 2483 669 ;
2513 604 2603 658 alii
2627 611 2748 672 post
2784 601 3024 656 triduum
3064 617 3129 655 ex
3160 601 3396 670 acceptis
3441 601 3614 669 plagis
3653 600 3805 654 inter-

2251 696 2421 762 iisse;
2483 696 2574 750 alii
2631 697 2686 749 in
2747 695 2834 749 via
2892 695 2958 749 ad
3011 695 3344 765 llypaepense
3411 693 3663 748 exsilium
3713 694 3806 748 ob-

2253 787 2380 841 iisse
2411 803 2425 852 ;
2465 787 2578 851 alii,
2612 795 2896 856 postquam
2924 786 3187 856 Hypaepas
3206 786 3507 855 ‘pervenit,
3536 786 3805 840 calamita-

2252 879 2400 932 tibus
2429 886 2486 933 et
2517 879 2754 933 miseriis
2792 879 3040 932 attritum
3077 893 3219 933 esse.
3265 877 3481 932 Veritas
3532 877 3687 933 facile
3733 879 3808 932 di-

2254 970 2426 1024 scitur
2469 985 2534 1024 ex
2588 969 2765 1039 prima
2827 977 2982 1038 parte
3041 967 3259 1022 concilii
3316 967 3805 1034 Chalcedonensis;

2255 1076 2381 1114 nam
2415 1061 2470 1114 in
2511 1061 2739 1129 epistola
2792 1059 2956 1114 Gallae
3007 1059 3258 1113 Placidia:
3305 1060 3374 1114 ad
3429 1059 3807 1123 Theodosium,

2254 1153 2439 1206 vivere
2488 1152 2667 1206 adhuc
2710 1151 3028 1206 Flavianum
3075 1149 3231 1219 311
3274 1151 3617 1219 supponitur.
3657 1171 3674 1201 ‹
3707 1149 3812 1205 Hac

2258 1241 2438 1310 itaque
2466 1241 2638 1311 gratia
2663 1240 3026 1294 mansuetudo
3049 1247 3139 1294 tua
3165 1241 3329 1293 tantis
3346 1237 3522 1294 turbis
3538 1241 3808 1304 resistens,

2257 1331 2541 1386 veritatem
2573 1331 2849 1386 catholicae
2883 1331 3162 1399 religionis
3188 1331 3585 1385 immaculatam
3617 1331 3811 1385 servari

2257 1423 2539 1492 praecipiat
2571 1441 2585 1476 ε
2616 1433 2679 1477 ut
2731 1423 3032 1478 secundum
3065 1423 3294 1477 formam
3340 1433 3397 1479 et
3447 1423 3812 1480 definitionem

2259 1514 2569 1582 apostolicae
2625 1514 2789 1580 sedis,
2841 1530 3004 1584 quam
3024 1523 3079 1568 et
3102 1531 3201 1568 nos
3229 1523 3484 1581 tanquam
3506 1513 3812 1584 praecellen-

2261 1612 2368 1660 tem
2401 1606 2652 1661 similiter
2679 1622 3025 1671 veneramur,
3081 1606 3135 1660 in
3169 1614 3307 1660 statu
3343 1607 3631 1661 sacerdotii
3659 1607 3815 1661 illaeso

581 1692 708 1760 quia
734 1691 972 1760 plurium
1007 1699 1092 1745 est
1131 1691 1610 1759 antiquiorumque
1650 1691 2013 1761 scriptorum;
2047 1698 2160 1742 tum

2264 1709 2516 1754 manente
2553 1716 2651 1770 per
2679 1699 2862 1754 omnia
2894 1698 3170 1763 Flaviano,
3203 1699 3270 1752 ad
3295 1699 3586 1753 concilium
3608 1707 3815 1769 aposto-

581 1785 729 1853 quod
784 1784 1024 1838 rationes
1077 1799 1178 1852 pro
1227 1782 1517 1851 posteriori
1563 1782 1809 1836 adducta:
1852 1781 1942 1834 vix
1997 1781 2157 1850 quid-

583 1887 746 1940 quam
795 1872 1032 1926 habeant
1078 1870 1340 1940 ponderis
1383 1869 1646 1925 adversus
1675 1878 1878 1924 tantam
1911 1878 2156 1924 veterum

583 1964 964 2017 auctoritatem
976 2005 988 2016 .

653 2075 789 2128 Vlll.
830 2075 1088 2129 Momenti
1131 2074 1361 2145 alicujus
1413 2073 1467 2128 id
1517 2088 1684 2126 unum
1728 2073 1903 2132 videri
1957 2081 2156 2142 potest,

582 2163 729 2231 quod
779 2164 1058 2232 profertur
1101 2163 1170 2218 de
1229 2164 1386 2217 annis
1437 2163 1726 2216 duodecim
1769 2163 1915 2218 sedis
1954 2164 2155 2227 Procli,

585 2269 749 2321 quem
786 2263 997 2307 constat
1035 2270 1178 2308 anno
1223 2255 1346 2318 454,
1388 2254 1476 2308 die
1513 2254 1576 2307 12
1601 2253 1825 2322 Aprilis,
1872 2253 1925 2306 in
1978 2254 2158 2308 locum

587 2345 894 2400 Maximiani
934 2346 1242 2399 sutlectum.
1273 2347 1412 2399 Hinc
1459 2345 1604 2398 enim
1643 2343 2011 2409 concluditur,
2065 2345 2162 2400 ob—

590 2436 715 2490 lisse
759 2452 902 2490 anno
933 2438 1056 2491 446.
1088 2438 1292 2491 Verum
1323 2436 1377 2489 id
1413 2436 1591 2504 reipsa
1622 2437 1738 2490 leve
1765 2445 1848 2490 cst
1881 2453 1893 2488 :
1930 2452 2054 2490 nam
2091 2438 2159 2493 de

587 2525 746 2578 annis
769 2526 944 2580 Procli
971 2543 1079 2580 non
1104 2526 1455 2580 consentiunt
1491 2526 1741 2581 historici
1784 2527 1908 2596 ipsi.
1964 2527 2160 2583 Fateor

587 2633 616 2670 a
636 2617 945 2687 Nicephoro
979 2617 1588 2686 Constantinopolitano
1611 2616 1780 2670 tribui
1825 2633 1998 2672 annos
2020 2618 2160 2673 duo-

587 2709 785 2774 decim,
837 2710 950 2764 sive
997 2710 1053 2764 in
1094 2708 1564 2778 Chronographia,
1615 2707 1728 2762 sive
1774 2707 1828 2760 in
1860 2707 2157 2778 Catalogo:

589 2801 754 2854 tribui
809 2801 1014 2869 pariter
1061 2817 1092 2855 a
1141 2801 1493 2870 Theophane,
1545 2815 1668 2853 cum
1724 2800 1914 2853 scribit
1959 2800 2160 2856 obiisse

589 2909 732 2946 anno
782 2892 850 2946 59
906 2891 1238 2956 Theodosii;
1288 2891 1382 2944 sed
1434 2900 1792 2960 prmterquam
1820 2891 1966 2960 quod
1999 2893 2160 2946 unica

509 2995 511 2997 ’
587 2993 672 3040 est
709 2984 1006 3053 Nicephori
1041 2992 1097 3036 et
1133 2983 1484 3052 Theophanis
1521 2982 1849 3036 Menaaorum
1884 2989 1940 3036 et
1972 2983 2159 3036 Meno-

589 3076 856 3145 logiorum
906 3073 1222 3128 Graecorum
1263 3070 1600 3125 auctoritas:
1644 3087 1772 3124 nam
1804 3070 2163 3138 Theophanes

588 3167 957 3236 Nicephorum
984 3165 1252 3232 sequitur,
1285 3164 1486 3218 Menam
1514 3171 1568 3218 et
1589 3162 1970 3234 Martyrologia
1991 3180 2057 3219 ex
2078 3165 2164 3218 his

591 3256 952 3324 scriptoribus
1015 3255 1289 3323 descripta
1346 3262 1520 3318 sunt;
1576 3262 1938 3322 praeterquam
1995 3254 2162 3323 quod,

592 3345 836 3413 inquam,
881 3344 998 3397 haec
1035 3344 1332 3396 auctoritas
1377 3344 1541 3397 unica
1576 3350 1679 3405 est,
1709 3352 1764 3397 et
1786 3344 1948 3396 etiam
1985 3359 2083 3412 per
2107 3359 2166 3398 se

592 3436 744 3489 levis.
770 3435 904 3489 Nam
929 3435 1210 3504 irrepsisse
1233 3449 1480 3488 errorem
1507 3434 1561 3487 in
1581 3450 1871 3489 numerum
1891 3449 2161 3489 annorum

593 3526 738 3595 apud
757 3525 1146 3594 Nicephorum,
1167 3525 1434 3593 legentem
1455 3524 1716 3580 tredecim
1737 3539 1834 3593 pro
1855 3525 2164 3590 duodecim,

593 3635 706 3673 non
765 3627 974 3673 temere
1007 3616 1276 3687 quispiam
1331 3616 1604 3685 opinetur.
1651 3615 1812 3669 Certe
1841 3631 2062 3670 necesse
2083 3624 2165 3669 est

594 3710 754 3764 fateri
793 3719 1074 3779 peccatum
1120 3722 1240 3762 esse
1285 3707 1339 3760 in
1373 3721 1603 3762 numero
1635 3706 1944 3760 mensium:
1986 3722 2164 3775 neque

593 3800 740 3853 enim
789 3809 918 3862 tres,
957 3807 1016 3852 ut
1048 3797 1282 3851 habetur
1327 3796 1469 3866 apud
1493 3811 1586 3850 eos
1609 3796 1700 3864 qui
1731 3795 1984 3863 appellati
2015 3802 2162 3858 sunt,

595 3890 689 3944 sed
726 3905 820 3944 sex
862 3905 985 3943 cum
1031 3889 1322 3942 duodecim
1351 3888 1547 3942 diebus
1580 3887 1688 3941 dici
1723 3886 2050 3940 debuerunt.
2084 3885 2167 3938 Si-

526 3981 529 3983 ’
595 3982 818 4051 quidem
859 3998 889 4036 a
943 3982 1030 4035 die
1082 3981 1149 4034 12
1199 3981 1422 4049 Aprilis,
1456 3994 1563 4048 qua
1592 3978 1681 4030 die
1706 3983 1852 4031 certe
1882 3976 2164 4030 ordinatus

594 4082 677 4128 est
713 4074 957 4136 Proclus,
993 4073 1060 4126 ad
1090 4074 1236 4128 diem
1266 4071 1336 4124 ‘24
1363 4070 1636 4132 Octobris,
1667 4083 1773 4136 qua
1804 4075 2018 4120 constat
2043 4082 2163 4122 esse

595 4164 935 4229 defunctum,
987 4179 1202 4218 menses
1245 4176 1384 4230 quos
1436 4159 1569 4223 dixi,
1596 4158 1822 4227 diesque
1856 4157 2168 4212 interfluxe-

595 4255 722 4309 rint.
765 4254 949 4320 Quare
993 4255 1246 4310 Proclum
1277 4251 1477 4305 obiisse
1499 4264 1642 4303 anno
1675 4249 1798 4314 447,
1831 4249 2038 4304 sedisse
2067 4265 2166 4304 an-

2263 1791 2379 1847 licae
2429 1792 2576 1847 sedis
2616 1791 2881 1862 judicium
2913 1790 3330 1846 transmittatur.
3382 1811 3400 1843 ι
3437 1791 3665 1860 Scripsit
3694 1807 3816 1846 vero

2263 1885 2500 1940 Placidia
2541 1894 2664 1954 post
2707 1884 2851 1938 diem
2902 1885 2966 1938 l8
2991 1884 3331 1955 Novembris,
3371 1883 3548 1946 idest,
3572 1892 3695 1952 post
3719 1893 3819 1938 tres

2263 1990 2479 2030 menses
2522 1991 2552 2028 a
2584 1977 2762 2030 soluto
2787 1975 3020 2028 concilio
3051 1974 3324 2044 Ephesino
3348 1974 3651 2028 latrocinali
3680 1991 3693 2037 ;
3719 1988 3818 2043 quo

2265 2072 2508 2132 tempore
2544 2064 2865 2119 incredibile
2911 2073 3013 2128 est,
3043 2079 3151 2118 non
3179 2063 3345 2118 fuisse
3373 2064 3554 2117 adhuc
3583 2062 3815 2117 auditum

2265 2155 2318 2208 in
2366 2155 2662 2210 Occidente
2701 2156 2767 2210 de
2803 2155 2948 2210 ca~de
2998 2155 3319 2224 patriarchae
3357 2169 3506 2207 novae
3540 2153 3737 2217 Romae,
3775 2151 3816 2204 si

2267 2263 2455 2301 revera
2481 2248 2818 2318 contigisset.
2855 2246 2986 2312 Quis
3011 2246 3156 2300 enim
3192 2245 3293 2299 sibi
3334 2244 3680 2316 persuadeat,
3702 2257 3815 2297 cum

2265 2337 2332 2391 de
2363 2337 2528 2392 rebus
2551 2324 2839 2406 E'phesinis
2867 2342 3274 2405 perstreperent
3306 2333 3510 2398 omnia,
3562 2333 3629 2387 de
3679 2339 3818 2385 tanto

2265 2427 2527 2492 facinore,
2585 2436 2848 2496 quantum
2903 2437 2989 2481 est
3041 2426 3199 2496 regiae
3253 2427 3402 2480 urbis
3463 2423 3814 2494 patriarcham

2265 2518 2547 2583 trucidari,
2593 2519 2677 2572 vel
2731 2497 2948 2581 famam,
2994 2533 3098 2586 qua
3127 2517 3263 2572 nihil
3292 2516 3570 2586 pemicius
3596 2516 3650 2569 in
3678 2513 3817 2568 defe-

2265 2610 2453 2665 rendis
2484 2609 2844 2664 insolentibus
2872 2608 3122 2673 nuntiis;
3164 2608 3246 2661 vel
3291 2608 3499 2661 litteras
3557 2606 3699 2659 ultro
3745 2605 3817 2659 ci-

2266 2708 2458 2769 troque
2489 2699 2556 2752 ad
2589 2699 2978 2767 imperatorum
3007 2697 3159 2750 aulas
3183 2703 3548 2765 permeantes,
3578 2693 3813 2755 siluisse;

2263 2791 2350 2846 vel
2379 2793 2697 2860 Augustam,
2731 2804 2854 2843 cum
2879 2788 2942 2841 ad
2979 2787 3345 2840 Theodosium
3378 2793 3664 2854 parentem
3691 2781 3816 2837 scri-

2264 2881 2440 2942 heret,
2472 2881 2765 2934 relaturam
2792 2878 2962 2931 fuisse
2992 2877 3134 2928 solas
3156 2875 3328 2929 sancti
3359 2873 3562 2927 Leonis
3583 2870 3818 2942 querelas

2264 2971 2333 3025 de
2377 2971 2618 3024 Flaviani
2669 2969 3009 3037 expulsione,
3059 2983 3167 3020 non
3213 2965 3342 3020 item
3383 2965 3449 3017 de
3478 2974 3818 3030 nece,eaque

2267 3071 2374 3116 tam
2399 3061 2617 3115 immani
2645 3070 2700 3114 et
2726 3059 3018 3121 horrenda,
3052 3058 3097 3111 si
3136 3058 3323 3111 Romae
3348 3065 3478 3109 nota
3504 3055 3697 3109 esset?

2339 3154 2401 3207 Χ.
2449 3152 2601 3218 Quod
2638 3152 2682 3206 si
2710 3167 2837 3205 vera
2865 3159 2993 3204 sunt
3032 3151 3156 3212 ista,
3185 3156 3245 3200 ut
3271 3155 3418 3200 certe
3448 3154 3602 3209 sunt,
3635 3145 3817 3198 mirum

2265 3225 2530 3316 quantum
2587 3260 2617 3298 a
2675 3243 2885 3296 ratione
2936 3241 3216 3302 abhorret,
3272 3238 3419 3306 quod
3474 3251 3587 3290 non
3630 3235 3817 3291 nemini

2267 3336 2682 3393 contradicendi
2708 3334 2907 3404 cupido
2942 3348 3050 3387 non
3081 3332 3154 3385 ita
3189 3331 3400 3400 pridem
3428 3331 3580 3384 venit
3603 3331 3656 3383 in
3681 3343 3817 3382 men-

2268 3438 2398 3482 tem.
2446 3429 2681 3482 Litteras
2725 3423 3087 3479 Valentiniani
3114 3431 3169 3477 ct
3191 3423 3556 3492 Augustarum
3588 3438 3696 3475 non
3726 3419 3818 3473 nisi

2267 3525 2391 3586 post
2434 3515 2632 3569 festum
2682 3513 2856 3567 sancti
2885 3513 3053 3575 Petri,
3087 3512 3140 3565 id
3163 3521 3245 3565 cst
3278 3527 3333 3564 ιιι
3364 3511 3480 3564 Kal.
3509 3511 3661 3574 Julii,
3689 3523 3818 3563 anno

2267 3606 2391 3671 450,
2427 3621 2547 3660 esse
2576 3612 2840 3660 exaratas.
2865 3603 3092 3673 Oportet
3116 3603 3262 3656 enim
3295 3617 3326 3656 e
3355 3601 3571 3656 duobus
3605 3601 3818 3654 alterum

2270 3693 2545 3757 accidere,
2577 3708 2773 3761 nempe
2803 3700 2927 3762 post
2959 3691 3212 3744 undecim
3253 3691 3367 3746 fere
3399 3705 3616 3744 menses
3659 3690 3739 3743 vel
3771 3689 3819 3741 in

2266 3783 2559 3838 Occidente
2600 3783 2667 3836 de
2717 3790 2892 3835 morte
2933 3781 3174 3850 episcopi
3222 3789 3383 3836 tanta:
3407 3780 3554 3835 sedis
3577 3778 3819 3835 rescitum

2265 3891 2408 3939 esse,
2469 3875 2558 3928 vel
2612 3873 2793 3928 adhuc
2834 3872 3184 3942 superstitem
3236 3873 3555 3927 Flavianum
3615 3871 3816 3927 vixisse.

2264 3965 2568 4034 Utrumque
2590 3980 2721 4019 vero
2741 3964 2986 4034 prodigio
3013 3965 3188 4019 simile
3216 3971 3317 4018 est.

2336 4057 2429 4110 XI.
2474 4057 2662 4112 Restat
2707 4057 2874 4128 igitur
2898 4067 2960 4111 ut
2998 4056 3286 4110 Flavianus
3317 4055 3590 4126 Hypaepis,
3625 4071 3712 4109 seu
3737 4069 3819 4107 sn—

2268 4152 2613 4221 perveniente,
2639 4165 2732 4204 seu
2755 4151 2957 4220 ingesta
2984 4157 3168 4212 morte,
3214 4147 3509 4202 defunctus
3567 4148 3637 4202 sit
3671 4166 3683 4201 :
3732 4145 3816 4200 sed

2267 4259 2377 4315 quo
2401 4258 2610 4307 mense,
2637 4257 2814 4312 quove
2838 4242 2947 4306 die,
2977 4240 3199 4296 deﬁnite
3244 4256 3407 4295 nemo
3455 4241 3623 4296 tradit
3649 4259 3661 4307 ;
3707 4254 3818 4309 pro-

595 4361 696 4400 nos
736 4345 802 4398 15
845 4360 970 4400 cum
1019 4345 1051 4398 6
1103 4342 1384 4397 mensibus
1423 4349 1479 4395 et
1505 4341 1571 4394 12
1603 4340 1798 4394 diebus
1827 4341 2024 4396 sentio.
2053 4341 2167 4395 lmo
2198 4347 2241 4401 D
2269 4337 2452 4392 habile
2498 4344 2680 4391 tamen
2719 4335 2775 4389 id
2827 4336 3118 4405 contigisse
3165 4333 3255 4388 die
3283 4335 3348 4388 18
3375 4335 3656 4389 Februarii
3688 4346 3815 4386 anno

595 4437 961 4505 Nicephorum
991 4435 1271 4489 Callistum
1303 4431 1705 4486 emendandum
1734 4447 1882 4494 reor,
1905 4448 2027 4487 cum
2049 4431 2124 4486 ait
2148 4450 2162 4485 :

595 4526 751 4580 Μετὰ
807 4526 864 4578 δὲ
918 4524 1073 4578 τοῦτο
1116 4523 1357 4593 Πρόκλος
1384 4523 1479 4592 μὲν
1509 4525 1535 4576 ὁ
1576 4523 1846 4584 Θειότατος
1870 4521 2001 4575 δέκα
2031 4523 2165 4590 πρὸς

594 4615 672 4684 τῷ
723 4617 803 4668 ἐνὶ
847 4613 1125 4684 διατρίψας
1168 4613 1260 4682 ἔτη
1304 4612 1380 4682 τῷ
1417 4612 1514 4680 τῆς
1547 4613 2165 4675 Κωνσταντινουπόλεως

597 4705 792 4775 Θρόνῳ,
828 4706 922 4757 καὶ
951 4707 977 4757 ὁ
1013 4704 1113 4771 τῆς
1163 4703 1565 4772 Ἀλεξανδρείας
1591 4701 1872 4765 Θεσπέσιος
1901 4702 2164 4773 Κύριλλος

595 4795 690 4848 δύο
716 4795 851 4865 πρὸς
883 4796 993 4854 τοῖς
1019 4792 1306 4861 τριάκοντα
1332 4793 1469 4844 κατά
1491 4793 1702 4852 ταύτὸν,
1729 4793 1820 4845 καὶ
1843 4793 2006 4862 ἄμφω
2031 4794 2166 4864 πρὸς

595 4883 693 4953 τὴν
724 4882 914 4951 ἀγήρω
945 4879 1258 4949 μετέϐαινον
1294 4879 1497 4948 βιοτήν.
1533 4880 1849 4948 Legendum
1882 4882 2028 4934 enim
2081 4891 2166 4937 est

595 4970 801 5024 δώδεκα
837 4986 851 5021 :
893 4967 1156 5035 alioquin,
1201 4983 1323 5020 cum
1367 4968 1542 5022 tradat
1573 4978 1629 5022 et
1659 4969 1908 5023 Proclum
1941 4970 2164 5024 ordina-

597 5071 710 5116 tum
737 5075 880 5113 anno
911 5061 1033 5122 454,
1064 5059 1152 5112 die
1198 5059 1263 5112 ιε
1305 5060 1524 5131 Aprilis,
1553 5069 1607 5115 et
1638 5077 1704 5114 eo
1725 5063 1941 5116 vivente
1972 5063 2165 5133 ingen-

597 5159 706 5205 tem
766 5149 916 5202 illum
976 5156 1134 5202 terra
1183 5156 1390 5203 motum
1450 5151 1762 5221 contigisse,
1812 5151 1868 5205 in
1919 5163 2165 5222 apertam

596 5239 1082 5295 contradictionem
1131 5241 1398 5296 incideret
1426 5259 1439 5294 :
1474 5257 1597 5295 nam
1625 5250 1720 5295 aut
1750 5251 1959 5297 motum
1991 5244 2163 5298 refer-

596 5339 679 5384 ret
709 5330 777 5383 ad
807 5345 1010 5385 annum
1036 5333 1160 5397 445,
1212 5349 1322 5403 quo
1354 5333 1492 5387 nihil
1546 5333 1652 5388 dici
1697 5343 1877 5403 potest
1923 5336 2163 5390 alienum

596 5421 768 5491 magis
803 5437 834 5475 a
888 5437 1058 5488 vero;
1109 5432 1204 5478 aut
1248 5425 1500 5479 Proclum
1549 5441 1656 5480 non
1694 5425 1932 5479 adfuisse
1965 5441 2163 5480 conce-

596 5512 769 5576 deret,
801 5514 944 5584 quod
965 5525 1150 5585 aperte
1181 5516 1394 5570 falsum.

665 5603 754 5658 IX.
788 5605 905 5661 Jam
936 5622 1066 5660 vero
1099 5606 1165 5662 de
1211 5615 1477 5677 tempore,
1514 5623 1623 5676 quo
1658 5607 1948 5661 Flavianus
1989 5617 2163 5662 morte

2265 4431 2389 4494 458,
2423 4445 2532 4499 quo
2561 4429 2649 4482 die
2692 4427 2749 4482 [it
2775 4427 2954 4481 sancti
2972 4426 3213 4480 Flaviani
3253 4427 3515 4481 memoria
3552 4428 3608 4481 in
3648 4426 3814 4479 Meno-

2266 4519 2410 4588 logio
2435 4519 2745 4574 Graecorum
2769 4526 2825 4571 et
2854 4516 3234 4587 Martyrologio
3266 4517 3532 4570 Romano.
3567 4517 3696 4571 Nam
3728 4529 3814 4568 cur

2266 4611 2532 4666 Baronius
2575 4610 2862 4664 relatarum
2905 4607 3430 4677 Constantinopolim
3477 4609 3810 4678 reliquiarum

2266 4702 2586 4756 memoriam
2625 4717 2692 4756 eo
2740 4700 2828 4755 die
2861 4698 3126 4754 celebrari
3169 4700 3483 4763 asseruerit,
3538 4699 3670 4753 nihil
3717 4695 3811 4749 tale

2267 4793 2664 4863 Martyrologiis
2704 4791 3089 4854 referentibus,
3124 4790 3252 4844 fecit
3290 4800 3614 4861 praesumpta
3643 4786 3810 4858 opinio

2267 4883 2334 4937 de
2374 4892 2546 4938 morte
2581 4882 2823 4937 Flaviani
2873 4890 2995 4952 post
3041 4882 3282 4936 triduum
3328 4897 3359 4936 a
3407 4881 3736 4952 depositione
3761 4879 3810 4931 in

2268 4974 2382 5044 ipsa
2417 4973 2553 5027 urbe
2587 4973 2878 5042 Ephesina.

2335 5062 2449 5117 ΧΠ.
2492 5063 2660 5117 Porro
2708 5070 2887 5115 autem
2933 5061 3080 5130 quod
3126 5061 3405 5130 probabile
3449 5061 3578 5125 dixi,
3603 5060 3685 5114 his
3708 5057 3808 5111 fere

2267 5153 2601 5224 argumentis
2651 5152 2830 5206 fulciri
2875 5159 3053 5223 potest
3082 5169 3094 5204 :
3125 5152 3389 5215 Primum,
3426 5151 3708 5206 defunctus
3735 5154 3809 5201 est

2265 5245 2556 5300 Flavianus
2607 5243 2858 5314 Hypaepis
2905 5243 2960 5296 in
3009 5243 3229 5314 civitate
3269 5242 3449 5312 Lydim
3477 5258 3564 5296 seu
3589 5254 3808 5310 superae-

2268 5337 2458 5398 niente,
2520 5349 2610 5388 seu
2662 5335 2864 5404 ingesta
2917 5344 3100 5387 morte.
3154 5317 3212 5387 Id
3268 5349 3396 5387 vero
3445 5333 3684 5387 accidere
3711 5343 3806 5384 non

2265 5427 2465 5496 potuit,
2513 5427 2558 5480 si
2600 5441 2708 5490 res,
2750 5441 2859 5495 quo
2885 5441 3037 5480 more
3063 5424 3220 5489 fiunt,
3252 5425 3606 5486 aestimentur,
3625 5421 3730 5476 nisi
3759 5426 3806 5471 et

2267 5516 2450 5570 itineri
2504 5525 2560 5570 et
2611 5531 2775 5570 mora:
2823 5532 2934 5570 non
2976 5517 3228 5586 exiguum
3285 5524 3498 5584 tempus
3531 5513 3802 5568 tribuatur.

2267 5608 2473 5662 Deinde
2505 5608 2549 5662 si
2576 5623 2722 5663 mors
2748 5608 2987 5662 Flaviani
3016 5607 3328 5678 contigisset
3357 5616 3481 5661 ante
3513 5603 3803 5660 Octobrem.
