3952 6294
220 252 324 318 261

1407 262 1504 321 DE
1538 263 1793 322 LIBRIS
1828 264 2336 330 TI-IEODORETI.

3393 282 3499 344 262

228 368 443 458 absque
473 364 940 458 dubioirescitnm
988 367 1055 421 de
1112 368 1226 438 ipsa
1281 370 1487 440 aliquid
1525 373 1718 429 fuisset
1769 373 1822 428 in
1854 381 1896 436 Α
1927 379 2208 433 veteribus
2258 381 2597 448 auctoribus,
2654 397 2785 455 puta
2833 385 3106 450 Liberato,
3163 387 3414 458 Evagrio,
3441 399 3500 447 et

228 457 536 512 Occidente
587 457 690 510 sub
739 457 901 512 ﬁnem
928 458 1272 525 Novembris,
1305 477 1415 531 quo
1444 471 1684 533 tempore
1708 466 1811 519 Va-

229 549 577 605 lentinianus
619 564 743 602 cum
794 549 1054 619 Augustis
1101 549 1314 605 duabus
1341 552 1408 605 ad
1442 553 1812 608 Theodosium

229 641 450 695 litteras
502 640 700 694 dedit:
751 649 806 694 at
857 643 1120 695 rescitum
1169 659 1284 698 non
1333 654 1470 699 erat.
1520 647 1734 711 Postea,
1768 648 1814 700 si

230 740 359 785 ante
388 730 712 785 Ianuarium
745 741 840 785 aut
886 731 1048 785 ﬁnem
1101 733 1418 788 Decembris
1459 735 1747 790 Flavianus
1782 751 1814 791 e

228 825 343 878 vita
365 823 716 887 decessisset,
747 823 1091 879 Theodosius
1117 826 1306 895 utique
1329 827 1713 882 Valentiniano
1758 839 1814 883 et

227 913 492 983 Augustis
534 911 876 981 respondens
931 928 1042 966 non
1093 913 1401 970 tacuisset:
1453 915 1622 970 tacuit
1659 931 1808 970 vero.

227 1007 502 1076 Denique,
558 1005 602 1059 si
652 1013 778 1059 ante
822 1003 1181 1058 Februarium
1214 1021 1362 1080 mors
1395 1007 1638 1062 Flaviani
1668 1008 1813 1062 acci-

227 1097 422 1159 disset,
459 1096 622 1165 312
653 1095 784 1164 quid
811 1102 958 1150 esset
982 1111 1184 1159 causae,
1215 1112 1314 1150 cur
1343 1106 1566 1151 sanctus
1599 1098 1709 1152 Leo
1743 1114 1811 1153 ne

225 1187 461 1240 verbum
502 1185 722 1255 quidem
762 1201 825 1239 ea
848 1185 914 1238 de
948 1201 1004 1257 re
1035 1186 1246 1251 fecerit,
1278 1196 1372 1241 aut
1396 1198 1543 1242 certe
1571 1189 1638 1243 de
1670 1187 1814 1243 Ana-

225 1279 363 1333 tolio
396 1294 509 1332 non
537 1277 818 1347 scripserit
853 1277 1181 1342 Theodosio,
1226 1280 1546 1345 Pulcherize,
1585 1281 1813 1351 aliisque

225 1379 357 1425 ante
412 1370 620 1426 Juliqu
676 1371 961 1424 mensem?
991 1369 1103 1424 Cur
1151 1371 1496 1426 Theodosius
1542 1389 1651 1426 non
1687 1381 1812 1428 ante

230 1463 742 1533 Quadragesimam,
777 1474 872 1517 aut
899 1463 1063 1517 etiam
1092 1472 1219 1517 ante
1245 1464 1470 1527 Pascha,
1503 1481 1612 1518 non
1637 1465 1811 1534 petie-

228 1556 305 1608 rit
355 1555 672 1610 Anatolium
713 1565 840 1608 ante
868 1555 1313 1609 communionem
1345 1556 1514 1625 recipi
1553 1573 1584 1611 a
1621 1568 1812 1613 sancto

227 1647 434 1710 Leone,
484 1662 647 1716 quem
690 1646 861 1715 probe
890 1654 1141 1711 noverat,
1176 1647 1406 1701 solemni
1437 1647 1539 1703 hac
1565 1647 1810 1703 declara-

1917 469 2060 534 aliis,
2103 473 2251 540 quod
2299 482 2479 528 tamen
2517 476 2861 544 potissimum
2887 489 3050 547 atque
3079 479 3245 532 etiam
3275 480 3498 535 unicum

1916 559 2194 628 opinionis
2231 578 2344 618 sua:
2386 564 2802 620 fundamentum
2837 583 2957 621 esse
2987 567 3199 633 voluit;
3238 583 3363 622 nam
3390 568 3500 624 Eu-

1916 652 2103 708 sebius
2149 655 2371 726 quidem
2425 658 2738 729 Dorylensis
2789 659 3006 714 actione
3047 659 3223 728 prima
3254 660 3497 714 occisum

1915 745 2166 812 queritur
2194 745 2512 802 Flavianum
2549 767 2560 802 :
2613 752 2826 805 actione
2880 750 3041 804 tertia
3086 751 3434 806 interfectum
3468 767 3499 805 a

1915 834 2179 890 Dioscoro
2208 846 2395 891 narrat
2443 837 2680 904 Quintus
2737 841 3055 906 Phocensis,
3111 849 3276 910 atque
3328 841 3496 896 etiam

1913 924 2198 980 Proterius
2223 928 2548 998 Myrinensis
2564 948 2594 995 _;
2626 931 2840 986 actione
2865 940 3058 1003 quarta
3081 932 3342 986 adversus
3362 931 3496 984 Bar-

1912 1034 2125 1074 suma'm
2150 1060 2164 1084 ,
2201 1022 2352 1076 velut
2392 1023 2804 1079 interfectorem
2849 1025 3010 1096 313
3056 1025 3319 1087 Flaviani,
3360 1038 3494 1078 con-

1913 1111 2200 1165 clamatur.
2255 1112 2361 1167 Sed
2410 1115 2536 1170 inde
2579 1131 2741 1169 nemo
2792 1117 3085 1171 concludat
3125 1115 3293 1178 aliud,
3330 1130 3494 1184 quam

1915 1202 2054 1255 male
2090 1203 2337 1258 habitum
2373 1205 2574 1274 Ephesi
2618 1206 2958 1270 Flavianum,
2992 1206 3229 1274 indeque
3259 1205 3496 1274 ejectum

1915 1289 1971 1343 in
1997 1291 2268 1358 exsilium,
2299 1293 2394 1347 ubi
2425 1295 2685 1348 aerumnis
2710 1295 2993 1354 confectus
3013 1305 3116 1350 est.

1984 1383 2052 1438 Et
2077 1400 2209 1439 vero
2243 1384 2643 1450 Theodoretus,
2681 1401 2806 1439 cum
2834 1387 2889 1440 in
2923 1386 3189 1440 concione
3218 1384 3429 1440 diceret
3451 1387 3497 1418 ⁵⁵

1914 1488 1942 1527 a
1997 1475 2162 1529 sociis
2220 1477 2537 1545 pastoribus
2580 1478 2824 1531 occisum
2875 1476 3105 1530 calamis
3159 1475 3495 1539 Nestorium,

1913 1563 2063 1618 aliud
2098 1564 2234 1618 nihil
2257 1564 2618 1634 signiﬁcabat,
2646 1567 2865 1637 opinor,
2890 1581 3054 1635 quam
3090 1565 3400 1635 depositum
3440 1572 3498 1620 et

1915 1655 2188 1726 dejectum
2245 1658 2436 1724 fuisse,
2483 1668 2546 1713 ut
2600 1668 2786 1730 posset
2833 1673 3068 1712 maerore
3103 1656 3316 1712 conﬁci.
3347 1656 3497 1711 Idem

227 1739 379 1792 tione
444 1737 1070 1809 Constantinopolitanis
1144 1741 1402 1794 omnibus
1468 1741 1754 1810 scripsisse
1791 1759 1804 1795 :
1843 1717 1883 1771 Β
1918 1717 2034 1818 ἱρέα
2065 1717 2468 1812 Τῑιθοάοι-θιυέ,
2513 1717 2638 1804 (διιῶ
2679 1751 2746 1805 de
2775 1766 2876 1804 sua
2914 1749 3259 1819 depositione
3282 1748 3495 1802 scribe-

234 1851 252 1881 ‹
289 1830 550 1900 Quisquis
574 1831 830 1885 incolumi
862 1847 925 1885 ac
945 1833 1238 1901 superstite
1263 1832 1518 1887 Flaviano
1550 1833 1808 1903 episcopo

225 1930 412 1976 vestro
435 1921 806 1976 sacerdotium
833 1923 951 1992 ejus
981 1912 1144 1975 fuerit
1167 1938 1334 1976 ausus
1358 1923 1637 1982 invadere.
1661 1939 1806 1977 nun-

223 2030 389 2083 quam
423 2015 478 2068 in
513 2015 900 2069 communione
943 2021 1131 2067 nostra
1161 2013 1475 2080 habebitur,
1524 2030 1627 2068 nec
1663 2015 1808 2069 inter

222 2107 515 2176 episc0pos
543 2107 748 2175 poterit
774 2107 1074 2160 numerari.
1111 2125 1128 2157 ι

295 2198 436 2251 Xlll.
507 2196 836 2267 Opinionem
897 2198 1258 2260 conﬁrmant,
1314 2197 1552 2268 primum
1606 2195 1806 2251 Nemea

223 2289 432 2352 Graaca,
473 2290 525 2342 in
555 2289 758 2358 quibus
784 2289 1072 2343 Flavianus
1099 2289 1302 2343 dicitur
1347 2309 1365 2340 ‹
1394 2287 1664 2358 permissu
1710 2287 1806 2342 Dei

223 2397 257 2435 a
290 2381 550 2436 Dioscoro
580 2381 837 2436 lueretico
857 2390 912 2435 et
942 2381 1306 2436 conciliabulo
1326 2381 1445 2452 ejus
1469 2381 1524 2434 in
1553 2379 1806 2434 exsilium

223 2474 457 2544 ejectus,
487 2489 610 2527 cum
637 2473 820 2527 sedem
853 2472 1119 2528 tenuisset
1141 2488 1343 2526 annum
1382 2479 1436 2526 et
1473 2487 1688 2525 menses
1715 2471 1808 2525 de-

225 2580 387 2630 cem;
431 2566 485 2619 in
533 2565 726 2619 exsilio
769 2580 933 2634 porro
978 2565 1178 2619 multas
1214 2563 1537 2618 aﬂlictiones
1577 2579 1677 2633 pro
1703 2563 1809 2617 ﬁde

225 2657 531 2711 orthodoxa
550 2673 864 2727 perpessus,
885 2673 949 2710 ex
974 2657 1164 2709 morbo
1190 2655 1406 2710 tandem
1435 2654 1756 2709 decessisse.
1782 2673 1800 2704 ι

227 2746 438 2800 Deinde
473 2746 835 2818 Menologium
887 2745 1102 2801 Maximi
1149 2745 1440 2816 Cytheram,
1480 2745 1537 2799 in
1583 2761 1692 2815 quo
1721 2761 1811 2799 ea-

227 2837 356 2891 dem
413 2836 750 2892 referuntur.
804 2837 995 2891 Postea
1050 2835 1414 2905 Menologium
1473 2833 1806 2899 Graecorum,

228 2928 378 2998 quod
436 2928 506 2983 ab
560 2927 798 2982 Henrico
845 2927 1065 2982 Canisio
1101 2944 1166 2981 ex
1195 2925 1530 2980 bibliotheca
1558 2934 1613 2978 et
1641 2925 1812 2978 inter-

232 3017 542 3084 pretatione
560 3016 854 3070 cardinalis
872 3016 1055 3070 Sirleti
1069 3015 1278 3069 editum
1301 3023 1404 3079 est,
1426 3014 1491 3068 ad
1517 3016 1581 3068 Π
1607 3013 1766 3068 Febr.
1792 3031 1804 3066 :

241 3127 260 3156 ι
294 3106 348 3160 S.
395 3109 454 3162 P.
487 3109 552 3162 N.
595 3108 992 3178 archiepiscopi
1016 3107 1518 3176 Constantinopolis
1549 3106 1812 3172 Flaviani,

233 3200 332 3270 qui
378 3199 446 3252 ab
500 3199 668 3268 impio
716 3198 999 3264 Dioscoro,
1041 3208 1097 3253 et
1126 3197 1396 3253 hazreticis
1428 3212 1554 3250 cum
1586 3211 1652 3250 eo
1681 3212 1815 3250 con-

235 3291 596 3360 spirantibus,
618 3292 827 3360 ejectus
848 3300 1012 3360 atque
1045 3291 1100 3344 in
1127 3290 1381 3344 exsilium
1406 3289 1628 3353 missus,
1650 3288 1818 3343 variis

234 3384 512 3454 pressaris
537 3392 593 3437 et
624 3383 886 3438 aerumnis
914 3390 1161 3444 vexatus,
1201 3381 1314 3435 vita
1337 3381 1559 3435 functus
1582 3388 1685 3435 est.
1721 3398 1739 3431 ι

312 3470 448 3526 XIV.
482 3470 824 3539 Argumenta.
856 3469 966 3524 duo
1017 3470 1192 3524 videri
1238 3476 1470 3538 possunt
1518 3485 1620 3539 pro
1663 3477 1818 3538 parte

236 3565 487 3634 opposita
541 3563 743 3626 facere,
793 3578 1030 3632 quorum
1081 3562 1314 3617 alterum
1371 3577 1401 3616 a
1438 3562 1820 3632 Martyrologio

237 3656 506 3717 Romano,
531 3655 765 3708 alterum
793 3671 824 3708 a
847 3654 1126 3708 nonnullis
1146 3654 1407 3707 Actorum
1423 3652 1819 3707 conciliiChal-

234 3747 566 3803 cedonensis
595 3747 780 3800 verbis
805 3745 1060 3800 sumitur.

310 3838 756 3909 Martyrologium
830 3839 912 3893 sic
988 3838 1201 3892 habet:
1277 3857 1295 3888 ι
1346 3835 1819 3906 Constantinopoli

234 3930 414 3986 sancti
448 3929 688 3983 Flaviani
721 3929 986 3998 episcopi,
1025 3929 1118 3998 qui
1150 3944 1272 3983 eum
1304 3928 1462 3983 ﬁdem
1495 3929 1819 3982 catholicam

236 4021 440 4091 Ephesi
486 4029 879 4091 propugnaret,
926 4021 995 4074 ab
1051 4020 1203 4089 impii
1258 4019 1506 4074 Dioscori
1560 4020 1818 4086 factione,

233 4115 436 4184 pugnis
470 4122 526 4167 et
555 4114 798 4168 calcibus
830 4128 1149 4182 percussus,
1201 4120 1324 4181 post
1369 4113 1612 4167 triduum
1651 4112 1818 4166 vitam

235 4205 435 4260 ﬁnivit.
470 4225 487 4256 ι
523 4205 727 4260 Verum
759 4205 937 4274 primo
960 4204 1325 4274 Martyrologii
1352 4205 1542 4258 eadem
1583 4212 1668 4258 est
1699 4218 1821 4270 quae

233 4295 459 4350 Baronii
487 4295 790 4350 auctoritas
819 4313 833 4348 :
869 4295 1138 4349 Baronius
1163 4295 1310 4349 enim
1348 4295 1413 4348 ad
1440 4309 1643 4348 novum
1674 4295 1818 4347 Mar-

235 4387 568 4457 tyrologium
597 4386 830 4449 addidit,
857 4386 1004 4455 quod
1031 4385 1099 4440 de
1130 4385 1388 4440 Flaviano
1427 4391 1438 4404 ‘
1470 4393 1554 4438 est
1587 4401 1600 4436 :
1638 4399 1818 4453 neque

231 4478 387 4533 enim
431 4479 486 4532 in
537 4480 946 4549 antiquioribus
994 4479 1214 4549 legitur,
1268 4495 1337 4533 ne
1383 4477 1437 4531 in
1469 4476 1816 4531 Galesiniano

229 4570 458 4640 quidem
491 4571 735 4625 Venetiis
764 4571 932 4625 edito.
967 4569 1176 4625 Deinde
1208 4570 1640 4623 additamentum
1670 4567 1816 4622 istud

229 4661 450 4730 accepit
488 4661 562 4714 ita
605 4677 673 4716 ex
721 4661 942 4716 Menaeis
979 4671 1035 4715 et
1060 4660 1363 4730 Menologio
1388 4659 1723 4722 Graecorum,
1758 4667 1819 4712 ut

229 4752 408 4806 verba
438 4753 818 4822 interpolaret,
849 4753 1006 4821 quasi
1039 4767 1283 4806 errorem
1315 4751 1481 4805 vellet
1519 4751 1814 4822 corrigere.

228 4843 437 4896 Postea
493 4842 716 4896 credere
770 4843 963 4896 maluit
1005 4841 1317 4910 Nicephoro
1370 4839 1615 4903 Callisto,
1653 4855 1816 4909 quam

227 4933 551 4986 Marcellino
594 4934 802 4996 comiti,
850 4943 906 4988 et
934 4933 1100 4988 Felici
1127 4931 1400 4987 defensori
1423 4933 1680 4987 Ecclesiae
1705 4933 1818 4986 Ro-

228 5041 428 5089 manze,
471 5026 525 5078 id
561 5036 664 5088 est,
715 5027 956 5095 pnetulit
997 5027 1279 5080 hominem
1335 5033 1458 5094 post
1510 5032 1818 5094 nongentos

225 5133 408 5172 annos
436 5117 504 5172 de
542 5119 710 5172 rebus
743 5117 987 5171 Flaviani
1022 5117 1379 5180 scribentem,
1426 5115 1708 5170 historicis
1750 5131 1819 5170 ne

225 5224 346 5262 uno
367 5207 590 5276 quidem
620 5208 830 5278 integro
851 5206 1050 5262 sarculo
1079 5205 1428 5262 distantibus.

317 5298 426 5356 Cur
469 5298 783 5367 Nicephoro
835 5299 1112 5360 crederet,
1171 5298 1568 5366 damnaretque
1617 5294 1823 5351 erroris

224 5395 456 5457 Menzea,
502 5390 643 5444 nihil
691 5390 984 5445 admodum
1032 5405 1211 5444 causa:
1235 5389 1482 5458 accipere
1505 5387 1704 5458 potuit,
1735 5387 1822 5441 vel

223 5501 297 5540 ex
344 5481 530 5536 verbis
579 5479 841 5535 Actorum
873 5481 1091 5536 concilii
1125 5478 1611 5545 Chalcedonensis,
1641 5477 1726 5532 vel
1755 5491 1822 5531 ex

1916 1847 2022 1904 ret,
2063 1839 2265 1894 caedem
2310 1841 2635 1895 nominavit.
2672 1841 2947 1895 Eusebius
2972 1839 3164 1893 funera
3188 1839 3346 1903 dixit,
3376 1855 3499 1908 qua:

1915 1943 2109 1998 passus
2133 1937 2235 1982 est.
2267 1928 2472 1984 Neuter
2502 1936 2683 1985 tamen
2710 1929 2990 1993 occubuit,
3017 1929 3114 1982 sed
3144 1929 3262 1982 dira
3283 1936 3498 1982 tantum

1914 2036 2110 2090 passus
2141 2028 2246 2075 est.

1917 2155 2161 2226 Epistola
2188 2157 2252 2210 1‘2
2275 2157 2650 2223 consolatorie,
2679 2158 2747 2212 ad
2765 2157 3027 2212 Irenwum
3046 2159 3339 2228 episcopum
3355 2157 3494 2228 Tyri.

1989 2264 2208 2320 Solatur
2268 2267 2321 2320 in
2376 2267 2571 2323 funere
2615 2269 2800 2338 generi
2832 2269 3096 2322 Irenaeum
3130 2265 3256 2336 Tyri
3287 2264 3500 2334 episco-

1915 2370 2070 2425 pum,
2101 2357 2168 2410 de
2199 2373 2308 2426 quo
2345 2366 2505 2411 antea
2537 2357 2743 2411 dictum
2767 2366 2869 2411 est.
2905 2358 2979 2410 De
3015 2364 3258 2423 tempore
3284 2360 3500 2408 constat

1915 2461 1980 2500 ex
2029 2447 2136 2502 ﬁne
2188 2449 2452 2518 epistolte,
2515 2449 2784 2518 siquidem
2842 2448 3044 2519 scripta
3082 2448 3286 2502 dicitur
3314 2448 3500 2502 statim

1917 2546 2080 2607 atque
2107 2540 2277 2594 altera
2305 2541 2455 2610 prior
2484 2550 2704 2594 exarata
2726 2549 2840 2595 est:
2871 2560 2886 2589 ι
2915 2541 3028 2594 lloc
3054 2555 3153 2610 ego
3183 2539 3500 2609 perscriptis

1911 2631 2021 2702 jam
2071 2633 2351 2700 prioribus
2403 2634 2626 2686 monitis
2669 2633 2892 2695 dictavi,
2950 2648 3072 2686 cum
3109 2633 3228 2702 ejus
3264 2639 3499 2685 mortem

1917 2721 2054 2775 mihi
2080 2723 2291 2777 amicus
2311 2724 2532 2792 quidam
2561 2725 2630 2776 ab
2661 2723 2951 2777 Antiochia
2984 2722 3311 2777 nuntiasset.
3345 2741 3362 2772 ι
3397 2722 3503 2776 Eo-

1918 2813 2042 2868 dem
2071 2814 2236 2886 igitur
2257 2823 2500 2886 te‘mpore
2527 2823 2758 2885 utraque
2784 2816 2949 2869 missa
2978 2821 3082 2878 est,
3117 2814 3329 2869 scilicet
3357 2828 3503 2868 anno

1917 2908 2040 2962 447.

2161 3037 2403 3109 Epistola
2438 3037 2504 3091 15
2533 3037 2901 3102 eucharistica,
2939 3037 3010 3089 ad
3042 3035 3261 3106 Cyrum.

1988 3164 2108 3220 Non
2141 3165 2374 3219 obscura
2401 3173 2484 3219 est
2508 3164 2772 3232 temporis
2799 3170 2948 3227 nota,
2982 3162 3256 3231 siquidem
3297 3162 3505 3218 donum

1918 3255 2064 3328 Cyri,
2100 3256 2246 3326 quod
2292 3256 2551 3310 Lesbium
2609 3255 2820 3319 vinum,
2879 3255 3260 3310 Theodoretus
3314 3255 3510 3311 scribit

1919 3364 1978 3404 se
2007 3349 2305 3418 accepisse,
2340 3363 2463 3401 cum
2494 3347 2682 3401 multae
2719 3353 2774 3400 et
2798 3362 2990 3416 graves
3014 3356 3203 3400 essent
3223 3347 3350 3400 vitae
3379 3362 3509 3416 pro-

1919 3442 2091 3505 cellae,
2123 3449 2348 3510 propter
2379 3454 2513 3508 quas
2531 3440 2690 3509 longa
2710 3439 2836 3493 vita:
2857 3448 3101 3507 tempora
3123 3454 3232 3493 non
3257 3449 3502 3507 optaret:

1919 3532 2188 3602 procellas
2241 3529 2388 3584 enim
2441 3529 2779 3598 interpretor
2827 3527 3167 3588 vexationes,
3215 3542 3338 3594 quae
3380 3535 3504 3595 post

1920 3638 2124 3676 annum
2149 3621 2254 3676 445
2281 3620 2648 3690 contigerunt,
2679 3634 2789 3687 quo
2815 3627 3060 3687 tempore
3111 3631 3209 3686 par
3256 3625 3342 3670 cst
3388 3615 3507 3672 exi-

1922 3715 2146 3768 stimare
2176 3712 2357 3766 datam
2380 3726 2500 3766 esse
2522 3710 2832 3780 epistolam.

1990 3807 2181 3878 Cyrus,
2236 3805 2302 3860 ad
2348 3821 2510 3876 quem
2537 3805 2661 3858 data
2695 3812 2800 3868 est,
2823 3803 2999 3857 videri
3025 3810 3206 3872 posset
3230 3802 3508 3869 Marcopo-

1920 3900 2128 3954 litanus
2171 3897 2260 3952 ille
2321 3898 2634 3967 episcopus,
2677 3895 2769 3964 qui
2823 3895 2876 3948 in
2929 3892 3294 3947 conciliabqu
3328 3891 3508 3960 Ephe-

1922 3991 2044 4044 sino
2088 4003 2213 4042 cum
2270 3988 2392 4042 aliis
2438 3985 2812 4040 Orientalibus
2859 3980 3419 4050 deposuit-Cyrillum
3451 3987 3508 4032 et

1921 4077 2288 4139 Memnonem,
2323 4075 2606 4145 depositus
2652 4081 2708 4126 et
2758 4072 2876 4141 ipse
2923 4069 3165 4123 vicissim
3217 4077 3406 4137 postea
3451 4067 3507 4120 in

1920 4170 2212 4224 latrocinio
2234 4167 2481 4221 Dioscori
2517 4183 2534 4230 ;
2567 4165 2834 4234 cujusque
2861 4162 3066 4214 mentio
3118 4159 3176 4211 ﬁt
3211 4173 3240 4212 a
3283 4157 3504 4211 Victore

1921 4244 2244 4315 Tunonensi
2293 4257 2360 4312 ad
2395 4255 2740 4310 consulatum
2795 4249 2981 4313 Gibbi,
3037 4256 3098 4302 et
3137 4263 3166 4300 a
3217 4246 3506 4300 monachis

1921 4349 2223 4404 Palazstina:
2246 4348 2300 4400 in
2345 4344 2547 4400 litteris
2581 4343 2646 4397 ad
2685 4342 3034 4412 Alcysonem.
3080 4337 3240 4399 Vide,
3278 4351 3399 4405 qum
3439 4335 3506 4390 de

1846 4429 1894 4486 D
1923 4439 2041 4509 ipso
2079 4437 2256 4507 posita
2282 4445 2407 4490 sunt
2432 4435 2485 4488 in
2524 4434 2645 4489 Vita
2678 4430 3034 4493 Theodoreti,
3060 4444 3180 4497 cap.
3210 4427 3292 4480 l5.

1992 4531 2194 4586 Verum
2239 4526 2536 4598 quominus
2587 4525 2642 4580 in
2689 4525 2831 4579 hanc
2878 4521 3209 4576 sententiam
3265 4516 3504 4577 veniam,

1923 4622 2128 4676 retinet
2179 4619 2486 4688 inscriptio,
2539 4634 2659 4687 qua:
2709 4616 2848 4671 nihil
2901 4613 3068 4668 habet
3120 4619 3323 4682 pratter
3381 4607 3507 4680 Cyri

1922 4728 2127 4766 nomen
2165 4728 2178 4764 :
2235 4725 2362 4764 nam
2407 4709 2791 4762 Theodoretus
2825 4705 2892 4761 ad
2917 4705 3205 4775 episcopos
3239 4701 3506 4765 scribens,

1924 4802 2207 4872 dignitatis
2238 4800 2552 4854 meminisse
2585 4799 2741 4852 solet.
2779 4797 2988 4867 Opinor
3022 4796 3188 4866 igitur
3211 4794 3393 4847 datam
3439 4791 3508 4845 ad

1923 4893 2124 4966 Cyrum
2147 4891 2670 4963 Magistrianum,ad
2710 4905 2873 4960 quem
2919 4900 3004 4943 est
3039 4885 3272 4957 epistola
3311 4897 3511 4937 conso-

1924 4985 2123 5040 latoria
2173 4983 2229 5037 in
2277 4982 2471 5036 funere
2515 4981 2706 5039 uxoris
2750 4988 2807 5036 et
2849 4977 2967 5042 ﬁlii,
3004 4993 3124 5046 quae
3155 4990 3383 5029 numero
3411 4973 3511 5028 156

1926 5083 2204 5132 censetur.

1923 5207 2169 5279 Epistola
2219 5207 2286 5262 H-
2331 5204 2813 5279 cousolatoria,_qd
2845 5201 3212 5279 Aleagandram
3246 5197 3509 5252 illustrem

2312 5278 2566 5348 feminam
2601 5278 2657 5330 in
2691 5275 2832 5329 obitu
2861 5273 3118 5342 conjugis.

1993 5390 2033 5444 l.
2062 5389 2433 5461 Corrigendus
2447 5403 2613 5459 porro
2628 5395 2713 5442 est
2728 5385 2944 5448 titulus,
2966 5391 3021 5438 et
3037 5397 3136 5452 pro
3163 5378 3510 5449 Ἀλεξανδρίᾳ

1922 5475 2215 5546 legendum
2265 5475 2627 5546 Ἀλεξάνδρᾳε
2675 5470 3137 5545 quemadmodum
3165 5470 3219 5523 in
3249 5474 3509 5524 contextu

1595 5629 1914 5688 SCllULle
1952 5630 2186 5687 NOTAE.

293 5707 338 5740 ³⁵
367 5705 495 5764 Vid.
556 5716 750 5772 supra,
779 5717 833 5772 p.
866 5702 986 5758 106.
