3952 6294
509 269 617 335 263
1469 318 1475 327 ρ
1636 262 2013 333 GARNERII
2053 266 2266 331 DISSE
2276 269 2549 329 RTATIO
2591 271 2672 330 II.
3659 267 3768 338 264

514 377 840 451 «possimne
884 392 997 435 non
1045 378 1258 434 vicinos
1304 377 1372 443 ⁸⁸,
1421 376 1518 434 sed
1560 376 1807 433 haeredcs
1855 376 2086 447 intelligi
2116 380 2163 436 A
2189 373 2456 430 habemus
2505 375 2770 445 temporis
2824 374 3216 446 characterem,
3252 378 3628 437 evocationem
3657 388 3767 441 sci-

504 472 740 538 .debere,
779 472 954 528 series
995 471 1176 526 docet.
1820 468 1823 471 ’
1852 526 1857 529 _
2188 464 2318 521 licet
2348 467 2417 521 ad
2447 467 2733 538 synodum,
2761 467 2829 523 de
2863 485 2968 538 qua
3000 486 3143 524 mox.
3333 467 3341 474 ’

585 564 651 619 ll.
680 565 811 618 Data
843 572 927 617 est
965 578 1074 632 quo
1098 571 1340 633 tempore
1363 562 1548 634 jussus
1570 571 1689 618 crat
1709 561 2089 617 Theodoretus
2258 556 2348 612 IV.
2405 557 2482 612 De
2512 558 2816 612 calamitate
2842 559 3119 626 Ecclesiae,
3145 576 3307 631 quam
3338 561 3521 629 deﬂet,
3554 566 3767 621 calum-

513 669 574 710 se
624 655 749 725 Cyri
803 651 1128 707 continere:
1188 671 1206 703 ι
1240 653 1365 707 Haec
1384 668 1486 723 ego
1523 667 1673 706 nunc
1712 652 1963 709 scribere
1992 667 2088 706 co-
2188 646 2607 717 uiatoribusque
2652 650 2788 714 suis,
2828 651 2898 705 de
2943 652 3145 721 quibus
3190 654 3463 726 queritur;
3498 655 3658 711 facile
3682 665 3769 712 est

518 750 678 796 actus
706 756 849 803 sum,
880 739 1031 808 quia,
1061 746 1122 792 ut
1158 738 1227 793 ad
1251 754 1350 795 vos
1377 740 1686 806 decurram,
1712 739 1930 794 vincula
1977 753 2089 793 non
2184 736 2454 807 judicare.
2506 738 2638 792 Nam
2670 754 2779 808 quo
2804 748 3050 810 tempore
3074 741 3369 807 scribebat,
3406 744 3521 799 visa
3547 756 3632 800 est
3662 746 3767 816 ipsi

510 833 719 889 sinunt.
756 850 776 882 ι
1840 900 1850 909 _
2188 828 2446 883 Ecclesiae
2501 832 2739 899 procella
2796 832 2852 886 in
2905 833 3024 887 dies
3064 834 3308 904 singulos
3362 836 3645 907 fastigiari,
3706 848 3769 893 ut

581 922 855 993 314111.
887 921 1018 989 Quae
1033 920 1221 987 fuerit,
1239 930 1295 977 et
1312 923 1469 993 cujus
1491 923 1670 977 mariti
1693 938 1832 977 uxor
1861 921 2089 977 illustris
2188 917 2451 989 loquitur,
2490 920 2545 975 id
2572 931 2677 987 est,
2698 922 2778 977 'ad
2802 940 3076 979 summum
3108 928 3402 982 ascendere
3428 945 3441 994 ;
3480 929 3599 983 visa
3624 945 3765 999 quo-

511 1013 700 1068 isthaec
729 1012 1056 1076 Alexandra,
1091 1012 1364 1083 conjicere
1392 1013 1735 1081 aliquatenus
1761 1013 1929 1079 licet;
1961 1027 2088 1067 nam
2189 1025 2297 1080 que
2342 1011 2681 1082 desperanda
2719 1015 3091 1084 tranquillitas
3137 1018 3355 1086 publica
3385 1036 3398 1085 ;
3441 1035 3545 1075 nec
3588 1037 3619 1074 a
3655 1023 3769 1077 sin-

511 1105 691 1175 primo
739 1103 950 1158 consuli
998 1102 1207 1172 nupsit,
1242 1103 1513 1172 siquidem
1539 1104 1794 1158 maritum
1828 1104 2087 1159 Theodo-
2188 1100 2331 1171 gulis
2382 1102 2549 1157 animi
2602 1118 2705 1172 pax
2752 1105 2973 1160 aliunde
3016 1122 3179 1176 quam
3213 1123 3243 1163 a
3283 1109 3544 1177 patientia
3568 1126 3767 1181 exspe-

510 1203 665 1250 retus
681 1194 830 1248 dicat
848 1195 914 1248 ad
946 1195 1155 1264 apicem
1184 1194 1512 1265 dignitatum
1545 1196 1950 1260 conscendisse,
1978 1211 2089 1266 quo
2190 1191 2417 1257 clauda;
2453 1207 2647 1262 nempe
2675 1201 2805 1247 tunc
2832 1197 3273 1250 accusationibus
3288 1196 3382 1267 3]
3402 1198 3449 1268 5
3468 1200 3769 1269 urgebatur

509 1286 732 1340 nomine
778 1287 957 1340 solent
1005 1296 1315 1350 omnes,.et
1346 1286 1461 1356 ipse
1490 1289 1814 1341 nominatim
1838 1288 2089 1343 scribens
2186 1283 2466 1352 pressius;
2494 1284 2822 1339 iratum'sibi
2841 1286 3144 1357 principem
3193 1289 3616 1358 experiebatur;
3668 1292 3769 1345 do-

510 1378 713 1431 Zenoni
768 1392 832 1433 ac
879 1377 1081 1442 Tauro,
1137 1379 1483 1433 consulatum
1535 1379 1828 1449 appellare.
1881 1380 2087 1435 Deinde
2188 1374 2419 1428 mestico
2450 1376 2743 1429 tenebatur
2771 1391 3029 1444 carcere;
3073 1380 3295 1448 patebat
3320 1380 3765 1436 adversariorum

507 1469 813 1524 Antiochiae
841 1470 1197 1523 versabatur:
1229 1470 1504 1539 quomodo
1521 1471 1667 1525 enim
1689 1472 1871 1526 statim
1893 1487 2087 1525 aeeur-
2188 1465 2432 1520 audaciae
2474 1475 2531 1520 et
2586 1467 2847 1533 invidia;
2882 1470 3074 1524 timido
3120 1471 3422 1525 aulicorum
3456 1472 3764 1541 patrocinio

510 1559 673 1614 risset
721 1559 908 1613 audito
960 1560 1152 1614 mortis
1181 1562 1375 1615 nuntio
1405 1561 1801 1627 Theodorctus,
1831 1561 1941 1617 nisi
1964 1562 2086 1616 vin-
2188 1573 2297 1613 non
2324 1567 2433 1612 tam
2464 1559 2863 1617 defendebatur
2883 1579 3046 1633 quam
3067 1563 3369 1619 laborabat.

510 1652 634 1705 cola
664 1650 1064 1705 retinuissent?
1105 1651 1286 1718 Quare
1317 1654 1608 1723 episcopus
1641 1654 1751 1719 ille,
1800 1669 1963 1723 quem
2008 1655 2071 1709 ita

511 1744 795 1768 ...ιιι-..ζιξι-,ι
845 1744 1027 1768 In“)...
1097 1743 1277 1768 ..ε...---
1329 1761 1493 1768 --μ--.μ
1541 1746 1669 1768 ,Αιέρ
1710 1761 1821 1768 ---Α
1857 1746 1920 1768 ,Δ
1957 1761 2049 1768 Α---

2260 1667 2325 1724 ν.
2363 1669 2649 1725 Diﬂicilius
2682 1673 3027 1743 intelligitur,
3056 1689 3176 1743 qua:
3205 1674 3369 1729 fuerit
3397 1660 3658 1747 synodus,
3695 1676 3762 1732 ad

511 1744 797 1812 maglli‘ice
844 1744 1050 1837 milia"
1095 1743 1281 1837 aitque
1329 1761 1496 1799 unum
1539 1746 1672 1800 salis
1703 1761 1825 1801 esse
1854 1746 1922 1800 ad
1952 1761 2085 1802 0011·
2123 1743 2163 1768 ’³
2190 1774 2354 1827 quam
2400 1760 2709 1817 habendam
2758 1765 3097 1818 cvocatorias
3140 1764 3206 1818 ad
3247 1743 3621 1837 metropolitas
3666 1785 3764 1824 vc-

510 1834 832 1927 solationem
864 1834 1077 1927 amictae
1107 1836 1497 1895 adhibendam.
1549 1838 1795 1893 Domnus
1826 1838 1930 1893 fuit
1972 1838 2087 1893 Αη-
2187 1848 2334 1904 uisse
2378 1850 2593 1905 litteras
2637 1852 2825 1906 refert.
2868 1853 2949 1908 An
2985 1854 3327 1910 Antiochena
3363 1834 3561 1926 aliqua,
3598 1874 3762 1927 quam

510 1925 780 1979 tiochente
802 1926 960 1980 urbis
994 1934 1125 1981 tunc
1146 1928 1453 1999 episcopus.
2186 1940 2451 2007 Domnus,
2478 1946 2793 1998 convocatis
2816 1961 2879 1999 ex
2910 1954 3020 1999 tota
3047 1945 3288 2000 Orientis
3316 1947 3536 2002 dimcesi
3560 1958 3765 2004 metro-

579 2016 668 2071 lV.
703 2017 948 2086 Denique
982 2017 1201 2072 videtur
1221 2019 1388 2073 fuisse
1413 2019 1610 2089 conjux
1631 2017 1871 2088 praefecti
1894 2016 2090 2073 Orien-

2197 2032 2403 2103 politis,
2455 2033 2748 2089 habiturus
2795 2029 2977 2089 esset?
3023 2036 3104 2090 An
3149 2036 3420 2106 Ephesina
3467 2040 3758 2108 posterior,

513 2107 582 2162 ιίδ
612 2126 625 2161 ε
655 2122 776 2159 "3m
806 2117 861 2200 ei
891 2108 1040 2200 me?
1074 2110 1421 2165 Τὴοοάοτθιο
1451 2111 1612 2165 unice
1636 2111 1870 2165 (ῘίῙθθῑυε
1898 2109 2087 2179 innui-
2187 2142 2350 2195 quam
2382 2126 2727 2181 Theodosius
2757 2128 3051 2197 imperator
3082 2127 3324 2198 undique
3354 2107 3626 2200 coegerit?
3653 2130 3763 2184 Ad-

510 2208 622 2262 tur,
645 2206 701 2253 et
728 2198 963 2269 praefecti
986 2198 1226 2255 Orientis
1250 2202 1497 2257 solebant
1515 2218 1582 2255 ex
1602 2201 1920 2291 consulibus
1942 2200 2084 2266 ﬁeri,
2183 2219 2371 2288 juncta
2398 2216 2579 2271 omnia
2608 2218 2895 2287 Εριιρείηερ
2920 2227 3250 2288 congruum,
3286 2235 3446 2288 quam
3464 2198 3599 2289 ’ροει
3614 2220 3764 2291 judi-

510 2297 567 2344 et
593 2290 830 2359 praefecti
860 2292 1161 2361 Antiochiae
1193 2292 1524 2357 residebant,
1563 2292 1652 2348 ubi
1689 2284 1949 2362 frequens
1970 2304 2071 2347 erat

2198 2309 2332 2363 cium
2379 2308 2620 2363 Flaviani
2662 2310 2730 2365 de
2774 2310 3039 2381 Eutyche,
3067 2326 3252 2365 mense
3273 2311 3586 2373 Novembri,
3613 2324 3759 2365 anno

508 2379 911 2444 Theodoretus,
954 2382 1147 2451 suique
1183 2381 1545 2435 admiratione
1591 2388 1907 2452 magnatum
1964 2379 2069 2437 ani‘

2201 2397 2311 2463 M8,
2343 2399 2665 2466 exercitum,
2695 2379 2913 2470 petente
2943 2401 3186 2471 Eutyche
3212 2409 3268 2455 et
3293 2408 3566 2474 satagente
3587 2400 3762 2474 Chry-

508 2485 628 2525 mos
643 2470 1105 2526 sibiCOIICiiiabat.
2188 2490 2399 2562 saphio,
2430 2490 2773 2545 Theodosius
2805 2491 3019 2545 indixit.

861 2583 880 2603 ⁶
909 2581 1153 2653 Epistula
1200 2582 1286 2648 15,
1332 2582 1402 2636 ad
1436 2580 1733 2637 Silvanum.
2257 2602 2344 2657 γι,
2376 2600 2422 2655 (3.

2257 2602 2344 2657 Vl.
2376 2600 2657 2657 Concludo
2684 2602 2850 2673 igitur
2878 2604 3099 2659 missam
3127 2603 3292 2660 fuisse
3316 2604 3760 2677 epistolamypost

578 2698 619 2753 Ι.
652 2697 876 2753 Nullum
906 2697 1072 2753 habet
1099 2697 1474 2754 characterem
1498 2698 1779 2766 temporis,
1808 2697 1917 2753 nisi
1946 2697 2087 2754 forte

2198 2689 2584 2761 depositionem
2630 2694 2857 2759 lrenzei,
2908 2694 3017 2749 imo
3062 2705 3190 2767 post
3232 2712 3472 2752 mensem
3516 2696 3759 2767 Aprilem

509 2786 727 2842 dicatur
764 2795 888 2842 ante
920 2787 1227 2842 vexationis
1267 2797 1481 2857 tempus
1508 2787 1750 2857 scripta:
1778 2788 1905 2842 silet
1938 2788 2087 2843 enim
2186 2783 2314 2837 anni
2340 2783 2441 2855 449
2466 2786 2531 2837 ⁸⁸.
2558 2784 2691 2838 Nam
2712 2786 2894 2842 [rentci
2920 2787 3191 2858 depositio
3215 2790 3443 2861 conligit
3470 2806 3613 2846 anno
3629 2787 3756 2857 448,

510 2878 578 2933 de
616 2879 754 2948 ipsa,
790 2892 915 2931 cum
947 2887 1126 2931 tamen
1161 2877 1390 2947 querula
1426 2892 1515 2932 res
1537 2876 1608 2931 sit
1636 2875 1873 2931 hominis
1899 2877 2086 2948 cujus-
2186 2873 2411 2931 ineunte
2433 2890 2562 2931 vere
2594 2877 2670 2942 57;
2699 2880 3002 2936 evoc‘atoria
3031 2880 3377 2950 imperatoris
3407 2882 3760 2953 consignatur

508 2986 745 3040 cunque,
771 2979 827 3025 et
852 2970 1152 3040 praesertim
1184 2969 1536 3035 Theodoreti,
1562 2969 1799 3023 miseria.
2188 2967 2221 3021 ’5
2251 2967 2518 3025 Kalendas
2547 2969 2772 3039 Aprilis,
2809 2987 2951 3026 anno
2978 2972 3101 3027 449.

575 3062 641 3160 il-
692 3060 899 3160 (ξρῑιξοτ
936 3058 1239 3126 Silvanum.
1285 3061 1375 3160 sui
1401 3060 1915 3160 ξετὶὺῖιιιτθρῖεξνοιθ
1950 3076 2083 3115 οοῐι-
2111 3043 2156 3103 ο
2256 3082 2368 3137 vn.
2402 3083 2481 3143 Ex
2505 3084 2756 3154 his,qu:e
2781 3086 3100 3142 scribuntur
3139 3086 3209 3142 de
3238 3088 3459 3158 Virgine
3497 3087 3756 3160 Θεοτόκῳ,

506 3152 868 3213 solatoria.in
919 3161 1094 3206 morte
1144 3154 1351 3217 uxoris,
1407 3151 1574 3207 fuisse
1620 3152 1929 3222 praesidem,
1987 3163 2067 3206 aul

2194 3170 2438 3242 conjicio,
2468 3181 2600 3229 tunc
2628 3177 3270 3245 temporisqmestionem
3309 3170 3652 3244 cﬂ‘erbuisse,
3686 3196 3755 3235 an

506 3245 833 3313 primarium
902 3244 1140 3314 aliquem
1198 3245 1379 3298 virum
1445 3244 1683 3314 regionis
1739 3243 2067 3314 Cyrcsticte;

2193 3262 2349 3332 Virgo
2371 3263 2479 3319 dici
2505 3243 3015 3329 deberetrdmmcct
3036 3268 3155 3325 sine
3175 3269 3363 3323 addito
3393 3243 3660 3335 Oeotoxoc,
3687 3286 3754 3327 an

508 3336 656 3390 unde
703 3336 806 3389 sub
852 3334 1012 3427 linem
1061 3335 1249 3389 ευδάίι
1304 3335 1718 3427 nemoralis:
1768 3353 1786 3385 ί
1816 3334 2082 3427 Nimim“
2182 3350 2309 3406 addi
2345 3365 2627 3423 oporteret
2654 3355 3085 3427 ἀνθρωποτόκος,
3125 3358 3448 3427 quibusdam
3477 3334 3755 3416 communi

508 3442 640 3495 ergo
684 3426 1086 3496 magniﬁcentia
1126 3434 1218 3478 tua
1252 3434 1535 3493 paternam
1557 3426 2017 3493 exhortationem,
2052 3445 2069 3479 ι

2190 3441 2431 3500 formulae
2470 3426 2817 3505 subscribere
2864 3426 3221 3503 renuentibus
3256 3450 3372 3503 sine
3410 3450 3517 3504 hoc
3541 3450 3751 3505 addita.

506 3517 749 3588 episcopi
781 3518 991 3573 scilicet
1010 3516 1109 3571 tui.

2188 3545 2386 3600 mento,
2421 3551 2537 3605 quo,
2587 3538 2845 3592 volebant
2890 3539 3099 3593 scilicet
3142 3541 3293 3595 vocis
3333 3541 3749 3610 amplitudinem

667 3627 907 3699 Epistula
937 3629 1112 3692 l6,ad
1138 3629 1401 3684 Irenaeum
1432 3629 1552 3700 Tyri
1584 3632 1899 3703 episcopum.
2180 3625 2541 3694 restringere,
2587 3636 2657 3678 ut
2698 3626 2893 3680 callide
2947 3627 3333 3686 Nestorianum
3378 3646 3600 3686 sensum
3646 3633 3751 3689 sub

576 3741 618 3795 l.
667 3740 818 3794 Adeo
863 3739 1170 3810 implicatus
1193 3749 1278 3795 est
1309 3756 1501 3795 sensus
1527 3751 1689 3811 atque
1711 3742 1966 3812 perplexa
1988 3741 2077 3795 hi-
2178 3714 2443 3768 “mone”
2468 3729 2601 3767 νθθθ
2631 3715 2952 3769 retinerem

507 3830 678 3885 storia
724 3829 986 3899 epistolae,
1024 3840 1084 3884 ut
1113 3830 1253 3885 facili
1294 3831 1512 3901 negotio
1535 3831 1779 3902 expediri
1808 3847 1917 3884 non
1946 3845 2074 3899 pos-
2244 3824 2381 3880 Vill.
2429 3823 2833 3894 Coniecturam,
2879 3827 3096 3896 opinor,
3144 3828 3379 3897 probant
3417 3829 3747 3888 Theodoreti

508 3918 620 3973 sit:
653 3919 824 3972 multa
854 3920 1021 3982 enim,
1046 3926 1107 3972 ut
1148 3917 1292 3973 inter
1320 3921 1528 3974 amicos
1566 3935 1751 3974 rerum
1800 3918 2070 3982 conscios,
2173 3915 2339 3969 verba
2373 3933 2387 3968 :
2431 3934 2449 3966 ι
2486 3915 2613 3971 lllos
2657 3924 2896 3985 oportet,
2934 3917 3027 3988 qui
3069 3934 3169 3989 pro
3209 3920 3409 3990 pietate
3456 3921 3742 3990 dimicant,

508 4005 887 4062 Theodoretus
913 4008 1115 4062 [remeo
1143 4006 1385 4062 breviter
1430 4010 1666 4079 scripsit,
1722 4024 1843 4078 qua:
1893 4017 2071 4062 tamen
2174 4019 2296 4075 quae
2322 4005 2523 4060 dicturi
2552 4006 2662 4061 sint
2699 4005 2744 4038 ⁵⁸
2775 4008 3065 4077 diligenter
3092 4010 3424 4076 examinare,
3450 4027 3551 4068 nec
3578 4029 3744 4070 voca-

504 4110 615 4153 non
644 4100 794 4168 parvi
826 4100 1085 4154 momenti
1109 4109 1193 4155 est
1213 4099 1395 4154 sciria
1440 4100 1698 4156 studiosis
1743 4097 2072 4152 ccclesiasti-
2173 4095 2301 4151 bula
2343 4111 2624 4164 quaerere,
2679 4112 2802 4167 quae
2852 4101 3258 4155 contentionem
3308 4104 3598 4171 suscitent,
3646 4108 3742 4161 sed

504 4203 689 4243 carum
719 4205 925 4244 rerum.
2173 4185 2504 4251 sententias,
2551 4202 2673 4257 quae
2714 4189 3000 4244 veritatem
3058 4190 3265 4260 liquido
3307 4194 3639 4265 exprimant,
3685 4208 3744 4253 et

572 4281 637 4335 ll.
691 4281 1049 4352 Attinguntur
1086 4283 1310 4338 omnino
1348 4295 1481 4335 sex:
1517 4278 1887 4334 ecclesiastica
1922 4279 2068 4334 cala-
2171 4275 2432 4330 reluctari
2475 4277 2742 4333 audentes
2782 4281 2985 4336 rubore
3025 4283 3360 4339 suﬂ'undant.
3405 4286 3545 4352 Quid
3591 4289 3739 4343 enim

502 4375 684 4438 mitas,
728 4375 974 4429 evocatio
1020 4375 1087 4428 ad
1117 4376 1404 4446 synodum,
1430 4373 1650 4443 querela
1670 4372 1737 4425 de
1769 4372 2063 4426 calumnia-

2181 4366 2279 4422 ista
2325 4367 2673 4438 discrepant,
2727 4371 3136 4442 ἀνθρωποτόκον
3179 4376 3341 4431 simul
3386 4394 3450 4432 ac
3492 4377 3742 4433 Θεοτόκον

504 4465 716 4519 toribus
746 4466 880 4531 suis,
929 4467 1158 4536 quaestio
1198 4467 1265 4520 de
1316 4466 1539 4534 Virgine
1599 4462 1850 4534 θεοτόκῳ,
1906 4479 2068 4520 causa
2170 4457 2450 4528 Virginem
2490 4470 2733 4516 sanctam
2778 4464 3073 4532 appellare,
3108 4475 3202 4520 aut
3227 4482 3423 4523 vocare
3443 4469 3588 4525 illam
3620 4471 3738 4526 Filii

502 4555 729 4611 Diodori
782 4565 946 4626 atque
1003 4556 1301 4620 Theodori,
1361 4563 1416 4608 et
1464 4553 1754 4608 consilium
1801 4554 1868 4608 de
1898 4555 2068 4608 relin-
2172 4559 2404 4605 matrem
2429 4559 2592 4621 atque
2622 4553 2903 4620 ancillam;
2931 4564 2987 4610 et
3014 4556 3234 4620 addere,
3263 4568 3492 4614 matrem
3518 4560 3739 4630 quidem

503 4647 723 4716 quendo
780 4649 1117 4716 episcopatu.
1188 4647 1311 4700 Htec
1364 4660 1625 4712 quorsum
1673 4652 2064 4713 memorentur,
2169 4655 2312 4705 esse,
2359 4650 2423 4696 ut
2460 4642 2721 4708 hominis,
2751 4644 2965 4698 Domini
3009 4646 3183 4700 nostri
3221 4648 3349 4701 Jcsu
3389 4649 3615 4711 Christi,
3645 4665 3745 4704 an-

500 4741 881 4809 cxponendum
909 4749 1012 4805 est,
1038 4740 1179 4793 l’acto
1211 4754 1241 4792 a
1271 4746 1515 4806 tempore
1547 4739 1791 4808 epistola:
1817 4740 1992 4794 initio.
2170 4728 2355 4783 Cmam
2380 4744 2513 4784 νθιὈ
2551 4740 2610 4785 ιη
2638 4731 2755 4797 Πθί,
2780 4734 3170 4805 calumniaeque
3204 4739 3548 4794 occasionem
3574 4740 3737 4794 silen-

568 4832 657 4886 lll.
684 4832 816 4887 Data
835 4840 919 4885 est
943 4830 1133 4901 procul
1158 4829 1327 4884 dubio
1355 4842 1478 4901 post
1502 4830 1711 4884 editum
1738 4830 2061 4888 Eranisten:
2171 4818 2248 4873 ῑίο
2280 4827 2483 4890 tegere.
2522 4829 2579 4875 ει
2606 4823 2855 4878 eamdem
2885 4827 3211 4881 sententiam
3236 4828 3339 4883 sub
3374 4829 3483 4884 alio
3515 4829 3737 4883 nomine

498 4921 793 4991 respondet
851 4921 994 4972 enim
1065 4918 1443 4974 Theodoretus
1512 4919 1717 4974 lrenaeo
1775 4924 2061 4991 quaerenti,
2168 4908 2450 4980 Ρτοῖθνΐθῗ
2478 4929 2497 4963 ³

500 5024 598 5065 cur
651 5011 794 5065 inter
833 5009 1186 5080 appellandos
1219 5010 1407 5065 Patres
1441 5010 1507 5065 de
1541 5010 1780 5065 Diodoro
1802 5027 1867 5067 ac
1889 5011 2069 5068 Theo-
2239 5019 2437 5076 lXuDe
2468 5036 2633 5078 causa
2656 5024 2874 5079 Diodori
2905 5034 2959 5080 et
2984 5024 3257 5082 Theodori
3283 5029 3497 5084 dicetur
3518 5029 3573 5083 in
3596 5028 3733 5084 Era-

499 5101 635 5157 doro
657 5102 914 5164 siluisset,
947 5100 1303 5170 eamdemque
1326 5101 1416 5156 hic
1445 5110 1500 5155 et
1524 5101 1715 5156 iisdem
1749 5102 1862 5157 fere
1883 5103 2069 5159 verbis
2169 5110 2324 5162 nime
2352 5124 2586 5165 censura
2615 5114 2689 5177 '9;
2718 5113 2963 5182 proderit
2990 5131 3123 5171 vero
3152 5124 3282 5173 tunc
3306 5118 3551 5188 cpistola
3569 5119 3731 5173 verba

499 5207 717 5248 causam
747 5190 925 5249 aﬂ‘ert.
965 5205 1029 5247 ac
1049 5192 1107 5246 in
1127 5193 1369 5248 secundo
1388 5193 1603 5263 dialogo
1627 5210 1644 5258 ;
1675 5196 1879 5265 scripta
1900 5196 2069 5266 igitur
2168 5215 2294 5253 cum
2320 5203 2503 5257 verbis
2522 5203 2729 5275 Dialogi
2757 5207 3029 5261 conferre.
3600 5198 3607 5201 ⁷

498 5287 581 5334 est
636 5288 759 5349 post
808 5293 1011 5333 annum
1060 5280 1184 5346 445,
1235 5288 1329 5335 aut
1367 5281 1489 5335 446.
1550 5281 1656 5336 Sed
1696 5282 1865 5337 alium
1898 5285 2064 5339 etiam
2237 5286 2304 5340 Χ.
2338 5286 2469 5353 Quae
2498 5291 2878 5348 Theodoreus
2898 5294 3004 5349 sub
3027 5294 3188 5352 ﬁnem
3218 5296 3389 5364 addit,
3412 5297 3481 5354 de
3505 5298 3732 5355 consilio

1834 5419 2148 5487 SCHULZII
2185 5423 2418 5491 NOTAE.

567 5494 949 5622 false—gendum
972 5540 1069 5622 aest
1099 5532 1591 5622 ‘np‘osﬁﬁouiglid.
1629 5532 2103 5622 t~.nly,op;-1015'.L
2142 5539 2188 5622 '_‘
2221 5539 2348 5622 Post
2378 5558 2544 5597 mens.
2576 5544 2899 5622 Aprit.__Sub
2922 5548 3083 5622 linem
3116 5549 3329 5622 :Aprilis
3362 5552 3564 5622 scripta
3592 5554 3728 5609 dici-

495 5603 587 5651 tur
624 5566 949 5652 ἱῖῖξέηὲἔω
970 5566 1069 5655 ἔδυ
1098 5566 1437 5661 safe-mus.
1484 5566 1591 5588 nu.
1630 5566 1783 5656 ἔοις,
1815 5566 2065 5657 μὲοιυέευ.
2144 5566 2185 5571 -ν
2221 5566 2347 5623 rapt
2378 5566 2544 5597 mens.
2576 5566 2748 5615 Apr".
2785 5566 2899 5602 all!)
2922 5566 3083 5603 Ilan
3116 5566 3329 5653 vAPI‘lllS
3362 5566 3564 5641 scripta
3592 5566 3728 5638 (11ρί-

498 5666 712 5724 dissen.
772 5639 786 5664 ’
881 5615 935 5669 P'
1009 5642 1021 5655 ·
1225 5618 1239 5656 ¹
1288 5643 1299 5656 ·
1336 5618 1519 5673 supra»
1550 5619 1605 5671 P-
1701 5608 1753 5666 υτ
1791 5602 1817 5671 §
1883 5642 1898 5656 -
2042 5608 2208 5663 Paulo
2242 5611 2403 5668 ahter
2425 5628 2612 5683 supra,
2644 5624 2683 5669 t.
2717 5616 2805 5682 IV,
2832 5634 2885 5687 p.
2914 5618 3065 5674 l077.
3144 5621 3166 5653 ⁵
3214 5622 3449 5688 lnfr.\,c.
3481 5628 3516 5679 δ
3569 5625 3733 5699 huius
