  <div class='ocr_page' id='page_1' title='image "/cluster/home/n/w/nwhite01/storage/ocr_20150623/84/pst.000005712830/140.png"; bbox 0 0 3952 6294; ppageno 0'>
   <div class='ocr_carea' id='block_1_1' title="bbox 236 247 338 310">
    <p class='ocr_par' dir='ltr' id='par_1_1' title="bbox 236 247 338 310">
     <span class='ocr_line' id='line_1_1' title="bbox 236 247 338 310; baseline 0.02 -2"><span class='ocrx_word' id='word_1_1' title='bbox 236 247 338 310; x_wconf 78' lang='grc'><strong>265</strong></span> 
     </span>
    </p>
   </div>
   <div class='ocr_carea' id='block_1_2' title="bbox 1406 248 2339 313">
    <p class='ocr_par' dir='ltr' id='par_1_2' title="bbox 1406 248 2339 313">
     <span class='ocr_line' id='line_1_2' title="bbox 1406 248 2339 313; baseline 0.006 -6"><span class='ocrx_word' id='word_1_2' title='bbox 1406 248 1502 307; x_wconf 84' lang='lat' dir='ltr'><strong>DE</strong></span> <span class='ocrx_word' id='word_1_3' title='bbox 1540 248 1795 307; x_wconf 84' lang='lat' dir='ltr'><strong>LIBRIS</strong></span> <span class='ocrx_word' id='word_1_4' title='bbox 1832 248 2339 313; x_wconf 82' lang='lat' dir='ltr'><strong>THEODORETI.</strong></span> 
     </span>
    </p>
   </div>
   <div class='ocr_carea' id='block_1_3' title="bbox 3386 255 3492 321">
    <p class='ocr_par' dir='ltr' id='par_1_3' title="bbox 3386 255 3492 321">
     <span class='ocr_line' id='line_1_3' title="bbox 3386 255 3492 321; baseline 0 0"><span class='ocrx_word' id='word_1_5' title='bbox 3386 255 3492 321; x_wconf 73' lang='lat'><strong>266</strong></span> 
     </span>
    </p>
   </div>
   <div class='ocr_carea' id='block_1_4' title="bbox 236 358 3490 432">
    <p class='ocr_par' dir='ltr' id='par_1_4' title="bbox 236 358 3490 432">
     <span class='ocr_line' id='line_1_4' title="bbox 236 358 3490 432; baseline 0.003 -18"><span class='ocrx_word' id='word_1_6' title='bbox 236 358 550 429; x_wconf 85' lang='lat' dir='ltr'><strong>deponendi</strong></span> <span class='ocrx_word' id='word_1_7' title='bbox 581 358 980 430; x_wconf 88' lang='lat' dir='ltr'><strong>episc0patum,</strong></span> <span class='ocrx_word' id='word_1_8' title='bbox 1015 359 1121 415; x_wconf 84' lang='lat' dir='ltr'><strong>nisi</strong></span> <span class='ocrx_word' id='word_1_9' title='bbox 1146 359 1416 431; x_wconf 83' lang='lat' dir='ltr'><strong>judicium</strong></span> <span class='ocrx_word' id='word_1_10' title='bbox 1448 360 1695 416; x_wconf 84' lang='lat' dir='ltr'><strong>divinum</strong></span> <span class='ocrx_word' id='word_1_11' title='bbox 1725 376 1817 414; x_wconf 87' lang='lat' dir='ltr'><strong>ve-</strong></span> <span class='ocrx_word' id='word_1_12' title='bbox 1845 366 1889 421; x_wconf 80' lang='grc' dir='ltr'><strong>Α</strong></span> <span class='ocrx_word' id='word_1_13' title='bbox 1920 376 2033 415; x_wconf 91' lang='lat' dir='ltr'><strong>rem</strong></span> <span class='ocrx_word' id='word_1_14' title='bbox 2064 361 2266 427; x_wconf 72' lang='lat' dir='ltr'><strong>virum,</strong></span> <span class='ocrx_word' id='word_1_15' title='bbox 2292 372 2353 416; x_wconf 94' lang='lat' dir='ltr'><strong>ut</strong></span> <span class='ocrx_word' id='word_1_16' title='bbox 2382 362 2634 432; x_wconf 82' lang='lat' dir='ltr'><strong>agricolis</strong></span> <span class='ocrx_word' id='word_1_17' title='bbox 2667 362 2949 418; x_wconf 77' lang='lat' dir='ltr'><strong>sterilitate</strong></span> <span class='ocrx_word' id='word_1_18' title='bbox 2979 370 3135 417; x_wconf 74' lang='lat' dir='ltr'><strong>terra:</strong></span> <span class='ocrx_word' id='word_1_19' title='bbox 3162 364 3374 425; x_wconf 82' lang='lat' dir='ltr'><strong>alllictis</strong></span> <span class='ocrx_word' id='word_1_20' title='bbox 3404 369 3490 427; x_wconf 61' lang='lat' dir='ltr'><strong>ius</strong></span> 
     </span>
    </p>
   </div>
   <div class='ocr_carea' id='block_1_5' title="bbox 236 440 1637 522">
    <p class='ocr_par' dir='ltr' id='par_1_5' title="bbox 236 440 1637 522">
     <span class='ocr_line' id='line_1_5' title="bbox 236 440 1637 522; baseline 0.001 -15"><span class='ocrx_word' id='word_1_21' title='bbox 236 463 469 515; x_wconf 89' lang='lat' dir='ltr'><strong>reretur,</strong></span> <span class='ocrx_word' id='word_1_22' title='bbox 501 459 805 506; x_wconf 74' lang='lat' dir='ltr'><strong>consonant</strong></span> <span class='ocrx_word' id='word_1_23' title='bbox 830 450 1067 506; x_wconf 88' lang='lat' dir='ltr'><strong>consilio</strong></span> <span class='ocrx_word' id='word_1_24' title='bbox 1095 451 1327 522; x_wconf 90' lang='lat' dir='ltr'><strong>epistola</strong></span> <span class='ocrx_word' id='word_1_25' title='bbox 1356 451 1390 506; x_wconf 80' lang='grc'><strong>5</strong></span> <span class='ocrx_word' id='word_1_26' title='bbox 1422 440 1585 507; x_wconf 59' lang='grc' dir='ltr'><strong>αωοβ</strong></span> <span class='ocrx_word' id='word_1_27' title='bbox 1626 502 1637 509; x_wconf 80' lang='lat'><strong>.</strong></span> 
     </span>
    </p>
   </div>
   <div class='ocr_carea' id='block_1_6' title="bbox 301 542 1815 615">
    <p class='ocr_par' dir='ltr' id='par_1_6' title="bbox 301 542 1815 615">
     <span class='ocr_line' id='line_1_6' title="bbox 301 542 1815 615; baseline 0.001 -17"><span class='ocrx_word' id='word_1_28' title='bbox 301 543 393 598; x_wconf 78' lang='lat' dir='ltr'><strong>X1.</strong></span> <span class='ocrx_word' id='word_1_29' title='bbox 436 542 569 609; x_wconf 62' lang='lat' dir='ltr'><strong>Quae</strong></span> <span class='ocrx_word' id='word_1_30' title='bbox 611 543 800 599; x_wconf 88' lang='lat' dir='ltr'><strong>subdit</strong></span> <span class='ocrx_word' id='word_1_31' title='bbox 843 544 911 598; x_wconf 85' lang='lat' dir='ltr'><strong>de</strong></span> <span class='ocrx_word' id='word_1_32' title='bbox 960 544 1154 600; x_wconf 91' lang='lat' dir='ltr'><strong>mortis</strong></span> <span class='ocrx_word' id='word_1_33' title='bbox 1192 546 1618 614; x_wconf 75' lang='lat' dir='ltr'><strong>exspectatione,</strong></span> <span class='ocrx_word' id='word_1_34' title='bbox 1653 561 1815 615; x_wconf 86' lang='lat' dir='ltr'><strong>quam</strong></span> 
     </span>
    </p>
   </div>
   <div class='ocr_carea' id='block_1_7' title="bbox 233 636 1815 707">
    <p class='ocr_par' dir='ltr' id='par_1_7' title="bbox 233 636 1815 707">
     <span class='ocr_line' id='line_1_7' title="bbox 233 636 1815 707; baseline -0.002 -14"><span class='ocrx_word' id='word_1_35' title='bbox 233 654 299 693; x_wconf 79' lang='lat' dir='ltr'><strong>ex</strong></span> <span class='ocrx_word' id='word_1_36' title='bbox 345 637 567 691; x_wconf 73' lang='lat' dir='ltr'><strong>insidiis</strong></span> <span class='ocrx_word' id='word_1_37' title='bbox 617 636 723 690; x_wconf 86' lang='lat' dir='ltr'><strong>sibi</strong></span> <span class='ocrx_word' id='word_1_38' title='bbox 770 636 928 691; x_wconf 89' lang='lat' dir='ltr'><strong>factis</strong></span> <span class='ocrx_word' id='word_1_39' title='bbox 985 637 1220 691; x_wconf 78' lang='lat' dir='ltr'><strong>vicinam</strong></span> <span class='ocrx_word' id='word_1_40' title='bbox 1276 646 1595 707; x_wconf 89' lang='lat' dir='ltr'><strong>auguratur,</strong></span> <span class='ocrx_word' id='word_1_41' title='bbox 1642 638 1815 691; x_wconf 83' lang='lat' dir='ltr'><strong>videri</strong></span> 
     </span>
    </p>
   </div>
   <div class='ocr_carea' id='block_1_8' title="bbox 233 727 1814 798">
    <p class='ocr_par' dir='ltr' id='par_1_8' title="bbox 233 727 1814 798">
     <span class='ocr_line' id='line_1_8' title="bbox 233 727 1814 798; baseline 0 -15"><span class='ocrx_word' id='word_1_42' title='bbox 233 737 464 798; x_wconf 84' lang='lat' dir='ltr'><strong>possunt</strong></span> <span class='ocrx_word' id='word_1_43' title='bbox 514 728 834 783; x_wconf 76' lang='lat' dir='ltr'><strong>vaticinium</strong></span> <span class='ocrx_word' id='word_1_44' title='bbox 896 727 1098 783; x_wconf 78' lang='lat' dir='ltr'><strong>utentis</strong></span> <span class='ocrx_word' id='word_1_45' title='bbox 1152 727 1394 783; x_wconf 88' lang='lat' dir='ltr'><strong>futuram</strong></span> <span class='ocrx_word' id='word_1_46' title='bbox 1454 728 1814 783; x_wconf 88' lang='lat' dir='ltr'><strong>calamitatem</strong></span> 
     </span>
    </p>
   </div>
   <div class='ocr_carea' id='block_1_9' title="bbox 233 817 639 887">
    <p class='ocr_par' dir='ltr' id='par_1_9' title="bbox 233 817 639 887">
     <span class='ocr_line' id='line_1_9' title="bbox 233 817 639 887; baseline 0.005 -19"><span class='ocrx_word' id='word_1_47' title='bbox 233 817 639 887; x_wconf 87' lang='lat' dir='ltr'><strong>prospicientis.</strong></span> 
     </span>
    </p>
   </div>
   <div class='ocr_carea' id='block_1_10' title="bbox 298 907 1815 978">
    <p class='ocr_par' dir='ltr' id='par_1_10' title="bbox 298 907 1815 978">
     <span class='ocr_line' id='line_1_10' title="bbox 298 907 1815 978; baseline -0.002 -14"><span class='ocrx_word' id='word_1_48' title='bbox 298 909 416 964; x_wconf 77' lang='lat' dir='ltr'><strong>XII.</strong></span> <span class='ocrx_word' id='word_1_49' title='bbox 467 910 588 964; x_wconf 82' lang='lat' dir='ltr'><strong>Non</strong></span> <span class='ocrx_word' id='word_1_50' title='bbox 643 908 902 978; x_wconf 79' lang='lat' dir='ltr'><strong>exiguum</strong></span> <span class='ocrx_word' id='word_1_51' title='bbox 957 923 1121 978; x_wconf 89' lang='lat' dir='ltr'><strong>porro</strong></span> <span class='ocrx_word' id='word_1_52' title='bbox 1172 907 1535 978; x_wconf 76' lang='lat' dir='ltr'><strong>fragmentum</strong></span> <span class='ocrx_word' id='word_1_53' title='bbox 1588 908 1815 977; x_wconf 81' lang='lat' dir='ltr'><strong>hujusce</strong></span> 
     </span>
    </p>
   </div>
   <div class='ocr_carea' id='block_1_11' title="bbox 231 996 1816 1071">
    <p class='ocr_par' dir='ltr' id='par_1_11' title="bbox 231 996 1816 1071">
     <span class='ocr_line' id='line_1_11' title="bbox 231 996 1816 1071; baseline -0.003 -17"><span class='ocrx_word' id='word_1_54' title='bbox 231 1000 477 1071; x_wconf 74' lang='lat' dir='ltr'><strong>epistola:</strong></span> <span class='ocrx_word' id='word_1_55' title='bbox 509 1014 576 1053; x_wconf 80' lang='lat' dir='ltr'><strong>ex</strong></span> <span class='ocrx_word' id='word_1_56' title='bbox 608 996 989 1067; x_wconf 86' lang='lat' dir='ltr'><strong>antiquissima</strong></span> <span class='ocrx_word' id='word_1_57' title='bbox 1025 997 1276 1051; x_wconf 87' lang='lat' dir='ltr'><strong>versione</strong></span> <span class='ocrx_word' id='word_1_58' title='bbox 1317 997 1550 1051; x_wconf 79' lang='lat' dir='ltr'><strong>refertur</strong></span> <span class='ocrx_word' id='word_1_59' title='bbox 1586 996 1640 1049; x_wconf 88' lang='lat' dir='ltr'><strong>in</strong></span> <span class='ocrx_word' id='word_1_60' title='bbox 1680 997 1816 1050; x_wconf 86' lang='lat' dir='ltr'><strong>actis</strong></span> 
     </span>
    </p>
   </div>
   <div class='ocr_carea' id='block_1_12' title="bbox 232 1086 1814 1161">
    <p class='ocr_par' dir='ltr' id='par_1_12' title="bbox 232 1086 1814 1161">
     <span class='ocr_line' id='line_1_12' title="bbox 232 1086 1814 1161; baseline -0.004 -16"><span class='ocrx_word' id='word_1_61' title='bbox 232 1108 262 1145; x_wconf 81' lang='grc' dir='ltr'><strong>ν</strong></span> <span class='ocrx_word' id='word_1_62' title='bbox 298 1090 497 1161; x_wconf 79' lang='lat' dir='ltr'><strong>synodi</strong></span> <span class='ocrx_word' id='word_1_63' title='bbox 538 1089 718 1144; x_wconf 87' lang='lat' dir='ltr'><strong>collat.</strong></span> <span class='ocrx_word' id='word_1_64' title='bbox 765 1088 839 1152; x_wconf 69' lang='grc' dir='ltr'><strong>δ’,</strong></span> <span class='ocrx_word' id='word_1_65' title='bbox 876 1102 1001 1142; x_wconf 88' lang='lat' dir='ltr'><strong>cum</strong></span> <span class='ocrx_word' id='word_1_66' title='bbox 1044 1087 1146 1142; x_wconf 90' lang='lat' dir='ltr'><strong>hac</strong></span> <span class='ocrx_word' id='word_1_67' title='bbox 1181 1088 1347 1157; x_wconf 76' lang='lat'><strong>316</strong></span> <span class='ocrx_word' id='word_1_68' title='bbox 1383 1087 1581 1140; x_wconf 86' lang='lat' dir='ltr'><strong>vitiosa</strong></span> <span class='ocrx_word' id='word_1_69' title='bbox 1619 1086 1814 1141; x_wconf 84' lang='lat' dir='ltr'><strong>inscri-</strong></span> 
     </span>
    </p>
   </div>
   <div class='ocr_carea' id='block_1_13' title="bbox 232 1177 1812 1251">
    <p class='ocr_par' dir='ltr' id='par_1_13' title="bbox 232 1177 1812 1251">
     <span class='ocr_line' id='line_1_13' title="bbox 232 1177 1812 1251; baseline -0.003 -17"><span class='ocrx_word' id='word_1_70' title='bbox 232 1182 461 1251; x_wconf 88' lang='lat' dir='ltr'><strong>ptione:</strong></span> <span class='ocrx_word' id='word_1_71' title='bbox 508 1199 527 1232; x_wconf 71' lang='grc' dir='ltr'>ι</span> <span class='ocrx_word' id='word_1_72' title='bbox 567 1182 647 1234; x_wconf 70' lang='lat' dir='ltr'><strong>Ex</strong></span> <span class='ocrx_word' id='word_1_73' title='bbox 697 1179 927 1248; x_wconf 85' lang='lat' dir='ltr'><strong>cpistola</strong></span> <span class='ocrx_word' id='word_1_74' title='bbox 972 1177 1305 1232; x_wconf 86' lang='lat' dir='ltr'><strong>Theodoreti</strong></span> <span class='ocrx_word' id='word_1_75' title='bbox 1349 1178 1417 1232; x_wconf 91' lang='lat' dir='ltr'><strong>ad</strong></span> <span class='ocrx_word' id='word_1_76' title='bbox 1465 1178 1812 1232; x_wconf 89' lang='lat' dir='ltr'><strong>llierenatum</strong></span> 
     </span>
    </p>
   </div>
   <div class='ocr_carea' id='block_1_14' title="bbox 232 1268 1814 1342">
    <p class='ocr_par' dir='ltr' id='par_1_14' title="bbox 232 1268 1814 1342">
     <span class='ocr_line' id='line_1_14' title="bbox 232 1268 1814 1342; baseline -0.004 -14"><span class='ocrx_word' id='word_1_77' title='bbox 232 1272 535 1342; x_wconf 84' lang='lat' dir='ltr'><strong>digamum,</strong></span> <span class='ocrx_word' id='word_1_78' title='bbox 571 1269 951 1325; x_wconf 82' lang='lat' dir='ltr'><strong>testimonium</strong></span> <span class='ocrx_word' id='word_1_79' title='bbox 990 1268 1309 1340; x_wconf 67' lang='lat' dir='ltr'><strong>prmbentis,</strong></span> <span class='ocrx_word' id='word_1_80' title='bbox 1345 1269 1490 1338; x_wconf 90' lang='lat' dir='ltr'><strong>quod</strong></span> <span class='ocrx_word' id='word_1_81' title='bbox 1522 1270 1625 1323; x_wconf 86' lang='lat' dir='ltr'><strong>sub</strong></span> <span class='ocrx_word' id='word_1_82' title='bbox 1652 1285 1814 1323; x_wconf 85' lang='lat' dir='ltr'><strong>accu-</strong></span> 
     </span>
    </p>
   </div>
   <div class='ocr_carea' id='block_1_15' title="bbox 232 1360 1806 1426">
    <p class='ocr_par' dir='ltr' id='par_1_15' title="bbox 232 1360 1806 1426">
     <span class='ocr_line' id='line_1_15' title="bbox 232 1360 1806 1426; baseline -0.006 -7"><span class='ocrx_word' id='word_1_83' title='bbox 232 1364 443 1419; x_wconf 77' lang='lat' dir='ltr'><strong>satione</strong></span> <span class='ocrx_word' id='word_1_84' title='bbox 489 1371 611 1417; x_wconf 90' lang='lat' dir='ltr'><strong>erat</strong></span> <span class='ocrx_word' id='word_1_85' title='bbox 656 1362 1014 1426; x_wconf 90' lang='lat' dir='ltr'><strong>Theodorus,</strong></span> <span class='ocrx_word' id='word_1_86' title='bbox 1061 1369 1119 1415; x_wconf 91' lang='lat' dir='ltr'><strong>et</strong></span> <span class='ocrx_word' id='word_1_87' title='bbox 1158 1360 1515 1415; x_wconf 84' lang='lat' dir='ltr'><strong>dubitabatur</strong></span> <span class='ocrx_word' id='word_1_88' title='bbox 1545 1360 1613 1415; x_wconf 91' lang='lat' dir='ltr'><strong>de</strong></span> <span class='ocrx_word' id='word_1_89' title='bbox 1654 1376 1739 1415; x_wconf 88' lang='lat' dir='ltr'><strong>eo.</strong></span> <span class='ocrx_word' id='word_1_90' title='bbox 1788 1379 1806 1410; x_wconf 85' lang='grc'><strong>›</strong></span> 
     </span>
    </p>
   </div>
   <div class='ocr_carea' id='block_1_16' title="bbox 234 1452 1814 1521">
    <p class='ocr_par' dir='ltr' id='par_1_16' title="bbox 234 1452 1814 1521">
     <span class='ocr_line' id='line_1_16' title="bbox 234 1452 1814 1521; baseline -0.001 -12"><span class='ocrx_word' id='word_1_91' title='bbox 234 1454 322 1509; x_wconf 88' lang='lat' dir='ltr'><strong>Sic</strong></span> <span class='ocrx_word' id='word_1_92' title='bbox 360 1463 547 1509; x_wconf 89' lang='lat' dir='ltr'><strong>autem</strong></span> <span class='ocrx_word' id='word_1_93' title='bbox 585 1453 721 1508; x_wconf 92' lang='lat' dir='ltr'><strong>illud</strong></span> <span class='ocrx_word' id='word_1_94' title='bbox 757 1470 815 1508; x_wconf 83' lang='lat' dir='ltr'><strong>se</strong></span> <span class='ocrx_word' id='word_1_95' title='bbox 855 1453 1022 1511; x_wconf 88' lang='lat' dir='ltr'><strong>habet</strong></span> <span class='ocrx_word' id='word_1_96' title='bbox 1055 1471 1067 1509; x_wconf 90' lang='lat'><strong>:</strong></span> <span class='ocrx_word' id='word_1_97' title='bbox 1113 1473 1130 1504; x_wconf 81' lang='grc' dir='ltr'>ι</span> <span class='ocrx_word' id='word_1_98' title='bbox 1163 1452 1435 1521; x_wconf 85' lang='lat' dir='ltr'><strong>Quoniam</strong></span> <span class='ocrx_word' id='word_1_99' title='bbox 1468 1469 1601 1509; x_wconf 84' lang='lat' dir='ltr'><strong>vero</strong></span> <span class='ocrx_word' id='word_1_100' title='bbox 1639 1453 1814 1508; x_wconf 84' lang='lat' dir='ltr'><strong>incul-</strong></span> 
     </span>
    </p>
   </div>
   <div class='ocr_carea' id='block_1_17' title="bbox 231 1548 719 1616">
    <p class='ocr_par' dir='ltr' id='par_1_17' title="bbox 231 1548 719 1616">
     <span class='ocr_line' id='line_1_17' title="bbox 231 1548 719 1616; baseline 0.004 -17"><span class='ocrx_word' id='word_1_101' title='bbox 231 1548 372 1616; x_wconf 75' lang='lat' dir='ltr'><strong>patis</strong></span> <span class='ocrx_word' id='word_1_102' title='bbox 404 1562 515 1609; x_wconf 92' lang='lat' dir='ltr'><strong>me,</strong></span> <span class='ocrx_word' id='word_1_103' title='bbox 555 1565 571 1598; x_wconf 76' lang='grc' dir='ltr'><strong><em>ι</em></strong></span> <span class='ocrx_word' id='word_1_104' title='bbox 612 1556 719 1601; x_wconf 90' lang='lat' dir='ltr'><strong>etc.</strong></span> 
     </span>
    </p>
   </div>
   <div class='ocr_carea' id='block_1_18' title="bbox 232 1658 1810 1730">
    <p class='ocr_par' dir='ltr' id='par_1_18' title="bbox 232 1658 1810 1730">
     <span class='ocr_line' id='line_1_18' title="bbox 232 1658 1810 1730; baseline -0.001 -16"><span class='ocrx_word' id='word_1_105' title='bbox 232 1659 475 1730; x_wconf 82' lang='lat' dir='ltr'><strong>Epistola</strong></span> <span class='ocrx_word' id='word_1_106' title='bbox 514 1659 601 1725; x_wconf 82' lang='lat' dir='ltr'><strong>l7,</strong></span> <span class='ocrx_word' id='word_1_107' title='bbox 639 1659 993 1714; x_wconf 83' lang='lat' dir='ltr'><strong>consolatoria</strong></span> <span class='ocrx_word' id='word_1_108' title='bbox 1025 1660 1096 1716; x_wconf 82' lang='lat' dir='ltr'><strong>ad</strong></span> <span class='ocrx_word' id='word_1_109' title='bbox 1121 1658 1408 1730; x_wconf 84' lang='lat' dir='ltr'><strong>Casianam</strong></span> <span class='ocrx_word' id='word_1_110' title='bbox 1442 1660 1810 1723; x_wconf 85' lang='lat' dir='ltr'><strong>diaconissam,</strong></span> 
     </span>
    </p>
   </div>
   <div class='ocr_carea' id='block_1_19' title="bbox 832 1729 1220 1798">
    <p class='ocr_par' dir='ltr' id='par_1_19' title="bbox 832 1729 1220 1798">
     <span class='ocr_line' id='line_1_19' title="bbox 832 1729 1220 1798; baseline 0 -14"><span class='ocrx_word' id='word_1_111' title='bbox 832 1732 888 1784; x_wconf 80' lang='lat' dir='ltr'><strong>in</strong></span> <span class='ocrx_word' id='word_1_112' title='bbox 923 1731 1063 1784; x_wconf 88' lang='lat' dir='ltr'><strong>obitu</strong></span> <span class='ocrx_word' id='word_1_113' title='bbox 1098 1729 1220 1798; x_wconf 80' lang='lat' dir='ltr'><strong>ﬁlii.</strong></span> 
     </span>
    </p>
   </div>
   <div class='ocr_carea' id='block_1_20' title="bbox 295 1842 1810 1913">
    <p class='ocr_par' dir='ltr' id='par_1_20' title="bbox 295 1842 1810 1913">
     <span class='ocr_line' id='line_1_20' title="bbox 295 1842 1810 1913; baseline -0.002 -15"><span class='ocrx_word' id='word_1_114' title='bbox 295 1843 489 1913; x_wconf 82' lang='lat' dir='ltr'><strong>Neque</strong></span> <span class='ocrx_word' id='word_1_115' title='bbox 539 1844 803 1913; x_wconf 91' lang='lat' dir='ltr'><strong>temporis</strong></span> <span class='ocrx_word' id='word_1_116' title='bbox 848 1852 954 1907; x_wconf 90' lang='lat' dir='ltr'><strong>est,</strong></span> <span class='ocrx_word' id='word_1_117' title='bbox 990 1857 1172 1913; x_wconf 90' lang='lat' dir='ltr'><strong>neque</strong></span> <span class='ocrx_word' id='word_1_118' title='bbox 1221 1857 1470 1912; x_wconf 70' lang='lat' dir='ltr'><strong>persona:</strong></span> <span class='ocrx_word' id='word_1_119' title='bbox 1506 1842 1614 1897; x_wconf 92' lang='lat' dir='ltr'><strong>ulla</strong></span> <span class='ocrx_word' id='word_1_120' title='bbox 1663 1852 1810 1908; x_wconf 90' lang='lat' dir='ltr'><strong>nota,</strong></span> 
     </span>
    </p>
   </div>
   <div class='ocr_carea' id='block_1_21' title="bbox 229 1933 1812 2005">
    <p class='ocr_par' dir='ltr' id='par_1_21' title="bbox 229 1933 1812 2005">
     <span class='ocr_line' id='line_1_21' title="bbox 229 1933 1812 2005; baseline -0.001 -14"><span class='ocrx_word' id='word_1_121' title='bbox 229 1936 334 1991; x_wconf 89' lang='lat' dir='ltr'><strong>nisi</strong></span> <span class='ocrx_word' id='word_1_122' title='bbox 365 1934 516 2005; x_wconf 91' lang='lat' dir='ltr'><strong>quod</strong></span> <span class='ocrx_word' id='word_1_123' title='bbox 547 1951 614 1990; x_wconf 76' lang='lat' dir='ltr'><strong>ex</strong></span> <span class='ocrx_word' id='word_1_124' title='bbox 643 1934 918 2005; x_wconf 76' lang='lat' dir='ltr'><strong>adiunctis</strong></span> <span class='ocrx_word' id='word_1_125' title='bbox 944 1934 1213 2005; x_wconf 89' lang='lat' dir='ltr'><strong>suspicari</strong></span> <span class='ocrx_word' id='word_1_126' title='bbox 1243 1934 1393 1999; x_wconf 89' lang='lat' dir='ltr'><strong>licet,</strong></span> <span class='ocrx_word' id='word_1_127' title='bbox 1419 1933 1640 1988; x_wconf 80' lang='lat' dir='ltr'><strong>viduam</strong></span> <span class='ocrx_word' id='word_1_128' title='bbox 1675 1934 1812 1990; x_wconf 90' lang='lat' dir='ltr'><strong>hanc</strong></span> 
     </span>
    </p>
   </div>
   <div class='ocr_carea' id='block_1_22' title="bbox 230 2026 1251 2085">
    <p class='ocr_par' dir='ltr' id='par_1_22' title="bbox 230 2026 1251 2085">
     <span class='ocr_line' id='line_1_22' title="bbox 230 2026 1251 2085; baseline -0.007 0"><span class='ocrx_word' id='word_1_129' title='bbox 230 2028 588 2085; x_wconf 71' lang='lat' dir='ltr'><strong>Antioclienze</strong></span> <span class='ocrx_word' id='word_1_130' title='bbox 622 2026 879 2081; x_wconf 70' lang='lat' dir='ltr'><strong>Ecclesia:</strong></span> <span class='ocrx_word' id='word_1_131' title='bbox 913 2026 1251 2081; x_wconf 87' lang='lat' dir='ltr'><strong>inserviisse.</strong></span> 
     </span>
    </p>
   </div>
   <div class='ocr_carea' id='block_1_23' title="bbox 231 2140 1813 2228">
    <p class='ocr_par' dir='ltr' id='par_1_23' title="bbox 231 2140 1813 2228">
     <span class='ocr_line' id='line_1_23' title="bbox 231 2140 1813 2228; baseline 0.001 -31"><span class='ocrx_word' id='word_1_132' title='bbox 231 2143 469 2214; x_wconf 82' lang='lat' dir='ltr'><strong>Epistola</strong></span> <span class='ocrx_word' id='word_1_133' title='bbox 512 2144 593 2205; x_wconf 86' lang='lat' dir='ltr'><strong>l8,</strong></span> <span class='ocrx_word' id='word_1_134' title='bbox 626 2143 981 2198; x_wconf 80' lang='lat' dir='ltr'><strong>consolatoria</strong></span> <span class='ocrx_word' id='word_1_135' title='bbox 1024 2143 1095 2228; x_wconf 66' lang='lat' dir='ltr'><strong>ad</strong></span> <span class='ocrx_word' id='word_1_136' title='bbox 1124 2142 1547 2214; x_wconf 77' lang='lat' dir='ltr'><strong>Neoptolemum,</strong></span> <span class='ocrx_word' id='word_1_137' title='bbox 1583 2140 1638 2193; x_wconf 88' lang='lat' dir='ltr'><strong>in</strong></span> <span class='ocrx_word' id='word_1_138' title='bbox 1671 2146 1813 2198; x_wconf 83' lang='lat' dir='ltr'><strong>obitu</strong></span> 
     </span>
    </p>
   </div>
   <div class='ocr_carea' id='block_1_24' title="bbox 919 2229 1119 2268">
    <p class='ocr_par' dir='ltr' id='par_1_24' title="bbox 919 2229 1119 2268">
     <span class='ocr_line' id='line_1_24' title="bbox 919 2229 1119 2268; baseline 0.01 -2"><span class='ocrx_word' id='word_1_139' title='bbox 919 2229 1119 2268; x_wconf 65' lang='grc' dir='ltr'><strong>αξιοι-ιε.</strong></span> 
     </span>
    </p>
   </div>
   <div class='ocr_carea' id='block_1_25' title="bbox 294 2328 1810 2403">
    <p class='ocr_par' dir='ltr' id='par_1_25' title="bbox 294 2328 1810 2403">
     <span class='ocr_line' id='line_1_25' title="bbox 294 2328 1810 2403; baseline 0.003 -20"><span class='ocrx_word' id='word_1_140' title='bbox 294 2328 487 2397; x_wconf 84' lang='lat' dir='ltr'><strong>Neque</strong></span> <span class='ocrx_word' id='word_1_141' title='bbox 518 2329 619 2383; x_wconf 89' lang='lat' dir='ltr'><strong>ista</strong></span> <span class='ocrx_word' id='word_1_142' title='bbox 649 2328 820 2384; x_wconf 89' lang='lat' dir='ltr'><strong>ullum</strong></span> <span class='ocrx_word' id='word_1_143' title='bbox 872 2328 1039 2384; x_wconf 85' lang='lat' dir='ltr'><strong>habet</strong></span> <span class='ocrx_word' id='word_1_144' title='bbox 1073 2330 1188 2384; x_wconf 85' lang='lat' dir='ltr'><strong>sive</strong></span> <span class='ocrx_word' id='word_1_145' title='bbox 1222 2334 1504 2402; x_wconf 91' lang='lat' dir='ltr'><strong>temporis,</strong></span> <span class='ocrx_word' id='word_1_146' title='bbox 1539 2333 1654 2388; x_wconf 87' lang='lat' dir='ltr'><strong>sive</strong></span> <span class='ocrx_word' id='word_1_147' title='bbox 1685 2350 1810 2403; x_wconf 85' lang='lat' dir='ltr'><strong>per-</strong></span> 
     </span>
    </p>
   </div>
   <div class='ocr_carea' id='block_1_26' title="bbox 228 2421 811 2477">
    <p class='ocr_par' dir='ltr' id='par_1_26' title="bbox 228 2421 811 2477">
     <span class='ocr_line' id='line_1_26' title="bbox 228 2421 811 2477; baseline 0 -2"><span class='ocrx_word' id='word_1_148' title='bbox 228 2435 375 2475; x_wconf 62' lang='lat' dir='ltr'><strong>sonae</strong></span> <span class='ocrx_word' id='word_1_149' title='bbox 411 2421 811 2477; x_wconf 87' lang='lat' dir='ltr'><strong>characterem.</strong></span> 
     </span>
    </p>
   </div>
   <div class='ocr_carea' id='block_1_27' title="bbox 227 2533 1810 2607">
    <p class='ocr_par' dir='ltr' id='par_1_27' title="bbox 227 2533 1810 2607">
     <span class='ocr_line' id='line_1_27' title="bbox 227 2533 1810 2607; baseline 0 -16"><span class='ocrx_word' id='word_1_150' title='bbox 227 2533 474 2604; x_wconf 75' lang='lat' dir='ltr'><strong>Epistula</strong></span> <span class='ocrx_word' id='word_1_151' title='bbox 505 2536 573 2591; x_wconf 76' lang='lat' dir='ltr'><strong>l9</strong></span> <span class='ocrx_word' id='word_1_152' title='bbox 599 2543 658 2589; x_wconf 89' lang='lat' dir='ltr'><strong>et</strong></span> <span class='ocrx_word' id='word_1_153' title='bbox 684 2533 773 2600; x_wconf 74' lang='lat'><strong>20,</strong></span> <span class='ocrx_word' id='word_1_154' title='bbox 797 2534 867 2589; x_wconf 83' lang='lat' dir='ltr'><strong>ad</strong></span> <span class='ocrx_word' id='word_1_155' title='bbox 893 2533 1154 2589; x_wconf 82' lang='lat' dir='ltr'><strong>Basiliam</strong></span> <span class='ocrx_word' id='word_1_156' title='bbox 1181 2543 1230 2588; x_wconf 89' lang='lat' dir='ltr'><strong>et</strong></span> <span class='ocrx_word' id='word_1_157' title='bbox 1258 2534 1575 2607; x_wconf 75' lang='lat' dir='ltr'><strong>Martyrium</strong></span> <span class='ocrx_word' id='word_1_158' title='bbox 1598 2536 1810 2607; x_wconf 76' lang='lat' dir='ltr'><strong>presby-</strong></span> 
     </span>
    </p>
   </div>
   <div class='ocr_carea' id='block_1_28' title="bbox 943 2613 1101 2660">
    <p class='ocr_par' dir='ltr' id='par_1_28' title="bbox 943 2613 1101 2660">
     <span class='ocr_line' id='line_1_28' title="bbox 943 2613 1101 2660; baseline 0.019 -3"><span class='ocrx_word' id='word_1_159' title='bbox 943 2613 1101 2660; x_wconf 84' lang='lat' dir='ltr'><strong>teras.</strong></span> 
     </span>
    </p>
   </div>
   <div class='ocr_carea' id='block_1_29' title="bbox 296 2721 1814 2791">
    <p class='ocr_par' dir='ltr' id='par_1_29' title="bbox 296 2721 1814 2791">
     <span class='ocr_line' id='line_1_29' title="bbox 296 2721 1814 2791; baseline 0.002 -14"><span class='ocrx_word' id='word_1_160' title='bbox 296 2721 542 2791; x_wconf 83' lang='lat' dir='ltr'><strong>Utraque</strong></span> <span class='ocrx_word' id='word_1_161' title='bbox 582 2721 829 2791; x_wconf 87' lang='lat' dir='ltr'><strong>ejusdem</strong></span> <span class='ocrx_word' id='word_1_162' title='bbox 876 2721 1203 2791; x_wconf 80' lang='lat' dir='ltr'><strong>argumenti,</strong></span> <span class='ocrx_word' id='word_1_163' title='bbox 1246 2721 1315 2776; x_wconf 90' lang='lat' dir='ltr'><strong>de</strong></span> <span class='ocrx_word' id='word_1_164' title='bbox 1354 2723 1651 2779; x_wconf 84' lang='lat' dir='ltr'><strong>Athanasio</strong></span> <span class='ocrx_word' id='word_1_165' title='bbox 1687 2739 1814 2780; x_wconf 87' lang='lat' dir='ltr'><strong>ora-</strong></span> 
     </span>
    </p>
   </div>
   <div class='ocr_carea' id='block_1_30' title="bbox 230 2808 1807 2883">
    <p class='ocr_par' dir='ltr' id='par_1_30' title="bbox 230 2808 1807 2883">
     <span class='ocr_line' id='line_1_30' title="bbox 230 2808 1807 2883; baseline 0.003 -18"><span class='ocrx_word' id='word_1_166' title='bbox 230 2816 349 2865; x_wconf 84' lang='lat' dir='ltr'><strong>tore</strong></span> <span class='ocrx_word' id='word_1_167' title='bbox 396 2809 683 2881; x_wconf 64' lang='lat' dir='ltr'><strong>A&#39;ngptio;</strong></span> <span class='ocrx_word' id='word_1_168' title='bbox 741 2817 971 2879; x_wconf 90' lang='lat' dir='ltr'><strong>utraque</strong></span> <span class='ocrx_word' id='word_1_169' title='bbox 1020 2808 1268 2880; x_wconf 87' lang='lat' dir='ltr'><strong>ejusdem</strong></span> <span class='ocrx_word' id='word_1_170' title='bbox 1336 2810 1451 2865; x_wconf 91' lang='lat' dir='ltr'><strong>fere</strong></span> <span class='ocrx_word' id='word_1_171' title='bbox 1506 2814 1807 2883; x_wconf 85' lang='lat' dir='ltr'><strong>temporis;</strong></span> 
     </span>
    </p>
   </div>
   <div class='ocr_carea' id='block_1_31' title="bbox 228 2897 1807 2967">
    <p class='ocr_par' dir='ltr' id='par_1_31' title="bbox 228 2897 1807 2967">
     <span class='ocr_line' id='line_1_31' title="bbox 228 2897 1807 2967; baseline 0.001 -12"><span class='ocrx_word' id='word_1_172' title='bbox 228 2908 427 2956; x_wconf 88' lang='lat' dir='ltr'><strong>neutra</strong></span> <span class='ocrx_word' id='word_1_173' title='bbox 461 2906 644 2953; x_wconf 89' lang='lat' dir='ltr'><strong>tamen</strong></span> <span class='ocrx_word' id='word_1_174' title='bbox 676 2907 882 2954; x_wconf 89' lang='lat' dir='ltr'><strong>certam</strong></span> <span class='ocrx_word' id='word_1_175' title='bbox 918 2897 1084 2952; x_wconf 90' lang='lat' dir='ltr'><strong>habet</strong></span> <span class='ocrx_word' id='word_1_176' title='bbox 1112 2906 1207 2953; x_wconf 91' lang='lat' dir='ltr'><strong>aut</strong></span> <span class='ocrx_word' id='word_1_177' title='bbox 1234 2912 1500 2967; x_wconf 75' lang='lat' dir='ltr'><strong>personae,</strong></span> <span class='ocrx_word' id='word_1_178' title='bbox 1532 2910 1632 2955; x_wconf 89' lang='lat' dir='ltr'><strong>aut</strong></span> <span class='ocrx_word' id='word_1_179' title='bbox 1657 2901 1807 2967; x_wconf 89' lang='lat' dir='ltr'><strong>anni,</strong></span> 
     </span>
    </p>
   </div>
   <div class='ocr_carea' id='block_1_32' title="bbox 232 2987 871 3044">
    <p class='ocr_par' dir='ltr' id='par_1_32' title="bbox 232 2987 871 3044">
     <span class='ocr_line' id='line_1_32' title="bbox 232 2987 871 3044; baseline -0.002 -1"><span class='ocrx_word' id='word_1_180' title='bbox 232 2998 325 3044; x_wconf 84' lang='lat' dir='ltr'><strong>aut</strong></span> <span class='ocrx_word' id='word_1_181' title='bbox 344 2987 634 3043; x_wconf 82' lang='lat' dir='ltr'><strong>Athanasii</strong></span> <span class='ocrx_word' id='word_1_182' title='bbox 664 2996 871 3042; x_wconf 91' lang='lat' dir='ltr'><strong>notam.</strong></span> 
     </span>
    </p>
   </div>
   <div class='ocr_carea' id='block_1_33' title="bbox 440 3097 1630 3169">
    <p class='ocr_par' dir='ltr' id='par_1_33' title="bbox 440 3097 1630 3169">
     <span class='ocr_line' id='line_1_33' title="bbox 440 3097 1630 3169; baseline 0.002 -16"><span class='ocrx_word' id='word_1_183' title='bbox 440 3097 683 3169; x_wconf 84' lang='lat' dir='ltr'><strong>Epistola</strong></span> <span class='ocrx_word' id='word_1_184' title='bbox 709 3098 799 3162; x_wconf 72' lang='lat'><strong>2|.</strong></span> <span class='ocrx_word' id='word_1_185' title='bbox 826 3099 895 3153; x_wconf 85' lang='lat' dir='ltr'><strong>ad</strong></span> <span class='ocrx_word' id='word_1_186' title='bbox 924 3098 1206 3155; x_wconf 81' lang='lat' dir='ltr'><strong>Eusebium</strong></span> <span class='ocrx_word' id='word_1_187' title='bbox 1229 3099 1630 3155; x_wconf 80' lang='lat' dir='ltr'><strong>Scholasticum.</strong></span> 
     </span>
    </p>
   </div>
   <div class='ocr_carea' id='block_1_34' title="bbox 301 3207 1810 3278">
    <p class='ocr_par' dir='ltr' id='par_1_34' title="bbox 301 3207 1810 3278">
     <span class='ocr_line' id='line_1_34' title="bbox 301 3207 1810 3278; baseline 0.001 -15"><span class='ocrx_word' id='word_1_188' title='bbox 301 3209 352 3263; x_wconf 78' lang='grc' dir='ltr'><strong>ι.</strong></span> <span class='ocrx_word' id='word_1_189' title='bbox 393 3207 623 3263; x_wconf 88' lang='lat' dir='ltr'><strong>Certum</strong></span> <span class='ocrx_word' id='word_1_190' title='bbox 666 3208 882 3278; x_wconf 65' lang='lat' dir='ltr'><strong>praefert</strong></span> <span class='ocrx_word' id='word_1_191' title='bbox 928 3208 1057 3265; x_wconf 87' lang='lat' dir='ltr'><strong>anni</strong></span> <span class='ocrx_word' id='word_1_192' title='bbox 1104 3209 1499 3274; x_wconf 86' lang='lat' dir='ltr'><strong>characterem,</strong></span> <span class='ocrx_word' id='word_1_193' title='bbox 1538 3209 1810 3265; x_wconf 88' lang='lat' dir='ltr'><strong>incertum</strong></span> 
     </span>
    </p>
   </div>
   <div class='ocr_carea' id='block_1_35' title="bbox 230 3298 1810 3368">
    <p class='ocr_par' dir='ltr' id='par_1_35' title="bbox 230 3298 1810 3368">
     <span class='ocr_line' id='line_1_35' title="bbox 230 3298 1810 3368; baseline 0.002 -17"><span class='ocrx_word' id='word_1_194' title='bbox 230 3312 483 3368; x_wconf 62' lang='lat' dir='ltr'><strong>personae</strong></span> <span class='ocrx_word' id='word_1_195' title='bbox 507 3338 523 3361; x_wconf 97' lang='lat'><strong>,</strong></span> <span class='ocrx_word' id='word_1_196' title='bbox 551 3298 677 3352; x_wconf 91' lang='lat' dir='ltr'><strong>data</strong></span> <span class='ocrx_word' id='word_1_197' title='bbox 698 3298 846 3352; x_wconf 89' lang='lat' dir='ltr'><strong>enim</strong></span> <span class='ocrx_word' id='word_1_198' title='bbox 874 3308 959 3353; x_wconf 91' lang='lat' dir='ltr'><strong>est</strong></span> <span class='ocrx_word' id='word_1_199' title='bbox 994 3307 1118 3368; x_wconf 89' lang='lat' dir='ltr'><strong>post</strong></span> <span class='ocrx_word' id='word_1_200' title='bbox 1140 3314 1388 3368; x_wconf 88' lang='lat' dir='ltr'><strong>sparsam</strong></span> <span class='ocrx_word' id='word_1_201' title='bbox 1417 3298 1487 3354; x_wconf 90' lang='lat' dir='ltr'><strong>de</strong></span> <span class='ocrx_word' id='word_1_202' title='bbox 1520 3315 1617 3354; x_wconf 90' lang='lat' dir='ltr'><strong>sua</strong></span> <span class='ocrx_word' id='word_1_203' title='bbox 1644 3300 1700 3353; x_wconf 90' lang='lat' dir='ltr'><strong>in</strong></span> <span class='ocrx_word' id='word_1_204' title='bbox 1728 3301 1810 3355; x_wconf 88' lang='lat' dir='ltr'><strong>la-</strong></span> 
     </span>
    </p>
   </div>
   <div class='ocr_carea' id='block_1_36' title="bbox 232 3388 1808 3459">
    <p class='ocr_par' dir='ltr' id='par_1_36' title="bbox 232 3388 1808 3459">
     <span class='ocr_line' id='line_1_36' title="bbox 232 3388 1808 3459; baseline 0.001 -16"><span class='ocrx_word' id='word_1_205' title='bbox 232 3389 468 3447; x_wconf 81' lang='lat' dir='ltr'><strong>trocinio</strong></span> <span class='ocrx_word' id='word_1_206' title='bbox 498 3389 773 3459; x_wconf 85' lang='lat' dir='ltr'><strong>Ephesino</strong></span> <span class='ocrx_word' id='word_1_207' title='bbox 799 3390 1141 3459; x_wconf 88' lang='lat' dir='ltr'><strong>depositione</strong></span> <span class='ocrx_word' id='word_1_208' title='bbox 1169 3388 1386 3455; x_wconf 91' lang='lat' dir='ltr'><strong>famam,</strong></span> <span class='ocrx_word' id='word_1_209' title='bbox 1416 3405 1541 3445; x_wconf 91' lang='lat' dir='ltr'><strong>cum</strong></span> <span class='ocrx_word' id='word_1_210' title='bbox 1563 3391 1808 3446; x_wconf 90' lang='lat' dir='ltr'><strong>nondum</strong></span> 
     </span>
    </p>
   </div>
   <div class='ocr_carea' id='block_1_37' title="bbox 232 3480 1810 3552">
    <p class='ocr_par' dir='ltr' id='par_1_37' title="bbox 232 3480 1810 3552">
     <span class='ocr_line' id='line_1_37' title="bbox 232 3480 1810 3552; baseline 0.003 -19"><span class='ocrx_word' id='word_1_211' title='bbox 232 3481 298 3534; x_wconf 90' lang='lat' dir='ltr'><strong>de</strong></span> <span class='ocrx_word' id='word_1_212' title='bbox 322 3497 381 3535; x_wconf 88' lang='lat' dir='ltr'><strong>re</strong></span> <span class='ocrx_word' id='word_1_213' title='bbox 404 3489 702 3535; x_wconf 83' lang='lat' dir='ltr'><strong>constaret.</strong></span> <span class='ocrx_word' id='word_1_214' title='bbox 732 3480 910 3547; x_wconf 86' lang='lat' dir='ltr'><strong>Quare</strong></span> <span class='ocrx_word' id='word_1_215' title='bbox 934 3482 1173 3551; x_wconf 87' lang='lat' dir='ltr'><strong>pertinet</strong></span> <span class='ocrx_word' id='word_1_216' title='bbox 1196 3481 1265 3536; x_wconf 87' lang='lat' dir='ltr'><strong>ad</strong></span> <span class='ocrx_word' id='word_1_217' title='bbox 1285 3481 1415 3538; x_wconf 88' lang='lat' dir='ltr'><strong>anni</strong></span> <span class='ocrx_word' id='word_1_218' title='bbox 1435 3481 1539 3537; x_wconf 69' lang='lat' dir='ltr'><strong>M9</strong></span> <span class='ocrx_word' id='word_1_219' title='bbox 1562 3481 1810 3552; x_wconf 84' lang='lat' dir='ltr'><strong>Septem-</strong></span> 
     </span>
    </p>
   </div>
   <div class='ocr_carea' id='block_1_38' title="bbox 231 3571 1808 3644">
    <p class='ocr_par' dir='ltr' id='par_1_38' title="bbox 231 3571 1808 3644">
     <span class='ocr_line' id='line_1_38' title="bbox 231 3571 1808 3644; baseline 0.003 -19"><span class='ocrx_word' id='word_1_220' title='bbox 231 3571 386 3627; x_wconf 87' lang='lat' dir='ltr'><strong>brem</strong></span> <span class='ocrx_word' id='word_1_221' title='bbox 433 3581 529 3627; x_wconf 89' lang='lat' dir='ltr'><strong>aut</strong></span> <span class='ocrx_word' id='word_1_222' title='bbox 565 3571 858 3628; x_wconf 85' lang='lat' dir='ltr'><strong>Octobrem</strong></span> <span class='ocrx_word' id='word_1_223' title='bbox 896 3588 1162 3638; x_wconf 89' lang='lat' dir='ltr'><strong>mensem,</strong></span> <span class='ocrx_word' id='word_1_224' title='bbox 1227 3574 1499 3644; x_wconf 85' lang='lat' dir='ltr'><strong>siquidem</strong></span> <span class='ocrx_word' id='word_1_225' title='bbox 1537 3574 1808 3644; x_wconf 86' lang='lat' dir='ltr'><strong>depositio</strong></span> 
     </span>
    </p>
   </div>
   <div class='ocr_carea' id='block_1_39' title="bbox 232 3664 1570 3736">
    <p class='ocr_par' dir='ltr' id='par_1_39' title="bbox 232 3664 1570 3736">
     <span class='ocr_line' id='line_1_39' title="bbox 232 3664 1570 3736; baseline 0.003 -18"><span class='ocrx_word' id='word_1_226' title='bbox 232 3665 351 3735; x_wconf 84' lang='lat' dir='ltr'><strong>ejus</strong></span> <span class='ocrx_word' id='word_1_227' title='bbox 379 3664 583 3734; x_wconf 84' lang='lat' dir='ltr'><strong>Ephesi</strong></span> <span class='ocrx_word' id='word_1_228' title='bbox 612 3664 842 3734; x_wconf 83' lang='lat' dir='ltr'><strong>contigit</strong></span> <span class='ocrx_word' id='word_1_229' title='bbox 870 3664 960 3719; x_wconf 91' lang='lat' dir='ltr'><strong>die</strong></span> <span class='ocrx_word' id='word_1_230' title='bbox 994 3665 1289 3720; x_wconf 89' lang='lat' dir='ltr'><strong>undecima</strong></span> <span class='ocrx_word' id='word_1_231' title='bbox 1319 3666 1570 3736; x_wconf 83' lang='lat' dir='ltr'><strong>Augusti.</strong></span> 
     </span>
    </p>
   </div>
   <div class='ocr_carea' id='block_1_40' title="bbox 297 3754 1806 3812">
    <p class='ocr_par' dir='ltr' id='par_1_40' title="bbox 297 3754 1806 3812">
     <span class='ocr_line' id='line_1_40' title="bbox 297 3754 1806 3812; baseline 0 -2"><span class='ocrx_word' id='word_1_232' title='bbox 297 3756 365 3810; x_wconf 92' lang='lat' dir='ltr'><strong>ll.</strong></span> <span class='ocrx_word' id='word_1_233' title='bbox 408 3756 599 3809; x_wconf 80' lang='lat' dir='ltr'><strong>Miram</strong></span> <span class='ocrx_word' id='word_1_234' title='bbox 652 3754 1030 3810; x_wconf 78' lang='lat' dir='ltr'><strong>&#39;l‘heodoretus</strong></span> <span class='ocrx_word' id='word_1_235' title='bbox 1090 3755 1333 3811; x_wconf 87' lang='lat' dir='ltr'><strong>ostendit</strong></span> <span class='ocrx_word' id='word_1_236' title='bbox 1374 3756 1432 3810; x_wconf 92' lang='lat' dir='ltr'><strong>in</strong></span> <span class='ocrx_word' id='word_1_237' title='bbox 1482 3764 1634 3811; x_wconf 92' lang='lat' dir='ltr'><strong>tanto</strong></span> <span class='ocrx_word' id='word_1_238' title='bbox 1677 3770 1806 3812; x_wconf 86' lang='lat' dir='ltr'><strong>casu</strong></span> 
     </span>
    </p>
   </div>
   <div class='ocr_carea' id='block_1_41' title="bbox 230 3842 1806 3920">
    <p class='ocr_par' dir='ltr' id='par_1_41' title="bbox 230 3842 1806 3920">
     <span class='ocr_line' id='line_1_41' title="bbox 230 3842 1806 3920; baseline -0.001 -15"><span class='ocrx_word' id='word_1_239' title='bbox 230 3847 398 3905; x_wconf 82' lang='lat' dir='ltr'><strong>animi</strong></span> <span class='ocrx_word' id='word_1_240' title='bbox 439 3847 833 3913; x_wconf 87' lang='lat' dir='ltr'><strong>constantiam;</strong></span> <span class='ocrx_word' id='word_1_241' title='bbox 870 3857 1074 3902; x_wconf 90' lang='lat' dir='ltr'><strong>rectam</strong></span> <span class='ocrx_word' id='word_1_242' title='bbox 1123 3863 1342 3919; x_wconf 85' lang='lat' dir='ltr'><strong>quoque</strong></span> <span class='ocrx_word' id='word_1_243' title='bbox 1380 3842 1542 3904; x_wconf 72' lang='lat' dir='ltr'><strong>ﬁdem</strong></span> <span class='ocrx_word' id='word_1_244' title='bbox 1580 3864 1806 3920; x_wconf 80' lang='lat' dir='ltr'><strong>expres-</strong></span> 
     </span>
    </p>
   </div>
   <div class='ocr_carea' id='block_1_42' title="bbox 230 3943 1806 4015">
    <p class='ocr_par' dir='ltr' id='par_1_42' title="bbox 230 3943 1806 4015">
     <span class='ocr_line' id='line_1_42' title="bbox 230 3943 1806 4015; baseline 0 -17"><span class='ocrx_word' id='word_1_245' title='bbox 230 3943 306 3998; x_wconf 86' lang='lat' dir='ltr'><strong>sis</strong></span> <span class='ocrx_word' id='word_1_246' title='bbox 343 3943 618 4012; x_wconf 85' lang='lat' dir='ltr'><strong>clarisque</strong></span> <span class='ocrx_word' id='word_1_247' title='bbox 659 3943 844 3998; x_wconf 90' lang='lat' dir='ltr'><strong>verbis</strong></span> <span class='ocrx_word' id='word_1_248' title='bbox 883 3944 1191 4013; x_wconf 83' lang='lat' dir='ltr'><strong>profitetur,</strong></span> <span class='ocrx_word' id='word_1_249' title='bbox 1219 3946 1444 4015; x_wconf 85' lang='lat' dir='ltr'><strong>vultque</strong></span> <span class='ocrx_word' id='word_1_250' title='bbox 1481 3945 1550 4000; x_wconf 89' lang='lat' dir='ltr'><strong>de</strong></span> <span class='ocrx_word' id='word_1_251' title='bbox 1582 3960 1678 3999; x_wconf 91' lang='lat' dir='ltr'><strong>sua</strong></span> <span class='ocrx_word' id='word_1_252' title='bbox 1711 3961 1806 3999; x_wconf 53' lang='lat' dir='ltr'><strong>or-</strong></span> 
     </span>
    </p>
   </div>
   <div class='ocr_carea' id='block_1_43' title="bbox 232 4036 1451 4106">
    <p class='ocr_par' dir='ltr' id='par_1_43' title="bbox 232 4036 1451 4106">
     <span class='ocr_line' id='line_1_43' title="bbox 232 4036 1451 4106; baseline 0.002 -18"><span class='ocrx_word' id='word_1_253' title='bbox 232 4036 486 4091; x_wconf 76' lang='lat' dir='ltr'><strong>thodoxia</strong></span> <span class='ocrx_word' id='word_1_254' title='bbox 525 4044 752 4091; x_wconf 90' lang='lat' dir='ltr'><strong>cunctos</strong></span> <span class='ocrx_word' id='word_1_255' title='bbox 786 4051 883 4106; x_wconf 90' lang='lat' dir='ltr'><strong>per</strong></span> <span class='ocrx_word' id='word_1_256' title='bbox 917 4037 1214 4093; x_wconf 85' lang='lat' dir='ltr'><strong>Eusebium</strong></span> <span class='ocrx_word' id='word_1_257' title='bbox 1245 4037 1451 4091; x_wconf 90' lang='lat' dir='ltr'><strong>doceri.</strong></span> 
     </span>
    </p>
   </div>
   <div class='ocr_carea' id='block_1_44' title="bbox 295 4127 1806 4197">
    <p class='ocr_par' dir='ltr' id='par_1_44' title="bbox 295 4127 1806 4197">
     <span class='ocr_line' id='line_1_44' title="bbox 295 4127 1806 4197; baseline -0.001 -15"><span class='ocrx_word' id='word_1_258' title='bbox 295 4128 385 4184; x_wconf 83' lang='lat' dir='ltr'><strong>Ill.</strong></span> <span class='ocrx_word' id='word_1_259' title='bbox 428 4127 699 4182; x_wconf 82' lang='lat' dir='ltr'><strong>Eusebius</strong></span> <span class='ocrx_word' id='word_1_260' title='bbox 756 4129 866 4194; x_wconf 92' lang='lat' dir='ltr'><strong>ille,</strong></span> <span class='ocrx_word' id='word_1_261' title='bbox 903 4138 964 4182; x_wconf 92' lang='lat' dir='ltr'><strong>ut</strong></span> <span class='ocrx_word' id='word_1_262' title='bbox 1019 4128 1235 4197; x_wconf 89' lang='lat' dir='ltr'><strong>opinor,</strong></span> <span class='ocrx_word' id='word_1_263' title='bbox 1281 4128 1385 4185; x_wconf 90' lang='lat' dir='ltr'><strong>fuit</strong></span> <span class='ocrx_word' id='word_1_264' title='bbox 1436 4127 1806 4183; x_wconf 88' lang='lat' dir='ltr'><strong>Seholaslicus</strong></span> 
     </span>
    </p>
   </div>
   <div class='ocr_carea' id='block_1_45' title="bbox 226 4217 1803 4291">
    <p class='ocr_par' dir='ltr' id='par_1_45' title="bbox 226 4217 1803 4291">
     <span class='ocr_line' id='line_1_45' title="bbox 226 4217 1803 4291; baseline -0.003 -16"><span class='ocrx_word' id='word_1_265' title='bbox 226 4218 623 4284; x_wconf 78' lang='lat' dir='ltr'><strong>Antiochenus,</strong></span> <span class='ocrx_word' id='word_1_266' title='bbox 659 4235 689 4273; x_wconf 89' lang='lat' dir='ltr'><strong>a</strong></span> <span class='ocrx_word' id='word_1_267' title='bbox 737 4235 847 4291; x_wconf 91' lang='lat' dir='ltr'><strong>quo</strong></span> <span class='ocrx_word' id='word_1_268' title='bbox 899 4220 1167 4275; x_wconf 87' lang='lat' dir='ltr'><strong>didicerat</strong></span> <span class='ocrx_word' id='word_1_269' title='bbox 1217 4236 1316 4291; x_wconf 90' lang='lat' dir='ltr'><strong>per</strong></span> <span class='ocrx_word' id='word_1_270' title='bbox 1365 4220 1611 4282; x_wconf 87' lang='lat' dir='ltr'><strong>litteras,</strong></span> <span class='ocrx_word' id='word_1_271' title='bbox 1656 4217 1803 4287; x_wconf 91' lang='lat' dir='ltr'><strong>quod</strong></span> 
     </span>
    </p>
   </div>
   <div class='ocr_carea' id='block_1_46' title="bbox 227 4312 654 4383">
    <p class='ocr_par' dir='ltr' id='par_1_46' title="bbox 227 4312 654 4383">
     <span class='ocr_line' id='line_1_46' title="bbox 227 4312 654 4383; baseline 0.005 -19"><span class='ocrx_word' id='word_1_272' title='bbox 227 4312 365 4365; x_wconf 86' lang='lat' dir='ltr'><strong>fama</strong></span> <span class='ocrx_word' id='word_1_273' title='bbox 392 4312 654 4383; x_wconf 89' lang='lat' dir='ltr'><strong>jactabat.</strong></span> 
     </span>
    </p>
   </div>
   <div class='ocr_carea' id='block_1_47' title="bbox 470 4423 1528 4497">
    <p class='ocr_par' dir='ltr' id='par_1_47' title="bbox 470 4423 1528 4497">
     <span class='ocr_line' id='line_1_47' title="bbox 470 4423 1528 4497; baseline -0.001 -17"><span class='ocrx_word' id='word_1_274' title='bbox 470 4425 714 4497; x_wconf 87' lang='lat' dir='ltr'><strong>Epistola</strong></span> <span class='ocrx_word' id='word_1_275' title='bbox 740 4425 829 4491; x_wconf 71' lang='grc'><strong>22,</strong></span> <span class='ocrx_word' id='word_1_276' title='bbox 862 4426 931 4480; x_wconf 86' lang='lat' dir='ltr'><strong>ad</strong></span> <span class='ocrx_word' id='word_1_277' title='bbox 964 4423 1248 4496; x_wconf 83' lang='lat' dir='ltr'><strong>Ulpianum</strong></span> <span class='ocrx_word' id='word_1_278' title='bbox 1272 4428 1528 4481; x_wconf 87' lang='lat' dir='ltr'><strong>comitem.</strong></span> 
     </span>
    </p>
   </div>
   <div class='ocr_carea' id='block_1_48' title="bbox 295 4537 1800 4609">
    <p class='ocr_par' dir='ltr' id='par_1_48' title="bbox 295 4537 1800 4609">
     <span class='ocr_line' id='line_1_48' title="bbox 295 4537 1800 4609; baseline -0.001 -15"><span class='ocrx_word' id='word_1_279' title='bbox 295 4538 501 4594; x_wconf 84' lang='lat' dir='ltr'><strong>Eodem</strong></span> <span class='ocrx_word' id='word_1_280' title='bbox 546 4538 663 4593; x_wconf 88' lang='lat' dir='ltr'><strong>fere</strong></span> <span class='ocrx_word' id='word_1_281' title='bbox 705 4546 953 4609; x_wconf 90' lang='lat' dir='ltr'><strong>tempore</strong></span> <span class='ocrx_word' id='word_1_282' title='bbox 995 4537 1199 4608; x_wconf 89' lang='lat' dir='ltr'><strong>scripta</strong></span> <span class='ocrx_word' id='word_1_283' title='bbox 1240 4546 1343 4601; x_wconf 92' lang='lat' dir='ltr'><strong>est,</strong></span> <span class='ocrx_word' id='word_1_284' title='bbox 1383 4554 1492 4605; x_wconf 83' lang='lat' dir='ltr'><strong>quo</strong></span> <span class='ocrx_word' id='word_1_285' title='bbox 1530 4538 1594 4593; x_wconf 85' lang='lat' dir='ltr'><strong>l9</strong></span> <span class='ocrx_word' id='word_1_286' title='bbox 1624 4547 1679 4592; x_wconf 89' lang='lat' dir='ltr'><strong>et</strong></span> <span class='ocrx_word' id='word_1_287' title='bbox 1712 4538 1800 4592; x_wconf 73' lang='lat'><strong>20.</strong></span> 
     </span>
    </p>
   </div>
   <div class='ocr_carea' id='block_1_49' title="bbox 225 4625 1803 4698">
    <p class='ocr_par' dir='ltr' id='par_1_49' title="bbox 225 4625 1803 4698">
     <span class='ocr_line' id='line_1_49' title="bbox 225 4625 1803 4698; baseline 0.001 -17"><span class='ocrx_word' id='word_1_288' title='bbox 225 4625 372 4681; x_wconf 82' lang='lat' dir='ltr'><strong>Idem</strong></span> <span class='ocrx_word' id='word_1_289' title='bbox 410 4628 558 4682; x_wconf 90' lang='lat' dir='ltr'><strong>enim</strong></span> <span class='ocrx_word' id='word_1_290' title='bbox 601 4628 764 4682; x_wconf 89' lang='lat' dir='ltr'><strong>trium</strong></span> <span class='ocrx_word' id='word_1_291' title='bbox 813 4638 1197 4698; x_wconf 88' lang='lat' dir='ltr'><strong>argumentum</strong></span> <span class='ocrx_word' id='word_1_292' title='bbox 1233 4626 1301 4681; x_wconf 88' lang='lat' dir='ltr'><strong>de</strong></span> <span class='ocrx_word' id='word_1_293' title='bbox 1341 4627 1638 4682; x_wconf 83' lang='lat' dir='ltr'><strong>Athanasio</strong></span> <span class='ocrx_word' id='word_1_294' title='bbox 1677 4644 1803 4682; x_wconf 86' lang='lat' dir='ltr'><strong>ora-</strong></span> 
     </span>
    </p>
   </div>
   <div class='ocr_carea' id='block_1_50' title="bbox 225 4716 1801 4785">
    <p class='ocr_par' dir='ltr' id='par_1_50' title="bbox 225 4716 1801 4785">
     <span class='ocr_line' id='line_1_50' title="bbox 225 4716 1801 4785; baseline 0.002 -17"><span class='ocrx_word' id='word_1_295' title='bbox 225 4724 343 4769; x_wconf 90' lang='lat' dir='ltr'><strong>tore</strong></span> <span class='ocrx_word' id='word_1_296' title='bbox 391 4716 534 4785; x_wconf 87' lang='lat' dir='ltr'><strong>apud</strong></span> <span class='ocrx_word' id='word_1_297' title='bbox 579 4732 637 4770; x_wconf 91' lang='lat' dir='ltr'><strong>se</strong></span> <span class='ocrx_word' id='word_1_298' title='bbox 680 4726 947 4771; x_wconf 91' lang='lat' dir='ltr'><strong>morante.</strong></span> <span class='ocrx_word' id='word_1_299' title='bbox 990 4716 1185 4771; x_wconf 86' lang='lat' dir='ltr'><strong>Nullus</strong></span> <span class='ocrx_word' id='word_1_300' title='bbox 1212 4723 1295 4770; x_wconf 91' lang='lat' dir='ltr'><strong>est</strong></span> <span class='ocrx_word' id='word_1_301' title='bbox 1331 4716 1457 4770; x_wconf 88' lang='lat' dir='ltr'><strong>anni</strong></span> <span class='ocrx_word' id='word_1_302' title='bbox 1500 4717 1801 4771; x_wconf 88' lang='lat' dir='ltr'><strong>character.</strong></span> 
     </span>
    </p>
   </div>
   <div class='ocr_carea' id='block_1_51' title="bbox 224 4803 1804 4876">
    <p class='ocr_par' dir='ltr' id='par_1_51' title="bbox 224 4803 1804 4876">
     <span class='ocr_line' id='line_1_51' title="bbox 224 4803 1804 4876; baseline 0 -17"><span class='ocrx_word' id='word_1_303' title='bbox 224 4803 497 4874; x_wconf 88' lang='lat' dir='ltr'><strong>Ulpianus</strong></span> <span class='ocrx_word' id='word_1_304' title='bbox 529 4806 618 4860; x_wconf 88' lang='lat' dir='ltr'><strong>ille</strong></span> <span class='ocrx_word' id='word_1_305' title='bbox 654 4806 759 4861; x_wconf 88' lang='lat' dir='ltr'><strong>fuit</strong></span> <span class='ocrx_word' id='word_1_306' title='bbox 796 4805 975 4859; x_wconf 89' lang='lat' dir='ltr'><strong>adhuc</strong></span> <span class='ocrx_word' id='word_1_307' title='bbox 1003 4806 1241 4874; x_wconf 75' lang='lat' dir='ltr'><strong>gentilis,</strong></span> <span class='ocrx_word' id='word_1_308' title='bbox 1272 4813 1329 4858; x_wconf 87' lang='lat' dir='ltr'><strong>ut</strong></span> <span class='ocrx_word' id='word_1_309' title='bbox 1371 4808 1518 4876; x_wconf 78' lang='lat' dir='ltr'><strong>cujus</strong></span> <span class='ocrx_word' id='word_1_310' title='bbox 1563 4805 1804 4859; x_wconf 79' lang='lat' dir='ltr'><strong>laudibus</strong></span> 
     </span>
    </p>
   </div>
   <div class='ocr_carea' id='block_1_52' title="bbox 224 4896 1325 4967">
    <p class='ocr_par' dir='ltr' id='par_1_52' title="bbox 224 4896 1325 4967">
     <span class='ocr_line' id='line_1_52' title="bbox 224 4896 1325 4967; baseline -0.001 -18"><span class='ocrx_word' id='word_1_311' title='bbox 224 4896 425 4950; x_wconf 87' lang='lat' dir='ltr'><strong>deesset</strong></span> <span class='ocrx_word' id='word_1_312' title='bbox 455 4896 706 4951; x_wconf 86' lang='lat' dir='ltr'><strong>bonorum</strong></span> <span class='ocrx_word' id='word_1_313' title='bbox 736 4905 914 4967; x_wconf 83' lang='lat' dir='ltr'><strong>caput,</strong></span> <span class='ocrx_word' id='word_1_314' title='bbox 943 4912 1140 4966; x_wconf 89' lang='lat' dir='ltr'><strong>nempe</strong></span> <span class='ocrx_word' id='word_1_315' title='bbox 1172 4896 1325 4951; x_wconf 80' lang='lat' dir='ltr'><strong>fides.</strong></span> 
     </span>
    </p>
   </div>
   <div class='ocr_carea' id='block_1_53' title="bbox 226 5008 1804 5080">
    <p class='ocr_par' dir='ltr' id='par_1_53' title="bbox 226 5008 1804 5080">
     <span class='ocr_line' id='line_1_53' title="bbox 226 5008 1804 5080; baseline -0.001 -16"><span class='ocrx_word' id='word_1_316' title='bbox 226 5008 466 5080; x_wconf 81' lang='lat' dir='ltr'><strong>Epistola</strong></span> <span class='ocrx_word' id='word_1_317' title='bbox 483 5010 574 5075; x_wconf 77' lang='lat'><strong>‘23,</strong></span> <span class='ocrx_word' id='word_1_318' title='bbox 600 5011 668 5065; x_wconf 83' lang='lat' dir='ltr'><strong>ad</strong></span> <span class='ocrx_word' id='word_1_319' title='bbox 678 5010 1039 5072; x_wconf 77' lang='lat' dir='ltr'><strong>Ariobindam,</strong></span> <span class='ocrx_word' id='word_1_320' title='bbox 1065 5009 1423 5078; x_wconf 71' lang='lat' dir='ltr'><strong>deprecatoria</strong></span> <span class='ocrx_word' id='word_1_321' title='bbox 1446 5024 1539 5078; x_wconf 88' lang='lat' dir='ltr'><strong>pro</strong></span> <span class='ocrx_word' id='word_1_322' title='bbox 1561 5009 1804 5080; x_wconf 77' lang='lat' dir='ltr'><strong>agricolis</strong></span> 
     </span>
    </p>
   </div>
   <div class='ocr_carea' id='block_1_54' title="bbox 867 5080 1163 5151">
    <p class='ocr_par' dir='ltr' id='par_1_54' title="bbox 867 5080 1163 5151">
     <span class='ocr_line' id='line_1_54' title="bbox 867 5080 1163 5151; baseline -0.003 -17"><span class='ocrx_word' id='word_1_323' title='bbox 867 5080 1163 5151; x_wconf 80' lang='lat' dir='ltr'><strong>Cyresticis.</strong></span> 
     </span>
    </p>
   </div>
   <div class='ocr_carea' id='block_1_55' title="bbox 289 5194 1807 5267">
    <p class='ocr_par' dir='ltr' id='par_1_55' title="bbox 289 5194 1807 5267">
     <span class='ocr_line' id='line_1_55' title="bbox 289 5194 1807 5267; baseline -0.002 -15"><span class='ocrx_word' id='word_1_324' title='bbox 289 5199 332 5252; x_wconf 90' lang='lat' dir='ltr'><strong>l.</strong></span> <span class='ocrx_word' id='word_1_325' title='bbox 374 5198 425 5253; x_wconf 85' lang='lat' dir='ltr'><strong>is</strong></span> <span class='ocrx_word' id='word_1_326' title='bbox 475 5197 591 5267; x_wconf 92' lang='lat' dir='ltr'><strong>ipse</strong></span> <span class='ocrx_word' id='word_1_327' title='bbox 631 5205 715 5252; x_wconf 92' lang='lat' dir='ltr'><strong>est</strong></span> <span class='ocrx_word' id='word_1_328' title='bbox 757 5195 1081 5259; x_wconf 85' lang='lat' dir='ltr'><strong>Ariobinda,</strong></span> <span class='ocrx_word' id='word_1_329' title='bbox 1117 5194 1212 5264; x_wconf 91' lang='lat' dir='ltr'><strong>qui</strong></span> <span class='ocrx_word' id='word_1_330' title='bbox 1260 5194 1602 5249; x_wconf 83' lang='lat' dir='ltr'><strong>consulatum</strong></span> <span class='ocrx_word' id='word_1_331' title='bbox 1640 5194 1807 5264; x_wconf 82' lang='lat' dir='ltr'><strong>gessit</strong></span> 
     </span>
    </p>
   </div>
   <div class='ocr_carea' id='block_1_56' title="bbox 224 5286 1806 5357">
    <p class='ocr_par' dir='ltr' id='par_1_56' title="bbox 224 5286 1806 5357">
     <span class='ocr_line' id='line_1_56' title="bbox 224 5286 1806 5357; baseline -0.001 -13"><span class='ocrx_word' id='word_1_332' title='bbox 224 5304 367 5344; x_wconf 80' lang='lat' dir='ltr'><strong>anno</strong></span> <span class='ocrx_word' id='word_1_333' title='bbox 392 5290 520 5353; x_wconf 62' lang='lat'><strong>455,</strong></span> <span class='ocrx_word' id='word_1_334' title='bbox 547 5289 815 5357; x_wconf 89' lang='lat' dir='ltr'><strong>cujusque</strong></span> <span class='ocrx_word' id='word_1_335' title='bbox 842 5287 1027 5341; x_wconf 91' lang='lat' dir='ltr'><strong>obitus</strong></span> <span class='ocrx_word' id='word_1_336' title='bbox 1055 5286 1277 5355; x_wconf 79' lang='lat' dir='ltr'><strong>ponitur</strong></span> <span class='ocrx_word' id='word_1_337' title='bbox 1301 5301 1333 5340; x_wconf 88' lang='lat' dir='ltr'><strong>a</strong></span> <span class='ocrx_word' id='word_1_338' title='bbox 1362 5286 1673 5342; x_wconf 81' lang='lat' dir='ltr'><strong>Marcellino</strong></span> <span class='ocrx_word' id='word_1_339' title='bbox 1702 5288 1806 5343; x_wconf 90' lang='lat' dir='ltr'><strong>sub</strong></span> 
     </span>
    </p>
   </div>
   <div class='ocr_carea' id='block_1_57' title="bbox 224 5376 1727 5447">
    <p class='ocr_par' dir='ltr' id='par_1_57' title="bbox 224 5376 1727 5447">
     <span class='ocr_line' id='line_1_57' title="bbox 224 5376 1727 5447; baseline -0.003 -11"><span class='ocrx_word' id='word_1_340' title='bbox 224 5381 511 5435; x_wconf 86' lang='lat' dir='ltr'><strong>consulatu</strong></span> <span class='ocrx_word' id='word_1_341' title='bbox 543 5377 866 5447; x_wconf 84' lang='lat' dir='ltr'><strong>Protogenis</strong></span> <span class='ocrx_word' id='word_1_342' title='bbox 891 5385 946 5432; x_wconf 89' lang='lat' dir='ltr'><strong>et</strong></span> <span class='ocrx_word' id='word_1_343' title='bbox 973 5376 1195 5441; x_wconf 88' lang='lat' dir='ltr'><strong>Asterii,</strong></span> <span class='ocrx_word' id='word_1_344' title='bbox 1232 5376 1287 5430; x_wconf 89' lang='lat' dir='ltr'><strong>id</strong></span> <span class='ocrx_word' id='word_1_345' title='bbox 1316 5386 1402 5431; x_wconf 90' lang='lat' dir='ltr'><strong>est</strong></span> <span class='ocrx_word' id='word_1_346' title='bbox 1432 5393 1576 5431; x_wconf 86' lang='lat' dir='ltr'><strong>anno</strong></span> <span class='ocrx_word' id='word_1_347' title='bbox 1604 5379 1727 5432; x_wconf 67' lang='lat' dir='ltr'><strong>M9.</strong></span> 
     </span>
    </p>
   </div>
   <div class='ocr_carea' id='block_1_58' title="bbox 291 5466 1805 5539">
    <p class='ocr_par' dir='ltr' id='par_1_58' title="bbox 291 5466 1805 5539">
     <span class='ocr_line' id='line_1_58' title="bbox 291 5466 1805 5539; baseline 0 -16"><span class='ocrx_word' id='word_1_348' title='bbox 291 5468 355 5523; x_wconf 86' lang='lat' dir='ltr'><strong>ll.</strong></span> <span class='ocrx_word' id='word_1_349' title='bbox 407 5469 550 5523; x_wconf 88' lang='lat' dir='ltr'><strong>lluic</strong></span> <span class='ocrx_word' id='word_1_350' title='bbox 600 5469 952 5536; x_wconf 64' lang='lat' dir='ltr'><strong>amplissimae</strong></span> <span class='ocrx_word' id='word_1_351' title='bbox 988 5466 1359 5536; x_wconf 88' lang='lat' dir='ltr'><strong>possessiones</strong></span> <span class='ocrx_word' id='word_1_352' title='bbox 1395 5476 1553 5521; x_wconf 88' lang='lat' dir='ltr'><strong>erant</strong></span> <span class='ocrx_word' id='word_1_353' title='bbox 1600 5467 1656 5527; x_wconf 91' lang='lat' dir='ltr'><strong>in</strong></span> <span class='ocrx_word' id='word_1_354' title='bbox 1703 5468 1805 5539; x_wconf 82' lang='lat' dir='ltr'><strong>Cy-</strong></span> 
     </span>
    </p>
   </div>
   <div class='ocr_carea' id='block_1_59' title="bbox 228 5558 1806 5629">
    <p class='ocr_par' dir='ltr' id='par_1_59' title="bbox 228 5558 1806 5629">
     <span class='ocr_line' id='line_1_59' title="bbox 228 5558 1806 5629; baseline 0.001 -17"><span class='ocrx_word' id='word_1_355' title='bbox 228 5558 421 5613; x_wconf 89' lang='lat' dir='ltr'><strong>restiea</strong></span> <span class='ocrx_word' id='word_1_356' title='bbox 450 5559 699 5629; x_wconf 82' lang='lat' dir='ltr'><strong>regione,</strong></span> <span class='ocrx_word' id='word_1_357' title='bbox 730 5575 852 5628; x_wconf 64' lang='lat' dir='ltr'><strong>quae</strong></span> <span class='ocrx_word' id='word_1_358' title='bbox 877 5573 1002 5613; x_wconf 91' lang='lat' dir='ltr'><strong>cum</strong></span> <span class='ocrx_word' id='word_1_359' title='bbox 1033 5558 1395 5612; x_wconf 89' lang='lat' dir='ltr'><strong>calamitatem</strong></span> <span class='ocrx_word' id='word_1_360' title='bbox 1425 5574 1595 5627; x_wconf 68' lang='lat' dir='ltr'><strong>passae</strong></span> <span class='ocrx_word' id='word_1_361' title='bbox 1622 5570 1806 5615; x_wconf 90' lang='lat' dir='ltr'><strong>essent</strong></span> 
     </span>
    </p>
   </div>
   <div class='ocr_carea' id='block_1_60' title="bbox 226 5647 1802 5720">
    <p class='ocr_par' dir='ltr' id='par_1_60' title="bbox 226 5647 1802 5720">
     <span class='ocr_line' id='line_1_60' title="bbox 226 5647 1802 5720; baseline 0.002 -18"><span class='ocrx_word' id='word_1_362' title='bbox 226 5649 293 5704; x_wconf 83' lang='lat' dir='ltr'><strong>ab</strong></span> <span class='ocrx_word' id='word_1_363' title='bbox 330 5650 625 5720; x_wconf 85' lang='lat' dir='ltr'><strong>iniquitate</strong></span> <span class='ocrx_word' id='word_1_364' title='bbox 665 5650 821 5713; x_wconf 69' lang='lat' dir='ltr'><strong>coeli,</strong></span> <span class='ocrx_word' id='word_1_365' title='bbox 845 5657 1103 5719; x_wconf 89' lang='lat' dir='ltr'><strong>precatur</strong></span> <span class='ocrx_word' id='word_1_366' title='bbox 1137 5647 1514 5704; x_wconf 80' lang='lat' dir='ltr'><strong>Thcodoretus</strong></span> <span class='ocrx_word' id='word_1_367' title='bbox 1550 5649 1802 5710; x_wconf 82' lang='lat' dir='ltr'><strong>consula-</strong></span> 
     </span>
    </p>
   </div>
   <div class='ocr_carea' id='block_1_61' title="bbox 462 5741 1259 5805">
    <p class='ocr_par' dir='ltr' id='par_1_61' title="bbox 462 5741 1259 5805">
     <span class='ocr_line' id='line_1_61' title="bbox 462 5741 1259 5805; baseline -0.001 0"><span class='ocrx_word' id='word_1_368' title='bbox 462 5744 746 5805; x_wconf 76' lang='lat' dir='ltr'><strong>PATROL.</strong></span> <span class='ocrx_word' id='word_1_369' title='bbox 789 5742 906 5804; x_wconf 77' lang='lat' dir='ltr'><strong>Gn.</strong></span> <span class='ocrx_word' id='word_1_370' title='bbox 952 5741 1259 5804; x_wconf 75' lang='lat' dir='ltr'><strong>LXXXIV.</strong></span> 
     </span>
    </p>
   </div>
   <div class='ocr_carea' id='block_1_62' title="bbox 1920 453 3063 523">
    <p class='ocr_par' dir='ltr' id='par_1_62' title="bbox 1920 453 3063 523">
     <span class='ocr_line' id='line_1_62' title="bbox 1920 453 3063 523; baseline 0.001 -17"><span class='ocrx_word' id='word_1_371' title='bbox 1920 453 2167 523; x_wconf 84' lang='lat' dir='ltr'><strong>dulgens.</strong></span> <span class='ocrx_word' id='word_1_372' title='bbox 2201 453 2267 508; x_wconf 89' lang='lat' dir='ltr'><strong>dc</strong></span> <span class='ocrx_word' id='word_1_373' title='bbox 2298 454 2559 508; x_wconf 90' lang='lat' dir='ltr'><strong>oneribus</strong></span> <span class='ocrx_word' id='word_1_374' title='bbox 2593 454 2767 509; x_wconf 84' lang='lat' dir='ltr'><strong>solitis</strong></span> <span class='ocrx_word' id='word_1_375' title='bbox 2807 454 3063 510; x_wconf 84' lang='lat' dir='ltr'><strong>remittat.</strong></span> 
     </span>
    </p>
   </div>
   <div class='ocr_carea' id='block_1_63' title="bbox 1990 544 3493 616">
    <p class='ocr_par' dir='ltr' id='par_1_63' title="bbox 1990 544 3493 616">
     <span class='ocr_line' id='line_1_63' title="bbox 1990 544 3493 616; baseline 0.006 -19"><span class='ocrx_word' id='word_1_376' title='bbox 1990 545 2077 598; x_wconf 91' lang='lat' dir='ltr'><strong>lll.</strong></span> <span class='ocrx_word' id='word_1_377' title='bbox 2114 544 2326 598; x_wconf 75' lang='lat' dir='ltr'><strong>Accidit</strong></span> <span class='ocrx_word' id='word_1_378' title='bbox 2355 560 2519 614; x_wconf 89' lang='lat' dir='ltr'><strong>porro</strong></span> <span class='ocrx_word' id='word_1_379' title='bbox 2549 544 2830 607; x_wconf 83' lang='lat' dir='ltr'><strong>sterilitas,</strong></span> <span class='ocrx_word' id='word_1_380' title='bbox 2856 556 2917 603; x_wconf 89' lang='lat' dir='ltr'><strong>ut</strong></span> <span class='ocrx_word' id='word_1_381' title='bbox 2944 547 3159 616; x_wconf 87' lang='lat' dir='ltr'><strong>opinor,</strong></span> <span class='ocrx_word' id='word_1_382' title='bbox 3190 562 3220 603; x_wconf 71' lang='grc' dir='ltr'>α</span> <span class='ocrx_word' id='word_1_383' title='bbox 3249 547 3493 606; x_wconf 72' lang='lat' dir='ltr'><strong>siccitate</strong></span> 
     </span>
    </p>
   </div>
   <div class='ocr_carea' id='block_1_64' title="bbox 1921 636 3254 709">
    <p class='ocr_par' dir='ltr' id='par_1_64' title="bbox 1921 636 3254 709">
     <span class='ocr_line' id='line_1_64' title="bbox 1921 636 3254 709; baseline 0.008 -22"><span class='ocrx_word' id='word_1_384' title='bbox 1921 636 2034 698; x_wconf 87' lang='lat' dir='ltr'><strong>illa,</strong></span> <span class='ocrx_word' id='word_1_385' title='bbox 2062 637 2218 706; x_wconf 88' lang='lat' dir='ltr'><strong>cujus</strong></span> <span class='ocrx_word' id='word_1_386' title='bbox 2251 636 2458 691; x_wconf 81' lang='lat' dir='ltr'><strong>mentio</strong></span> <span class='ocrx_word' id='word_1_387' title='bbox 2490 636 2547 689; x_wconf 86' lang='lat' dir='ltr'><strong>[it</strong></span> <span class='ocrx_word' id='word_1_388' title='bbox 2582 636 2636 690; x_wconf 90' lang='lat' dir='ltr'><strong>in</strong></span> <span class='ocrx_word' id='word_1_389' title='bbox 2667 637 2857 707; x_wconf 82' lang='lat' dir='ltr'><strong>Elogio</strong></span> <span class='ocrx_word' id='word_1_390' title='bbox 2885 638 3254 709; x_wconf 81' lang='lat' dir='ltr'><strong>Polychronii.</strong></span> 
     </span>
    </p>
   </div>
   <div class='ocr_carea' id='block_1_65' title="bbox 1919 746 3489 821">
    <p class='ocr_par' dir='ltr' id='par_1_65' title="bbox 1919 746 3489 821">
     <span class='ocr_line' id='line_1_65' title="bbox 1919 746 3489 821; baseline 0.003 -19"><span class='ocrx_word' id='word_1_391' title='bbox 1919 746 2158 816; x_wconf 80' lang='lat' dir='ltr'><strong>Epistola</strong></span> <span class='ocrx_word' id='word_1_392' title='bbox 2197 748 2285 811; x_wconf 66' lang='grc'><strong>24,</strong></span> <span class='ocrx_word' id='word_1_393' title='bbox 2320 749 2390 801; x_wconf 83' lang='lat' dir='ltr'><strong>ad</strong></span> <span class='ocrx_word' id='word_1_394' title='bbox 2429 748 2692 803; x_wconf 79' lang='lat' dir='ltr'><strong>Andream</strong></span> <span class='ocrx_word' id='word_1_395' title='bbox 2733 748 3140 804; x_wconf 78' lang='lat' dir='ltr'><strong>Samosatenum</strong></span> <span class='ocrx_word' id='word_1_396' title='bbox 3174 751 3489 821; x_wconf 72' lang='lat' dir='ltr'><strong>episcopum.</strong></span> 
     </span>
    </p>
   </div>
   <div class='ocr_carea' id='block_1_66' title="bbox 1988 861 3491 934">
    <p class='ocr_par' dir='ltr' id='par_1_66' title="bbox 1988 861 3491 934">
     <span class='ocr_line' id='line_1_66' title="bbox 1988 861 3491 934; baseline 0 -19"><span class='ocrx_word' id='word_1_397' title='bbox 1988 861 2026 915; x_wconf 90' lang='grc' dir='ltr'><strong>Ι.</strong></span> <span class='ocrx_word' id='word_1_398' title='bbox 2066 862 2236 916; x_wconf 79' lang='lat' dir='ltr'><strong>Notus</strong></span> <span class='ocrx_word' id='word_1_399' title='bbox 2261 873 2344 917; x_wconf 89' lang='lat' dir='ltr'><strong>est</strong></span> <span class='ocrx_word' id='word_1_400' title='bbox 2372 862 2619 917; x_wconf 84' lang='lat' dir='ltr'><strong>Andreas</strong></span> <span class='ocrx_word' id='word_1_401' title='bbox 2645 863 3061 929; x_wconf 83' lang='lat' dir='ltr'><strong>Samosatensis,</strong></span> <span class='ocrx_word' id='word_1_402' title='bbox 3092 872 3206 918; x_wconf 92' lang='lat' dir='ltr'><strong>tum</strong></span> <span class='ocrx_word' id='word_1_403' title='bbox 3230 865 3491 934; x_wconf 70' lang='lat' dir='ltr'><strong>objectin.</strong></span> 
     </span>
    </p>
   </div>
   <div class='ocr_carea' id='block_1_67' title="bbox 1916 951 3488 1026">
    <p class='ocr_par' dir='ltr' id='par_1_67' title="bbox 1916 951 3488 1026">
     <span class='ocr_line' id='line_1_67' title="bbox 1916 951 3488 1026; baseline 0.005 -23"><span class='ocrx_word' id='word_1_404' title='bbox 1916 951 2080 1004; x_wconf 81' lang='lat' dir='ltr'><strong>nibus</strong></span> <span class='ocrx_word' id='word_1_405' title='bbox 2119 953 2340 1007; x_wconf 85' lang='lat' dir='ltr'><strong>nomine</strong></span> <span class='ocrx_word' id='word_1_406' title='bbox 2382 952 2741 1007; x_wconf 80' lang='lat' dir='ltr'><strong>Orientalium</strong></span> <span class='ocrx_word' id='word_1_407' title='bbox 2782 954 3045 1008; x_wconf 87' lang='lat' dir='ltr'><strong>adversus</strong></span> <span class='ocrx_word' id='word_1_408' title='bbox 3090 955 3267 1025; x_wconf 87' lang='lat' dir='ltr'><strong>capita</strong></span> <span class='ocrx_word' id='word_1_409' title='bbox 3305 955 3488 1026; x_wconf 78' lang='lat' dir='ltr'><strong>Cyrilli</strong></span> 
     </span>
    </p>
   </div>
   <div class='ocr_carea' id='block_1_68' title="bbox 1854 1043 3493 1112">
    <p class='ocr_par' dir='ltr' id='par_1_68' title="bbox 1854 1043 3493 1112">
     <span class='ocr_line' id='line_1_68' title="bbox 1854 1043 3493 1112; baseline 0.005 -18"><span class='ocrx_word' id='word_1_410' title='bbox 1854 1074 1867 1079; x_wconf 88' lang='lat'><strong>-</strong></span> <span class='ocrx_word' id='word_1_411' title='bbox 1914 1043 2075 1111; x_wconf 78' lang='lat'><strong>317</strong></span> <span class='ocrx_word' id='word_1_412' title='bbox 2115 1044 2439 1112; x_wconf 76' lang='lat' dir='ltr'><strong>propositis,</strong></span> <span class='ocrx_word' id='word_1_413' title='bbox 2475 1054 2586 1100; x_wconf 89' lang='lat' dir='ltr'><strong>tum</strong></span> <span class='ocrx_word' id='word_1_414' title='bbox 2620 1046 2821 1099; x_wconf 86' lang='lat' dir='ltr'><strong>litteris</strong></span> <span class='ocrx_word' id='word_1_415' title='bbox 2853 1046 3203 1111; x_wconf 82' lang='lat' dir='ltr'><strong>Theodoreti,</strong></span> <span class='ocrx_word' id='word_1_416' title='bbox 3236 1062 3342 1100; x_wconf 90' lang='lat' dir='ltr'><strong>non</strong></span> <span class='ocrx_word' id='word_1_417' title='bbox 3374 1046 3493 1103; x_wconf 78' lang='lat' dir='ltr'><strong>istis</strong></span> 
     </span>
    </p>
   </div>
   <div class='ocr_carea' id='block_1_69' title="bbox 1917 1133 3495 1207">
    <p class='ocr_par' dir='ltr' id='par_1_69' title="bbox 1917 1133 3495 1207">
     <span class='ocr_line' id='line_1_69' title="bbox 1917 1133 3495 1207; baseline 0.003 -22"><span class='ocrx_word' id='word_1_418' title='bbox 1917 1133 2059 1195; x_wconf 86' lang='lat' dir='ltr'><strong>nnis,</strong></span> <span class='ocrx_word' id='word_1_419' title='bbox 2092 1134 2184 1187; x_wconf 84' lang='lat' dir='ltr'><strong>sed</strong></span> <span class='ocrx_word' id='word_1_420' title='bbox 2214 1135 2353 1197; x_wconf 86' lang='lat' dir='ltr'><strong>aliis,</strong></span> <span class='ocrx_word' id='word_1_421' title='bbox 2385 1151 2521 1204; x_wconf 86' lang='lat' dir='ltr'><strong>quas</strong></span> <span class='ocrx_word' id='word_1_422' title='bbox 2555 1137 2744 1205; x_wconf 91' lang='lat' dir='ltr'><strong>quinta</strong></span> <span class='ocrx_word' id='word_1_423' title='bbox 2776 1136 3014 1207; x_wconf 78' lang='lat' dir='ltr'><strong>synodus</strong></span> <span class='ocrx_word' id='word_1_424' title='bbox 3041 1145 3096 1190; x_wconf 90' lang='lat' dir='ltr'><strong>et</strong></span> <span class='ocrx_word' id='word_1_425' title='bbox 3127 1136 3329 1190; x_wconf 82' lang='lat' dir='ltr'><strong>Marius</strong></span> <span class='ocrx_word' id='word_1_426' title='bbox 3357 1137 3495 1189; x_wconf 75' lang='lat' dir='ltr'><strong>Mer-</strong></span> 
     </span>
    </p>
   </div>
   <div class='ocr_carea' id='block_1_70' title="bbox 1916 1224 3496 1294">
    <p class='ocr_par' dir='ltr' id='par_1_70' title="bbox 1916 1224 3496 1294">
     <span class='ocr_line' id='line_1_70' title="bbox 1916 1224 3496 1294; baseline 0.001 -18"><span class='ocrx_word' id='word_1_427' title='bbox 1916 1233 2069 1276; x_wconf 77' lang='lat' dir='ltr'><strong>calor</strong></span> <span class='ocrx_word' id='word_1_428' title='bbox 2111 1224 2403 1289; x_wconf 80' lang='lat' dir='ltr'><strong>exhibent;</strong></span> <span class='ocrx_word' id='word_1_429' title='bbox 2452 1233 2565 1277; x_wconf 90' lang='lat' dir='ltr'><strong>tum</strong></span> <span class='ocrx_word' id='word_1_430' title='bbox 2609 1225 2845 1294; x_wconf 87' lang='lat' dir='ltr'><strong>denique</strong></span> <span class='ocrx_word' id='word_1_431' title='bbox 2896 1226 3055 1279; x_wconf 88' lang='lat' dir='ltr'><strong>libris</strong></span> <span class='ocrx_word' id='word_1_432' title='bbox 3100 1225 3369 1280; x_wconf 85' lang='lat' dir='ltr'><strong>Anastasii</strong></span> <span class='ocrx_word' id='word_1_433' title='bbox 3410 1225 3496 1281; x_wconf 61' lang='lat' dir='ltr'><strong>Si.</strong></span> 
     </span>
    </p>
   </div>
   <div class='ocr_carea' id='block_1_71' title="bbox 1915 1316 2987 1386">
    <p class='ocr_par' dir='ltr' id='par_1_71' title="bbox 1915 1316 2987 1386">
     <span class='ocr_line' id='line_1_71' title="bbox 1915 1316 2987 1386; baseline 0.003 -18"><span class='ocrx_word' id='word_1_434' title='bbox 1915 1317 2096 1379; x_wconf 68' lang='lat' dir='ltr'><strong>naitaa,</strong></span> <span class='ocrx_word' id='word_1_435' title='bbox 2133 1316 2225 1385; x_wconf 86' lang='lat' dir='ltr'><strong>qui</strong></span> <span class='ocrx_word' id='word_1_436' title='bbox 2261 1317 2522 1370; x_wconf 89' lang='lat' dir='ltr'><strong>nonnulla</strong></span> <span class='ocrx_word' id='word_1_437' title='bbox 2552 1317 2619 1371; x_wconf 91' lang='lat' dir='ltr'><strong>de</strong></span> <span class='ocrx_word' id='word_1_438' title='bbox 2651 1317 2768 1386; x_wconf 88' lang='lat' dir='ltr'><strong>ipso</strong></span> <span class='ocrx_word' id='word_1_439' title='bbox 2802 1317 2987 1371; x_wconf 79' lang='lat' dir='ltr'><strong>refert.</strong></span> 
     </span>
    </p>
   </div>
   <div class='ocr_carea' id='block_1_72' title="bbox 1985 1406 3495 1463">
    <p class='ocr_par' dir='ltr' id='par_1_72' title="bbox 1985 1406 3495 1463">
     <span class='ocr_line' id='line_1_72' title="bbox 1985 1406 3495 1463; baseline 0 -2"><span class='ocrx_word' id='word_1_440' title='bbox 1985 1408 2048 1461; x_wconf 89' lang='lat' dir='ltr'><strong>ll.</strong></span> <span class='ocrx_word' id='word_1_441' title='bbox 2085 1408 2211 1462; x_wconf 87' lang='lat' dir='ltr'><strong>Fuit</strong></span> <span class='ocrx_word' id='word_1_442' title='bbox 2245 1408 2492 1463; x_wconf 84' lang='lat' dir='ltr'><strong>doctrina</strong></span> <span class='ocrx_word' id='word_1_443' title='bbox 2526 1407 2760 1461; x_wconf 80' lang='lat' dir='ltr'><strong>eximius</strong></span> <span class='ocrx_word' id='word_1_444' title='bbox 2794 1408 2937 1461; x_wconf 88' lang='lat' dir='ltr'><strong>inter</strong></span> <span class='ocrx_word' id='word_1_445' title='bbox 2969 1406 3263 1461; x_wconf 87' lang='lat' dir='ltr'><strong>Orientalis</strong></span> <span class='ocrx_word' id='word_1_446' title='bbox 3295 1408 3495 1461; x_wconf 63' lang='lat' dir='ltr'><strong>dicace-</strong></span> 
     </span>
    </p>
   </div>
   <div class='ocr_carea' id='block_1_73' title="bbox 1916 1496 3494 1567">
    <p class='ocr_par' dir='ltr' id='par_1_73' title="bbox 1916 1496 3494 1567">
     <span class='ocr_line' id='line_1_73' title="bbox 1916 1496 3494 1567; baseline -0.001 -16"><span class='ocrx_word' id='word_1_447' title='bbox 1916 1497 1990 1552; x_wconf 92' lang='lat' dir='ltr'><strong>sis</strong></span> <span class='ocrx_word' id='word_1_448' title='bbox 2016 1499 2321 1567; x_wconf 85' lang='lat' dir='ltr'><strong>episcopos,</strong></span> <span class='ocrx_word' id='word_1_449' title='bbox 2360 1498 2463 1552; x_wconf 90' lang='lat' dir='ltr'><strong>fuit</strong></span> <span class='ocrx_word' id='word_1_450' title='bbox 2496 1505 2552 1553; x_wconf 94' lang='lat' dir='ltr'><strong>et</strong></span> <span class='ocrx_word' id='word_1_451' title='bbox 2591 1498 2850 1567; x_wconf 80' lang='lat' dir='ltr'><strong>singulari</strong></span> <span class='ocrx_word' id='word_1_452' title='bbox 2884 1497 3122 1552; x_wconf 87' lang='lat' dir='ltr'><strong>amicitia</strong></span> <span class='ocrx_word' id='word_1_453' title='bbox 3159 1512 3283 1551; x_wconf 88' lang='lat' dir='ltr'><strong>cum</strong></span> <span class='ocrx_word' id='word_1_454' title='bbox 3312 1496 3494 1551; x_wconf 86' lang='lat' dir='ltr'><strong>Theo-</strong></span> 
     </span>
    </p>
   </div>
   <div class='ocr_carea' id='block_1_74' title="bbox 1916 1586 3499 1656">
    <p class='ocr_par' dir='ltr' id='par_1_74' title="bbox 1916 1586 3499 1656">
     <span class='ocr_line' id='line_1_74' title="bbox 1916 1586 3499 1656; baseline 0.001 -16"><span class='ocrx_word' id='word_1_455' title='bbox 1916 1586 2108 1642; x_wconf 87' lang='lat' dir='ltr'><strong>doreto</strong></span> <span class='ocrx_word' id='word_1_456' title='bbox 2136 1589 2492 1656; x_wconf 86' lang='lat' dir='ltr'><strong>conjunctus;</strong></span> <span class='ocrx_word' id='word_1_457' title='bbox 2520 1588 2653 1656; x_wconf 91' lang='lat' dir='ltr'><strong>quin</strong></span> <span class='ocrx_word' id='word_1_458' title='bbox 2679 1596 2734 1641; x_wconf 91' lang='lat' dir='ltr'><strong>et</strong></span> <span class='ocrx_word' id='word_1_459' title='bbox 2766 1588 3040 1656; x_wconf 87' lang='lat' dir='ltr'><strong>particeps</strong></span> <span class='ocrx_word' id='word_1_460' title='bbox 3062 1602 3185 1641; x_wconf 91' lang='lat' dir='ltr'><strong>cum</strong></span> <span class='ocrx_word' id='word_1_461' title='bbox 3214 1587 3331 1656; x_wconf 86' lang='lat' dir='ltr'><strong>ipso</strong></span> <span class='ocrx_word' id='word_1_462' title='bbox 3354 1587 3499 1655; x_wconf 76' lang='lat' dir='ltr'><strong>ejus-</strong></span> 
     </span>
    </p>
   </div>
   <div class='ocr_carea' id='block_1_75' title="bbox 1848 1679 3495 1757">
    <p class='ocr_par' dir='ltr' id='par_1_75' title="bbox 1848 1679 3495 1757">
     <span class='ocr_line' id='line_1_75' title="bbox 1848 1679 3495 1757; baseline -0.001 -22"><span class='ocrx_word' id='word_1_463' title='bbox 1848 1704 1884 1757; x_wconf 69' lang='grc' dir='ltr'><strong>Β</strong></span> <span class='ocrx_word' id='word_1_464' title='bbox 1916 1681 2040 1735; x_wconf 91' lang='lat' dir='ltr'><strong>dem</strong></span> <span class='ocrx_word' id='word_1_465' title='bbox 2086 1681 2411 1737; x_wconf 89' lang='lat' dir='ltr'><strong>calamitatis</strong></span> <span class='ocrx_word' id='word_1_466' title='bbox 2456 1681 2510 1734; x_wconf 91' lang='lat' dir='ltr'><strong>in</strong></span> <span class='ocrx_word' id='word_1_467' title='bbox 2552 1681 2830 1750; x_wconf 87' lang='lat' dir='ltr'><strong>Ephesino</strong></span> <span class='ocrx_word' id='word_1_468' title='bbox 2879 1679 3188 1743; x_wconf 89' lang='lat' dir='ltr'><strong>latrocinio,</strong></span> <span class='ocrx_word' id='word_1_469' title='bbox 3229 1679 3273 1732; x_wconf 90' lang='lat' dir='ltr'><strong>si</strong></span> <span class='ocrx_word' id='word_1_470' title='bbox 3314 1679 3495 1733; x_wconf 88' lang='lat' dir='ltr'><strong>Theo-</strong></span> 
     </span>
    </p>
   </div>
   <div class='ocr_carea' id='block_1_76' title="bbox 1915 1769 3496 1841">
    <p class='ocr_par' dir='ltr' id='par_1_76' title="bbox 1915 1769 3496 1841">
     <span class='ocr_line' id='line_1_76' title="bbox 1915 1769 3496 1841; baseline -0.001 -16"><span class='ocrx_word' id='word_1_471' title='bbox 1915 1772 2082 1841; x_wconf 85' lang='lat' dir='ltr'><strong>phani</strong></span> <span class='ocrx_word' id='word_1_472' title='bbox 2132 1771 2446 1835; x_wconf 84' lang='lat' dir='ltr'><strong>credimus;</strong></span> <span class='ocrx_word' id='word_1_473' title='bbox 2503 1787 2614 1825; x_wconf 92' lang='lat' dir='ltr'><strong>non</strong></span> <span class='ocrx_word' id='word_1_474' title='bbox 2676 1778 2858 1824; x_wconf 89' lang='lat' dir='ltr'><strong>tamen</strong></span> <span class='ocrx_word' id='word_1_475' title='bbox 2908 1770 3151 1840; x_wconf 90' lang='lat' dir='ltr'><strong>ejusdem</strong></span> <span class='ocrx_word' id='word_1_476' title='bbox 3211 1769 3376 1823; x_wconf 89' lang='lat' dir='ltr'><strong>sortis</strong></span> <span class='ocrx_word' id='word_1_477' title='bbox 3439 1769 3496 1824; x_wconf 86' lang='lat' dir='ltr'><strong>in</strong></span> 
     </span>
    </p>
   </div>
   <div class='ocr_carea' id='block_1_77' title="bbox 1914 1859 3494 1929">
    <p class='ocr_par' dir='ltr' id='par_1_77' title="bbox 1914 1859 3494 1929">
     <span class='ocr_line' id='line_1_77' title="bbox 1914 1859 3494 1929; baseline -0.004 -11"><span class='ocrx_word' id='word_1_478' title='bbox 1914 1864 2345 1918; x_wconf 86' lang='lat' dir='ltr'><strong>Chalcedonensi</strong></span> <span class='ocrx_word' id='word_1_479' title='bbox 2380 1863 2615 1927; x_wconf 89' lang='lat' dir='ltr'><strong>concilio</strong></span> <span class='ocrx_word' id='word_1_480' title='bbox 2659 1880 2671 1915; x_wconf 88' lang='lat'><strong>:</strong></span> <span class='ocrx_word' id='word_1_481' title='bbox 2716 1876 2867 1916; x_wconf 91' lang='lat' dir='ltr'><strong>mors</strong></span> <span class='ocrx_word' id='word_1_482' title='bbox 2911 1861 3058 1915; x_wconf 91' lang='lat' dir='ltr'><strong>enim</strong></span> <span class='ocrx_word' id='word_1_483' title='bbox 3089 1859 3383 1929; x_wconf 74' lang='lat' dir='ltr'><strong>przevertit,</strong></span> <span class='ocrx_word' id='word_1_484' title='bbox 3418 1859 3494 1913; x_wconf 52' lang='lat' dir='ltr'><strong>sia</strong></span> 
     </span>
    </p>
   </div>
   <div class='ocr_carea' id='block_1_78' title="bbox 1915 1950 3498 2025">
    <p class='ocr_par' dir='ltr' id='par_1_78' title="bbox 1915 1950 3498 2025">
     <span class='ocr_line' id='line_1_78' title="bbox 1915 1950 3498 2025; baseline -0.004 -17"><span class='ocrx_word' id='word_1_485' title='bbox 1915 1955 2136 2025; x_wconf 87' lang='lat' dir='ltr'><strong>quidem</strong></span> <span class='ocrx_word' id='word_1_486' title='bbox 2184 1971 2308 2009; x_wconf 90' lang='lat' dir='ltr'><strong>cum</strong></span> <span class='ocrx_word' id='word_1_487' title='bbox 2354 1953 2610 2009; x_wconf 86' lang='lat' dir='ltr'><strong>Patrihus</strong></span> <span class='ocrx_word' id='word_1_488' title='bbox 2659 1953 2802 2007; x_wconf 90' lang='lat' dir='ltr'><strong>sedit</strong></span> <span class='ocrx_word' id='word_1_489' title='bbox 2841 1953 3074 2007; x_wconf 80' lang='lat' dir='ltr'><strong>Ruﬁnus</strong></span> <span class='ocrx_word' id='word_1_490' title='bbox 3109 1950 3498 2008; x_wconf 78' lang='lat' dir='ltr'><strong>Samosatenus</strong></span> 
     </span>
    </p>
   </div>
   <div class='ocr_carea' id='block_1_79' title="bbox 1914 2039 3493 2114">
    <p class='ocr_par' dir='ltr' id='par_1_79' title="bbox 1914 2039 3493 2114">
     <span class='ocr_line' id='line_1_79' title="bbox 1914 2039 3493 2114; baseline -0.003 -15"><span class='ocrx_word' id='word_1_491' title='bbox 1914 2048 2223 2114; x_wconf 88' lang='lat' dir='ltr'><strong>episcopus.</strong></span> <span class='ocrx_word' id='word_1_492' title='bbox 2256 2045 2391 2099; x_wconf 77' lang='lat' dir='ltr'><strong>Vide</strong></span> <span class='ocrx_word' id='word_1_493' title='bbox 2423 2060 2543 2113; x_wconf 68' lang='lat' dir='ltr'><strong>qua:</strong></span> <span class='ocrx_word' id='word_1_494' title='bbox 2580 2043 2995 2098; x_wconf 87' lang='lat' dir='ltr'><strong>observavimus</strong></span> <span class='ocrx_word' id='word_1_495' title='bbox 3019 2041 3073 2094; x_wconf 90' lang='lat' dir='ltr'><strong>in</strong></span> <span class='ocrx_word' id='word_1_496' title='bbox 3105 2057 3140 2094; x_wconf 86' lang='lat' dir='ltr'><strong>ll</strong></span> <span class='ocrx_word' id='word_1_497' title='bbox 3167 2049 3318 2111; x_wconf 87' lang='lat' dir='ltr'><strong>parte</strong></span> <span class='ocrx_word' id='word_1_498' title='bbox 3350 2039 3493 2109; x_wconf 85' lang='lat' dir='ltr'><strong>Ope-</strong></span> 
     </span>
    </p>
   </div>
   <div class='ocr_carea' id='block_1_80' title="bbox 1917 2132 3494 2205">
    <p class='ocr_par' dir='ltr' id='par_1_80' title="bbox 1917 2132 3494 2205">
     <span class='ocr_line' id='line_1_80' title="bbox 1917 2132 3494 2205; baseline -0.001 -16"><span class='ocrx_word' id='word_1_499' title='bbox 1917 2151 2036 2189; x_wconf 89' lang='lat' dir='ltr'><strong>rum</strong></span> <span class='ocrx_word' id='word_1_500' title='bbox 2061 2136 2213 2189; x_wconf 78' lang='lat' dir='ltr'><strong>Marii</strong></span> <span class='ocrx_word' id='word_1_501' title='bbox 2242 2134 2557 2189; x_wconf 75' lang='lat' dir='ltr'><strong>Mercatoris</strong></span> <span class='ocrx_word' id='word_1_502' title='bbox 2592 2134 2659 2189; x_wconf 89' lang='lat' dir='ltr'><strong>ad</strong></span> <span class='ocrx_word' id='word_1_503' title='bbox 2697 2135 3038 2203; x_wconf 87' lang='lat' dir='ltr'><strong>objectiones</strong></span> <span class='ocrx_word' id='word_1_504' title='bbox 3070 2134 3358 2203; x_wconf 56' lang='lat' dir='ltr'><strong>praedictas</strong></span> <span class='ocrx_word' id='word_1_505' title='bbox 3388 2132 3494 2205; x_wconf 66' lang='grc' dir='ltr'><strong>(ΣΥ-</strong></span> 
     </span>
    </p>
   </div>
   <div class='ocr_carea' id='block_1_81' title="bbox 1916 2224 3493 2296">
    <p class='ocr_par' dir='ltr' id='par_1_81' title="bbox 1916 2224 3493 2296">
     <span class='ocr_line' id='line_1_81' title="bbox 1916 2224 3493 2296; baseline -0.004 -17"><span class='ocrx_word' id='word_1_506' title='bbox 1916 2225 2137 2295; x_wconf 91' lang='lat' dir='ltr'><strong>rillique</strong></span> <span class='ocrx_word' id='word_1_507' title='bbox 2160 2226 2564 2295; x_wconf 83' lang='lat' dir='ltr'><strong>responsiones,</strong></span> <span class='ocrx_word' id='word_1_508' title='bbox 2585 2241 2721 2296; x_wconf 88' lang='lat' dir='ltr'><strong>quas</strong></span> <span class='ocrx_word' id='word_1_509' title='bbox 2756 2225 2960 2280; x_wconf 83' lang='lat' dir='ltr'><strong>Marius</strong></span> <span class='ocrx_word' id='word_1_510' title='bbox 2988 2225 3255 2280; x_wconf 77' lang='lat' dir='ltr'><strong>Mercator</strong></span> <span class='ocrx_word' id='word_1_511' title='bbox 3285 2224 3493 2279; x_wconf 69' lang='lat' dir='ltr'><strong>Latini.</strong></span> 
     </span>
    </p>
   </div>
   <div class='ocr_carea' id='block_1_82' title="bbox 1916 2317 2299 2371">
    <p class='ocr_par' dir='ltr' id='par_1_82' title="bbox 1916 2317 2299 2371">
     <span class='ocr_line' id='line_1_82' title="bbox 1916 2317 2299 2371; baseline -0.003 -1"><span class='ocrx_word' id='word_1_512' title='bbox 1916 2325 2023 2370; x_wconf 89' lang='lat' dir='ltr'><strong>tate</strong></span> <span class='ocrx_word' id='word_1_513' title='bbox 2057 2317 2299 2371; x_wconf 84' lang='lat' dir='ltr'><strong>donavit.</strong></span> 
     </span>
    </p>
   </div>
   <div class='ocr_carea' id='block_1_83' title="bbox 1982 2405 3490 2477">
    <p class='ocr_par' dir='ltr' id='par_1_83' title="bbox 1982 2405 3490 2477">
     <span class='ocr_line' id='line_1_83' title="bbox 1982 2405 3490 2477; baseline 0.001 -18"><span class='ocrx_word' id='word_1_514' title='bbox 1982 2405 2070 2460; x_wconf 87' lang='lat' dir='ltr'><strong>Ill.</strong></span> <span class='ocrx_word' id='word_1_515' title='bbox 2102 2406 2178 2459; x_wconf 92' lang='lat' dir='ltr'><strong>De</strong></span> <span class='ocrx_word' id='word_1_516' title='bbox 2208 2415 2451 2475; x_wconf 90' lang='lat' dir='ltr'><strong>tempore</strong></span> <span class='ocrx_word' id='word_1_517' title='bbox 2473 2407 2613 2461; x_wconf 73' lang='lat' dir='ltr'><strong>data:</strong></span> <span class='ocrx_word' id='word_1_518' title='bbox 2637 2407 2881 2477; x_wconf 71' lang='lat' dir='ltr'><strong>epistola:</strong></span> <span class='ocrx_word' id='word_1_519' title='bbox 2910 2406 3180 2475; x_wconf 88' lang='lat' dir='ltr'><strong>conjicere</strong></span> <span class='ocrx_word' id='word_1_520' title='bbox 3206 2421 3315 2460; x_wconf 88' lang='lat' dir='ltr'><strong>non</strong></span> <span class='ocrx_word' id='word_1_521' title='bbox 3342 2405 3490 2473; x_wconf 86' lang='lat' dir='ltr'><strong>licet,</strong></span> 
     </span>
    </p>
   </div>
   <div class='ocr_carea' id='block_1_84' title="bbox 1913 2496 2750 2552">
    <p class='ocr_par' dir='ltr' id='par_1_84' title="bbox 1913 2496 2750 2552">
     <span class='ocr_line' id='line_1_84' title="bbox 1913 2496 2750 2552; baseline 0.002 -3"><span class='ocrx_word' id='word_1_522' title='bbox 1913 2510 2039 2550; x_wconf 91' lang='lat' dir='ltr'><strong>cum</strong></span> <span class='ocrx_word' id='word_1_523' title='bbox 2065 2496 2248 2550; x_wconf 90' lang='lat' dir='ltr'><strong>nullus</strong></span> <span class='ocrx_word' id='word_1_524' title='bbox 2274 2497 2417 2551; x_wconf 89' lang='lat' dir='ltr'><strong>adsit</strong></span> <span class='ocrx_word' id='word_1_525' title='bbox 2443 2497 2750 2552; x_wconf 90' lang='lat' dir='ltr'><strong>character.</strong></span> 
     </span>
    </p>
   </div>
   <div class='ocr_carea' id='block_1_85' title="bbox 2230 2609 3156 2697">
    <p class='ocr_par' dir='ltr' id='par_1_85' title="bbox 2230 2609 3156 2697">
     <span class='ocr_line' id='line_1_85' title="bbox 2230 2609 3156 2697; baseline 0.002 -34"><span class='ocrx_word' id='word_1_526' title='bbox 2230 2609 2582 2697; x_wconf 54' lang='lat' dir='ltr'><strong>Epistolwflb&#39;</strong></span> <span class='ocrx_word' id='word_1_527' title='bbox 2611 2619 2665 2665; x_wconf 90' lang='lat' dir='ltr'><strong>et</strong></span> <span class='ocrx_word' id='word_1_528' title='bbox 2693 2612 2783 2675; x_wconf 71' lang='lat'><strong>26,</strong></span> <span class='ocrx_word' id='word_1_529' title='bbox 2812 2612 3156 2665; x_wconf 79' lang='lat' dir='ltr'><strong>heartastlcw.</strong></span> 
     </span>
    </p>
   </div>
   <div class='ocr_carea' id='block_1_86' title="bbox 1981 2722 3493 2794">
    <p class='ocr_par' dir='ltr' id='par_1_86' title="bbox 1981 2722 3493 2794">
     <span class='ocr_line' id='line_1_86' title="bbox 1981 2722 3493 2794; baseline 0.003 -17"><span class='ocrx_word' id='word_1_530' title='bbox 1981 2723 2311 2777; x_wconf 88' lang='lat' dir='ltr'><strong>Charactcre</strong></span> <span class='ocrx_word' id='word_1_531' title='bbox 2342 2723 2514 2779; x_wconf 67' lang='lat' dir='ltr'><strong>ambae</strong></span> <span class='ocrx_word' id='word_1_532' title='bbox 2555 2729 2765 2787; x_wconf 88' lang='lat' dir='ltr'><strong>carent,</strong></span> <span class='ocrx_word' id='word_1_533' title='bbox 2798 2722 2902 2777; x_wconf 90' lang='lat' dir='ltr'><strong>nisi</strong></span> <span class='ocrx_word' id='word_1_534' title='bbox 2940 2722 3087 2792; x_wconf 84' lang='lat' dir='ltr'><strong>quod</strong></span> <span class='ocrx_word' id='word_1_535' title='bbox 3117 2722 3269 2794; x_wconf 88' lang='lat' dir='ltr'><strong>prior</strong></span> <span class='ocrx_word' id='word_1_536' title='bbox 3292 2724 3493 2780; x_wconf 77' lang='lat' dir='ltr'><strong>Natali-</strong></span> 
     </span>
    </p>
   </div>
   <div class='ocr_carea' id='block_1_87' title="bbox 1913 2813 2463 2869">
    <p class='ocr_par' dir='ltr' id='par_1_87' title="bbox 1913 2813 2463 2869">
     <span class='ocr_line' id='line_1_87' title="bbox 1913 2813 2463 2869; baseline 0.002 -1"><span class='ocrx_word' id='word_1_537' title='bbox 1913 2815 2027 2868; x_wconf 88' lang='lat' dir='ltr'><strong>litia</strong></span> <span class='ocrx_word' id='word_1_538' title='bbox 2068 2813 2202 2867; x_wconf 84' lang='lat' dir='ltr'><strong>festa</strong></span> <span class='ocrx_word' id='word_1_539' title='bbox 2240 2813 2463 2869; x_wconf 89' lang='lat' dir='ltr'><strong>indicat.</strong></span> 
     </span>
    </p>
   </div>
   <div class='ocr_carea' id='block_1_88' title="bbox 1914 2923 3589 2996">
    <p class='ocr_par' dir='ltr' id='par_1_88' title="bbox 1914 2923 3589 2996">
     <span class='ocr_line' id='line_1_88' title="bbox 1914 2923 3589 2996; baseline 0.001 -17"><span class='ocrx_word' id='word_1_540' title='bbox 1914 2925 2152 2996; x_wconf 78' lang='lat' dir='ltr'><strong>Epistola</strong></span> <span class='ocrx_word' id='word_1_541' title='bbox 2190 2926 2280 2987; x_wconf 67' lang='grc' dir='ltr'><strong>Ἦ,</strong></span> <span class='ocrx_word' id='word_1_542' title='bbox 2318 2924 2389 2983; x_wconf 84' lang='lat' dir='ltr'><strong>ad</strong></span> <span class='ocrx_word' id='word_1_543' title='bbox 2432 2923 2741 2996; x_wconf 73' lang='lat' dir='ltr'><strong>Aquiliaum</strong></span> <span class='ocrx_word' id='word_1_544' title='bbox 2784 2925 3065 2978; x_wconf 84' lang='lat' dir='ltr'><strong>diaconum</strong></span> <span class='ocrx_word' id='word_1_545' title='bbox 3107 2935 3157 2979; x_wconf 81' lang='lat' dir='ltr'><strong>et</strong></span> <span class='ocrx_word' id='word_1_546' title='bbox 3192 2926 3494 2983; x_wconf 57' lang='lat' dir='ltr'><strong>are/rimam</strong></span> <span class='ocrx_word' id='word_1_547' title='bbox 3584 2928 3589 2933; x_wconf 82' lang='grc'><em>’</em></span> 
     </span>
    </p>
   </div>
   <div class='ocr_carea' id='block_1_89' title="bbox 2612 2993 2829 3046">
    <p class='ocr_par' dir='ltr' id='par_1_89' title="bbox 2612 2993 2829 3046">
     <span class='ocr_line' id='line_1_89' title="bbox 2612 2993 2829 3046; baseline 0.005 -1"><span class='ocrx_word' id='word_1_548' title='bbox 2612 2993 2829 3046; x_wconf 82' lang='lat' dir='ltr'><strong>drilam.</strong></span> 
     </span>
    </p>
   </div>
   <div class='ocr_carea' id='block_1_90' title="bbox 1985 3102 3493 3173">
    <p class='ocr_par' dir='ltr' id='par_1_90' title="bbox 1985 3102 3493 3173">
     <span class='ocr_line' id='line_1_90' title="bbox 1985 3102 3493 3173; baseline 0.001 -12"><span class='ocrx_word' id='word_1_549' title='bbox 1985 3105 2361 3161; x_wconf 87' lang='lat' dir='ltr'><strong>Consolatoria</strong></span> <span class='ocrx_word' id='word_1_550' title='bbox 2399 3114 2484 3160; x_wconf 90' lang='lat' dir='ltr'><strong>est</strong></span> <span class='ocrx_word' id='word_1_551' title='bbox 2526 3104 2582 3159; x_wconf 90' lang='lat' dir='ltr'><strong>in</strong></span> <span class='ocrx_word' id='word_1_552' title='bbox 2616 3104 2852 3160; x_wconf 83' lang='lat' dir='ltr'><strong>orbitate</strong></span> <span class='ocrx_word' id='word_1_553' title='bbox 2896 3102 3026 3171; x_wconf 85' lang='lat' dir='ltr'><strong>filii;</strong></span> <span class='ocrx_word' id='word_1_554' title='bbox 3066 3103 3386 3173; x_wconf 84' lang='lat' dir='ltr'><strong>spiritualis,</strong></span> <span class='ocrx_word' id='word_1_555' title='bbox 3421 3120 3493 3163; x_wconf 83' lang='lat' dir='ltr'><strong>an</strong></span> 
     </span>
    </p>
   </div>
   <div class='ocr_carea' id='block_1_91' title="bbox 1914 3196 3489 3262">
    <p class='ocr_par' dir='ltr' id='par_1_91' title="bbox 1914 3196 3489 3262">
     <span class='ocr_line' id='line_1_91' title="bbox 1914 3196 3489 3262; baseline -0.003 -7"><span class='ocrx_word' id='word_1_556' title='bbox 1914 3198 2214 3262; x_wconf 89' lang='lat' dir='ltr'><strong>naturalis,</strong></span> <span class='ocrx_word' id='word_1_557' title='bbox 2244 3198 2515 3252; x_wconf 87' lang='lat' dir='ltr'><strong>incertum</strong></span> <span class='ocrx_word' id='word_1_558' title='bbox 2554 3214 2568 3251; x_wconf 93' lang='lat'><strong>:</strong></span> <span class='ocrx_word' id='word_1_559' title='bbox 2609 3206 2804 3252; x_wconf 65' lang='lat' dir='ltr'><strong>caetera</strong></span> <span class='ocrx_word' id='word_1_560' title='bbox 2836 3196 3040 3255; x_wconf 88' lang='lat' dir='ltr'><strong>nullam</strong></span> <span class='ocrx_word' id='word_1_561' title='bbox 3080 3197 3247 3255; x_wconf 91' lang='lat' dir='ltr'><strong>habet</strong></span> <span class='ocrx_word' id='word_1_562' title='bbox 3281 3205 3489 3257; x_wconf 83' lang='lat' dir='ltr'><strong>notam.</strong></span> 
     </span>
    </p>
   </div>
   <div class='ocr_carea' id='block_1_92' title="bbox 1912 3286 3492 3357">
    <p class='ocr_par' dir='ltr' id='par_1_92' title="bbox 1912 3286 3492 3357">
     <span class='ocr_line' id='line_1_92' title="bbox 1912 3286 3492 3357; baseline -0.001 -13"><span class='ocrx_word' id='word_1_563' title='bbox 1912 3289 1995 3344; x_wconf 89' lang='lat' dir='ltr'><strong>An</strong></span> <span class='ocrx_word' id='word_1_564' title='bbox 2029 3286 2319 3357; x_wconf 86' lang='lat' dir='ltr'><strong>Aquilinus</strong></span> <span class='ocrx_word' id='word_1_565' title='bbox 2352 3287 2443 3340; x_wconf 92' lang='lat' dir='ltr'><strong>ille</strong></span> <span class='ocrx_word' id='word_1_566' title='bbox 2475 3294 2660 3355; x_wconf 88' lang='lat' dir='ltr'><strong>postea</strong></span> <span class='ocrx_word' id='word_1_567' title='bbox 2693 3286 2862 3341; x_wconf 90' lang='lat' dir='ltr'><strong>fuerit</strong></span> <span class='ocrx_word' id='word_1_568' title='bbox 2888 3286 3042 3356; x_wconf 75' lang='lat' dir='ltr'><strong>Bybli</strong></span> <span class='ocrx_word' id='word_1_569' title='bbox 3080 3287 3379 3343; x_wconf 64' lang='lat' dir='ltr'><strong>Palaestina:</strong></span> <span class='ocrx_word' id='word_1_570' title='bbox 3399 3303 3492 3342; x_wconf 83' lang='lat' dir='ltr'><strong>or-</strong></span> 
     </span>
    </p>
   </div>
   <div class='ocr_carea' id='block_1_93' title="bbox 1911 3376 3491 3459">
    <p class='ocr_par' dir='ltr' id='par_1_93' title="bbox 1911 3376 3491 3459">
     <span class='ocr_line' id='line_1_93' title="bbox 1911 3376 3491 3459; baseline 0.001 -26"><span class='ocrx_word' id='word_1_571' title='bbox 1911 3379 2131 3459; x_wconf 71' lang='lat' dir='ltr'><strong>dinatus</strong></span> <span class='ocrx_word' id='word_1_572' title='bbox 2159 3379 2471 3449; x_wconf 87' lang='lat' dir='ltr'><strong>episcopus,</strong></span> <span class='ocrx_word' id='word_1_573' title='bbox 2495 3385 2552 3431; x_wconf 91' lang='lat' dir='ltr'><strong>et</strong></span> <span class='ocrx_word' id='word_1_574' title='bbox 2573 3392 2697 3431; x_wconf 91' lang='lat' dir='ltr'><strong>eum</strong></span> <span class='ocrx_word' id='word_1_575' title='bbox 2722 3376 3072 3432; x_wconf 90' lang='lat' dir='ltr'><strong>Theodoreto</strong></span> <span class='ocrx_word' id='word_1_576' title='bbox 3102 3378 3156 3435; x_wconf 89' lang='lat' dir='ltr'><strong>in</strong></span> <span class='ocrx_word' id='word_1_577' title='bbox 3183 3378 3491 3435; x_wconf 84' lang='lat' dir='ltr'><strong>latrocinali</strong></span> 
     </span>
    </p>
   </div>
   <div class='ocr_carea' id='block_1_94' title="bbox 1910 3469 3490 3543">
    <p class='ocr_par' dir='ltr' id='par_1_94' title="bbox 1910 3469 3490 3543">
     <span class='ocr_line' id='line_1_94' title="bbox 1910 3469 3490 3543; baseline -0.001 -18"><span class='ocrx_word' id='word_1_578' title='bbox 1910 3471 2118 3543; x_wconf 78' lang='lat' dir='ltr'><strong>synodo</strong></span> <span class='ocrx_word' id='word_1_579' title='bbox 2140 3470 2439 3540; x_wconf 80' lang='lat' dir='ltr'><strong>depositus,</strong></span> <span class='ocrx_word' id='word_1_580' title='bbox 2469 3480 2532 3524; x_wconf 92' lang='lat' dir='ltr'><strong>ut</strong></span> <span class='ocrx_word' id='word_1_581' title='bbox 2554 3470 2749 3527; x_wconf 89' lang='lat' dir='ltr'><strong>scribit</strong></span> <span class='ocrx_word' id='word_1_582' title='bbox 2771 3470 3035 3539; x_wconf 86' lang='lat' dir='ltr'><strong>Evagrius</strong></span> <span class='ocrx_word' id='word_1_583' title='bbox 3060 3470 3155 3525; x_wconf 92' lang='lat' dir='ltr'><strong>lih.</strong></span> <span class='ocrx_word' id='word_1_584' title='bbox 3192 3488 3229 3535; x_wconf 84' lang='grc' dir='ltr'><strong>ι,</strong></span> <span class='ocrx_word' id='word_1_585' title='bbox 3254 3486 3373 3541; x_wconf 91' lang='lat' dir='ltr'><strong>cap.</strong></span> <span class='ocrx_word' id='word_1_586' title='bbox 3399 3469 3490 3532; x_wconf 74' lang='grc'><strong>10,</strong></span> 
     </span>
    </p>
   </div>
   <div class='ocr_carea' id='block_1_95' title="bbox 1908 3561 3492 3633">
    <p class='ocr_par' dir='ltr' id='par_1_95' title="bbox 1908 3561 3492 3633">
     <span class='ocr_line' id='line_1_95' title="bbox 1908 3561 3492 3633; baseline -0.001 -14"><span class='ocrx_word' id='word_1_587' title='bbox 1908 3574 1966 3619; x_wconf 91' lang='lat' dir='ltr'><strong>et</strong></span> <span class='ocrx_word' id='word_1_588' title='bbox 1992 3563 2241 3633; x_wconf 90' lang='lat' dir='ltr'><strong>quicum</strong></span> <span class='ocrx_word' id='word_1_589' title='bbox 2275 3561 2626 3616; x_wconf 85' lang='lat' dir='ltr'><strong>Theodoreto</strong></span> <span class='ocrx_word' id='word_1_590' title='bbox 2662 3561 2990 3631; x_wconf 85' lang='lat' dir='ltr'><strong>subscripsit</strong></span> <span class='ocrx_word' id='word_1_591' title='bbox 3029 3561 3274 3632; x_wconf 67' lang='lat' dir='ltr'><strong>epistola:</strong></span> <span class='ocrx_word' id='word_1_592' title='bbox 3317 3561 3492 3619; x_wconf 84' lang='lat' dir='ltr'><strong>sancti</strong></span> 
     </span>
    </p>
   </div>
   <div class='ocr_carea' id='block_1_96' title="bbox 1909 3652 3040 3717">
    <p class='ocr_par' dir='ltr' id='par_1_96' title="bbox 1909 3652 3040 3717">
     <span class='ocr_line' id='line_1_96' title="bbox 1909 3652 3040 3717; baseline -0.003 -8"><span class='ocrx_word' id='word_1_593' title='bbox 1909 3654 2112 3709; x_wconf 89' lang='lat' dir='ltr'><strong>Leonis</strong></span> <span class='ocrx_word' id='word_1_594' title='bbox 2139 3652 2207 3707; x_wconf 90' lang='lat' dir='ltr'><strong>ad</strong></span> <span class='ocrx_word' id='word_1_595' title='bbox 2241 3652 2581 3717; x_wconf 83' lang='lat' dir='ltr'><strong>Flavianum,</strong></span> <span class='ocrx_word' id='word_1_596' title='bbox 2623 3652 2898 3706; x_wconf 90' lang='lat' dir='ltr'><strong>incertum</strong></span> <span class='ocrx_word' id='word_1_597' title='bbox 2936 3660 3040 3706; x_wconf 90' lang='lat' dir='ltr'><strong>est.</strong></span> 
     </span>
    </p>
   </div>
   <div class='ocr_carea' id='block_1_97' title="bbox 1910 3761 3488 3835">
    <p class='ocr_par' dir='ltr' id='par_1_97' title="bbox 1910 3761 3488 3835">
     <span class='ocr_line' id='line_1_97' title="bbox 1910 3761 3488 3835; baseline -0.001 -17"><span class='ocrx_word' id='word_1_598' title='bbox 1910 3762 2149 3835; x_wconf 84' lang='lat' dir='ltr'><strong>Epistola</strong></span> <span class='ocrx_word' id='word_1_599' title='bbox 2182 3763 2274 3828; x_wconf 75' lang='lat'><strong>28,</strong></span> <span class='ocrx_word' id='word_1_600' title='bbox 2307 3761 2592 3832; x_wconf 78' lang='lat' dir='ltr'><strong>familiaris</strong></span> <span class='ocrx_word' id='word_1_601' title='bbox 2635 3761 2706 3817; x_wconf 83' lang='lat' dir='ltr'><strong>ad</strong></span> <span class='ocrx_word' id='word_1_602' title='bbox 2732 3761 3004 3835; x_wconf 56' lang='lat' dir='ltr'><strong>Iacobum</strong></span> <span class='ocrx_word' id='word_1_603' title='bbox 3042 3763 3398 3834; x_wconf 81' lang='lat' dir='ltr'><strong>presbyterum</strong></span> <span class='ocrx_word' id='word_1_604' title='bbox 3438 3771 3488 3823; x_wconf 77' lang='lat' dir='ltr'><strong>et</strong></span> 
     </span>
    </p>
   </div>
   <div class='ocr_carea' id='block_1_98' title="bbox 2530 3834 2864 3887">
    <p class='ocr_par' dir='ltr' id='par_1_98' title="bbox 2530 3834 2864 3887">
     <span class='ocr_line' id='line_1_98' title="bbox 2530 3834 2864 3887; baseline -0.003 0"><span class='ocrx_word' id='word_1_605' title='bbox 2530 3834 2864 3887; x_wconf 86' lang='lat' dir='ltr'><strong>monachum.</strong></span> 
     </span>
    </p>
   </div>
   <div class='ocr_carea' id='block_1_99' title="bbox 1977 3965 3482 4036">
    <p class='ocr_par' dir='ltr' id='par_1_99' title="bbox 1977 3965 3482 4036">
     <span class='ocr_line' id='line_1_99' title="bbox 1977 3965 3482 4036; baseline 0 -14"><span class='ocrx_word' id='word_1_606' title='bbox 1977 3968 2135 4022; x_wconf 90' lang='lat' dir='ltr'><strong>Caret</strong></span> <span class='ocrx_word' id='word_1_607' title='bbox 2168 3967 2317 4021; x_wconf 90' lang='lat' dir='ltr'><strong>omni</strong></span> <span class='ocrx_word' id='word_1_608' title='bbox 2356 3981 2583 4036; x_wconf 85' lang='lat' dir='ltr'><strong>prorsus</strong></span> <span class='ocrx_word' id='word_1_609' title='bbox 2609 3974 2759 4019; x_wconf 90' lang='lat' dir='ltr'><strong>nota.</strong></span> <span class='ocrx_word' id='word_1_610' title='bbox 2795 3965 2933 4020; x_wconf 88' lang='lat' dir='ltr'><strong>Sunt</strong></span> <span class='ocrx_word' id='word_1_611' title='bbox 2959 3966 3051 4035; x_wconf 92' lang='lat' dir='ltr'><strong>qui</strong></span> <span class='ocrx_word' id='word_1_612' title='bbox 3081 3974 3294 4036; x_wconf 91' lang='lat' dir='ltr'><strong>putent,</strong></span> <span class='ocrx_word' id='word_1_613' title='bbox 3326 3967 3482 4022; x_wconf 59' lang='lat' dir='ltr'><strong>Jaeov</strong></span> 
     </span>
    </p>
   </div>
   <div class='ocr_carea' id='block_1_100' title="bbox 1908 4056 3486 4126">
    <p class='ocr_par' dir='ltr' id='par_1_100' title="bbox 1908 4056 3486 4126">
     <span class='ocr_line' id='line_1_100' title="bbox 1908 4056 3486 4126; baseline -0.001 -13"><span class='ocrx_word' id='word_1_614' title='bbox 1908 4059 2040 4113; x_wconf 91' lang='lat' dir='ltr'><strong>bum</strong></span> <span class='ocrx_word' id='word_1_615' title='bbox 2076 4059 2240 4123; x_wconf 88' lang='lat' dir='ltr'><strong>hunc,</strong></span> <span class='ocrx_word' id='word_1_616' title='bbox 2277 4057 2344 4111; x_wconf 90' lang='lat' dir='ltr'><strong>ad</strong></span> <span class='ocrx_word' id='word_1_617' title='bbox 2376 4072 2539 4126; x_wconf 90' lang='lat' dir='ltr'><strong>quem</strong></span> <span class='ocrx_word' id='word_1_618' title='bbox 2567 4056 2948 4109; x_wconf 82' lang='lat' dir='ltr'><strong>Thendoretus</strong></span> <span class='ocrx_word' id='word_1_619' title='bbox 2976 4056 3188 4120; x_wconf 80' lang='lat' dir='ltr'><strong>scribit,</strong></span> <span class='ocrx_word' id='word_1_620' title='bbox 3226 4073 3336 4110; x_wconf 89' lang='lat' dir='ltr'><strong>non</strong></span> <span class='ocrx_word' id='word_1_621' title='bbox 3367 4073 3486 4112; x_wconf 86' lang='lat' dir='ltr'><strong>esse</strong></span> 
     </span>
    </p>
   </div>
   <div class='ocr_carea' id='block_1_101' title="bbox 1908 4145 3486 4213">
    <p class='ocr_par' dir='ltr' id='par_1_101' title="bbox 1908 4145 3486 4213">
     <span class='ocr_line' id='line_1_101' title="bbox 1908 4145 3486 4213; baseline -0.004 -7"><span class='ocrx_word' id='word_1_622' title='bbox 1908 4152 2186 4206; x_wconf 84' lang='lat' dir='ltr'><strong>diversum</strong></span> <span class='ocrx_word' id='word_1_623' title='bbox 2217 4167 2246 4204; x_wconf 91' lang='lat' dir='ltr'><strong>a</strong></span> <span class='ocrx_word' id='word_1_624' title='bbox 2276 4149 2480 4203; x_wconf 87' lang='lat' dir='ltr'><strong>Jacobo</strong></span> <span class='ocrx_word' id='word_1_625' title='bbox 2520 4145 2867 4201; x_wconf 80' lang='lat' dir='ltr'><strong>sanctissimo</strong></span> <span class='ocrx_word' id='word_1_626' title='bbox 2900 4145 3190 4207; x_wconf 88' lang='lat' dir='ltr'><strong>monacho,</strong></span> <span class='ocrx_word' id='word_1_627' title='bbox 3220 4146 3377 4213; x_wconf 85' lang='lat' dir='ltr'><strong>cujus</strong></span> <span class='ocrx_word' id='word_1_628' title='bbox 3399 4148 3486 4199; x_wconf 85' lang='lat' dir='ltr'><strong>vi-</strong></span> 
     </span>
    </p>
   </div>
   <div class='ocr_carea' id='block_1_102' title="bbox 1906 4234 3485 4310">
    <p class='ocr_par' dir='ltr' id='par_1_102' title="bbox 1906 4234 3485 4310">
     <span class='ocr_line' id='line_1_102' title="bbox 1906 4234 3485 4310; baseline -0.003 -15"><span class='ocrx_word' id='word_1_629' title='bbox 1906 4242 2086 4295; x_wconf 89' lang='lat' dir='ltr'><strong>ventis</strong></span> <span class='ocrx_word' id='word_1_630' title='bbox 2104 4241 2339 4310; x_wconf 89' lang='lat' dir='ltr'><strong>elogium</strong></span> <span class='ocrx_word' id='word_1_631' title='bbox 2364 4236 2673 4307; x_wconf 89' lang='lat' dir='ltr'><strong>composuit</strong></span> <span class='ocrx_word' id='word_1_632' title='bbox 2693 4235 2746 4288; x_wconf 90' lang='lat' dir='ltr'><strong>in</strong></span> <span class='ocrx_word' id='word_1_633' title='bbox 2768 4234 3057 4298; x_wconf 79' lang='lat' dir='ltr'><strong>Philotheo,</strong></span> <span class='ocrx_word' id='word_1_634' title='bbox 3077 4250 3350 4304; x_wconf 88' lang='lat' dir='ltr'><strong>quemque</strong></span> <span class='ocrx_word' id='word_1_635' title='bbox 3373 4252 3485 4291; x_wconf 63' lang='lat' dir='ltr'><strong>mo.</strong></span> 
     </span>
    </p>
   </div>
   <div class='ocr_carea' id='block_1_103' title="bbox 1911 4324 3485 4401">
    <p class='ocr_par' dir='ltr' id='par_1_103' title="bbox 1911 4324 3485 4401">
     <span class='ocr_line' id='line_1_103' title="bbox 1911 4324 3485 4401; baseline -0.004 -15"><span class='ocrx_word' id='word_1_636' title='bbox 1911 4333 2058 4386; x_wconf 90' lang='lat' dir='ltr'><strong>riens</strong></span> <span class='ocrx_word' id='word_1_637' title='bbox 2107 4330 2457 4401; x_wconf 89' lang='lat' dir='ltr'><strong>superstitem</strong></span> <span class='ocrx_word' id='word_1_638' title='bbox 2501 4327 2725 4396; x_wconf 90' lang='lat' dir='ltr'><strong>reliquit</strong></span> <span class='ocrx_word' id='word_1_639' title='bbox 2766 4344 2778 4378; x_wconf 90' lang='lat'><strong>:</strong></span> <span class='ocrx_word' id='word_1_640' title='bbox 2819 4341 2968 4389; x_wconf 91' lang='lat' dir='ltr'><strong>nam,</strong></span> <span class='ocrx_word' id='word_1_641' title='bbox 3016 4324 3290 4394; x_wconf 87' lang='lat' dir='ltr'><strong>inquiunt,</strong></span> <span class='ocrx_word' id='word_1_642' title='bbox 3322 4326 3387 4401; x_wconf 64' lang='lat' dir='ltr'><strong>et</strong></span> <span class='ocrx_word' id='word_1_643' title='bbox 3417 4327 3485 4381; x_wconf 90' lang='lat' dir='ltr'><strong>ad</strong></span> 
     </span>
    </p>
   </div>
   <div class='ocr_carea' id='block_1_104' title="bbox 1911 4400 3484 4492">
    <p class='ocr_par' dir='ltr' id='par_1_104' title="bbox 1911 4400 3484 4492">
     <span class='ocr_line' id='line_1_104' title="bbox 1911 4400 3484 4492; baseline -0.004 -16"><span class='ocrx_word' id='word_1_644' title='bbox 1911 4437 2074 4492; x_wconf 89' lang='lat' dir='ltr'><strong>quem</strong></span> <span class='ocrx_word' id='word_1_645' title='bbox 2122 4400 2401 4485; x_wconf 87' lang='lat' dir='ltr'><strong>scribitur,</strong></span> <span class='ocrx_word' id='word_1_646' title='bbox 2440 4429 2496 4474; x_wconf 94' lang='lat' dir='ltr'><strong>et</strong></span> <span class='ocrx_word' id='word_1_647' title='bbox 2524 4417 2617 4488; x_wconf 91' lang='lat' dir='ltr'><strong>qui</strong></span> <span class='ocrx_word' id='word_1_648' title='bbox 2666 4416 2945 4481; x_wconf 88' lang='lat' dir='ltr'><strong>laudatur,</strong></span> <span class='ocrx_word' id='word_1_649' title='bbox 2978 4415 3265 4487; x_wconf 79' lang='lat' dir='ltr'><strong>presbyter</strong></span> <span class='ocrx_word' id='word_1_650' title='bbox 3294 4400 3397 4472; x_wconf 69' lang='lat' dir='ltr'><strong>fuit</strong></span> <span class='ocrx_word' id='word_1_651' title='bbox 3431 4423 3484 4471; x_wconf 90' lang='lat' dir='ltr'><strong>et</strong></span> 
     </span>
    </p>
   </div>
   <div class='ocr_carea' id='block_1_105' title="bbox 1908 4507 3483 4580">
    <p class='ocr_par' dir='ltr' id='par_1_105' title="bbox 1908 4507 3483 4580">
     <span class='ocr_line' id='line_1_105' title="bbox 1908 4507 3483 4580; baseline -0.003 -14"><span class='ocrx_word' id='word_1_652' title='bbox 1908 4512 2228 4566; x_wconf 87' lang='lat' dir='ltr'><strong>monachus.</strong></span> <span class='ocrx_word' id='word_1_653' title='bbox 2247 4511 2450 4566; x_wconf 75' lang='lat' dir='ltr'><strong>Verum</strong></span> <span class='ocrx_word' id='word_1_654' title='bbox 2477 4510 2571 4580; x_wconf 90' lang='lat' dir='ltr'><strong>qui</strong></span> <span class='ocrx_word' id='word_1_655' title='bbox 2600 4509 2863 4565; x_wconf 88' lang='lat' dir='ltr'><strong>attentius</strong></span> <span class='ocrx_word' id='word_1_656' title='bbox 2881 4508 3117 4579; x_wconf 88' lang='lat' dir='ltr'><strong>elogium</strong></span> <span class='ocrx_word' id='word_1_657' title='bbox 3138 4507 3351 4578; x_wconf 79' lang='lat' dir='ltr'><strong>legerit,</strong></span> <span class='ocrx_word' id='word_1_658' title='bbox 3375 4523 3483 4562; x_wconf 87' lang='lat' dir='ltr'><strong>non</strong></span> 
     </span>
    </p>
   </div>
   <div class='ocr_carea' id='block_1_106' title="bbox 1908 4601 3483 4674">
    <p class='ocr_par' dir='ltr' id='par_1_106' title="bbox 1908 4601 3483 4674">
     <span class='ocr_line' id='line_1_106' title="bbox 1908 4601 3483 4674; baseline -0.002 -16"><span class='ocrx_word' id='word_1_659' title='bbox 1908 4604 2239 4659; x_wconf 85' lang='lat' dir='ltr'><strong>assentietur</strong></span> <span class='ocrx_word' id='word_1_660' title='bbox 2262 4604 2454 4674; x_wconf 90' lang='lat' dir='ltr'><strong>procul</strong></span> <span class='ocrx_word' id='word_1_661' title='bbox 2483 4603 2652 4657; x_wconf 91' lang='lat' dir='ltr'><strong>duhio</strong></span> <span class='ocrx_word' id='word_1_662' title='bbox 2686 4602 2913 4666; x_wconf 88' lang='lat' dir='ltr'><strong>dicenti,</strong></span> <span class='ocrx_word' id='word_1_663' title='bbox 2942 4617 3069 4655; x_wconf 90' lang='lat' dir='ltr'><strong>eum</strong></span> <span class='ocrx_word' id='word_1_664' title='bbox 3093 4601 3186 4671; x_wconf 93' lang='lat' dir='ltr'><strong>qui</strong></span> <span class='ocrx_word' id='word_1_665' title='bbox 3210 4601 3483 4665; x_wconf 90' lang='lat' dir='ltr'><strong>laudatur,</strong></span> 
     </span>
    </p>
   </div>
   <div class='ocr_carea' id='block_1_107' title="bbox 1908 4693 3486 4769">
    <p class='ocr_par' dir='ltr' id='par_1_107' title="bbox 1908 4693 3486 4769">
     <span class='ocr_line' id='line_1_107' title="bbox 1908 4693 3486 4769; baseline -0.001 -20"><span class='ocrx_word' id='word_1_666' title='bbox 1908 4695 2075 4749; x_wconf 90' lang='lat' dir='ltr'><strong>fuisse</strong></span> <span class='ocrx_word' id='word_1_667' title='bbox 2104 4710 2343 4769; x_wconf 88' lang='lat' dir='ltr'><strong>unquam</strong></span> <span class='ocrx_word' id='word_1_668' title='bbox 2383 4694 2785 4766; x_wconf 79' lang='lat' dir='ltr'><strong>presbyterum.</strong></span> <span class='ocrx_word' id='word_1_669' title='bbox 2813 4694 2947 4748; x_wconf 79' lang='lat' dir='ltr'><strong>Nam</strong></span> <span class='ocrx_word' id='word_1_670' title='bbox 2978 4693 3124 4763; x_wconf 90' lang='lat' dir='ltr'><strong>quod</strong></span> <span class='ocrx_word' id='word_1_671' title='bbox 3155 4693 3358 4747; x_wconf 80' lang='lat' dir='ltr'><strong>dicitur</strong></span> <span class='ocrx_word' id='word_1_672' title='bbox 3391 4694 3486 4749; x_wconf 87' lang='lat' dir='ltr'><strong>Ni-</strong></span> 
     </span>
    </p>
   </div>
   <div class='ocr_carea' id='block_1_108' title="bbox 1909 4785 3488 4855">
    <p class='ocr_par' dir='ltr' id='par_1_108' title="bbox 1909 4785 3488 4855">
     <span class='ocr_line' id='line_1_108' title="bbox 1909 4785 3488 4855; baseline -0.002 -14"><span class='ocrx_word' id='word_1_673' title='bbox 1909 4787 2100 4841; x_wconf 82' lang='lat' dir='ltr'><strong>slbeno</strong></span> <span class='ocrx_word' id='word_1_674' title='bbox 2130 4787 2299 4840; x_wconf 84' lang='lat' dir='ltr'><strong>fuisse</strong></span> <span class='ocrx_word' id='word_1_675' title='bbox 2335 4787 2595 4855; x_wconf 78' lang='grc' dir='ltr'><strong>ὁμότιμος</strong></span> <span class='ocrx_word' id='word_1_676' title='bbox 2627 4785 2721 4838; x_wconf 74' lang='grc' dir='ltr'><strong>καὶ</strong></span> <span class='ocrx_word' id='word_1_677' title='bbox 2759 4785 3082 4855; x_wconf 75' lang='grc' dir='ltr'><strong>ὁμότροπος,</strong></span> <span class='ocrx_word' id='word_1_678' title='bbox 3108 4801 3217 4838; x_wconf 92' lang='lat' dir='ltr'><strong>non</strong></span> <span class='ocrx_word' id='word_1_679' title='bbox 3250 4786 3488 4853; x_wconf 87' lang='lat' dir='ltr'><strong>pertinet</strong></span> 
     </span>
    </p>
   </div>
   <div class='ocr_carea' id='block_1_109' title="bbox 1907 4875 3485 4950">
    <p class='ocr_par' dir='ltr' id='par_1_109' title="bbox 1907 4875 3485 4950">
     <span class='ocr_line' id='line_1_109' title="bbox 1907 4875 3485 4950; baseline -0.003 -17"><span class='ocrx_word' id='word_1_680' title='bbox 1907 4878 1973 4933; x_wconf 91' lang='lat' dir='ltr'><strong>ad</strong></span> <span class='ocrx_word' id='word_1_681' title='bbox 2016 4894 2205 4950; x_wconf 90' lang='lat' dir='ltr'><strong>parem</strong></span> <span class='ocrx_word' id='word_1_682' title='bbox 2251 4878 2305 4931; x_wconf 93' lang='lat' dir='ltr'><strong>in</strong></span> <span class='ocrx_word' id='word_1_683' title='bbox 2332 4878 2577 4934; x_wconf 86' lang='lat' dir='ltr'><strong>Ecclesia</strong></span> <span class='ocrx_word' id='word_1_684' title='bbox 2624 4878 2966 4947; x_wconf 87' lang='lat' dir='ltr'><strong>dignitatem,</strong></span> <span class='ocrx_word' id='word_1_685' title='bbox 3003 4875 3318 4947; x_wconf 85' lang='lat' dir='ltr'><strong>(Nisibenus</strong></span> <span class='ocrx_word' id='word_1_686' title='bbox 3341 4876 3485 4929; x_wconf 91' lang='lat' dir='ltr'><strong>enim</strong></span> 
     </span>
    </p>
   </div>
   <div class='ocr_carea' id='block_1_110' title="bbox 1907 4966 3487 5040">
    <p class='ocr_par' dir='ltr' id='par_1_110' title="bbox 1907 4966 3487 5040">
     <span class='ocr_line' id='line_1_110' title="bbox 1907 4966 3487 5040; baseline -0.005 -14"><span class='ocrx_word' id='word_1_687' title='bbox 1907 4971 2012 5027; x_wconf 90' lang='lat' dir='ltr'><strong>fuit</strong></span> <span class='ocrx_word' id='word_1_688' title='bbox 2038 4968 2375 5040; x_wconf 85' lang='lat' dir='ltr'><strong>episcopus),</strong></span> <span class='ocrx_word' id='word_1_689' title='bbox 2398 4969 2491 5023; x_wconf 89' lang='lat' dir='ltr'><strong>sed</strong></span> <span class='ocrx_word' id='word_1_690' title='bbox 2533 4969 2601 5023; x_wconf 90' lang='lat' dir='ltr'><strong>ad</strong></span> <span class='ocrx_word' id='word_1_691' title='bbox 2643 4969 2788 5022; x_wconf 93' lang='lat' dir='ltr'><strong>idem</strong></span> <span class='ocrx_word' id='word_1_692' title='bbox 2828 4967 3009 5022; x_wconf 89' lang='lat' dir='ltr'><strong>laudis</strong></span> <span class='ocrx_word' id='word_1_693' title='bbox 3041 4966 3318 5029; x_wconf 87' lang='lat' dir='ltr'><strong>meritum,</strong></span> <span class='ocrx_word' id='word_1_694' title='bbox 3354 4981 3487 5035; x_wconf 54' lang='lat' dir='ltr'><strong>prov-</strong></span> 
     </span>
    </p>
   </div>
   <div class='ocr_carea' id='block_1_111' title="bbox 1907 5058 2916 5134">
    <p class='ocr_par' dir='ltr' id='par_1_111' title="bbox 1907 5058 2916 5134">
     <span class='ocr_line' id='line_1_111' title="bbox 1907 5058 2916 5134; baseline -0.006 -17"><span class='ocrx_word' id='word_1_695' title='bbox 1907 5072 2030 5134; x_wconf 90' lang='lat' dir='ltr'><strong>pter</strong></span> <span class='ocrx_word' id='word_1_696' title='bbox 2051 5060 2306 5116; x_wconf 91' lang='lat' dir='ltr'><strong>eumdem</strong></span> <span class='ocrx_word' id='word_1_697' title='bbox 2336 5060 2643 5116; x_wconf 83' lang='lat' dir='ltr'><strong>sanctitatis</strong></span> <span class='ocrx_word' id='word_1_698' title='bbox 2673 5058 2916 5113; x_wconf 89' lang='lat' dir='ltr'><strong>modum.</strong></span> 
     </span>
    </p>
   </div>
   <div class='ocr_carea' id='block_1_112' title="bbox 2049 5173 3354 5247">
    <p class='ocr_par' dir='ltr' id='par_1_112' title="bbox 2049 5173 3354 5247">
     <span class='ocr_line' id='line_1_112' title="bbox 2049 5173 3354 5247; baseline -0.001 -17"><span class='ocrx_word' id='word_1_699' title='bbox 2049 5174 2286 5247; x_wconf 82' lang='lat' dir='ltr'><strong>Epistola</strong></span> <span class='ocrx_word' id='word_1_700' title='bbox 2315 5174 2407 5239; x_wconf 70' lang='lat'><strong>29,</strong></span> <span class='ocrx_word' id='word_1_701' title='bbox 2436 5174 2867 5231; x_wconf 82' lang='lat' dir='ltr'><strong>commendatitia</strong></span> <span class='ocrx_word' id='word_1_702' title='bbox 2892 5174 2961 5229; x_wconf 84' lang='lat' dir='ltr'><strong>ad</strong></span> <span class='ocrx_word' id='word_1_703' title='bbox 2984 5173 3354 5244; x_wconf 66' lang='grc' dir='ltr'><strong>Αρειιὶοηεηι..</strong></span> 
     </span>
    </p>
   </div>
   <div class='ocr_carea' id='block_1_113' title="bbox 1978 5287 3497 5358">
    <p class='ocr_par' dir='ltr' id='par_1_113' title="bbox 1978 5287 3497 5358">
     <span class='ocr_line' id='line_1_113' title="bbox 1978 5287 3497 5358; baseline -0.001 -15"><span class='ocrx_word' id='word_1_704' title='bbox 1978 5291 2019 5343; x_wconf 87' lang='grc'><strong>1.</strong></span> <span class='ocrx_word' id='word_1_705' title='bbox 2061 5288 2344 5358; x_wconf 88' lang='lat' dir='ltr'><strong>Temporis</strong></span> <span class='ocrx_word' id='word_1_706' title='bbox 2386 5300 2515 5345; x_wconf 84' lang='lat' dir='ltr'><strong>nota</strong></span> <span class='ocrx_word' id='word_1_707' title='bbox 2564 5287 2850 5343; x_wconf 83' lang='lat' dir='ltr'><strong>manifesta</strong></span> <span class='ocrx_word' id='word_1_708' title='bbox 2896 5296 3000 5351; x_wconf 90' lang='lat' dir='ltr'><strong>est,</strong></span> <span class='ocrx_word' id='word_1_709' title='bbox 3035 5287 3229 5357; x_wconf 88' lang='lat' dir='ltr'><strong>partim</strong></span> <span class='ocrx_word' id='word_1_710' title='bbox 3270 5303 3337 5342; x_wconf 85' lang='lat' dir='ltr'><strong>ex</strong></span> <span class='ocrx_word' id='word_1_711' title='bbox 3368 5287 3497 5342; x_wconf 78' lang='lat' dir='ltr'><strong>aliis</strong></span> 
     </span>
    </p>
   </div>
   <div class='ocr_carea' id='block_1_114' title="bbox 1907 5378 3487 5447">
    <p class='ocr_par' dir='ltr' id='par_1_114' title="bbox 1907 5378 3487 5447">
     <span class='ocr_line' id='line_1_114' title="bbox 1907 5378 3487 5447; baseline -0.002 -12"><span class='ocrx_word' id='word_1_712' title='bbox 1907 5394 2002 5435; x_wconf 83' lang='lat' dir='ltr'><strong>sex</strong></span> <span class='ocrx_word' id='word_1_713' title='bbox 2039 5379 2506 5447; x_wconf 89' lang='lat' dir='ltr'><strong>consequentibus</strong></span> <span class='ocrx_word' id='word_1_714' title='bbox 2542 5378 2762 5443; x_wconf 84' lang='lat' dir='ltr'><strong>litteris,</strong></span> <span class='ocrx_word' id='word_1_715' title='bbox 2803 5393 3036 5447; x_wconf 90' lang='lat' dir='ltr'><strong>quarum</strong></span> <span class='ocrx_word' id='word_1_716' title='bbox 3078 5378 3224 5432; x_wconf 90' lang='lat' dir='ltr'><strong>idem</strong></span> <span class='ocrx_word' id='word_1_717' title='bbox 3269 5387 3355 5433; x_wconf 87' lang='lat' dir='ltr'><strong>est</strong></span> <span class='ocrx_word' id='word_1_718' title='bbox 3393 5394 3487 5432; x_wconf 89' lang='lat' dir='ltr'><strong>ar-</strong></span> 
     </span>
    </p>
   </div>
   <div class='ocr_carea' id='block_1_115' title="bbox 1906 5468 3483 5540">
    <p class='ocr_par' dir='ltr' id='par_1_115' title="bbox 1906 5468 3483 5540">
     <span class='ocr_line' id='line_1_115' title="bbox 1906 5468 3483 5540; baseline -0.003 -15"><span class='ocrx_word' id='word_1_719' title='bbox 1906 5477 2247 5539; x_wconf 85' lang='lat' dir='ltr'><strong>gumentum,</strong></span> <span class='ocrx_word' id='word_1_720' title='bbox 2293 5468 2548 5537; x_wconf 87' lang='lat' dir='ltr'><strong>idemque</strong></span> <span class='ocrx_word' id='word_1_721' title='bbox 2591 5477 2835 5537; x_wconf 87' lang='lat' dir='ltr'><strong>tempus;</strong></span> <span class='ocrx_word' id='word_1_722' title='bbox 2878 5469 3074 5539; x_wconf 84' lang='lat' dir='ltr'><strong>partim</strong></span> <span class='ocrx_word' id='word_1_723' title='bbox 3107 5484 3173 5523; x_wconf 75' lang='lat' dir='ltr'><strong>ex</strong></span> <span class='ocrx_word' id='word_1_724' title='bbox 3213 5469 3483 5540; x_wconf 86' lang='lat' dir='ltr'><strong>personis,</strong></span> 
     </span>
    </p>
   </div>
   <div class='ocr_carea' id='block_1_116' title="bbox 1908 5557 2878 5627">
    <p class='ocr_par' dir='ltr' id='par_1_116' title="bbox 1908 5557 2878 5627">
     <span class='ocr_line' id='line_1_116' title="bbox 1908 5557 2878 5627; baseline -0.002 -15"><span class='ocrx_word' id='word_1_725' title='bbox 1908 5558 1973 5612; x_wconf 88' lang='lat' dir='ltr'><strong>ad</strong></span> <span class='ocrx_word' id='word_1_726' title='bbox 2004 5574 2141 5627; x_wconf 84' lang='lat' dir='ltr'><strong>quas</strong></span> <span class='ocrx_word' id='word_1_727' title='bbox 2170 5558 2446 5611; x_wconf 66' lang='lat' dir='ltr'><strong>nonnulla:</strong></span> <span class='ocrx_word' id='word_1_728' title='bbox 2484 5557 2701 5627; x_wconf 76' lang='lat' dir='ltr'><strong>seripue</strong></span> <span class='ocrx_word' id='word_1_729' title='bbox 2730 5568 2878 5612; x_wconf 91' lang='lat' dir='ltr'><strong>sunt.</strong></span> 
     </span>
    </p>
   </div>
   <div class='ocr_carea' id='block_1_117' title="bbox 1980 5632 3487 5709">
    <p class='ocr_par' dir='ltr' id='par_1_117' title="bbox 1980 5632 3487 5709">
     <span class='ocr_line' id='line_1_117' title="bbox 1980 5632 3487 5709; baseline 0.003 -6"><span class='ocrx_word' id='word_1_730' title='bbox 1980 5640 2045 5703; x_wconf 87' lang='lat' dir='ltr'><strong>Il.</strong></span> <span class='ocrx_word' id='word_1_731' title='bbox 2085 5648 2553 5705; x_wconf 74' lang='lat' dir='ltr'><strong>Commendatitia:</strong></span> <span class='ocrx_word' id='word_1_732' title='bbox 2595 5660 2723 5705; x_wconf 91' lang='lat' dir='ltr'><strong>sunt</strong></span> <span class='ocrx_word' id='word_1_733' title='bbox 2761 5632 2950 5706; x_wconf 48' lang='lat' dir='ltr'><strong>omniss</strong></span> <span class='ocrx_word' id='word_1_734' title='bbox 2988 5649 3054 5703; x_wconf 89' lang='lat' dir='ltr'><strong>ad</strong></span> <span class='ocrx_word' id='word_1_735' title='bbox 3094 5649 3328 5709; x_wconf 80' lang='lat' dir='ltr'><strong>amicos.</strong></span> <span class='ocrx_word' id='word_1_736' title='bbox 3370 5648 3487 5707; x_wconf 81' lang='lat' dir='ltr'><strong>sive</strong></span> 
     </span>
    </p>
   </div>
   <div class='ocr_carea' id='block_1_118' title="bbox 3059 5744 3093 5802">
    <p class='ocr_par' dir='ltr' id='par_1_118' title="bbox 3059 5744 3093 5802">
     <span class='ocr_line' id='line_1_118' title="bbox 3059 5744 3093 5802; baseline 0 0"><span class='ocrx_word' id='word_1_737' title='bbox 3059 5744 3093 5802; x_wconf 83' lang='lat'><strong>9</strong></span> 
     </span>
    </p>
   </div>
  </div>
