3952 6294
472 166 578 229 267

1603 172 1977 231 GARNER‘II
2019 172 2507 232 DISSERTATIO
2546 175 2627 232 Ιῐ.

3615 173 3722 243 268

476 274 634 344 alios,
673 289 812 347 quos
855 275 1230 333 Theodoretus
1270 277 1528 333 admonet
1559 278 2049 334 commiserationis
2082 290 2120 342 Α
2153 280 2388 350 Epistula
2434 280 2530 344 59.,
2576 279 2999 335 cummemlatitia
3038 280 3107 333 ad
3147 279 3486 333 Tlteoctistum
3522 280 3721 336 Barcae

477 366 532 421 in
570 366 905 422 sublevanda
938 378 1176 439 egestate
1205 368 1493 424 Celestiaci
1529 369 1730 425 nobilis
1762 370 2043 440 Carthagi-

475 457 706 523 niensis,
736 458 830 527 qui
874 468 1038 529 capta
1088 475 1118 514 a
1150 459 1445 514 Genserico
1482 459 1810 530 Carthagine
1851 470 2048 515 exutus

473 548 700 617 opibus,
745 557 802 603 et
848 564 971 603 cum
1017 564 1113 603 sua
1156 558 1337 604 tamen
1387 559 1498 605 tota
1552 551 1755 608 familia
1800 552 2046 608 exsulare

473 649 696 695 coactus
732 650 834 695 ρει
2006 682 2021 695 ρ

541 732 707 801 318
740 732 828 785 Ill.
877 732 1109 787 Venerat
1155 731 1264 798 ille,
1314 743 1373 789 ut
1416 735 1655 801 videtur,
1700 735 1900 808 Cyrum
1948 752 2045 805 per

468 820 756 892 (Egyptum
785 830 839 875 et
870 823 1188 887 Phoenicen,
1227 823 1497 896 Cyroque,
1522 827 1733 890 Berma,
1770 828 1962 882 Emesa
1989 834 2046 881 ct

468 913 756 967 Antiochia
803 913 1007 984 Tyrum
1052 915 1345 986 cogitabat,
1376 928 1437 972 ut
1475 918 1624 973 illinc
1653 919 1868 974 solvens
1897 918 2043 974 Con-

468 1002 876 1073 stantinopolim
906 1017 1174 1076 pergeret,
1214 1007 1558 1079 imperatoris
1586 1025 1745 1079 Opem
1783 1010 2042 1080 implora-

469 1100 645 1148 turus.

534 1184 623 1240 IV.
655 1183 774 1250 Quo
810 1192 1058 1256 tempore
1099 1187 1224 1243 data
1261 1188 1351 1253 sit,
1386 1188 1776 1260 disputandum
1808 1207 1932 1247 cum
1973 1192 2040 1246 il-

455 1272 795 1331 .lustrissimo
832 1278 1122 1335 Annalium
1170 1281 1461 1353 scriptore,
1493 1299 1614 1337 eam
1650 1283 1859 1339 scilicet
1895 1283 2040 1339 refe-

473 1374 627 1421 rente
665 1376 781 1422 toto
805 1369 917 1424 fere
942 1370 1166 1425 biennio
1195 1373 1356 1427 citius
1387 1390 1548 1443 quam
1575 1383 1817 1445 oportet,
1843 1391 2040 1445 nempe

465 1454 533 1508 ad
569 1471 774 1512 annum
815 1458 941 1514 440.
978 1460 1069 1516 Sic
1095 1470 1275 1515 autem
1315 1452 1674 1517 ratiocinator
1708 1482 1720 1517 :
1750 1463 1917 1533 Capta
1957 1472 2040 1519 est

463 1545 735 1620 Carthago
769 1550 1052 1608 Genserici
1085 1563 1204 1609 astu
1241 1570 1384 1609 anno
1409 1555 1532 1621 459,
1565 1567 1750 1610 mense
1783 1554 2036 1622 Octobri;

2777 351 3092 420 episcopum.

2215 459 2472 529 Ejusdem
2507 460 2713 530 pariter
2747 461 3052 531 argumenti
3082 470 3139 515 et
3176 460 3455 530 temporis.
3492 460 3720 517 Succes—

2145 550 2217 604 sit
2254 550 2604 606 Theoctistus
2648 552 2847 606 Acacio
2897 567 3039 606 anno
3087 552 3190 606 457
3249 561 3346 606 aut
3394 551 3517 614 458,
3556 551 3722 620 319

2146 647 2206 694 ut
2246 649 2433 710 postea
2478 641 2943 696 demonstrabitur
2970 641 3036 694 ⁶⁰.
3081 641 3178 695 Est
3222 641 3291 695 de
3333 641 3451 711 ejus
3495 640 3721 695 ordina-

2145 731 2294 787 tione
2330 733 2787 802 congratulatoria
2819 734 2837 752 ‘
2873 731 2940 787 ad
2982 732 3300 787 Beraaenses
3339 732 3566 786 clericos
3602 731 3722 801 epi-

2145 822 2284 876 stola
2323 823 2391 876 57
2417 823 2482 877 εί.
2509 822 2591 877 Ad
2630 823 2884 878 eumdem
2914 831 2999 878 est
3025 823 3187 877 etiam
3217 823 3445 892 epistola
3478 823 3600 887 154,
3630 822 3718 876 in-

2144 914 2446 983 crepatoria
2475 915 2544 969 ob
2568 915 2870 985 neglectam
2897 915 3151 970 amicitire
3174 915 3370 985 legem,
3394 915 3460 969 de
3483 930 3589 984 qua
3613 929 3716 968 suo

2142 1004 2283 1059 loco.
2336 1004 2589 1060 Interfuit
2634 1006 2867 1061 concilio
2922 1005 3354 1061 Chalcedonensi
3398 1021 3541 1059 anno
3585 1006 3711 1070 451,

2143 1095 2467 1164 subscripsit
2538 1097 2781 1166 epistola:
2843 1097 3225 1167 episcoporum
3296 1095 3484 1164 primae
3546 1094 3716 1166 Syrim

2142 1197 2286 1235 anno
2318 1182 2441 1236 458.

2142 1295 2379 1365 Epistula
2420 1296 2508 1359 55,
2547 1297 2973 1350 cummendatitia
3021 1297 3089 1351 ad
3133 1295 3421 1352 Stasimum
3470 1298 3709 1349 comitem

2741 1375 2791 1419 et
2824 1369 3124 1436 primatem.

2209 1478 2466 1549 Ejusdem
2507 1494 2630 1533 cum
2664 1479 3097 1548 prmcedentibus
3133 1480 3436 1551 argumenti
3478 1490 3532 1534 et
3572 1490 3709 1534 tem-

2140 1568 2307 1637 poris.
2336 1568 2467 1634 Quis
2497 1584 2663 1638 porro
2699 1568 2966 1623 Stasimus
2996 1570 3179 1635 fuerit,
3210 1577 3266 1623 et
3290 1570 3446 1641 cujus
3473 1570 3713 1625 civitatis

462 1639 622 1709 ejecti
667 1656 797 1696 mox
839 1645 1072 1709 nobiles,
1113 1646 1207 1715 qui
1251 1647 1457 1701 servire
1492 1648 1699 1703 nollent
1743 1648 1801 1733 ill
1837 1647 2033 1717 patria.
2072 1625 2109 1678 Β
2140 1660 2367 1729 primas,
2404 1661 2676 1732 conjicere
2710 1676 2820 1716 ῃοιι
2849 1662 3009 1729 licet;
3047 1662 3268 1733 Tyrine,
3295 1680 3363 1717 an
3387 1664 3616 1724 Emesag,
3640 1679 3709 1718 an

452 1729 665 1785 Eorum
698 1750 843 1790 unus
877 1735 979 1790 fuit
1014 1735 1368 1801 Celestiacus,
1400 1738 1493 1807 qui
1523 1754 1644 1792 cum
1678 1740 1732 1792 in
1754 1729 2035 1793 Orientem

462 1821 689 1894 fugisset
714 1841 858 1881 anno
884 1836 1169 1896 sequente,
1203 1828 1296 1897 qui
1336 1828 1460 1891 440,
1493 1828 1693 1900 Cyrum
1735 1829 1903 1893 venit,
1944 1829 2036 1884 lit-

462 1921 716 1984 terasque
762 1916 1052 1983 discedens
1100 1934 1131 1971 a
1176 1918 1521 1974 Theodoreto
1567 1919 2036 1975 commendatitias

458 2008 527 2063 ad
559 2009 764 2063 amicos
800 2009 852 2063 in
882 2009 971 2064 via
1005 2010 1214 2079 positos
1242 2010 1471 2077 accepit.

530 2100 730 2155 Verum
760 2102 876 2156 haec
901 2102 1042 2156 ratio
1066 2103 1366 2158 consistere
1391 2119 1500 2158 non
1529 2111 1707 2173 potest
1733 2121 1746 2157 :
1778 2102 1871 2158 sed
1898 2103 2031 2158 alte-

457 2209 581 2248 rum
611 2194 721 2263 jam
758 2210 960 2249 annum
1001 2194 1056 2248 in
1099 2193 1538 2249 circumferenda
1577 2210 1677 2250 sua
1717 2194 2033 2249 infelicitate

452 2282 791 2339 Celestiacus
836 2292 1110 2352 posuerat,
1150 2301 1277 2339 eum
1315 2286 1467 2341 venit
1503 2284 1724 2357 Cyrum,
1767 2286 2032 2342 obtinuit-

457 2388 565 2443 que
609 2373 821 2426 litteras
852 2388 883 2425 a
917 2372 1265 2427 Theodoreto
1295 2390 1308 2425 :
1342 2390 1485 2429 unus
1516 2375 1665 2428 enim
1703 2375 2029 2440 amicorum,

458 2480 597 2533 quos
625 2465 691 2518 ad
714 2464 998 2519 levandam
1023 2464 1308 2519 Celestiaci
1334 2465 1609 2520 miseriam
1633 2466 1831 2520 litteris
1859 2466 2034 2521 Theo—

458 2552 683 2607 doretus
718 2552 1057 2616 hortabatur,
1090 2553 1332 2607 Domnus
1366 2553 1472 2608 fuit
1498 2554 1722 2609 Joannis
1752 2554 1805 2607 in
1839 2555 2030 2609 Antio-

459 2642 633 2698 chena
678 2644 807 2701 sede
852 2647 1135 2698 successor
1172 2662 1185 2697 :
1227 2644 1378 2713 atqui
1427 2644 1665 2701 Joannes
1708 2645 1844 2699 obiit
1889 2661 2033 2700 anno

448 2732 723 2789 duntaxat
754 2734 856 2788 440
893 2735 1109 2799 affecto,
1140 2744 1234 2789 aut
1263 2736 1425 2791 etiam
1459 2737 1588 2791 anni
1619 2738 1899 2808 sequentis
1924 2738 2031 2792 ini-

456 2823 572 2892 tio;
605 2833 663 2880 et
681 2821 1063 2881 Theodoretus
1087 2827 1296 2881 Domno
1327 2829 1537 2894 scribit,
1562 2837 1624 2884 ut
1646 2831 1755 2900 jam
1782 2831 2029 2901 aliquan-

458 2916 555 2971 diu
586 2917 639 2971 in
676 2917 805 2972 sede
832 2918 1158 2985 constituto;
1196 2919 1413 2991 scripsit
1439 2921 1602 2992 igitur
1628 2937 1771 2976 anno
1796 2923 1921 2978 442.

529 3008 768 3081 Tempus
799 3027 965 3081 porro
999 3028 1109 3082 quo
1146 3013 1384 3069 Joannes
1422 3015 1577 3079 obiit,
1602 3031 1668 3070 ex
1701 3032 1767 3071 eo
1798 3017 2028 3072 demon-

454 3112 662 3159 stratur
689 3122 702 3157 :
733 3104 892 3160 Anno
922 3105 1026 3160 448
1063 3107 1311 3164 scribens
1346 3108 1723 3165 Theodoretus
1745 3110 2027 3176 Dioscoro,

455 3193 534 3248 ait
571 3194 719 3250 hunc
763 3211 967 3251 annum
1006 3213 1127 3252 esse
1173 3199 1466 3268 septimum
1502 3216 1533 3261 a
1573 3201 1767 3255 Domni
1809 3201 2032 3257 ordina-

456 3284 606 3362 tione
632 3302 647 3350 ;
676 3285 963 3341 ordinatus
989 3293 1073 3341 est
1098 3286 1266 3357 igitur
1290 3289 1531 3343 Domnus
1557 3305 1700 3343 anno
1728 3291 1852 3344 441.

526 3374 591 3429 V.
627 3375 707 3428 Ex
745 3375 832 3430 his
865 3384 1096 3440 constat,
1134 3378 1418 3448 epistolam
1459 3379 1524 3432 ad
1561 3380 1921 3448 Apellionem,
1961 3381 2029 3438 de

455 3478 564 3534 qua
604 3479 755 3518 nunc
794 3464 995 3534 agitur,
1028 3467 1283 3535 scriptam
1317 3482 1456 3531 esse,
1490 3467 1631 3521 sicut
1668 3476 1726 3523 et
1762 3468 1895 3524 alias
1934 3485 2029 3525 se:

454 3562 769 3624 sequentes,
800 3552 946 3610 anno
976 3557 1100 3611 442.
1135 3556 1337 3613 Omnes
1376 3559 1522 3613 enim
1575 3574 1682 3613 una
1722 3558 1862 3614 datae
1901 3570 2030 3615 sunt

456 3645 663 3701 infelici
694 3645 895 3715 1:05pm
921 3630 1166 3707 abeunti.

527 3738 613 3799 Vl,
650 3737 784 3805 Quis
814 3739 912 3815 ille
937 3739 1101 3795 fuerit
1128 3740 1355 3810 Apellio,
1379 3740 1610 3797 deﬁnire
1631 3757 1739 3797 non
1766 3757 2024 3815 possum»:

458 3830 560 3888 fuit
601 3831 742 3887 forte
801 3831 1053 3887 eruditus
1091 3833 1287 3903 aliquis
1324 3843 1624 3906 potensque
1657 3836 1763 3902 vir,
1791 3845 1885 3891 aut
1917 3837 2031 3892 An-

436 3922 690 3988 .tioehize,
722 3933 817 3978 aut
852 3924 1057 3980 Beroeae
1094 3924 1366 3982 habitans.

446 4011 695 4083 .Epistula
732 4013 830 4080 50,
879 4015 950 4067 ad
988 4015 1203 4070 Aeriam
1251 4019 1538 4088 sophistam
1574 4019 2023 4073 commendatitia.

512 4101 565 4156 οἰ.
598 4102 863 4173 Ejusdem
908 4103 1175 4173 temporis
1215 4114 1271 4160 et
1312 4105 1615 4176 argumenti
1659 4120 1784 4159 cum
1822 4118 2025 4173 praece-

454 4190 639 4262 dente,
668 4193 740 4248 ad
776 4193 925 4248 hunc
950 4193 1176 4250 Aerium
1204 4206 1290 4254 est
1316 4198 1548 4268 epistola
1576 4197 1664 4261 66,
1691 4212 1796 4266 qua
1827 4195 2022 4249 invita-

456 4296 545 4340 tur
565 4284 631 4345 ad
654 4286 892 4341 encrenia
915 4287 1102 4357 templi
1118 4290 1491 4359 apostolorum
1512 4288 1638 4361 Cyri
1663 4287 2021 4343 celebranda:
2058 4300 2100 4354 ι)

454 4394 574 4449 qua:
600 4392 685 4432 me
712 4394 802 4434 res
831 4387 1037 4446 monet,
1075 4389 1136 4435 ut
1171 4381 1457 4453 conjiciam
1486 4381 1653 4437 fuisse
1682 4381 1860 4435 virum
1889 4397 2025 4449 quo.

452 4484 559 4540 que
578 4469 855 4525 eruditum
870 4470 1073 4536 ,civem
1098 4471 1301 4527 Bercete
1321 4472 1510 4543 paucis
1536 4471 1861 4527 milliarihus
1883 4471 2023 4543 Cyro

452 4558 721 4615 distantis.

522 4651 586 4704 ll.
623 4651 909 4722 Templum
936 4668 1103 4722 porro
1126 4651 1518 4720 apostolorum,
1542 4649 1608 4703 de
1634 4664 1744 4718 quo
1780 4647 1840 4703 ﬁt
1868 4663 2022 4702 men-

455 4742 551 4808 tio,
597 4743 817 4799 videtur
861 4744 1010 4798 aliud
1059 4743 1128 4796 ab
1181 4757 1268 4805 eo,
1311 4740 1458 4811 quod
1508 4737 1771 4795 suadente
1819 4739 2024 4795 Iacobo

453 4832 832 4891 Theodoretus
855 4833 1141 4897 exstruxit,
1165 4841 1221 4886 et
1246 4832 1303 4886 in
1328 4845 1437 4900 quo
1461 4828 1742 4898 depositus
1767 4837 1852 4885 est
1876 4845 2026 4884 com—

453 4926 604 4981 muni
636 4941 758 4981 cum
790 4925 995 4982 Jacobo
1029 4923 1300 4993 sepulcro.
1333 4920 1467 4977 Vide
1492 4927 1657 4990 caput
1681 4920 1745 4975 2i
1776 4920 2024 4976 Historia:

454 5014 728 5085 religiose.

456 5103 696 5173 Epistula
732 5103 821 5165 5f,
860 5099 1305 5173 commendatitiag
1333 5099 1402 5152 ad
1438 5098 1698 5154 Domuum
1740 5100 2020 5156 Antioche-

973 5168 1192 5221 cheuum
1225 5170 1540 5242 episcopum.

523 5260 778 5331 Ejusdem
824 5267 881 5312 et
924 5258 1231 5328 argumenti
1277 5269 1332 5314 et
1382 5260 1660 5330 temporis.
1699 5261 1776 5316 De
1813 5261 2024 5327 Domno

454 5350 659 5405 dictu":
681 5348 814 5403 satis
847 5348 901 5401 in
926 5348 1043 5403 Vita
1075 5347 1427 5406 Theodoreti.

2138 1750 2377 1806 civitatis
2426 1752 2660 1823 alicujus
2706 1760 2800 1807 aut
2859 1761 3064 1808 tractus
3112 1755 3358 1818 alterius,
3398 1769 3497 1824 per
3544 1770 3708 1823 quem

2135 1842 2470 1898 Celestiacus
2504 1845 2801 1899 transiret?

2136 1955 2375 2027 Epistula
2410 1956 2499 2024 54,
2539 1959 2963 2013 commendatitia
3008 1960 3078 2014 ad
3112 1959 3403 2015 Patricium
3447 1961 3707 2014 comitem.

2204 2070 2408 2124 Iterum
2446 2072 2690 2141 ejusdem
2727 2074 3034 2144 argumenti
3066 2083 3119 2129 et
3155 2075 3434 2145 temporis.
3464 2074 3626 2141 Quid,
3662 2075 3707 2131 si

2134 2159 2404 2215 Patricius
2441 2161 2531 2217 ille
2574 2178 2757 2218 comes
2799 2164 2966 2219 fuerit
3003 2165 3297 2234 provincia:
3330 2166 3580 2237 alicujus,
3606 2183 3706 2236 per

2134 2266 2295 2319 quam
2323 2252 2715 2306 transeundum
2746 2262 2865 2308 erat
2900 2253 3201 2310 Celestiaco
3224 2255 3425 2327 Tyrum
3462 2255 3708 2325 petenti?

2135 2338 2548 2395 Transeundum
2590 2351 2738 2398 certe
2778 2343 2881 2397 fuit
2919 2360 3016 2414 per
3054 2354 3342 2415 utramque
3371 2346 3706 2401 Phcenieiam

2132 2439 2188 2484 et
2217 2430 2427 2502 Syriam
2462 2433 2692 2501 primam
2739 2450 2752 2486 :
2802 2450 2927 2488 nam
2977 2434 3031 2488 in
3078 2435 3233 2506 Syria
3277 2436 3450 2506 prima
3486 2438 3707 2493 fuerunt

2130 2520 2419 2575 Antiochia
2456 2530 2516 2575 et
2557 2522 2776 2590 Berma;
2830 2524 2884 2578 in
2918 2524 3198 2581 Phcenicia
3232 2526 3446 2591 Libani,
3477 2530 3703 2598 Emesa;

2132 2608 2189 2662 in
2219 2611 2478 2666 extremis
2509 2612 2709 2668 finibus
2739 2615 2965 2670 alterius
2994 2617 3287 2673 Phoenicim
3316 2620 3512 2691 Tyrus.

2238 2720 2476 2791 Epistula
2507 2723 2595 2788 55,
2633 2727 3059 2808 commendatitia
3095 2730 3164 2783 ad
3193 2732 3455 2788 Irenamm
3483 2735 3605 2791 Τυνὶ

2749 2813 3067 2868 episcopum.

2200 2904 2276 2958 De
2324 2896 2588 2976 tempore,
2625 2919 2944 2979 argumento
2992 2919 3047 2964 et
3091 2928 3324 2982 persona
3370 2925 3605 2974 constat.
3646 2919 3705 2975 1d

2131 3012 2300 3051 unum
2321 2997 2747 3066 observandum,
2768 3002 3029 3059 lrentcum
3053 3016 3179 3062 ante
3200 3023 3403 3062 annum
3420 3010 3524 3065 442
3539 3010 3707 3068 fuisse

2130 3085 2443 3142 ordinatum
2471 3108 2483 3141 :
2507 3089 2604 3144 sed
2629 3105 2740 3160 quo
2759 3091 2985 3149 definite
3013 3096 3300 3167 tempore?

2131 3195 2370 3268 Epistula
2403 3199 2492 3266 56,
2524 3203 2950 3289 commendatitia
2980 3206 3051 3260 ad
3077 3207 3459 3279 Pompeianum
3490 3211 3706 3269 Emesa-

2695 3290 2823 3328 num
2860 3293 3175 3348 episcopum.

2199 3381 2241 3435 1.
2278 3381 2541 3438 Eumdem
2577 3383 2938 3442 Celestiacum
2981 3389 3313 3460 Pompeiano
3354 3397 3704 3454 commendat

2129 3472 2322 3527 eodem
2358 3484 2621 3544 tempore.

2201 3564 2265 3619 11.
2310 3564 2586 3628 Successit
2627 3567 2990 3638 Pompeianus
3033 3573 3235 3639 Paulo,
3284 3578 3379 3645 qui
3423 3579 3702 3650 negotium

2129 3654 2279 3725 pacis
2318 3655 2462 3710 inter
2492 3656 2764 3713 Ecclesias
2802 3663 3033 3733 peregit.
3073 3666 3313 3721 Decessit
3352 3669 3573 3737 Uranio,
3606 3674 3702 3742 qui

2129 3747 2361 3801 concilio
2394 3746 2824 3806 Chalcedonensi
2862 3753 3111 3809 interfuit
3145 3773 3289 3813 anno
3328 3760 3450 3825 451,
3483 3769 3539 3817 et
3572 3762 3703 3820 sub-

2129 3838 2348 3908 scripsit
2372 3841 2685 3911 synodieam
2704 3844 2998 3901 Phoeniciae
3019 3847 3344 3905 Libanitidis
3367 3852 3435 3907 ad
3460 3853 3699 3910 Leonem

2129 3931 2510 4000 imperatorem
2541 3950 2685 3989 anno
2711 3937 2835 3991 458.

2162 4042 2404 4113 Epistula
2438 4045 2525 4111 57,
2556 4025 2877 4102 salutaturia
2920 4049 2989 4103 ad
3022 4049 3335 4107 Sallustium
3364 4056 3658 4125 prwsidem.

2196 4155 2417 4210 Nullum
2465 4157 2630 4213 habet
2666 4160 3039 4218 characterem
3078 4166 3359 4235 temporis.
3408 4166 3697 4224 Sallustius

2129 4245 2230 4300 fuit
2267 4262 2469 4316 praeses
2503 4248 2901 4318 Euphratensis
2947 4255 3275 4322 provincite,
3317 4258 3414 4313 sed
3457 4260 3696 4315 nondum

2128 4336 2490 4406 Christianus,
2523 4348 2584 4394 ut
2613 4357 2679 4395 ex
2705 4342 2935 4411 epistola
2967 4344 3313 4416 intelligitur.

2544 4453 2787 4524 Epistula
2822 4454 2910 4519 58,
2939 4457 3276 4513 heortastica.

2199 4560 2430 4615 Videtur
2461 4564 2607 4630 data,
2633 4581 2743 4636 quo
2774 4575 3015 4638 tempore
3042 4570 3421 4630 Theodoretus
3450 4578 3695 4633 contine-

2131 4649 2292 4704 batur
2336 4651 2632 4724 Cyresticis
2679 4655 2897 4714 ﬁnibus.
2950 4660 3265 4717 Paschalem
3308 4681 3366 4720 se
3415 4669 3697 4725 manifeste

2130 4741 2331 4809 prodit.

2540 4836 2783 4908 Epistula
2819 4838 2908 4904 59,
2941 4841 3275 4899 heortastica.

2205 4944 2406 5000 Eodem
2437 4957 2680 5019 tempore
2706 4958 2762 5004 et
2782 4950 2838 5005 in
2867 4952 3057 5007 eodem
3087 4954 3227 5011 festo
3256 4958 3400 5014 data.

2166 5058 2405 5130 Epistula
2442 5062 2531 5128 40,
2567 5039 2883 5118 Ιιρονιαειὶεα
2920 5066 2991 5118 ad
3030 5067 3353 5126 Theodorum
3390 5075 3665 5132 vicarium.

2198 5172 2404 5228 Eodem
2451 5184 2508 5230 et
2550 5190 2695 5230 amio
2738 5184 2794 5230 et
2836 5175 2974 5232 festo
3020 5181 3221 5251 scripta
3258 5191 3363 5250 est,
3402 5201 3469 5243 ac
3505 5204 3702 5258 praece-

2128 5263 2320 5319 dentes
2364 5263 2503 5320 duae.
2557 5264 2884 5320 Theodorus
2933 5267 3137 5325 dicitur
3176 5274 3398 5342 quidem
3442 5279 3700 5346 vicarius,

2131 5352 2228 5408 sed
2267 5356 2423 5425 cujus
2460 5353 2795 5411 dicaceseos?
2823 5354 3021 5414 Annon
3055 5361 3287 5428 Asiana,
3319 5380 3443 5434 quae
3480 5368 3702 5438 propius

1806 5464 2120 5521 SCHULZII
2160 5466 2391 5525 NOTAE.

526 5577 570 5608 ⁸⁸
604 5576 722 5632 Vid.
762 5589 875 5634 not.
897 5581 964 5636 ad
988 5581 1154 5653 epist.
1173 5582 1260 5638 75.
1339 5583 1379 5615 ⁶¹
1408 5576 1648 5649 Epistula
1687 5591 1772 5637 est
1800 5583 1885 5636 75.
