3952 6294
264 211 369 278 269

1427 211 1523 269 DE
1565 211 1815 269 LIBRIS
1852 208 2358 270 THEODORETI.

3412 209 3516 270 270

261 328 417 382 abest
461 325 530 378 ab
574 325 978 394 Euphratesia?
1029 323 1234 378 Deinde
1285 341 1468 380 annon
1519 323 1842 378 Theodorus
1879 337 1912 384 Α
1947 322 2257 376 accensitus
2301 323 2524 378 circiter
2569 337 2770 376 annum
2815 321 2945 383 445,
2989 318 3146 389 321
3197 336 3359 389 quam
3413 321 3516 389 ipsi

261 417 350 471 illc
384 425 486 472 est.
520 416 613 484 qui
655 427 709 469 et
755 414 1132 484 prmfecturam
1174 415 1331 469 urbis
1373 415 1535 486 regiae
1569 416 1756 485 gessit,
1788 423 1842 466 ct

261 523 408 560 unus.
432 507 535 560 fuit
567 524 595 561 e
621 507 902 577 judicibus
927 505 1090 576 320
1113 505 1181 560 ab
1210 505 1539 576 imperatore
1569 506 1749 559 missis
1774 505 1838 558 ad

259 598 556 653 concilium
578 598 1060 652 Chalcedonense?
1081 597 1138 651 Id
1162 613 1272 650 non
1297 607 1501 652 temere
1523 598 1648 668 quis
1669 596 1843 664 suspi-

260 703 414 745 catus
472 693 669 754 fuerit,
725 689 819 760 qui
883 689 1288 753 observaverit,
1339 690 1582 743 delectos
1632 687 1844 759 judiccs

261 799 456 854 magna
486 799 550 836 ex
577 791 730 852 parte
755 781 1088 836 Theodoreti
1114 781 1390 835 studiosos
1419 780 1605 834 fuisse.

437 894 681 965 Epistola
716 895 804 956 4i,
836 894 1153 946 hcortastica
1189 893 1257 944 ad
1289 890 1664 946 Claudianum.

324 1008 365 1063 1.
403 1007 524 1062 Non
550 1007 781 1060 obseura
810 1013 892 1058 est
923 1003 1183 1072 temporis
1212 1011 1360 1065 nota,
1391 1003 1661 1072 siquidem
1694 1019 1844 1057 men-

262 1099 337 1155 tio
372 1098 434 1152 ﬁt
468 1097 705 1167 ingentis
747 1105 908 1150 terrae
942 1101 1144 1159 motus,
1182 1105 1236 1149 et
1262 1093 1682 1164 irrumpentium
1716 1094 1845 1147 bar-

259 1189 519 1244 barorum
558 1204 570 1238 :
604 1195 899 1254 utrumque
945 1199 1076 1237 vero
1121 1183 1351 1252 contigit
1392 1199 1534 1237 anno
1575 1183 1699 1248 447,
1733 1199 1843 1252 quo

260 1296 405 1335 anno
438 1288 586 1333 totus
619 1278 732 1332 fere
766 1276 918 1329 orbis
950 1282 1106 1327 terra:
1145 1282 1296 1327 motu
1331 1289 1630 1328 concussus
1659 1285 1761 1338 est,
1789 1283 1844 1327 et

260 1373 461 1425 multas
498 1368 665 1423 Attila
707 1367 950 1423 Orientis
997 1367 1309 1437 provincias
1345 1365 1599 1428 vastavit,
1635 1366 1842 1435 coegit-

261 1479 366 1532 que
400 1459 772 1515 Thcodosium
812 1458 1200 1526 imperatorem
1238 1458 1444 1513 tributo
1477 1466 1666 1528 pacem
1702 1457 1844 1511 redi-

262 1568 428 1606 mcrc.
461 1549 672 1618 Scripta
703 1547 868 1618 igitur
892 1546 1042 1601 credi
1069 1554 1251 1616 potest
1276 1556 1400 1616 post
1431 1548 1575 1602 diem
1608 1547 1841 1601 natalem

259 1642 464 1698 Christi
493 1655 636 1694 anno
665 1641 785 1694 447.

329 1735 396 1789 II.
433 1735 548 1788 [loc
587 1748 730 1786 anno
761 1732 988 1786 Proclus
1016 1731 1152 1785 obiit
1182 1729 1271 1785 die
1299 1731 1370 1785 24
1395 1729 1841 1798 0ctobris,-post-

259 1842 423 1896 quam
457 1824 792 1878 interfuisset
818 1822 1092 1892 stupendo
1118 1822 1406 1885 miraculo,
1436 1820 1580 1891 quod
1611 1819 1841 1890 Trisagii

260 1917 610 1988 postmodum
641 1915 968 1970 decantandi
999 1929 1216 1968 causam
1250 1914 1397 1967 fecit.

326 2009 414 2063 111.
471 2007 644 2073 Quem
693 2004 1056 2059 Claudianum
1087 2005 1129 2034 δ’
1177 2004 1500 2072 inscriptum
1544 1999 1846 2072 praeferunt

259 2116 391 2155 mss.
428 2099 650 2155 codices
691 2106 853 2166 atquc
894 2096 1066 2151 editio
1108 2095 1408 2159 Sirmondi,
1453 2094 1842 2148 Sallustianum

259 2200 415 2246 vocat
442 2190 712 2244 Baronius
749 2190 814 2242 ad
847 2205 1050 2242 annum
1080 2189 1200 2251 446,
1227 2203 1336 2256 quo
1364 2202 1509 2240 anno
1551 2185 1843 2254 contigisse

257 2287 518 2355 opinatur
544 2283 821 2351 ingentem
854 2281 1006 2333 illum
1042 2290 1273 2342 motum,
1305 2278 1545 2347 citatquc
1573 2276 1843 2330 Marcelli-

256 2393 391 2432 num
432 2383 651 2439 testem,
686 2373 780 2442 qui
827 2370 1167 2426 contrarium
1214 2370 1383 2423 tradit
1419 2387 1430 2421 :
1467 2384 1592 2422 nam
1636 2376 1844 2421 motum

258 2477 419 2522 terrze
465 2473 736 2517 memorat
782 2461 849 2516 ad
899 2460 1013 2514 ind.
1054 2460 1142 2523 15,
1179 2458 1470 2512 Ardabane
1508 2465 1564 2512 et
1603 2455 1846 2525 Callepio

256 2554 600 2610 consulibus.

259 2663 509 2737 Epistola
566 2662 671 2726 42,
729 2661 1090 2737 deprecatpria
1147 2662 1216 2716 ad
1273 2659 1639 2716 Constantium
1707 2673 1846 2728 prae-

955 2734 1168 2802 fectum.

327 2851 369 2903 I.
406 2849 555 2904 Idem
605 2855 691 2902 est
733 2848 899 2917 hujus
939 2847 1186 2915 epistola:
1227 2861 1292 2900 ac
1331 2845 1564 2898 aliarum
1603 2841 1847 2912 quinque

255 2940 718 3009 consequentium
762 2943 1146 3007 argumentum
1173 2938 1188 2954 ⁶
1219 2935 1287 2989 de
1329 2932 1640 2989 relevandis
1680 2931 1846 3002 Cyre-

257 3033 409 3088 stica:
433 3030 728 3100 provincia:
756 3028 995 3083 tributis.

323 3125 392 3179 ll.
436 3123 652 3177 Habent
683 3136 813 3175 vero
840 3135 1034 3174 omnes
1067 3118 1429 3172 indubitatam
1461 3117 1588 3171 anni
1617 3125 1801 3172 notam
1830 3133 1842 3169 :

258 3215 480 3283 scripta:
516 3220 645 3265 sunt
675 3211 822 3264 enim
863 3226 1007 3264 anno
1041 3210 1167 3271 446,
1200 3216 1322 3277 post
1362 3209 1756 3278 promulgatam
1791 3215 1848 3260 et

257 3302 602 3357 exsccutioni
647 3301 954 3354 mandatam
1000 3297 1292 3351 Theodosii
1340 3298 1608 3350 novellam
1655 3297 1742 3361 55,
1784 3297 1847 3348 de

259 3396 527 3456 releuatis,
567 3393 840 3455 ada’ratis,
881 3389 962 3444 vel
1013 3391 1219 3443 donatis
1262 3388 1684 3460 possessionibus,
1726 3405 1848 3457 qua:

259 3489 382 3542 data
419 3496 502 3540 cst
536 3481 1012 3551 Constantinopoli
1056 3481 1089 3534 5
1126 3481 1254 3535 Idus
1299 3479 1636 3538 Decembris,
1669 3479 1847 3533 Theo-

257 3582 416 3636 dosio
450 3581 589 3648 Aug.
624 3594 732 3639 sis,
761 3583 816 3629 et
840 3574 1039 3628 Albino
1065 3587 1232 3636 coss.,
1259 3571 1312 3624 id
1339 3580 1423 3625 est
1449 3584 1593 3623 anno
1616 3569 1739 3623 445.

324 3673 419 3727 111.
456 3668 833 3731 Constantius,
879 3666 968 3720 cui
1009 3664 1292 3726 scribitur,
1335 3662 1381 3716 is
1423 3662 1538 3732 ipse
1584 3669 1688 3725 est,
1737 3677 1846 3730 quo

257 3779 487 3835 operam
531 3761 728 3821 dante,
779 3758 1050 3827 collapsos
1090 3764 1250 3810 terra:
1298 3763 1447 3807 motu
1492 3753 1644 3807 urbis
1686 3752 1847 3822 regia:

258 3871 451 3911 muros
498 3854 638 3906 intra
682 3860 792 3905 tres
839 3863 1054 3903 menses
1100 3846 1459 3902 remdilicatos
1500 3845 1846 3900 Marcellinus

259 3948 452 4002 tradit.
485 3944 607 3997 Fuit
638 3943 803 3996 etiam
843 3955 987 3993 unus
1012 3953 1079 3992 ex
1106 3937 1388 4008 judicibus
1424 3935 1606 3990 missis
1639 3935 1707 3989 ab
1746 3936 1848 3988 im-

235 4047 514 4106 -.peratnre
567 4033 840 4085 Marciano
888 4029 954 4083 ad
1002 4028 1301 4083 concilium
1349 4025 1842 4080 Chalcedonense:

257 4143 382 4184 nam
427 4127 485 4180 in
516 4125 665 4179 Actis
701 4141 799 4194 pro
829 4121 1193 4177 Constantino
1218 4118 1571 4175 Constantius
1605 4118 1708 4188 legi
1749 4118 1846 4172 de-

257 4219 381 4279 bet.
439 4225 500 4270 ut
541 4217 672 4270 Acta
727 4214 844 4284 ipsa
899 4213 1034 4267 satis
1081 4211 1399 4275 ostendunt,
1447 4218 1503 4263 et
1536 4225 1603 4263 ex
1644 4208 1847 4263 Codice

259 4309 652 4367 Theodosiano
686 4306 1029 4375 intelligitur.

258 4423 506 4495 Epistola
538 4424 627 4486 45,
655 4421 1015 4491 deprecatoria
1047 4418 1116 4472 ad
1149 4416 1488 4471 Pulcheriam
1529 4414 1844 4484 Augustam.

329 4537 542 4594 Eodem
577 4544 845 4604 tempore,
872 4530 1062 4586 eadem
1091 4530 1159 4584 de
1186 4544 1265 4583 re.
1293 4528 1368 4582 De
1390 4525 1680 4583 Pulcheria
1707 4523 1848 4578 nihil

261 4629 353 4684 hic
402 4625 844 4687 observandum,
890 4622 996 4677 nisi
1049 4621 1198 4691 quod
1242 4618 1587 4672 Theodorcto
1631 4632 1850 4686 semper

261 4717 418 4782 favit,
451 4715 670 4786 quoties
712 4713 892 4784 potuit
923 4728 936 4763 :
971 4727 1083 4766 non
1114 4708 1295 4780 potuit
1321 4722 1478 4771 vero,
1516 4722 1641 4762 cum
1681 4707 1851 4776 depo-

263 4810 406 4864 situs
431 4816 518 4862 est
549 4807 602 4860 in
635 4803 943 4859 latrocinali
981 4801 1250 4865 concilio;
1282 4813 1406 4854 nam
1437 4799 1649 4853 artibus
1677 4797 1851 4868 Chry-

261 4900 441 4970 saphii
491 4897 736 4953 eunuchi
779 4895 959 4950 fuerat
1003 4909 1035 4949 a
1081 4894 1248 4947 rebus
1293 4890 1550 4962 gerendis
1587 4897 1845 4944 remota:

259 4991 357 5046 sed
387 4990 485 5045 ubi
515 4989 774 5058 primum,
806 4985 1067 5040 defuncto
1095 4983 1285 5045 fratre.
1307 4981 1609 5050 resumpsit
1632 4979 1848 5049 imperii

261 5081 532 5142 habenas,
562 5078 872 5147 depositum
899 5076 1118 5131 restitui
1148 5073 1344 5128 voluit.

255 5193 508 5266 Epistula
543 5193 645 5258 44,
692 5192 1055 5263 deprecatoria
1101 5190 1171 5243 ad
1201 5188 1509 5244 Senatorem
1544 5186 1847 5258 patricium.

328 5307 544 5361 Eodem
575 5314 821 5374 tempore
849 5313 907 5359 et
939 5309 1282 5374 argumento.
1319 5300 1446 5355 Fuit
1468 5315 1600 5354 vero
1619 5298 1852 5353 Senator

259 5395 455 5450 consul
490 5410 617 5449 cum
644 5394 854 5448 Isidoro
883 5407 1027 5447 anno
1058 5392 1181 5454 4'56,
1216 5391 1318 5444 fuit
1345 5397 1402 5443 et
1427 5389 1570 5443 inter
1593 5387 1852 5458 patricios

1947 413 2267 482 dignitatem
2309 416 2611 484 gratulatur
2654 413 2811 468 initio
2849 412 3091 482 cpistolre
3120 411 3515 465 Theodoretus.

1946 503 2198 558 Interfuit
2244 506 2477 560 concilio
2521 505 2974 568 Chalcedonensi,
3017 519 3138 557 cum
3186 509 3331 555 esset
3379 501 3519 555 unus

1945 608 2007 645 cx
2039 595 2448 664 gloriosissimis
2472 597 2769 667 judicibus.

1947 703 2187 774 Epistola
2233 708 2320 766 43,
2367 707 2731 778 deprecatoria
2767 708 2836 760 ad
2876 705 3176 760 Anatolium
3215 705 3514 774 patricium.

2018 819 2222 873 Eodem
2258 819 2466 890 pariter
2495 828 2552 873 ct
2587 828 2829 889 tempore
2868 827 2924 874 et
2962 827 3302 889 argumento.
3342 817 3521 873 Gessit

1945 915 2289 967 consulatum
2318 913 2606 969 Anatolius
2639 929 2785 968 anno
2822 912 2944 967 440.
2994 913 3118 967 Fuit
3159 919 3217 966 et
3261 913 3521 980 magister

1946 1002 2202 1066 militum,
2247 1017 2356 1072 quo
2406 1012 2651 1072 tempore
2687 1001 2754 1056 de
2792 1001 3058 1057 Orientali
3108 1000 3335 1055 dimcesi
3381 999 3521 1053 bene

1946 1094 2176 1147 meritus
2203 1102 2306 1157 est,
2339 1102 2401 1148 ut
2439 1094 2819 1149 Theodorctus
2859 1094 3058 1148 innuit.
3088 1093 3306 1147 Primus
3335 1106 3525 1146 cense-

1947 1195 2037 1240 tur
2073 1187 2214 1240 intcr
2233 1185 2450 1257 judices
2489 1187 2707 1242 concilii
2739 1186 3224 1242 Chalcedonensis.
3266 1183 3522 1238 Nestorio

1945 1277 2080 1330 favit
2112 1286 2236 1331 ante
2269 1278 2559 1331 concilium
2590 1279 2948 1347 Epliesinum.

1947 1391 2184 1462 Epistola
2211 1392 2280 1445 46
2317 1392 2744 1445 commendatilia
2788 1391 2858 1444 ad
2889 1390 3106 1443 Petrum
3131 1388 3520 1442 scholasticam.

2014 1503 2271 1573 Ejusdem
2325 1503 2590 1572 temporis
2652 1519 2716 1558 ac
2765 1505 3093 1573 argumenti.
3144 1502 3374 1558 Videtur
3430 1501 3524 1555 ille

1945 1595 2139 1666 Petrus
2163 1594 2468 1663 suscepisse
2492 1611 2709 1649 causam
2735 1594 3029 1666 Cyrcsticaa
3059 1594 3298 1664 regionis
3326 1592 3524 1647 adver-

1874 1671 1916 1725 Β
1945 1664 2040 1743 sus
2061 1690 2468 1744 deuuntiatoris
2496 1690 2738 1759 episcopi
2779 1689 3105 1743 calumnias.

1946 1802 2192 1873 Epistola
2220 1805 2309 1869 47,
2357 1805 2720 1874 rleprrcaloria
2755 1803 2823 1857 ad
2857 1803 3105 1856 Proclum
3148 1800 3523 1856 Constantino-

2404 1874 2704 1943 politanum
2739 1876 3059 1944 episcopum.

2015 1990 2223 2045 Eodem
2257 1999 2523 2059 tempore,
2555 1989 2745 2044 eadem
2783 1989 2850 2042 de
2881 2004 2958 2041 re.
2993 1985 3173 2040 Procli
3203 1998 3403 2039 nomen
3431 1995 3524 2035 ce-

1945 2081 2155 2136 lebriu's
2187 2090 2292 2147 est,
2331 2098 2493 2151 quam
2529 2090 2589 2135 ut
2617 2090 2774 2152 egeat
2799 2080 2976 2150 elogio
3008 2086 3220 2133 nostro.

2050 2194 2295 2264 Epistola
2333 2195 2422 2260 48,
2451 2195 2736 2276 familiaris
2767 2195 2837 2247 ad
2873 2193 3208 2249 Eustathium
3245 2189 3420 2259 Beryti

2576 2281 2892 2334 episcopum.

2017 2378 2058 2432 1.
2097 2378 2260 2432 Deest
2295 2378 2584 2432 character
2618 2376 2902 2446 temporis,
2947 2376 3064 2430 sine
3105 2389 3300 2444 magna
3344 2379 3522 2426 tamen

1942 2469 2178 2538 jactura,
2209 2483 2333 2521 cum
2374 2468 2444 2522 sit
2471 2468 2705 2537 epistola
2737 2483 2874 2537 pure
2911 2465 3217 2521 familiaris.

2019 2557 2082 2610 II.
2126 2557 2253 2611 Fuit
2278 2557 2600 2612 Eustathius
2627 2558 2719 2613 ille
2749 2558 2928 2628 Beryti
2952 2558 3262 2626 episcopus,
3293 2558 3524 2615 celebris

1947 2648 2210 2711 nominis,
2238 2649 2437 2717 partim
2467 2649 2538 2703 ob
2565 2658 2858 2719 utrumque
2880 2649 2949 2705 de
2979 2649 3072 2702 Iba
3091 2650 3382 2719 judicium,
3409 2650 3525 2705 sive

1947 2738 2096 2809 quod
2118 2738 2271 2810 Tyri,
2310 2740 2426 2794 sive
2451 2740 2596 2809 quod
2629 2740 2812 2811 Beryti
2844 2739 3146 2794 exercitum
3175 2749 3290 2806 est;
3328 2742 3524 2810 partim

1947 2839 2173 2901 pr0pter
2214 2832 2645 2886 controversiam
2695 2848 2820 2886 cum
2863 2833 3057 2886 Photio
3098 2832 3222 2903 Tyri
3269 2835 3522 2902 praisule,

1949 2921 2017 2977 de
2043 2923 2360 2976 civitatibus
2394 2931 2624 2991 septem,
2677 2922 2732 2976 in
2769 2924 2973 2992 quibus
3020 2932 3374 2992 arrogaverat
3417 2926 3523 2981 sibi

1874 3011 1913 3064 (ἶ
1949 3012 2040 3082 jus
2068 3013 2385 3077 ordinandi,
2429 3013 2653 3066 obtenta
2685 3021 2877 3066 contra
2913 3027 3153 3066 canones
3183 3013 3250 3068 ab
3282 3013 3521 3083 impera-

1950 3113 2068 3158 tore
2095 3105 2499 3174 metropolitica
2521 3105 2782 3174 dignitate
2808 3122 2822 3170 ;
2846 3104 2941 3158 sed
2965 3105 3079 3157 haec
3106 3104 3206 3172 ipsi
3234 3119 3264 3157 a
3287 3106 3523 3160 concilio

1947 3196 2376 3252 Chalcedonensi
2410 3197 2669 3266 abrogata
2709 3205 2806 3251 est.

2020 3284 2109 3337 III.
2153 3283 2340 3346 Tunc,
2386 3285 2604 3352 opinor,
2654 3284 2878 3337 obtenta
2927 3292 3012 3339 est
3057 3285 3126 3339 ab
3170 3287 3521 3354 imperatore,

1948 3391 2111 3446 quam
2157 3373 2291 3439 dixi,
2326 3374 2580 3445 dignitas,
2623 3390 2748 3428 cum
2788 3375 3072 3444 depositus
3115 3386 3200 3432 est
3241 3378 3520 3433 Irenaeus:

1947 3484 2073 3522 nam
2103 3467 2232 3539 quia
2271 3468 2415 3521 inter
2443 3468 2632 3537 plures
2658 3465 3018 3537 depositionis
3048 3485 3241 3525 causas
3264 3471 3378 3524 haec
3405 3479 3526 3524 erat

1948 3561 2202 3623 maxima,
2243 3559 2388 3629 quod
2422 3559 2665 3614 animum
2705 3561 3053 3630 imperatoris
3085 3562 3319 3616 lrenmus
3348 3561 3526 3616 offen-

1948 3653 2142 3716 disset,
2188 3652 2290 3707 hac
2331 3651 2618 3706 occasione
2651 3652 2856 3707 abusus
2898 3653 3239 3713 Eustathius.
3287 3653 3416 3707 fecit
3466 3663 3526 3708 ut

1948 3743 2122 3813 prima
2158 3742 2438 3797 Phoenicia
2469 3743 2523 3795 in
2553 3742 2693 3796 duos
2729 3743 3105 3812 metropolitas
3133 3743 3477 3799 divideretur
3509 3763 3523 3798 :

1949 3849 2051 3888 nec
2082 3834 2331 3899 Photius,
2366 3833 2459 3902 qui
2508 3832 2697 3886 lrenaei
2727 3833 2908 3887 locum
2948 3834 3182 3903 accepit,
3226 3835 3526 3889 reclamare

1948 3940 2114 3979 ausus
2140 3935 2328 3989 est,ne
2358 3924 2706 3994 imperatoris
2743 3924 2880 3978 iram
2907 3924 2961 3978 in
2992 3940 3049 3979 se
3078 3941 3296 3994 quoque
3325 3941 3525 3995 provo-

1949 4024 2118 4070 caret.
2153 4017 2378 4080 Verum,
2416 4017 2651 4071 rescissa
2673 4016 3003 4070 Theodoreti
3037 4018 3338 4077 sanctione,
3372 4019 3527 4073 reda-

1949 4110 2069 4157 ctus
2115 4111 2199 4157 est
2239 4104 2562 4158 Eustathius
2616 4104 2668 4156 in
2724 4104 2975 4157 ordinem
3025 4124 3038 4156 :
3089 4121 3213 4158 nam
3251 4116 3373 4173 post
3418 4107 3516 4161 Do-

1950 4189 2204 4244 rotheum
2272 4190 2452 4243 Photii
2534 4203 2910 4242 successorem
2991 4197 3046 4241 et
3122 4191 3526 4258 metropolitam

1950 4275 2272 4346 subscripsit
2301 4277 2355 4330 in
2383 4275 2661 4348 synodicis
2690 4275 2982 4330 Pliceniciaa
3021 4277 3212 4346 prima:
3238 4277 3435 4334 litteris
3457 4281 3524 4335 ad

1878 4361 1921 4415 D
1951 4363 2184 4418 Leonem
2219 4365 2604 4434 imperatorem
2633 4379 2777 4417 anno
2801 4364 2924 4419 458.

2061 4477 2303 4546 Epistola
2329 4478 2417 4542 49,
2450 4477 2733 4560 familiaris
2760 4477 2829 4531 ad
2853 4477 3179 4532 Damianum
3209 4478 3420 4534 Sidonis

2602 4566 2918 4620 episcopum.

2023 4653 2186 4709 Deest
2221 4654 2324 4725 ipsi
2363 4656 2569 4725 pariter
2599 4657 2860 4726 temporis
2900 4665 3048 4712 nota.
3082 4659 3396 4724 Damianus,
3437 4660 3526 4715 cui

1954 4745 2234 4810 scribitur,
2286 4747 2538 4801 interfuit
2595 4749 2831 4803 concilio
2875 4749 3220 4805 Antiocheno
3268 4751 3324 4805 in
3364 4767 3526 4806 causa

1954 4835 2234 4891 Athanasii
2261 4838 2584 4894 Perrhensis
2607 4855 2749 4894 anno
2780 4841 2902 4904 445,
2929 4850 2985 4895 et
3005 4841 3058 4894 in
3093 4840 3526 4898 Chalcedonensi

1955 4945 2099 4983 anno
2149 4931 2273 4984 45-l.
2304 4931 2424 4984 Non
2479 4931 2572 4984 diu
2631 4940 2812 4986 tamen
2871 4932 3142 5001 superfuit
3193 4951 3206 4987 :
3255 4934 3526 5003 siquidem

1955 5021 2230 5091 synodicis
2248 5021 2541 5076 Pliceniciae
2563 5023 2754 5092 primae
2778 5023 2845 5076 ad
2874 5023 3256 5092 imperatorem
3286 5025 3525 5081 Leonem

1954 5112 2096 5166 datis
2116 5113 2294 5183 Megas
2315 5113 2534 5168 Sidonis
2561 5114 2852 5184 episcopus
2879 5115 3203 5185 subscripsit
3231 5132 3377 5171 anno
3402 5119 3527 5173 458.

1991 5225 2008 5244 ⁶
2047 5225 2288 5296 Epistola
2317 5227 2403 5290 50,
2435 5227 2717 5298 familiaris
2749 5229 2818 5281 ad
2847 5228 3152 5285 Gerontium
3183 5231 3488 5286 archiman-

2626 5297 2841 5352 dritam.

2027 5388 2189 5442 Deest
2223 5389 2484 5458 temporis
2519 5397 2679 5453 nota;
2718 5389 2936 5445 videtur
2973 5398 3184 5457 tamen,
3218 5399 3278 5445 ut
3311 5399 3369 5446 et
3405 5391 3526 5446 alia;

1590 5500 1908 5558 SCHULZII
1950 5501 2183 5557 NOTAE.

331 5633 376 5664 “
401 5631 556 5687 Idem
590 5645 714 5684 esse
743 5629 975 5693 videtur,
1009 5628 1073 5682 ad
1103 5642 1266 5698 quem
1296 5626 1512 5695 scripta:
1541 5629 1669 5677 sunt
1693 5622 1934 5692 epistolze
1959 5622 2024 5677 59
2063 5631 2117 5676 ct
2146 5623 2234 5675 99.
