3952 6294
471 139 570 204 ΣΠ

1594 159 1971 223 GABNERII
2010 166 2497 228 DISSERTATIO
2533 172 2614 231 II.

3607 180 3713 242 272

448 252 688 322 priores
716 251 857 313 duae,
895 251 1021 309 data
1058 257 1376 328 priusquam
1407 261 1785 325 Thcoderetus
1808 281 2034 320 vexare-
2069 277 2108 328 Α
2139 269 2287 322 enim
2320 271 2495 326 Nemo
2541 275 2909 341 consulatum,
2960 277 3120 350 323
3156 295 3319 349 quem
3361 282 3531 352 gessit
3566 301 3712 341 anno

473 351 562 396 tur
588 360 600 396 :
632 343 882 413 alioquin
922 360 1031 400 non
1058 349 1348 414 omisisset,
1375 352 1566 405 saltem
1598 354 1759 423 322
1794 356 2035 425 oblique,

469 431 537 486 de
566 432 851 488 vexatione
884 435 1135 489 nonnihil
1159 437 1341 491 dicere
1377 456 1388 490 :
1421 441 1622 493 elenim
1655 444 1901 511 querulae
1937 444 2040 498 fuit

467 532 525 578 et
565 525 937 580 ostentatricis
977 526 1270 594 patientiae.
1306 528 1381 583 De
1408 528 1669 586 Gerontio
1705 535 1843 590 nihil
1886 551 2036 590 com-

467 616 609 683 perti
639 615 836 680 habeo,
879 616 984 670 nisi
1021 615 1159 671 forte
1186 618 1330 672 idem
1361 620 1432 675 sit
1464 637 1587 677 cum
1610 624 1872 683 Gerontio
1903 629 2035 682 sub-

466 704 949 774 diacone,‘dequo
985 704 1044 760 fit
1071 709 1279 762 mentio
1316 712 1476 781 epist.
1517 712 1602 769 10.

566 815 808 886 Epistola
837 815 924 882 52,
947 817 994 849 “
1018 821 1442 878 commendatitia
1460 826 1530 879 ad
1546 826 1697 882 Ibam
1719 828 1931 885 Edessa:

1091 893 1409 964 episcopum.

502 1004 568 1056 ‘l.
614 1002 827 1075 Scripta
870 1014 1117 1077 est‘post
1163 1023 1366 1063 annum
1407 1010 1530 1076 456,
1571 1026 1680 1081 quo
1725 1028 1870 1067 anno
1911 1014 2033 1070 lbas

457 1095 635 1149 factus
668 1107 753 1150 est
799 1098 1093 1168 episcopus
1135 1118 1146 1152 :
1191 1099 1302 1155 imo
1336 1109 1459 1171 post
1501 1118 1705 1158 annum
1748 1106 1873 1170 459,
1921 1122 2031 1176 quo

455 1194 613 1256 capta
647 1194 731 1241 est
763 1202 792 1241 a
821 1188 1082 1243 Vandalis
1120 1188 1412 1261 Carthago,
1460 1194 1746 1264 coactique
1785 1195 2027 1267 episcopi

452 1276 690 1330 Africani
724 1278 921 1345 partim
944 1276 1150 1349 fugere,
1173 1280 1371 1349 partim
1394 1281 1530 1336 dura
1558 1285 1671 1353 pati
1702 1302 1715 1338 :
1747 1300 2028 1341 commen-

452 1363 615 1419 datur
646 1365 794 1419 enim
825 1365 934 1419 Iba:
964 1365 1271 1437 Cyprianus
1295 1370 1606 1441 episcopus,
1661 1392 1680 1425 ε
1712 1375 1805 1444 qui
1842 1390 1906 1430 ex
1933 1391 2027 1431 ce-

448 1453 744 1508 leberrima
774 1446 935 1510 ortus
959 1455 1165 1522 Africa,
1196 1466 1412 1514 exteras
1445 1476 1569 1516 oras
1607 1464 1902 1520 circumire
1937 1481 2029 1521 co-

448 1543 701 1613 gebatur,
729 1552 953 1615 propter
975 1546 1372 1603 immanitatem
1407 1550 1790 1608 barbarorum.
1824 1572 1843 1605 ι

2141 360 2265 426 445,
2296 371 2358 416 ut
2382 373 2596 421 constat
2623 382 2691 421 ex
2725 368 2918 423 Fastis.

2210 452 2275 507 ll.
2308 454 2556 511 Meminit
2584 458 2967 515 Thcoderetus
3000 463 3404 533 congressionis
3436 480 3549 520 sua:
3587 482 3713 525 cum

2137 541 2331 607 Nomo,
2383 555 2439 599 et
2484 548 2680 613 morbi,
2734 565 2843 619 quo
2898 552 3200 608 exstinctus
3235 564 3321 609 est
3363 556 3713 613 beatissimus

2137 633 2362 702 quidam
2393 637 2478 690 vir
2522 654 2535 690 :
2576 640 2893 709 congressio
2934 641 3076 696 facta
3113 654 3220 709 est,
3268 644 3486 715 opinor,
3522 647 3713 703 Antio.

2136 725 2275 780 ebim
2319 744 2331 779 :
2373 729 2460 782 vir
2487 729 2577 784 ille
2601 730 2951 787 beatissimus
2989 733 3095 789 fuit
3135 735 3374 793 Joannes
3405 740 3712 796 Antiochiae

2135 817 2381 872 antistes.

2205 909 2293 963 lli.
2329 910 2539 967 Nemus
2585 923 2704 969 erat
2740 918 3000 989 magister
3039 919 3343 977 ofﬁciorum
3390 939 3536 978 anno
3582 927 3705 990 445,

2133 1013 2242 1068 quo
2277 1016 2421 1055 anno
2451 1002 2577 1058 data
2621 1006 2822 1076 legitur
2853 1025 2883 1063 a
2917 1009 3228 1067 Theodosio
3279 1013 3345 1067 ad
3381 1015 3560 1084 ipsum
3612 1033 3710 1073 no-

2132 1091 2274 1146 vella
2309 1092 2399 1158 5i,
2454 1094 2534 1149 De
2579 1098 2778 1152 ambitu
2815 1110 2864 1154 et
2913 1100 3037 1156 locis
3078 1102 3382 1170 limitancis,
3426 1116 3545 1173 etc.,
3583 1109 3709 1164 Fuit

2130 1180 2298 1236 etiam
2337 1198 2482 1239 unus
2519 1187 2586 1241 de
2630 1188 2908 1257 judicibus
2962 1193 3027 1246 ad
3079 1195 3373 1251 concilium
3408 1197 3709 1253 Chalcedo-

2130 1286 2298 1328 nense
2325 1276 2525 1342 missis,
2556 1279 2647 1332 ubi
2682 1283 2948 1337 Anastasii
2977 1288 3229 1354 querelas
3257 1297 3445 1344 contra
3469 1306 3527 1345 se
3551 1292 3708 1346 ebla-

2118 1367 2215 1415 'tas
2246 1363 2440 1418 audiit.
2465 1366 2810 1431 Querebatur
2830 1371 3170 1439 Anastasius,
3209 1378 3355 1447 quod
3381 1379 3586 1435 Nemus
3609 1397 3704 1435 sua

2128 1459 2397 1519 potestate
2452 1456 2647 1522 fretus,
2696 1462 2880 1516 statim
2942 1465 3011 1519 ab
3058 1466 3210 1521 obitu
3259 1468 3469 1539 Cyrilli,
3515 1471 3706 1528 aﬂines

2127 1537 2302 1608 ipsius
2322 1543 2569 1600 Dioscori
2600 1548 2860 1619 impulsu,
2889 1566 3159 1623 vexasset,
3193 1567 3359 1630 atque
3389 1563 3556 1617 etiam
3588 1565 3704 1634 opi-

518 1640 582 1693 ll.
626 1604 784 1694 Hunc
815 1604 882 1694 ab
922 1641 1161 1695 Eusebio
1198 1642 1424 1714 Ancyrae
1455 1645 1712 1715 episcopo
1742 1662 2008 1702 commen-

2127 1628 2232 1684 bus
2260 1634 2621 1694 exhausisset.

445 1733 634 1787 datum
679 1732 1059 1787 Thcoderetus
1096 1742 1387 1802 exceperat
1430 1751 1442 1786 :
1487 1736 1625 1799 petit
1667 1737 1910 1791 vicissim
1955 1739 2024 1793 ab

446 1827 556 1888 lba,
586 1832 647 1877 ut
668 1831 958 1893 exceptum
990 1824 1299 1880 liberaliter
1330 1826 1395 1880 ad
1421 1827 1557 1882 alios
1578 1828 1864 1900 episcopos
1896 1849 2020 1887 cum

443 1914 646 1969 litteris
688 1914 946 1968 dimittat.
993 1915 1127 1969 Data
1170 1923 1254 1969 est
1299 1915 1467 1986 igitur
1511 1919 1742 1989 epistola
1798 1921 2021 1978 circiter

443 2022 647 2061 annum
677 2006 798 2060 ΜΟ.

510 2094 598 2152 Ill.
627 2094 776 2148 Mirae
802 2108 933 2147 vero
962 2092 1190 2149 fuerunt
1218 2094 1334 2151 Afri
1367 2097 1517 2153 illius
1551 2102 1925 2169 circuitiones,
1958 2113 2019 2160 ut

439 2184 533 2255 qui
585 2183 799 2254 Ancyra
838 2183 1064 2238 Galatia:
1107 2183 1309 2255 Cyrum
1357 2186 1732 2256 Euphratesiae
1779 2192 2012 2258 venerit,

436 2276 565 2331 inde
614 2275 875 2330 Edessam
908 2284 1074 2344 caput
1124 2275 1423 2331 Osdroenae
1455 2280 1762 2347 petiturus,
1810 2283 2016 2340 Edessa

430 2365 850 2422 Constantinam
888 2364 941 2418 in
975 2366 1226 2434 opposita
1259 2376 1414 2436 parte
1440 2371 1599 2439 longe
1626 2372 1881 2440 positam.

504 2458 594 2513 ιν.
628 2456 902 2512 Eusebius
928 2471 1096 2527 porro
1117 2457 1346 2529 Ancyra;
1374 2457 1430 2513 in
1453 2460 1664 2541 Galatia
1697 2465 2009 2536 episcopus,

429 2547 595 2617 cujus
636 2545 891 2600 meminit
937 2545 1354 2612 Theodoretus,
1409 2549 1672 2604 successit
1704 2550 2009 2620 Theodoto,

433 2637 594 2708 cujus
631 2636 688 2690 in
721 2636 999 2706 Ephesina
1038 2638 1247 2709 synodo
1291 2638 1505 2710 insigne
1545 2656 1747 2696 nomen
1781 2651 1883 2725 est.
1924 2645 2013 2699 In-

432 2728 547 2783 terf
546 2728 627 2783 uit
651 2728 948 2784 latrocinio
969 2730 1251 2800 Ephesino
1266 2746 1411 2785 anno
1429 2732 1553 2798 M9,
1573 2733 2009 2793 Chalcedonensi

428 2818 668 2873 concilio
695 2819 818 2874 451.
859 2820 963 2874 Diu
988 2829 1168 2875 tamen
1194 2837 1304 2877 non
1325 2823 1597 2893 superfuit
1631 2842 1645 2892 ;
1681 2842 1808 2881 nam
1842 2844 2007 2900 syno-

2195 1724 2284 1778 IV.
2325 1727 2704 1800 Prodigiosum
2731 1734 2881 1792 dictu
2909 1747 3011 1803 est,
3042 1752 3273 1810 quantas
3295 1760 3449 1816 opes,
3482 1748 3568 1802 vel
3600 1748 3701 1819 Cy-

2124 1814 2230 1868 rilli
2282 1824 2630 1887 testamento,
2686 1827 2771 1880 vel
2821 1829 2925 1882 alia
2975 1840 3091 1886 arte
3132 1814 3399 1904 ejusmodi
3447 1814 3699 1895 homines

2122 1904 2444 1976 collegerint
2475 1928 2486 1962 :
2514 1927 2641 1966 nam
2671 1930 2701 1968 a
2731 1917 2865 1972 viris
2895 1919 3113 1977 duobus
3140 1923 3328 1996 Cyrilli
3350 1927 3692 1997 'bteredibus,

2120 2001 2248 2047 octo
2272 1997 2721 2058 millialibrarum
2751 2007 2871 2060 auri
2898 2008 3101 2067 Nemus
3134 2016 3382 2080 extorsit,
3404 2018 3696 2076 Dioscorus

2114 2101 2149 2140 a
2180 2087 2399 2146 feminis
2423 2092 2638 2149 duabus
2666 2108 2885 2153 centum
2916 2108 2970 2155 et
2997 2103 3187 2173 viginti
3216 2107 3338 2160 auri
3368 2110 3574 2178 pondo,
3607 2112 3695 2167 cui

2117 2194 2344 2237 summm
2376 2184 2625 2255 ingentes
2663 2190 2801 2245 adde
2842 2195 3123 2262 pecunias,
3164 2200 3361 2268 partim
3392 2202 3690 2274 ArtOpolis.

2116 2274 2315 2341 partim
2349 2276 2657 2349 OEnopelis
2696 2282 3082 2343 Alexandrinis
3125 2305 3191 2344 ex
3235 2294 3425 2348 eadem
3461 2296 3690 2354 Incredi-

2117 2370 2227 2417 tatc
2257 2366 2504 2434 traditas,
2542 2380 2604 2426 ut
2644 2374 2892 2437 meliora,
2935 2393 3037 2432 nec
3073 2382 3264 2450 majori
3296 2393 3476 2440 tamen
3514 2390 3690 2457 pretio

2113 2455 2261 2523 plebi
2288 2459 2612 2515 venderent.

2193 2549 2247 2604 ν.
2290 2549 2516 2607 Estima
2545 2553 2692 2619 inde,
2725 2556 2916 2622 lector,
2940 2570 3142 2628 quanta
3173 2562 3340 2620 fuerit
3362 2568 3686 2625 Alexandri-

2112 2654 2310 2693 norum
2355 2643 2680 2711 pontificum
2713 2649 2979 2716 potentia,
3005 2663 3222 2721 quanta;
3247 2672 3399 2727 opes,
3436 2676 3559 2715 cum
3592 2679 3688 2719 us-

2111 2746 2217 2799 que
2238 2732 2374 2786 adeo
2394 2734 2666 2803 profuerit
2689 2740 2783 2792 uni
2805 2739 3022 2798 familiae
3043 2747 3318 2814 peperisse
3336 2750 3497 2817 duos,
3522 2755 3687 2811 etiam

2109 2822 2487 2880 sanctissimos
2516 2829 2822 2897 pontifices,
2863 2835 2956 2904 qui
2987 2838 3172 2892 sedem
3204 2840 3628 2901 Alexandrinam
3669 2850 3686 2870 ‘

431 2908 571 2964 dicis
601 2909 825 2966 Galatiae
855 2912 1046 2981 primae
1082 2913 1285 2969 litteris
1329 2915 1399 2969 ad
1431 2914 1670 2972 Leonem
1710 2918 2007 2991 imperato-
2035 2937 2076 2990 c
2111 2912 2388 2981 δειθῧίηῑθ
2420 2913 2533 2969 fere
2561 2931 2735 2973 annos
2756 2922 3102 2980 continenter
3133 2930 3430 2986 ῐθηιιθῐίηῑσ

429 3015 546 3056 rem
604 3016 750 3057 anno
819 3003 924 3059 458
998 3004 1328 3076 subscripsit
1392 3007 1715 3066 Anastasius
1775 3012 2004 3086 Ancyra:

395 3132 399 3137 ν
425 3094 740 3166 episcopus.

426 3203 669 3275 Epistola
707 3205 804 3270 55,
841 3207 1213 3281 comendntitiu
1245 3209 1315 3262 ad
1356 3208 1706 3281 Sophronizrm
1739 3212 2001 3269 Constan-

971 3278 1097 3331 tinw
1129 3278 1447 3350 episcopum.

480 3383 705 3440 "Similis
725 3393 808 3440 est
833 3388 1163 3456 praecedenti
1184 3391 1364 3460 quoad
1394 3400 1611 3463 tempus
1636 3402 1691 3449 et
1715 3412 1972 3466 argumen
1990 3428 2002 3438 -

425 3483 563 3529 tum.
597 3475 957 3545 Sophronius,
988 3480 1054 3533 ad
1078 3496 1239 3550 quem
1270 3484 1552 3547 scribitur,
1578 3486 1682 3541 fuit
1710 3488 1998 3557 episcopus

425 3567 481 3621 in
511 3567 791 3636 provincia
818 3568 1117 3625 Osdroena.
1150 3573 1404 3629 Interfuit
1428 3577 1664 3631 concilio
1693 3577 1994 3633 Chalcedo-

423 3657 600 3711 nensi.
633 3656 860 3723 Civitas,
885 3661 1042 3731 cujus
1072 3663 1373 3719 Ecclesiam
1402 3668 1564 3732 rexit,
1591 3684 1697 3721 non
1723 3667 1993 3723 Constan-

424 3748 498 3802 tia
551 3748 659 3802 dici
697 3749 879 3815 debet,
927 3768 1105 3823 neque
1150 3755 1671 3827 Constantinopolis,
1715 3767 1775 3812 ut
1813 3769 1895 3815 est
1937 3761 1991 3814 in

418 3839 700 3893 nonnullis
731 3840 1016 3896 codicibus
1043 3860 1056 3908 ;
1090 3844 1185 3899 sed
1207 3844 1587 3912 Constantina,
1618 3856 1674 3902 et
1696 3848 1992 3918 aliquando

417 3930 829 4001 Nicephorium.

700 4045 957 4118 Epistola:
983 4050 1318 4103 lieortastica:
1353 4050 1439 4113 54,
1472 4051 1559 4115 55,
1594 4052 1680 4106 56.

483 4154 685 4210 Omnes
728 4156 787 4210 in
829 4157 1158 4227 Epiphania,
1212 4166 1268 4211 et
1311 4172 1435 4211 cum
1483 4169 1797 4227 vexaretur,
1847 4165 1986 4221 data:

411 4256 538 4301 sunt
578 4265 592 4300 :
633 4248 814 4303 media
840 4249 907 4303 ad
942 4249 1209 4303 illustrem
1240 4248 1479 4317 aliquem
1507 4252 1722 4320 virum;
1758 4256 1982 4328 reliqua:
2019 4284 2057 4336 μ

404 4338 611 4393 nullam
645 4340 944 4410 praeferunt
969 4355 1214 4409 persona:
1238 4349 1445 4396 notam.

407 4450 651 4524 Epistola
678 4454 766 4519 57,
796 4452 1153 4525 gratulatoria
1180 4454 1251 4506 ad
1276 4454 1618 4512 Eutrechium
1650 4461 1976 4530 praefectum.

477 4567 613 4622 Tres
642 4577 770 4622 sunt
790 4567 858 4621 ad
881 4566 1236 4621 Eutrechium
1258 4568 1576 4636 praefectum
1596 4572 1862 4641 epistolae,
1889 4578 1975 4643 57,

405 4657 474 4711 80
509 4658 680 4714 et‘96.
704 4657 908 4713 Omnes
930 4673 995 4710 eo
1025 4671 1168 4710 anno
1197 4659 1428 4726 accepit,
1460 4675 1568 4729 quo
1595 4664 1760 4731 gessit
1784 4667 1977 4734 przefc-

405 4760 619 4806 cturam
646 4770 659 4819 ;
688 4753 855 4824 gessit
889 4766 1040 4813 vero,
1074 4766 1183 4819 quo
1208 4768 1352 4806 anno
1376 4756 1716 4811 consulatum
1747 4760 1973 4828 Nemus,

406 4844 461 4897 id
502 4853 606 4911 est,
649 4860 793 4899 anno
834 4843 955 4897 M5.
997 4841 1316 4897 Gratulatur
1365 4845 1743 4906 Thcoderetus
1776 4853 1878 4923 ipsi
1923 4864 1978 4909 et

404 4932 509 4985 sibi
543 4950 556 4985 :
593 4932 719 5001 ipsi,
769 4932 836 4985 de
875 4929 1069 4997 adepta
1113 4930 1408 5001 dignitate;
1436 4935 1562 5001 sibi,
1599 4938 1666 4994 de
1704 4943 1839 4997 tanti
1876 4944 1975 5000 viri

403 5037 514 5076 non
545 5020 927 5076 benevolentia
956 5028 1191 5086 tantum,
1219 5024 1315 5078 sed
1340 5028 1505 5082 etiam
1535 5029 1795 5088 amicitia.

474 5133 714 5204 Epistula
758 5131 844 5191 58,
883 5130 1238 5198 gratulator-ia
1266 5137 1336 5190 ad
1360 5137 1586 5194 Nomum
1615 5145 1900 5200 consulem.

471 5246 513 5301 Ι.
557 5244 729 5297 Habet
768 5240 1122 5299 manifestum
1178 5248 1552 5308 characterem

716 5340 741 5356 κ

1604 5274 1616 5308 :
1670 5260 1974 5327 gratulatur

2282 3024 2523 3095 Epistola
2559 3029 2646 3093 59,
2674 3031 2995 3090 salutatoria
3028 3038 3097 3091 ad
3128 3038 3507 3100 Claudianum.

2174 3135 2330 3191 Nulla
2383 3148 2468 3193 est
2501 3143 2629 3196 anni
2676 3154 2825 3209 nota,
2874 3150 3023 3203 nulla
3070 3167 3316 3220 personae
3349 3156 3473 3221 alia,
3518 3175 3682 3229 quam

2103 3228 2251 3295 quod
2301 3229 2637 3290 Claudianus
2676 3236 2846 3293 fuerit
2887 3241 2972 3294 vir
3006 3241 3238 3300 illustris
3280 3257 3335 3301 ct
3365 3228 3557 3318 procul
3595 3253 3679 3308 di-

2102 3330 2290 3375 stans:
2317 3325 2571 3380 eumdem
2603 3329 2800 3398 opiner
2841 3348 2963 3388 esse
3009 3350 3135 3390 eum
3176 3353 3262 3403 eo,
3299 3339 3367 3394 ad
3397 3358 3563 3411 quem
3594 3355 3680 3401 est

2100 3412 2331 3481 epistola
2360 3415 2448 3480 41,
2490 3419 2598 3471 imo
2638 3430 2693 3474 et
2714 3422 2802 3487 99,
2836 3424 2890 3478 in
2920 3441 3027 3496 qua
3068 3429 3391 3486 inscribitur
3431 3437 3676 3508 antigra-

2099 3501 2348 3569 pharius,
2386 3514 2550 3575 atque
2594 3508 2666 3562 ita
2700 3509 3175 3586 Constantinopoli
3221 3522 3522 3590 exstitisse,
3551 3501 3676 3583 cum

2098 3608 2126 3645 a
2151 3594 2498 3651 Thcodercto
2538 3615 2636 3668 per
2674 3601 2991 3659 Patroinum
3032 3608 3411 3668 draconarium
3463 3616 3677 3675 litteras

2096 3685 2387 3754 acciperet.
2419 3688 2665 3745 Fuerunt
2704 3709 2836 3750 vero
2876 3696 3186 3754 draconarii
3230 3704 3541 3771 vexilliferi,
3579 3711 3673 3779 qui

2096 3775 2246 3845 signa
2286 3778 2595 3833 cohortium
2628 3793 2868 3852 portant.
2917 3788 2969 3842 in
2997 3791 3197 3859 quibus
3226 3795 3359 3863 picti
3382 3795 3669 3856 dracones.

2094 3886 2333 3957 Epistola
2370 3892 2458 3957 60,
2483 3895 2843 3971 gratulatoria
2889 3902 2960 3954 ad
2996 3902 3303 3960 Dioscorum
3329 3908 3673 3971 Alexandria

2722 3971 3043 4040 episcopum.

2157 4048 2197 4101 Ι.
2242 4050 2373 4105 Data
2406 4063 2490 4107 est
2530 4071 2638 4109 non
2674 4056 2836 4127 longe
2866 4071 3265 4132 positempore,
3301 4083 3464 4135 quam
3511 4072 3666 4129 Dios—

2090 4152 2269 4193 corus.
2297 4138 2497 4210 Cyriiio
2527 4147 2788 4200 successit
2821 4148 2873 4201 in
2902 4148 3326 4208 Alexandrinam
3352 4160 3562 4222 sedem,
3587 4173 3641 4217 at

2087 4245 2192 4297 que
2220 4231 2357 4286 adeo
2380 4250 2525 4289 anno
2545 4237 2670 4299 444,
2693 4254 2802 4307 quo
2823 4240 2958 4294 abiit
2986 4241 3055 4296 ad
3079 4257 3307 4311 superes
3326 4246 3663 4320 Cyrillusdie

2086 4321 2156 4374 28
2184 4322 2427 4378 Januarii
2458 4334 2553 4380 aut
2592 4328 2623 4382 9
2650 4328 2819 4382 Junii.

2158 4413 2222 4466 Il.
2266 4414 2649 4473 Thcoderetus
2688 4420 2876 4473 laudat
2903 4421 3022 4490 ejus
3044 4422 3378 4493 singularem
3413 4446 3662 4488 mansue-

2088 4502 2332 4557 tudinem
2358 4522 2484 4573 erga
2512 4509 2783 4573 subditos,
2812 4521 2866 4564 et
2892 4527 3106 4566 morum
3128 4515 3454 4573 modestiam
3490 4538 3502 4575 :
3534 4538 3660 4592 par-

2089 4593 2184 4647 tim
2217 4595 2344 4663 quia
2376 4613 2464 4651 res
2497 4599 2571 4654 ita
2606 4614 2663 4654 se
2687 4601 2942 4666 habebat,
2970 4619 3092 4657 nam
3121 4604 3208 4659 bis
3240 4608 3454 4665 artibus
3473 4622 3657 4682 capta-

2088 4682 2180 4737 bat
2214 4684 2378 4741 homo
2400 4700 2633 4757 nequam
2660 4691 2863 4745 civium
2890 4692 3122 4757 animos,
3156 4704 3219 4749 ut
3244 4712 3435 4779 amore
3475 4711 3657 4772 postea

2085 4773 2412 4831 abuteretur
2447 4778 2513 4832 ad
2547 4795 2675 4835 snas
2701 4782 3014 4839 molitiones
3048 4773 3433 4846 roborandas‘:
3459 4795 3655 4862 partim

2085 4870 2312 4931 propter
2336 4864 2679 4934 iniquitatem
2707 4870 2874 4926 animi
2911 4888 3040 4944 erga
3072 4873 3356 4945 Cyrillum,
3385 4882 3482 4950 qui
3510 4899 3656 4938 seve-

2079 4952 2242 5006 rioris
2265 4953 2571 5024 disciplinae
2593 4975 2783 5014 revera
2806 4970 2946 5024 erat,
2973 4973 3028 5017 et
3047 4966 3367 5024 ambitionis
3388 4986 3418 5025 a
3447 4974 3655 5028 calum-

2080 5042 2389 5100 niatoribus
2417 5050 2771 5118 arguebatur.

2079 5150 2322 5221 Epistola
2358 5155 2446 5220 61,
2472 5158 2796 5214 salutateria
2832 5162 2908 5215 ad
2929 5163 3233 5222 Archibium
3271 5173 3651 5246 presbyterum.

2149 5263 2428 5322 Credibile
2448 5277 2558 5333 est,
2604 5269 2746 5326 hanc
2790 5274 3038 5344 ejusdem
3070 5293 3192 5334 esse
3233 5285 3499 5353 temporis
3529 5301 3651 5343 cum

1728 5436 2043 5494 SCHULZH
2083 5439 2316 5498 ΝΟΤᾸΞ.

477 5557 519 5590 ⁸³
539 5558 721 5616 Editio
750 5564 902 5633 prior
934 5566 1171 5626 habebat
1218 5590 1511 5632 numerum
1549 5579 1793 5650 epistolae
1830 5583 1928 5651 5i;
1963 5584 2081 5640 haec
2109 5594 2292 5643 autem
2326 5590 2529 5660 scripta
2555 5602 2640 5649 est
2670 5595 2735 5651 ad
2762 5596 3026 5669 Agapium
3054 5600 3460 5674 presbyterum.
