3952 6294
237 418 343 484 273

244 619 451 690 sbyter,
481 620 640 689 cujus
667 624 960 692 perlatoris
999 627 1054 683 in
1087 637 1318 701 utraque
1340 635 1355 651 ‘
1380 633 1545 705 325.
1580 633 1641 689 ﬁt
1671 650 1820 690 mens

246 710 339 763 tio.
366 710 549 777 Quare
584 710 905 771 Archibium
930 721 1127 775 merito
1155 722 1426 794 quispiam
1444 725 1824 782 Alexandrina:

245 797 504 856 Ecclesia:
537 803 920 876 presbyterum
953 812 1249 878 putaverit.

241 906 487 978 Epistola
523 910 592 966 6‘2
614 952 628 976 ,
663 913 984 971 salutatoria
1021 921 1091 973 ad
1135 922 1397 979 Joannem
1437 928 1817 999 presbyterum.

311 1020 352 1074 l.
400 1020 613 1093 Scripta
647 1033 731 1080 est
759 1026 966 1098 aliquot
993 1032 1273 1089 mensibus
1295 1044 1417 1106 post
1450 1040 1821 1107 praecedentes

241 1113 378 1167 duas
408 1132 420 1167 :
458 1114 520 1171 ﬁt
537 1116 685 1171 enim
718 1118 772 1172 in
799 1135 864 1173 ea
890 1124 1095 1178 mentio
1133 1126 1414 1184 redeuntis
1439 1131 1659 1187 Eusebii
1693 1150 1821 1203 pre-

241 1203 443 1274 sbyteri
480 1221 497 1258 :
531 1205 753 1261 Rediens
780 1219 955 1264 autem
985 1230 1152 1284 nuper
1189 1235 1250 1271 ea:
1278 1221 1453 1289 patria
1487 1231 1658 1276 vestra
1691 1223 1817 1278 reli-

242 1294 565 1365 giosissimus
592 1300 864 1372 presbyter
885 1302 1163 1361 Eusebius.
1264 1330 1277 1341 ί

311 1386 376 1440 ll.
419 1388 549 1442 Inde
576 1401 809 1455 constat,
852 1395 1116 1454 Joannem
1147 1403 1521 1476 presbyterum
1562 1407 1819 1464 Ecclesia:

242 1477 623 1536 Alexandrinae
639 1483 933 1550 exstitisse,
955 1504 1259 1560 magnoque
1286 1495 1339 1548 in
1358 1498 1536 1565 pretio
1563 1498 1818 1553 habuisse

243 1570 677 1641 Theodoretum,
702 1594 865 1648 quem
893 1582 949 1636 in
974 1596 1251 1642 conventu
1276 1588 1579 1647 honoriﬁce
1605 1593 1820 1648 laudas-

245 1671 348 1717 set.

310 1753 401 1807 ΙΙΙ.
426 1754 571 1811 Misit
592 1775 723 1814 vero
739 1762 1023 1832 epistolam
1046 1765 1424 1827 Theodoretus
1441 1790 1538 1843 per
1559 1777 1815 1832 eumdem

1402 436 1498 495 DE
1534 439 1789 498 LIBRIS
1819 440 2324 505 THEODORETI.

244 528 592 600 precedente
621 549 633 584 :
666 532 809 589 idem
837 536 982 592 enim
1010 538 1230 595 videtur
1248 557 1370 597 esse
1386 544 1670 601 Eusebius
1692 561 1820 617 pre-
1851 553 1897 608 A

3394 454 3502 520 273i

2065 550 2309 620 Epistola
2341 550 2429 617 69,
2462 554 2821 611 consolatorie
2856 556 2927 611 ad
2960 557 3349 632 Eugraplu’am.

1996 660 2071 713 De
2098 659 2199 714 hac
2224 661 2432 717 dictum
2467 671 2550 718 est
2572 664 2639 717 ad
2669 665 2954 735 epistolam
2982 664 3034 721 8.

1929 769 2164 840 Epistola
2198 772 2285 838 70,
2316 776 2745 859 commendatitia
2774 779 2844 832 ad
2868 779 3205 837 Eustathium
3234 784 3500 857 Aegarum

2550 862 2867 917 episcopum.

2000 951 2243 1008 Pertinet
2279 955 2345 1009 ad
2376 973 2580 1011 annum
2617 959 2742 1026 445,
2777 973 2872 1018 aut
2904 974 3227 1033 sequentem
3274 989 3286 1024 :
3320 973 3501 1027 conti-

1926 1052 2019 1097 net
2052 1046 2201 1099 enim
2230 1047 2515 1104 historiam
2544 1050 2726 1106 Mariae
2756 1055 3040 1125 cujusdam
3074 1060 3279 1115 nobilis
3305 1066 3503 1132 puellae

1925 1130 2217 1201 Africanae,
2258 1154 2381 1206 qua:
2410 1156 2437 1193 a
2462 1140 2720 1199 Vandalis
2752 1146 2933 1213 pretio
2974 1150 3196 1205 vendita
3227 1130 3500 1210 mercato-

1924 1223 2098 1288 ribus,
2132 1228 2360 1281 servivit
2395 1228 2561 1299 Cyri;
2612 1232 2710 1285 sed
2757 1234 3057 1305 redempta,
3101 1240 3248 1308 quod
3294 1243 3497 1299 mirum

1922 1322 2027 1379 est,
2057 1330 2086 1368 a
2115 1317 2401 1379 militibus,
2430 1328 2486 1373 et
2516 1336 2545 1374 a
2573 1321 2921 1379 Theodoreto
2944 1342 3044 1396 per
3067 1328 3257 1384 decem
3282 1347 3498 1390 menses

1923 1405 2135 1462 idoneis
2162 1408 2422 1463 subsidiis
2454 1411 2743 1478 instructa,
2768 1430 2891 1469 cum
2917 1419 3229 1476 rescivisset
3250 1422 3317 1477 de
3344 1433 3497 1494 patre

1922 1498 2297 1567 magistratum
2328 1500 2383 1554 in
2418 1500 2731 1559 Occidentis
2759 1508 3009 1575 partibus
3035 1522 3260 1581 gerente
3280 1554 3293 1578 ,
3340 1525 3401 1568 ut
3428 1517 3503 1571 ad

1923 1588 2076 1642 illum
2111 1590 2576 1659 proﬁcisceretur,
2614 1600 3033 1655 commendatur
3064 1603 3337 1674 Aegarum
3374 1607 3499 1677 epi-

1923 1694 2110 1750 scopo,
2136 1697 2241 1750 qua
2272 1683 2327 1736 in
2351 1684 2571 1740 civitate
2592 1688 2847 1744 secundae
2875 1689 3079 1747 Ciliciae
3114 1694 3373 1750 nundinae
3399 1696 3498 1752 ha-

1922 1770 2214 1837 bebantur,
2252 1773 2318 1828 ad
2367 1791 2503 1844 quas
2546 1792 2612 1830 ex
2653 1777 2946 1835 Occidente
2993 1794 3327 1841 mercatores
3364 1801 3498 1841 con-

242 1841 560 1912 Eusebium,
598 1866 788 1906 rursus
814 1854 867 1909 in
894 1854 1185 1928 ngyptum
1218 1841 1687 1935 proﬁciscentem;
1725 1885 1821 1939 po-
1851 1888 1893 1944 Β
1922 1861 2097 1919 fluere
2129 1841 2399 1920 solerent:
2431 1867 2509 1923 De
2548 1868 2841 1925 Eustathio
2878 1872 3015 1929 nihil
3050 1874 3316 1932 hactenus
3344 1892 3507 1933 com—

242 1936 520 2007 stulatque
553 1956 652 2010 per
679 1943 879 2013 ipsum,
908 1963 1031 2002 cum
1066 1960 1458 2021 reverteretur,
1493 1975 1819 2028 responsum

242 2026 380 2082 dari.
410 2030 604 2088 Nescio
626 2050 695 2090 an
720 2045 840 2092 mea
865 2055 951 2093 me
980 2040 1131 2096 fallat
1156 2046 1418 2114 suspicio,
1456 2058 1535 2104 tot
1557 2026 1818 2107 itionibus

244 2120 717 2197 reditionibusque
760 2129 1058 2187 Eusebium
1114 2137 1428 2206 explorasse
1470 2140 1815 2211 diligentius,

242 2212 375 2280 quid
409 2215 489 2269 rei
517 2215 862 2276 Alexandria:
893 2233 1207 2293 gereretur;
1239 2235 1294 2282 et
1321 2228 1373 2282 in
1416 2227 1694 2285 Orientem
1726 2248 1816 2287 re-

244 2301 431 2358 tulisse
456 2304 523 2359 ad
546 2308 793 2364 curiosos
821 2312 1128 2383 episcopos,
1154 2326 1209 2370 et
1236 2318 1291 2371 in
1321 2318 1511 2388 primis
1541 2322 1607 2375 ad
1636 2322 1816 2377 Theo-

241 2393 513 2462 doretum,
555 2399 825 2455 intentum
856 2403 910 2457 in
943 2420 1132 2462 omnes
1158 2411 1415 2479 carpendi
1446 2410 1631 2484 Cyrilli
1662 2431 1818 2472 occa-

243 2500 445 2542 ειοιιρε.

667 2605 930 2677 Epistola,
962 2609 1051 2677 65,
1090 2613 1428 2670 heortastica.

312 2711 591 2770 Paschalis
637 2726 742 2781 est,
790 2720 1100 2792 eodemque
1138 2732 1381 2796 tempore
1434 2730 1660 2801 scripta,
1709 2748 1818 2803 quo

243 2804 557 2870 vexabatur,
603 2823 823 2879 quoque
876 2813 1206 2870 moliebatur
1253 2818 1547 2875 Dioscorus
1595 2823 1814 2889 turbas;

244 2909 410 2963 quare
435 2899 675 2966 pertinet
703 2902 770 2955 ad
803 2919 1007 2960 annum
1037 2907 1160 2973 447,
1194 2918 1289 2963 aut
1329 2911 1568 2967 circiter.

683 3014 924 3087 Epistola
951 3019 1020 3075 64
1047 3022 1385 3079 hcortastica.

312 3124 429 3194 ipsa
468 3142 690 3200 quoque
719 3132 994 3190 Paschalis
1022 3143 1126 3201 est,
1193 3138 1288 3193 sed
1336 3140 1442 3194 alia
1487 3153 1615 3195 nota
1646 3151 1814 3196 caret.

294 3234 534 3307 Epistola
558 3241 646 3306 65,
681 3244 1034 3323 consolator-ia
1060 3249 1130 3302 ad
1160 3249 1427 3304 Zenonem
1450 3253 1763 3323 magistrum

901 3318 1148 3372 militum.

318 3416 355 3471 l.
389 3417 523 3484 Quis
543 3419 710 3478 fuerit
738 3425 906 3491 Zeno,
944 3430 1146 3484 rescire
1174 3428 1301 3485 licet
1329 3446 1395 3485 ex
1440 3432 1821 3487 consularibus

246 3513 662 3568 monumentis:
708 3518 874 3586 gessit
916 3520 1064 3573 enim
1114 3522 1459 3576 consulatum
1504 3539 1628 3578 cum
1662 3525 1819 3578 Post-

247 3598 529 3669 humiano,
550 3622 695 3661 anno
720 3610 844 3663 448.
873 3611 1008 3666 Nam
1030 3612 1270 3684 synodus
1293 3615 1534 3670 Flaviani
1554 3616 1819 3672 adversus

247 3689 527 3762 Eutychen
597 3700 880 3756 consulatu
927 3703 1194 3770 Zenonis;
1274 3715 1398 3775 post
1449 3709 1817 3774 consulatum,

247 3778 583 3848 Ephesinum
620 3788 969 3847 latrocinium
1014 3795 1368 3865 consignatur
1404 3814 1416 3849 :
1449 3806 1627 3852 exstat
1650 3800 1819 3854 etiam

248 3870 371 3925 data
413 3875 480 3928 ad
524 3876 722 3946 ipsum,
771 3898 894 3937 cum
922 3892 1139 3955 gereret
1183 3887 1550 3955 consulatum,
1590 3889 1823 3961 cpistola

252 3964 308 4017 7l
346 3964 703 4036 Theodoreti,
731 3973 797 4026 de
822 3992 928 4044 qua
963 3992 1062 4031 suo
1084 3979 1223 4033 loco.

316 4053 381 4107 ll.
423 4055 541 4121 Quo
585 4069 829 4130 tempore
869 4064 969 4119 ista
1012 4068 1217 4137 scripta
1266 4068 1356 4133 sit,
1390 4071 1636 4126 nondum
1684 4073 1821 4128 mihi

248 4154 465 4201 constat
501 4165 517 4201 :
548 4149 684 4205 latet
712 4154 858 4208 enim
895 4156 1109 4221 adhuc,
1145 4168 1240 4213 aut
1265 4168 1415 4215 certe
1451 4162 1681 4217 dubium
1713 4175 1817 4228 est,

248 4235 373 4304 quis
423 4238 513 4292 illc
563 4241 780 4295 tandem
806 4244 1045 4300 Zenonis
1086 4246 1274 4314 frater,
1310 4248 1491 4305 clarus
1520 4252 1738 4316 militia,
1767 4261 1824 4308 et

249 4329 532 4395 praeclaris
560 4332 899 4391 facinoribus
936 4338 1155 4404 nobilis,
1191 4341 1349 4409 cujus
1372 4342 1426 4395 in
1457 4342 1613 4396 obitu
1642 4343 1824 4399 Theo-

250 4414 476 4475 doretus
521 4423 845 4493 magistrum
888 4428 1124 4483 militum
1149 4431 1397 4485 solatur:
1430 4433 1701 4503 suspicari
1744 4443 1823 4490 ta-

250 4523 373 4563 men
402 4509 485 4566 fas
513 4520 619 4575 est,
649 4515 703 4569 id
729 4525 855 4573 ante
882 4521 1227 4575 vexationem
1255 4522 1539 4578 accidisse.

250 4620 492 4692 Epistola
531 4626 624 4709 66ζ
661 4630 969 4709 invitatoria
1009 4634 1078 4709 ad
1111 4637 1343 4709 enraznia
1376 4636 1559 4707 templi
1606 4648 1823 4709 aposto-

605 4698 776 4753 lorum
808 4702 878 4755 ad
903 4703 1121 4758 Aeriam
1140 4707 1452 4775 sopbistam.

321 4809 398 4863 De
439 4809 600 4865 Aerio
640 4812 886 4881 sophista
917 4814 1125 4869 dictum
1158 4824 1242 4869 est
1270 4816 1337 4870 ad
1363 4817 1524 4887 epist.
1551 4819 1639 4873 50.
1675 4820 1824 4875 Non-

249 4899 380 4956 dum
404 4905 663 4972 comperi,
682 4920 792 4973 quo
815 4921 959 4960 anno
986 4906 1296 4961 absolutum
1320 4909 1389 4962 sit
1414 4911 1674 4980 templum
1697 4926 1827 4982 apo-

250 4993 405 5048 stolis
438 5010 470 5048 a
501 4994 847 5051 Thcodoreto
872 5007 1138 5053 erectum.

317 5104 563 5176 Epistola
593 5106 748 5184 _67_et
775 5108 863 5184 68,
900 5111 970 5163 ad
992 5109 1276 5184 Murenam
1315 5121 1365 5164 et
1396 5112 1754 5184 Epiphaniam

585 5179 894 5233 invitatoria
931 5181 1001 5233 ad
1029 5182 1212 5235 eadem
1240 5179 1494 5237 encwnia.

320 5265 358 5320 l.
392 5266 607 5324 Incerta
641 5268 896 5323 similiter
930 5270 1192 5339 temporis
1229 5279 1377 5335 nota,
1404 5271 1620 5341 ignotus
1649 5272 1825 5326 Mara-

251 5370 367 5420 nas,
392 5357 613 5429 ignotus
638 5359 805 5414 etiam
827 5359 1187 5431 Epiphanius,
1212 5361 1315 5415 nisi
1338 5362 1482 5430 quod
1515 5363 1603 5417 illc
1621 5362 1824 5417 dicitur

252 5448 484 5502 multum
505 5449 809 5504 contulisse
849 5450 917 5505 ad
954 5452 1141 5520 templi
1175 5452 1459 5517 fabricam,
1503 5452 1603 5507 istc
1634 5468 1824 5507 exsors

254 5535 399 5598 ﬁdei,
427 5546 665 5610 uterque
685 5539 943 5611 Cyrcnsis
973 5541 1130 5596 civis.

320 5630 382 5685 ll.
420 5633 583 5704 325
612 5634 859 5690 Observa
897 5641 1107 5690 morem
1152 5637 1436 5705 antiquum
1482 5637 1821 5693 convocandi

254 5720 315 5774 ad
347 5723 481 5779 festa
502 5724 814 5780 Christiana
842 5725 990 5795 ipsos
1008 5725 1173 5780 etiam
1200 5725 1465 5792 inﬁdeles,
1496 5737 1554 5782 ut
1577 5725 1857 5783 ﬁdelium-

253 5817 500 5885 exemplo
523 5815 592 5871 ad
624 5815 886 5889 pietatem
914 5819 929 5838 ⁸
964 5816 1410 5871 incenderentur.

1920 1957 2061 2026 peri.

1955 2083 2198 2153 Epistola
2223 2088 2312 2153 71,
2341 2090 2700 2171 gratulatoria
2740 2095 2811 2148 ad
2841 2095 3108 2171 Zenonem
3143 2102 3460 2171 magistrum

2389 2160 2618 2214 militum
2653 2170 2704 2216 et
2736 2166 3024 2221 consulem.

1990 2268 2164 2325 Habet
2225 2280 2475 2342 apertum
2517 2277 2780 2345 temporis
2852 2279 3220 2335 characterem
3271 2300 3284 2336 :
3328 2285 3498 2353 gessit

1919 2360 2066 2413 enim
2111 2360 2259 2415 Zeno
2305 2364 2651 2419 consulatum
2701 2382 2842 2423 anno
2893 2368 3016 2424 448.
3064 2370 3201 2426 Vide
3231 2382 3389 2429 notas
3427 2374 3497 2429 ad

1918 2450 2202 2524 epistolam
2224 2454 2312 2508 65.

2080 2580 2322 2652 Epistola
2355 2584 2442 2649 72,
2475 2586 2795 2643 heortcstica
2819 2590 2890 2644 ad
2912 2590 3353 2661 Hermesigenem—

2535 2673 2800 2713 (18888801⁵8
2805 2676 2878 2714 m.

1989 2763 2184 2818 Nullus
2224 2772 2310 2819 est
2351 2767 2466 2822 sive
2515 2769 2802 2838 temporis,
2860 2771 2978 2825 sive
3022 2785 3273 2840 personae
3307 2771 3499 2838 index;

1922 2852 2023 2905 nisi
2046 2854 2194 2922 quod
2218 2853 2637 2927 Hermesigcnes
2662 2860 3036 2930 magistratum
3057 2862 3341 2931 gereretin
3365 2862 3501 2918 vici-

1921 2960 1988 2996 na
2014 2943 2197 3015 aliqua
2228 2945 2470 3011 civitate,
2497 2948 2665 3002 veluti
2696 2949 2901 3005 Bermze
2928 2960 3023 3006 aut
3054 2951 3380 3006 Antiochiae.

2095 3077 2339 3148 Epistola
2373 3079 2460 3144 75,
2496 3079 2819 3135 salutatoria
2853 3084 2924 3136 ad
2955 3082 3318 3154 Apollonium.

1846 3218 1888 3275 ε
1990 3190 2149 3246 Nulla
2176 3194 2439 3262 temporis
2461 3201 2615 3258 nota,
2643 3195 2792 3249 nulla
2816 3204 2913 3250 aut
2935 3196 3093 3252 valde
3116 3196 3352 3252 obscura
3373 3214 3500 3268 per-

1922 3297 2086 3345 sonae,
2118 3281 2225 3336 nisi
2258 3283 2403 3351 quod
2426 3284 2511 3337 vir
2533 3284 2764 3339 illustris
2790 3285 2915 3350 fuit,
2951 3288 3044 3341 sed
3068 3288 3312 3342 nondum
3334 3289 3497 3344 Chri—
3566 3282 3573 3285 ’

1921 3373 2162 3439 stianus;
2207 3390 2330 3443 apice
2359 3390 2446 3430 me
2470 3375 2582 3429 duo
2619 3376 2891 3430 inducunt
2936 3378 2994 3432 in
3021 3382 3394 3450 conjecturam
3426 3381 3496 3436 de

1920 3463 2210 3532 Apollonio
2253 3466 2455 3519 comite
2498 3482 2780 3521 sacrarum
2810 3468 3187 3538 largitionum,
3228 3471 3295 3525 ad
3331 3487 3511 3540 quem-

1920 3563 2005 3611 est
2032 3557 2263 3625 epistola
2290 3557 2413 3612 105.
2445 3557 2624 3624 Quare
2659 3561 2861 3614 emissa
2886 3561 3128 3626 videtur,
3163 3574 3385 3632 propter
3412 3565 3498 3617 in-

1922 3645 2266 3711 ﬁdelitatem,
2286 3647 2432 3716 quod
2452 3647 2766 3703 observavit
2789 3650 3180 3716 Gothofredus,
3217 3652 3499 3724 dignitatis

1923 3735 2229 3807 inscriptio.

2143 3871 2387 3942 Epistola
2424 3873 2491 3927 '14-
2529 3876 2845 3931 Iieortastica
2880 3877 2950 3930 ad
2983 3877 3275 3933 Urbanum.

1990 3983 2150 4039 Caret
2172 3987 2320 4039 omni
2353 3986 2575 4056 penitus
2594 3995 2745 4045 nota.

2015 4119 2258 4188 Epistola
2290 4120 2379 4183 75,
2410 4119 2695 4189 familiaris
2730 4121 2801 4173 ad
2827 4120 3044 4174 clericos
3077 4119 3397 4174 Berwensea.

1992 4231 2124 4284 Data
2149 4240 2234 4284 est
2264 4231 2867 4305 Thcoctistqepiscopo
2898 4247 3010 4284 non
3049 4231 3121 4285 ita
3159 4232 3372 4301 pridem
3402 4249 3497 4287 or-

1922 4319 2129 4381 dinato,
2161 4329 2325 4389 atque
2357 4319 2432 4374 ita
2464 4335 2607 4374 anno
2629 4321 2753 4386 457,
2779 4320 3016 4375 aut458.
3045 4321 3323 4378 Successit
3351 4324 3497 4379 enim

1924 4409 2013 4463 ille
2039 4409 2258 4476 Acacio,
2299 4409 2394 4479 qui
2421 4410 2705 4465 ordinatus
2736 4418 2822 4466 est
2861 4426 3005 4467 anno
3033 4412 3136 4467 578
3169 4413 3272 4467 sub
3310 4413 3497 4478 ﬁnem,

1926 4510 2021 4556 aut
2040 4502 2198 4555 initio
2231 4503 2534 4572 sequentis,
2559 4511 2623 4557 ut
2660 4511 2875 4559 constat
2911 4521 2977 4559 ex
3008 4506 3242 4561 historia
3278 4505 3500 4560 concilii

1926 4591 2275 4657 Antiocheni,
2314 4608 2345 4646 a
2371 4608 2480 4662 quo
2512 4592 2841 4664 legationem
2868 4595 3079 4665 accepit
3108 4593 3380 4651 Eusebius
3403 4594 3502 4650 Sa-

1929 4683 2254 4738 mosatensis
2290 4683 2475 4738 Acacii
2519 4686 2826 4751 ordinator,
2868 4686 3142 4757 simulque
3184 4689 3501 4742 mandatum

1925 4775 2251 4846 providendi
2278 4775 2517 4830 viduatis
2537 4777 2594 4830 in
2615 4776 2840 4833 Oriente
2869 4778 3126 4832 Ecclesiis
3144 4777 3347 4842 ;.vidua
3368 4792 3501 4832 vero

1927 4876 2057 4922 tunc
2083 4874 2201 4921 erat
2225 4866 2553 4922 Beroeensis.
2584 4867 2721 4921 Cum
2741 4885 2871 4940 ergo
2894 4869 3129 4924 Aeacius
3153 4870 3500 4924 Bcrmensem

1922 4960 2297 5029 episcopatum
2340 4959 2582 5013 tenuerit
2622 4975 2797 5013 annos
2826 4959 3222 5029 quinquaginta
3259 4966 3314 5013 et
3353 4966 3499 5025 octo,

1926 5060 1987 5105 ut
2039 5051 2206 5105 tradit
2242 5050 2625 5105 Theodoretus
2677 5050 2735 5104 in
2778 5049 3054 5104 Philotlieo
3098 5065 3219 5119 cap.
3262 5050 3319 5114 2,
3363 5048 3502 5103 obiit

1924 5150 2073 5197 certe
2110 5158 2253 5196 anno
2296 5142 2401 5195 457
2445 5150 2540 5197 aut
2582 5142 2708 5205 438,
2758 5141 3132 5211 nonagenario
3169 5132 3364 5210 fnajor,
3407 5147 3502 5194 aut

1923 5233 2089 5287 etiam
2111 5249 2249 5301 pene
2280 5232 2631 5287 centonarius
2663 5249 2675 5285 :
2714 5232 2801 5284 vix
2838 5231 2983 5283 enim
3015 5229 3203 5284 credat
3237 5229 3380 5298 quis,
3414 5244 3500 5282 or—

1924 5324 2166 5378 dinatum
2196 5330 2321 5376 ante
2346 5337 2550 5376 annum
2582 5321 3081 5391 quadragesimum),
3109 5334 3233 5373 cum
3258 5327 3382 5395 ante
3413 5335 3501 5371 or-

1924 5415 2260 5469 dinationem
2294 5414 2388 5467 diu
2414 5428 2470 5466 se
2493 5413 2803 5466 exercuerit
2834 5411 2936 5465 sub
2966 5410 3204 5470 Asterie,
3235 5410 3414 5480 326,
3445 5418 3501 5465 ct

1924 5521 2022 5575 pro
2048 5504 2149 5557 ﬁde
2172 5520 2261 5558 res
2298 5519 2405 5559 non
2440 5503 2590 5573 parvi
2618 5501 2880 5556 momenti
2903 5502 3153 5571 gesserit.

1924 5617 2165 5690 Epistula
2191 5615 2276 5681 '76,
2318 5617 2613 5671 hortatoria
2638 5615 2708 5669 ad
2745 5614 3002 5671 Uranium
3036 5613 3161 5685 Cyri
3191 5612 3495 5684 prasidcm.

1989 5727 2162 5793 Quem
2195 5735 2251 5781 et
2284 5727 2503 5797 quando
2530 5728 2783 5783 hortetur
2815 5727 2883 5782 ad
2916 5725 3099 5792 Iidem,
3128 5726 3279 5781 nullo
3316 5724 3498 5781 indice

1922 5817 2197 5890 proditur.
