3952 6294
192 418 291 480 277

1358 402 1457 479 ba
1496 418 1750 479 LIBms
1784 404 2292 478 THEODORETI.

3342 410 3447 473 278

263 525 356 581 tx.
397 524 583 580 Sexta.
616 524 1064 586 Eruditissimum
1090 524 1434 582 Cardinalem
1462 522 1772 582 fefellerunt
1801 533 1846 588 Α
1871 526 2108 581 militum
2150 523 2394 580 Orientis
2442 528 2498 577 et
2527 518 2762 575 consuli.
2824 517 2965 572 Hinc
2991 516 3241 589 arguitur
3261 517 3451 588 opinio

197 618 366 672 verba
413 616 662 687 cpistola:
693 618 1085 686 consequentis
1121 616 1188 671 ad
1211 612 1511 672 Eusebium
1540 635 1554 671 :
1588 637 1605 669 ι
1632 618 1775 673 Inte-

199 723 353 778 grum
376 719 483 772 est,
506 707 596 761 cui
617 707 835 763 animus
855 708 1040 773 fuerit,
1066 708 1289 778 antiqua
1308 724 1474 779 opera
1493 724 1613 763 mea
1629 708 1777 763 evol-

1875 615 2069 688 nuperi
2116 613 2439 686 cujusdam,
2496 610 2733 666 volentis
2781 608 3051 693 Lupicino
3094 608 3462 665 commonito-~

1876 708 2019 762 rium
2063 721 2184 762 esse
2235 705 2545 768 directum,
2602 717 2709 773 qua
2741 700 2809 756 de
2838 700 3096 770 opinione
3132 698 3350 755 dicetur
3383 699 3461 755 ad

200 814 357 862 vere,
411 811 528 852 tum
570 814 634 854 ea
682 815 803 870 quae
825 808 952 854 ante
978 800 1244 870 synodum
1274 799 1625 870 Ephesinam,
1662 810 1775 853 tum
1872 800 2159 869 epistolam
2200 813 2283 851 xc.
2317 795 2504 859 Addit,
2558 791 2979 849 commonitorio
3005 806 3116 845 non
3156 790 3434 845 contineri

202 905 318 960 quas
338 899 467 960 post
489 891 637 945 illam
659 907 870 956 rursus,
895 900 1022 946 ante
1040 892 1327 947 duodecim
1345 909 1517 947 annos
1527 892 1738 962 scripsi.
1754 912 1770 943 ι

204 980 319 1036 llaec
343 982 499 1036 enim
526 983 919 1052 interpretatus
938 991 1041 1048 est,
1069 983 1296 1053 perinde
1322 1000 1385 1038 ac
1406 984 1451 1038 si
1469 982 1781 1038 Theodore-

205 1080 288 1126 tus
312 1072 678 1141 significaret,
709 1089 913 1127 annum
942 1090 1053 1143 quo
1078 1074 1374 1139 scribebat,
1395 1073 1780 1128 duodecimum

203 1179 318 1217 esse
348 1163 418 1216 ab
449 1163 729 1232 Ephesina
758 1165 966 1235 synodo
1009 1181 1023 1218 :
1061 1172 1116 1218 at
1144 1165 1267 1234 quis
1297 1180 1409 1218 non
1431 1164 1635 1231 videat,
1670 1179 1783 1218 ser-

205 1270 421 1309 monem
468 1271 592 1311 esse
643 1256 711 1311 de
743 1256 904 1312 libris
937 1271 1076 1326 quos
1105 1256 1394 1312 duodecim
1418 1257 1594 1323 annis,
1633 1265 1785 1310 ante-

207 1364 363 1419 quam
399 1348 621 1402 litteras
647 1349 823 1413 daret,
854 1349 1136 1403 ediderat?

277 1436 483 1490 Verum
517 1431 621 1490 hac
643 1436 710 1490 de
734 1436 1037 1505 quaestione
1068 1436 1404 1505 disputatum
1429 1444 1512 1490 est
1533 1435 1709 1505 capite
1729 1435 1783 1499 2,

206 1543 331 1583 cum
382 1536 607 1597 tempus
656 1528 780 1583 initi
833 1544 864 1583 a
919 1527 1271 1583 Theodoreto
1316 1527 1663 1598 episc0patus
1706 1526 1786 1579 in-

212 1620 549 1689 quireretur.

213 1769 455 1839 Epistola
508 1769 596 1835 82,
653 1768 937 1839 familiaris
986 1769 1058 1822 ad
1100 1768 1383 1822 Eusebium
1430 1766 1651 1837 Ancyra:
1677 1766 1779 1835 epi-

884 1854 1117 1909 scopum.

280 1973 320 2027 l.
348 1971 563 2028 Eodem
581 1970 696 2025 fere
717 1985 864 2025 anno
882 1969 1008 2023 data
1022 1976 1127 2033 est,
1151 1982 1262 2036 quo
1278 1966 1491 2037 priores
1509 1965 1629 2019 aliae
1646 1970 1787 2030 tres;

218 2062 538 2134 exponenda
560 2076 694 2116 vero
714 2061 855 2114 κατὰ
881 2062 1065 2130 μέρος,
1092 2056 1352 2127 quoniam
1379 2055 1527 2110 nulla
1545 2063 1650 2117 est,
1673 2068 1794 2122 quae

218 2155 367 2224 plura
394 2154 466 2208 ad
510 2152 796 2206 historiam
820 2148 1153 2220 pertinentia
1178 2146 1458 2201 contineat
1485 2162 1499 2198 :
1525 2144 1621 2200 sed
1641 2143 1796 2214 prius

220 2248 285 2303 de
308 2247 555 2303 Eusebio
578 2260 774 2315 pauca.

268 2337 649 2401 II.Theodoto,
661 2336 816 2405 cujus
827 2334 1039 2389 celebre
1050 2346 1247 2387 nomen
1260 2340 1342 2386 est
1354 2329 1409 2384 in
1422 2327 1572 2383 Actis
1582 2324 1799 2381 concilii

222 2427 510 2500 Ephesini,
545 2423 843 2489 successit;
884 2437 995 2493 quo
1026 2435 1191 2484 anno,
1223 2419 1514 2473 incertum.
1547 2413 1803 2472 Interfuit

221 2518 457 2575 concilio
476 2514 721 2571 Flaviani
748 2513 1013 2568 adversus
1031 2510 1316 2582 Eutychen
1336 2523 1480 2562 anno
1493 2505 1618 2570 448,
1637 2505 1805 2560 latro-

224 2608 384 2663 cinali
402 2622 515 2677 pro
525 2604 772 2676 Eutyche
788 2619 932 2658 anno
944 2601 1068 2667 M9,
1080 2598 1511 2656 Chalcedonensi
1524 2611 1667 2651 anno
1677 2595 1773 2650 451
1788 2634 1801 2647 .

223 2701 340 2756 Non
367 2699 470 2754 diu
507 2696 612 2751 fuit
640 2704 921 2766 superstes
954 2711 967 2747 :
1002 2708 1125 2747 nam
1160 2692 1216 2745 in
1242 2690 1437 2762 synodi
1462 2687 1689 2744 Galatiae
1715 2686 1805 2740 lit-

224 2791 356 2846 teris
419 2788 490 2843 ad
534 2787 776 2842 Leonem
824 2786 1213 2855 imperatorem
1262 2779 1562 2837 subscribit
1597 2778 1806 2849 primus

187 2893 192 2896 '
227 2880 549 2936 Anastasius
578 2878 803 2948 Ancyra:
826 2877 1112 2947 episcopus.

292 2970 597 3026 Eusebium
619 2969 864 3039 oportuit
897 2966 1034 3021 levis
1073 2964 1365 3019 admodum
1403 2969 1459 3017 et
1497 2961 1811 3016 inconstan-

233 3062 299 3114 tis
326 3057 503 3114 animi
532 3057 724 3120 fuisse,
777 3064 839 3110 ut
884 3054 977 3124 qui
1009 3052 1295 3122 Eutychen
1337 3042 1811 3113 Constantinopoli

233 3148 614 3214 damnaverit,
668 3156 730 3200 ut
776 3161 876 3215 par
919 3151 1065 3208 erat;
1131 3150 1187 3196 et
1212 3138 1411 3210 Ephesi
1447 3137 1502 3190 in
1524 3132 1812 3189 latrocinio

236 3239 558 3303 absolverit,
609 3238 867 3292 damnato
898 3234 1191 3298 Flaviano;
1241 3237 1298 3284 et
1321 3226 1667 3283 Chalcedone
1697 3235 1816 3280 tan-

239 3331 360 3385 dem
392 3330 536 3385 diris
562 3327 868 3383 devoverit.
925 3324 1028 3380 Sed
1054 3325 1165 3393 jam
1193 3320 1405 3391 singula
1425 3318 1669 3388 epistolte
1694 3330 1818 3384 per—

239 3437 561 3492 sequamur.

309 3516 404 3569 III.
435 3512 819 3567 Thcodoretus
839 3507 1014 3563 amice
1036 3504 1272 3576 primum
1296 3495 1820 3572 queritur,defuissc

245 3604 426 3660 ofﬁcio
447 3602 769 3666 Eusebium,
793 3600 887 3670 qui
909 3597 1168 3653 afﬂictum
1189 3603 1245 3650 et
1262 3590 1587 3648 calumniam
1603 3601 1825 3658 passum

249 3697 363 3751 suis
390 3696 597 3750 litteris
623 3709 734 3747 non
760 3693 832 3748 sit
856 3690 1081 3746 solatus.
1119 3685 1323 3741 Scribit
1348 3684 1615 3754 igitur'ex
1641 3678 1828 3733 dome-

250 3789 391 3842 stico
422 3803 523 3841 suo
555 3784 769 3840 exsilio.

324 3878 413 3933 IV.
455 3876 644 3931 Refert
682 3872 880 3929 deinde
903 3912 917 3935 ,
974 3884 1069 3924 eos
1110 3867 1216 3923 sibi
1252 3862 1581 3920 calumniam
1612 3858 1827 3922 fecisse,

255 3969 349 4038 qui
381 3984 448 4023 ea
483 3973 803 4036 tempestate
836 3961 1148 4024 Marcionis,
1183 3954 1480 4019 Valentini,
1514 3950 1744 4007 Manetis
1776 3957 1834 4029 et

256 4063 584 4118 Docetarum
614 4057 847 4113 hmresin
873 4058 1204 4110 renovarent
1233 4067 1247 4103 :
1281 4049 1333 4103 id
1357 4046 1488 4101 olim
1512 4043 1714 4114 objecit
1733 4041 1837 4113 Cy-

262 4153 386 4206 rillo
408 4191 423 4216 ,
473 4164 601 4204 cum
637 4155 892 4218 argueret
927 4144 1163 4215 capitula
1196 4139 1509 4203 duodecim,
1556 4135 1703 4206 quod
1735 4134 1837 4188 ob-

264 4241 598 4297 servandum
647 4247 749 4294 est.
806 4237 862 4291 Id
897 4237 1074 4306 ipsum
1104 4242 1291 4305 postea
1325 4231 1381 4285 in
1415 4228 1731 4300 prmfatione
1771 4223 1838 4278 ad

265 4335 562 4389 Eranisten
616 4330 915 4399 exprobrat
967 4322 1322 4387 adversariis,
1361 4335 1605 4392 quorum,
1642 4314 1839 4384 inquit,

1879 889 2283 944 accusationem
2312 886 2541 942 haeresis
2564 925 2579 951 ,
2642 883 2738 939 sed
2771 882 3200 954 prohibitionem
3229 879 3355 952 Cyri
3388 879 3454 934 ﬂ—

1879 979 2044 1034 nibus
2097 975 2414 1049 egrediendi
2442 1015 2457 1041 ,
2518 970 2986 1044 propterea.quod
3037 968 3275 1041 synodos
3306 967 3453 1039 apud

1881 1068 2227 1124 Antiochiam
2264 1073 2617 1129 convocaret,
2671 1062 2873 1133 quibus
2893 1076 3092 1131 nempe
3123 1059 3457 1116 sollicitabat

1881 1161 2265 1232 episcoporum
2287 1158 2520 1222 animos,
2544 1171 2615 1210 ne
2635 1153 2823 1227 Cyrilli
2839 1153 3174 1222 Joannisque
3193 1152 3250 1205 in
3269 1158 3453 1221 partes

1884 1253 2203 1317 transirent,
2237 1250 2498 1321 pacisque
2525 1247 2745 1302 sancitte
2762 1245 2911 1316 leges
2936 1244 3311 1320 observarent.

1954 1341 2064 1397 VII.
2119 1312 2285 1394 Addit
2309 1312 2507 1402 etiam,
2558 1350 2615 1389 se
2640 1312 2886 1404 paruisse
2914 1312 3177 1386 continuo
3196 1329 3454 1394 libenter,

1885 1445 1941 1489 et
1962 1431 2251 1489 calumniae
2269 1438 2541 1491 auctores,
2579 1426 2691 1479 Deo
2717 1422 3039 1484 ulciscente,
3068 1426 3292 1490 argutos
3311 1432 3454 1478 esse.

1885 1539 2189 1593 eorumque
2219 1520 2546 1592 patefactam
2571 1515 2808 1571 hreresin
2839 1532 2852 1568 :
2884 1513 3146 1568 nimirum
3170 1519 3301 1565 tunc
3320 1516 3461 1564 tem-

1887 1617 2037 1688 poris
2079 1612 2305 1668 Armeni
2347 1606 2623 1671 monachi,
2665 1605 2758 1676 qui
2786 1604 2950 1675 primi
2980 1604 3131 1657 litem
3151 1605 3458 1664 moverant,

1890 1702 2219 1775 deprehensi
2249 1709 2379 1756 sunt
2401 1699 2834 1771 Apollinaristae;
2886 1703 3017 1750 tunc
3043 1695 3207 1751 simul
3236 1700 3465 1747 vocatus

1894 1796 1952 1851 in
2002 1791 2373 1864 suspicionem
2424 1788 2734 1861 Eutychos,
2790 1785 3185 1841 monachorum
3232 1782 3465 1837 istorum

1823 1859 1863 1913 Β
1888 1887 2092 1942 fautor.

1962 1976 2100 2032 Vlll.
2136 1973 2343 2030 Scribit
2368 1981 2570 2036 tamen,
2593 1970 2648 2024 in
2670 1984 2727 2024 se
2750 1963 3136 2023 Alexandriam
3154 1962 3222 2017 ab
3245 1961 3314 2020 iis
3333 1974 3461 2015 con-

1895 2069 2115 2122 citatam
2166 2081 2266 2135 per
2310 2062 2612 2125 ministros,
2673 2059 2767 2129 qui
2811 2046 3133 2128 spargerent
3161 2052 3217 2108 in
3244 2052 3462 2122 vulgus,

1897 2159 2035 2214 duos
2065 2174 2094 2213 a
2118 2155 2467 2212 Theodoreto
2497 2152 2640 2207 filios
2660 2149 2903 2214 defendi,
2957 2162 3083 2203 cum
3112 2154 3294 2199 tamen
3323 2143 3469 2198 hanc

1899 2251 2237 2321 impietatem
2275 2253 2593 2302 exsecretur
2627 2260 2640 2296 :
2672 2240 3001 2297 sollicitatus
3028 2250 3226 2305 nempe
3247 2240 3333 2289 est
3355 2232 3466 2303 jam

1899 2339 2027 2393 inde
2076 2337 2144 2392 ab
2187 2333 2431 2406 Eutyche
2476 2330 2800 2394 Dioscorus,
2854 2334 2917 2380 ut
2962 2326 3019 2379 in
3061 2321 3470 2377 Theodoretum

1902 2429 2134 2485 saeviret.
2172 2424 2305 2481 Vide
2335 2429 2655 2492 sequentem
2678 2417 2992 2487 epistolam.

1973 2520 2066 2574 IX.
2104 2518 2193 2573 Ait
2214 2532 2272 2571 se
2302 2514 2571 2570 imitatum
2594 2510 2844 2565 Nieaenos
2862 2507 3072 2566 Patres,
3098 2501 3191 2572 qui
3211 2500 3475 2555 adversus

1904 2611 2098 2668 Arium
2131 2607 2507 2677 disputantes,
2545 2601 2704 2657 multi
2732 2598 2957 2653 fuerunt
2991 2594 3046 2649 in
3076 2590 3386 2648 dividendis
3418 2587 3478 2642 in

1904 2702 2128 2759 Christo
2167 2676 2401 2753 naturis.
2459 2692 2609 2750 Idem
2648 2691 2904 2747 habet‘et
2932 2685 3127 2741 iisdem
3159 2683 3272 2738 fere
3295 2676 3479 2736 verbis

1907 2796 1965 2850 in
1993 2789 2235 2847 secundo
2253 2786 2489 2857 dialogo,
2528 2784 2622 2854 qui
2658 2780 2970 2850 Inconfusus
3004 2775 3231 2831 dicitur.

1978 2884 2047 2939 Χ.
2083 2882 2436 2938 Contestatur
2472 2877 2696 2946 postea,
2753 2872 2897 2925 hanc
2919 2866 3319 2924 confessionem
3363 2877 3394 2916 a
3421 2874 3483 2915 se

1912 2988 2021 3027 non
2060 2970 2300 3040 primum
2340 2964 2451 3028 edi,
2508 2960 2663 3030 quasi
2690 2975 2789 3029 per
2812 2957 2923 3010 vim
2949 2964 3005 3010 et
3027 2959 3235 3007 metum
3268 2956 3485 3003 extorta

1913 3072 2087 3127 esset;
2140 3059 2236 3115 sed
2264 3072 2418 3113 suam
2453 3067 2667 3123 semper
2686 3049 2854 3103 fuisse
2890 3052 3230 3101 constantem
3259 3046 3485 3113 senten-

1919 3154 2071 3215 tiam,
2102 3159 2266 3220 quam
2298 3146 2531 3216 quisque
2562 3141 2683 3220 suis
2706 3154 2774 3193 ex
2799 3136 2977 3200 libris,
3012 3147 3150 3203 quos
3177 3131 3337 3199 longe
3360 3132 3504 3183 ante—

1917 3242 2097 3298 cditos
2117 3215 2390 3299 recenset,
2424 3215 2733 3302 intelligere
2753 3226 2945 3299 possit.
2993 3225 3071 3279 De
3094 3222 3255 3277 libris
3280 3219 3490 3274 dictum

1919 3340 2002 3387 est
2034 3346 2152 3400 cap.
2177 3328 2231 3393 '5,
2282 3325 2378 3382 sed
2434 3324 2578 3377 inter
2614 3316 2978 3375 recensendos
3013 3314 3184 3369 libros
3216 3310 3285 3366 de
3308 3324 3496 3397 reprel-

1920 3386 2186 3478 hensione
2213 3415 2579 3487 capitulorum
2611 3413 2756 3474 silet,
2791 3417 2847 3465 et
2878 3407 2945 3462 de
2967 3405 3191 3461 Diodori
3223 3418 3286 3457 ac
3312 3386 3494 3456 Theo.-

1922 3514 2041 3570 dori
2060 3508 2425 3583 Mopsuesteni
2448 3504 2783 3561 defensione.

1993 3606 2061 3660 X.
2098 3603 2345 3672 Denique
2369 3599 2612 3671 postulat
2641 3596 2709 3651 ab
2729 3593 2968 3649 Eusebio
2990 3631 3003 3653 ,
3054 3599 3115 3645 ut
3134 3586 3495 3643 calumniato-

1928 3698 2083 3753 ribus
2114 3694 2367 3757 obsistat,
2402 3689 2691 3746 calumniae
2716 3685 3017 3740 vanitatem
3041 3679 3313 3744 ostendat,
3344 3683 3501 3747 cpta-

1930 3800 2041 3844 tam
2062 3785 2433 3842 Eeclesiarum
2455 3795 2646 3852 pacem
2666 3795 2697 3833 a
2719 3778 2831 3833 Deo
2852 3773 3129 3845 elllagitet,
3153 3785 3312 3826 suum
3334 3767 3402 3823 de
3420 3767 3505 3822 in-

1933 3880 2129 3937 eundis
2173 3891 2275 3949 pro
2314 3874 2420 3930 fide
2460 3869 2853 3929 certaminibus
2878 3866 3221 3938 propositum
3249 3859 3507 3934 precibus

1935 3970 2242 4025 confirmet.

2007 4062 2026 4083 ‘
2052 4059 2166 4115 XII.
2196 4059 2277 4114 Ex
2298 4056 2386 4111 bis
2415 4054 2798 4124 intelliguntur
2822 4049 2995 4103 multa
3016 4044 3199 4115 magni
3222 4039 3506 4105 momenti,

1940 4154 2035 4210 sed
2064 4154 2180 4208 haec
2205 4149 2429 4221 majoris
2456 4147 2566 4200 duo
2599 4163 2610 4197 :
2646 4143 2900 4204 alterum,
2941 4134 3288 4205 imperatoris
3305 4131 3511 4202 iussio—

1941 4260 2065 4299 nem
2095 4243 2163 4297 de
2193 4256 2303 4296 non
2323 4233 2671 4307 egrediendis
2696 4231 2897 4285 ﬁnibus
2918 4227 3042 4297 Cyri
3064 4224 3266 4281 editam
3285 4238 3403 4278 esse
3419 4238 3516 4276 an-

1943 4334 2175 4398 110445;
2231 4331 2486 4393 alterum,
2543 4323 2790 4392 dialogos
2831 4317 3065 4389 scriptos
3091 4330 3213 4370 esse
3263 4321 3389 4368 ante
3413 4327 3514 4366 an-

270 4426 480 4497 αἴρεσιν
511 4422 769 4492 ἄντικρυς
801 4417 1180 4489 στηλιτεύομεν
1202 4416 1268 4467 ⁸⁸.
1299 4412 1434 4467 Mira
1455 4406 1728 4478 emphasis
1751 4420 1814 4459 vo

1948 4444 2078 4485 num
2102 4426 2206 4480 “5
2222 4425 2288 4476 ⁸³.

272 4496 418 4579 cum,
452 4514 655 4585 quibus
690 4512 932 4580 dialogos
962 4507 1167 4562 indicat
1198 4522 1212 4559 :
1245 4505 1315 4559 iis
1342 4502 1487 4557 enim
1509 4496 1849 4553 adversario-
1885 4527 1925 4579 υ

274 4624 397 4663 rum
418 4606 651 4662 haeresin
671 4620 739 4658 ex
759 4604 1010 4664 adverso,
1041 4608 1098 4654 et
1115 4604 1303 4668 aperte
1324 4594 1477 4649 velut
1494 4592 1548 4646 in
1569 4591 1729 4660 cippo
1762 4588 1848 4642 in-

279 4700 472 4755 scribit
503 4704 561 4752 et
587 4695 844 4751 traducit.

354 4789 517 4859 329
546 4789 610 4844 V.
636 4787 777 4842 Tum
795 4784 1126 4861 calumniam
1143 4778 1446 4850 exponit“,
1472 4774 1617 4847 quod
1642 4773 1699 4828 in
1718 4773 1858 4828 duos

285 4881 431 4935 filios
459 4879 739 4934 Christum
764 4876 1012 4931 dividere
1035 4874 1314 4928 diceretur
1329 4869 1395 4936 ",
1423 4868 1606 4923 dictus
1623 4874 1708 4920 est
1724 4879 1858 4920 vero

1951 4561 2114 4633 330
2143 4554 2383 4629 Epistola
2405 4553 2492 4619 85,
2521 4550 2842 4634 apologetica
2872 4548 2941 4601 ad
2965 4546 3273 4601 Dioscorum
3291 4539 3527 4598 Alexan-

2504 4623 2634 4678 driae
2663 4623 2980 4692 episcopum.

2027 4765 2068 4819 ι.
2096 4763 2239 4826 Haec,
2265 4758 2472 4830 pariter
2494 4772 2559 4812 ac
2577 4753 2915 4825 praecedens.
2937 4750 3119 4821 magni
3139 4747 3404 4803 momenti
3418 4746 3524 4808 est,

1961 4855 2221 4926 quoniam
2253 4848 2544 4905 historicas
2569 4846 2761 4915 plures
2783 4850 2941 4898 notas
2968 4840 3156 4894 habet.

2034 4947 2097 5001 Il.
2136 4944 2270 5010 Quis
2297 4942 2595 4997 Dioscorus
2615 4936 2802 4998 fuerit,
2833 4946 2995 4988 nemo
3018 4928 3194 4985 nescit
3217 4945 3230 4980 :
3253 4940 3363 4995 quo
3387 4937 3537 4977 anno

1970 5009 2351 5089 Theodoretus
2377 5027 2446 5082 ad
2471 5027 2649 5097 ipsum
2678 5019 2981 5091 scripserit,
3014 5015 3143 5070 inde
3164 5009 3376 5081 liquido
3404 5022 3539 5063 con-

1970 5135 2097 5182 stat.
2124 5145 2141 5176 ι
2169 5124 2294 5187 Sex,
2323 5118 2524 5191 inquit,
2547 5112 2824 5172 continuis
2844 5110 3004 5166 annis
3032 5106 3197 5163 docui
3229 5102 3332 5159 sub
3361 5103 3547 5157 beatae

1971 5226 2282 5286 sanctasque
2311 5210 2589 5267 memoriae
2620 5204 2905 5261 Theodoto
2937 5196 3386 5255 Antiochensium
3418 5193 3552 5267 epi:

1972 5325 2167 5380 scopo;
2203 5305 2469 5361 tredecim
2497 5314 2689 5356 rursus
2712 5296 2836 5351 aliis
2869 5293 2973 5350 sub
2999 5292 3160 5347 beato
3185 5288 3421 5352 Joanne;
3472 5281 3553 5337 ad.

286 4981 580 5044 propterea
611 4969 760 5039 quod
799 4968 1006 5024 acriter
1054 4964 1318 5019 adversus
1349 4960 1667 5017 defensores
1697 4955 1864 5011 unius

291 5074 503 5123 natura:
529 5061 693 5116 Verbi
723 5061 1023 5114 ineat-natae
1056 5063 1111 5109 et
1139 5052 1368 5123 dialogis
1396 5050 1671 5111 invectus,
1723 5052 1780 5099 et
1805 5044 1863 5098 iu

289 5154 553 5227 Cyrillum
583 5159 862 5207 mortuum
898 5163 1000 5220 pro
1030 5145 1293 5202 concione
1320 5142 1568 5196 invectus
1586 5139 1748 5192 foret.

362 5244 450 5300 VI.
488 5244 612 5299 Mox
642 5249 828 5297 narrat
858 5240 1086 5294 missum
1115 5250 1235 5291 esse
1269 5234 1338 5288 ab
1368 5232 1699 5301 imperatore
1718 5240 1867 5281 com-

295 5335 653 5391 monitorium
688 5328 977 5403 στρατηγῷ
1003 5328 1098 5383 καὶ
1119 5321 1388 5395 suam“,
1414 5322 1589 5376 Nomo
1608 5315 1867 5387 magistro

1644 5464 1960 5525 SCHULZII
1998 5459 2253 5549 ΝΟΤᾹΞ..

1813 5678 1856 5709 ⁸⁸
1884 5674 2130 5733 Calumn.
2167 5672 2239 5725 De
2265 5671 2367 5723 hac
2389 5666 2554 5721 etiam
2581 5659 2829 5733 queritur
2854 5655 2907 5708 in
2934 5653 3093 5733 epist.
3125 5645 3551 5733 agnDioscorum'.

374 5704 418 5734 "
440 5700 561 5757 Non
595 5704 813 5753 exstant
852 5694 956 5749 ista
981 5693 1034 5746 in
1075 5687 1282 5761 praefat.
1315 5686 1382 5741 ad
1401 5682 1709 5739 Eranisten.
1813 5682 1856 5709 "
1884 5682 2130 5733 Catumn.
2167 5682 2239 5725 De
2268 5682 2367 5723 nae
2389 5682 2554 5721 etiam
2581 5682 2828 5737 queritur
2855 5682 2907 5708 ιιι
2934 5682 3093 5733 cpta}.
3125 5682 3189 5701 ιω
3216 5682 3355 5699 mum

768 5767 859 5769 ,,,_-
926 5765 962 5769 -_
1003 5762 1031 5769 η
1132 5761 1141 5769 .
1237 5758 1266 5769 ..
1391 5765 1401 5769 -
1516 5751 1616 5769 τιν-ι
1674 5763 1827 5769 ψη-
1885 5761 1918 5769 _
1976 5745 2072 5769 ,ηε
2171 5741 2214 5769 sa
2244 5738 2333 5769 ..-ι
2389 5737 2577 5769 Attin-ot
2623 5731 2690 5769 ah
2730 5726 2859 5769 mill-
2888 5738 3082 5769 nrmrt.
3161 5718 3203 5747 3“
3235 5714 3341 5769 [los
3371 5719 3554 5765 autem

374 5719 417 5734 ··
440 5719 561 5757 non
595 5719 813 5753 exsulut
855 5719 956 5749 ista
982 5719 1034 5746 ιιι
1077 5719 1282 5761 μι-ωιιιι.
1315 5719 1382 5741 ου
1403 5719 1709 5739 manu“...
1887 5719 2130 5733 ww.-."
2167 5719 2237 5725 ---
2398 5719 2439 5721 η
2599 5719 2614 5731 _
2805 5727 2813 5737 θ
2960 5719 2982 5733 Γ
3046 5719 3058 5730 .

312 5772 430 5826 Vid.
455 5784 644 5841 supra,
673 5784 727 5837 p.
763 5767 880 5820 I77.
922 5758 1491 5841 "Quadi-diceretur.
1516 5745 2106 5841 Vid._supra,:p.hl75;
2159 5741 2214 5841 ζ’
2244 5737 2577 5841 ξαὲθΛὶιθηιί
2623 5731 2690 5785 ab
2730 5726 2860 5783 edit.
2888 5738 3082 5795 priori.

214 5876 219 5881 -
315 5807 1512 5899 ι’ἱῦῖὸξυιῗὲξίἷῖίιὲὧίη.ιῖεῖᾶπῑῇὲὸὲῶέω,
1560 5807 2027 5877 εςιτιιίίιιι·’ἱὶ]ΐιά,
2079 5828 2126 5865 c.
2159 5810 2211 5877 6,
2254 5809 2289 5878 ᾗ
2319 5807 2408 5861 22.
