3952 6294
388 268 571 362 εηρί

1520 293 1897 354 GARNERII
1938 291 2433 352 DISSERTATIO
2472 290 2553 350 II.

3570 275 3677 339 280

316 409 321 415 ’
390 410 506 464 inec
533 406 801 477 septimus
821 405 912 459 hic
929 419 1105 459 anuus
1128 411 1212 457 est
1241 402 1353 456 Deo
1376 402 1686 456 charissimi
1708 398 1981 471 archiepi—
2013 407 2053 461 Α
2085 398 2171 456 sui
2213 396 2422 456 erroris
2467 396 2719 470 protulit,
2776 394 3049 463 simulque
3098 406 3157 446 se
3199 386 3533 445 calumniam
3559 381 3671 456 pati

387 500 538 569 scepi
560 498 766 553 domini
793 494 1038 549 Domni.»
1075 494 1210 548 Nam
1242 508 1367 547 cum
1396 493 1690 549 defunctus
1709 496 1781 548 sit
1803 494 1982 549 Theo-

391 591 553 645 dotus
570 603 714 643 anno
729 586 851 650 4‘27,
869 594 929 639 ut
948 584 1112 638 tradit
1128 584 1508 640 Theodoretus
1528 586 1582 639 in
1602 585 1837 640 Historia
1855 626 1867 649 ,
1892 601 1984 639 ne-

391 697 545 737 cesse
567 689 651 735 est
679 680 943 734 Joannem
975 676 1279 731 decessisse
1307 677 1417 731 vita
1453 677 1601 732 circa
1626 677 1731 731 440
1750 691 1979 736 annum.

395 778 490 825 aut
532 769 686 824 initio
736 766 1054 837 sequentis,
1111 782 1236 821 cum
1290 767 1554 822 tredecim
1577 780 1748 822 annos
1797 768 1983 823 sedem

396 859 666 923 tenuerit;
710 865 874 926 atque
896 857 971 911 ita
993 867 1210 927 oportet
1232 870 1434 913 annum
1458 860 1749 928 septimum
1767 859 1983 925 Domni,

396 946 491 1017 qui
520 945 719 1001 Joanni
745 946 1038 1011 successit,
1064 945 1308 1001 incidere
1331 947 1389 1000 in
1407 964 1612 1001 annum
1630 946 1835 1003 Christi
1861 949 1982 1015 447,

397 1053 508 1108 quo
556 1046 805 1107 tempore
836 1038 1019 1092 datam
1059 1038 1347 1107 epistolam
1394 1040 1676 1095 fatendum
1700 1043 1867 1097 est“.
1908 1043 1987 1097 Ex

402 1129 506 1185 hac
558 1129 803 1184 evidenti
852 1130 1327 1185 demonstratione
1371 1141 1606 1195 constat,
1642 1132 1988 1189 Albertinum

404 1222 642 1290 turpiter
670 1222 912 1291 lapsum,
949 1222 1197 1291 aliosque
1231 1221 1285 1274 in
1313 1237 1561 1276 errorem
1588 1225 1841 1289 traxisse,
1864 1240 1987 1279 cum

400 1313 644 1383 dialogos
676 1330 706 1368 a
738 1314 1084 1369 Theodoreto
1107 1314 1421 1367 elaboratos
1449 1315 1643 1368 scribit
1664 1326 1786 1385 post
1806 1319 1989 1372 conci-

404 1403 537 1457 lium
559 1403 1024 1469 Chalcedonense,
1059 1419 1203 1457 anno
1224 1405 1320 1458 451
1344 1421 1358 1470 ;
1396 1420 1591 1459 eorum
1613 1407 1760 1460 enim
1789 1406 1847 1461 ﬁt
1872 1424 1987 1463 me-

404 1494 579 1549 moria
612 1496 667 1548 in
698 1495 801 1549 hac
829 1496 1081 1565 epistola.

477 1583 567 1637 ΙΙΙ.
625 1583 733 1638 Sed
763 1586 875 1655 jam
909 1586 1123 1656 singula
1154 1585 1328 1656 ipsius
1372 1586 1442 1642 ad
1471 1602 1701 1643 examen
1721 1588 1987 1645 vocanda.

408 1676 654 1730 Primum
704 1677 1023 1751 consolatur
1061 1694 1120 1733 se
1164 1679 1549 1735 Theodoretus
1584 1683 1836 1751 exemplo
1872 1690 1988 1736 tum

2084 501 2313 562 questus
2334 497 2438 557 est,
2476 488 2633 561 quasi
2663 485 3004 544 contrarium
3027 482 3277 539 sentiret.

2160 582 2249 639 IX.
2289 583 2393 651 Qui
2432 583 2599 654 paulo
2634 579 2903 636 attentius
2951 583 3203 631 versatus
3230 573 3395 627 fuerit
3426 572 3483 625 in
3507 570 3673 626 rebus

2085 684 2139 732 et
2166 676 2323 732 libris
2346 673 2703 740 Theodoreti,
2729 672 2924 743 ipsius,
2944 671 3160 739 opinor,
3185 663 3527 720 desiderabit
3547 679 3673 732 pru-

2087 771 2359 835 dentiam;
2405 768 2609 838 quippe
2662 765 2756 835 qui
2804 763 2871 818 ad
2917 763 3238 816 Dioscorum
3272 756 3522 811 scribens
3545 754 3674 809 Ale-

2086 862 2418 917 xandrinum
2443 860 2787 930 episcopum,
2838 853 3142 926 Cyrillique
3169 848 3521 921 prmcessoris
3555 854 3675 901 stu-

2087 954 2305 1008 diosum
2337 964 2399 1008 ut
2426 953 2521 1022 qui
2552 950 2809 1012 maxime,
2860 947 3035 1001 libros
3060 944 3266 1006 laudet,
3295 941 3540 1009 velitque
3565 955 3677 993 sua:

2088 1047 2142 1099 in
2184 1045 2584 1100 Alexandrinos
2615 1039 2981 1096 observantia:
3008 1044 3195 1095 testes.
3244 1034 3299 1087 in
3327 1033 3532 1102 quibus
3564 1047 3675 1085 non

2089 1144 2264 1196 solum
2292 1139 2581 1194 Eranisten
2628 1152 2738 1190 non
2764 1132 2998 1189 obscure
3026 1128 3192 1185 faciat
3218 1126 3672 1189 Alexandrinum,

2088 1233 2183 1288 sed
2214 1233 2378 1286 etiam
2417 1230 2524 1284 [icti
2556 1227 2799 1282 nominis
2824 1225 2968 1279 illius
3017 1224 3164 1275 larva
3190 1219 3276 1272 vel
3300 1216 3563 1288 Cyrillum
3590 1216 3673 1268 in-

2089 1326 2242 1389 duat,
2294 1322 2524 1393 perinde
2566 1337 2630 1375 ac
2684 1320 2728 1374 si
2771 1334 2880 1373 una
2931 1316 3233 1383 eademque
3267 1311 3456 1382 Cyrilli
3486 1310 3674 1379 opinio

2090 1417 2324 1473 diversis
2373 1412 2715 1482 temporibus
2768 1410 3042 1463 diversam
3091 1408 3322 1459 fortnam
3370 1401 3613 1455 induerit
3658 1418 3670 1452 :

2091 1509 2251 1563 aliam
2279 1522 2476 1576 nempe
2501 1546 2515 1569 ,
2572 1514 2864 1572 antequam
2893 1498 3333 1554 anathematismi
3372 1495 3674 1565 reprehen-

2092 1601 2390 1663 derentur;
2430 1598 2615 1659 aliam,
2648 1610 2771 1647 cum
2803 1593 3113 1646 sanciretur
3144 1605 3247 1659 pax
3272 1587 3671 1651 Eeclesiarum;

2093 1692 2252 1746 aliam
2308 1689 2646 1744 reviviscens
2680 1688 2735 1741 in
2763 1684 3067 1740 monachis.
3112 1691 3227 1735 tum
3249 1679 3524 1744 Armenis,
3560 1687 3677 1733 tum

407 1766 655 1836 Josephi,
694 1749 788 1837 qui
823 1769 955 1823 olim
984 1769 1041 1823 in
1060 1767 1295 1842 {Egypto
1318 1780 1545 1841 propter
1565 1749 1786 1842 nuptias
1805 1780 1991 1828 sancte
2025 1749 2734 1853 B‘Constaminopolitanis.

411 1862 587 1917 cultas
610 1862 831 1933 indigna
853 1879 1048 1933 passus
1074 1865 1166 1930 sit,
1190 1880 1256 1920 ac
1273 1881 1496 1919 carcere
1518 1867 1841 1931 conclusus;
1877 1874 1991 1920 tum

411 1953 635 2009 Davidis
657 1998 670 2021 ,
726 1954 821 2025 qui
872 1957 1022 2011 velut
1057 1957 1333 2027 impotens
1367 1963 1634 2028 tyrannus
1683 1957 1891 2029 eiectus
1923 1960 1995 2013 sit

414 2047 468 2101 iu
493 2048 778 2113 exsilium;
812 2054 925 2103 tum
946 2050 1113 2104 etiam
1135 2049 1367 2115 Christi,
1400 2052 1494 2119 qui
1520 2049 1780 2105 seductor
1798 2050 1990 2105 audiit.

410 2140 707 2195 Alludebat
738 2139 948 2195 scilicet
982 2141 1051 2195 ad
1085 2157 1280 2196 causas
1305 2150 1438 2206 tres,
1478 2150 1706 2212 propter
1729 2159 1865 2212 quas
1898 2159 1993 2197 ve-

413 2232 646 2286 xabatur
680 2250 692 2286 :
726 2234 870 2302 quod
901 2233 1213 2289 ordiuasset
1236 2234 1506 2289 lreuaaum
1527 2235 1824 2305 digamum,
1848 2235 1995 2305 quod

414 2322 471 2379 in
508 2323 730 2395 synodis
783 2325 1193 2389 dominaretur,
1248 2334 1305 2382 et
1335 2327 1483 2396 quod
1513 2329 1872 2384 concionibus
1900 2344 1996 2399 po-

415 2417 576 2489 pulos
607 2415 871 2470 seducere
903 2416 1203 2471 diceretur.

489 2500 579 2561 1V.
632 2502 839 2561 Deinde
868 2507 1121 2576 queritur
1138 2504 1207 2574 ⁷⁸,
1245 2525 1303 2564 se
1339 2508 1647 2566 inauditum
1677 2527 1709 2565 a
1736 2507 1998 2566 Dioscoro

417 2594 761 2664 damnatum,
781 2614 905 2652 cum
928 2597 981 2652 id
1000 2599 1219 2653 crimini
1236 2600 1483 2667 daretur,
1502 2603 1648 2671 quod
1669 2618 1766 2672 pro
1782 2602 1999 2657 concio-

415 2702 487 2744 ne
504 2688 810 2744 Antiochim
837 2688 1118 2744 Christum
1149 2691 1203 2745 in
1228 2690 1366 2744 duos
1391 2691 1533 2745 filios
1552 2690 1850 2745 divisisset.
1875 2691 1999 2746 Haec

417 2780 510 2834 illa
538 2780 732 2835 concio
758 2786 870 2843 est,
926 2796 1034 2851 qua
1083 2781 1139 2836 in
1167 2792 1418 2837 sanctum
1445 2782 1707 2853 Cyrillum
1735 2782 1845 2837 vita
1870 2781 1998 2835 fun-

416 2882 569 2928 ctum
594 2873 793 2928 acerbe
815 2872 972 2936 dixit,
1005 2873 1108 2929 sub
1131 2873 1297 2929 ﬁnem
1319 2875 1449 2929 anni
1470 2875 1595 2929 444.
1626 2875 1765 2929 Hinc
1781 2873 2002 2929 concio-

414 2962 504 3021 nis
536 2959 826 3036 γνησιότης
854 2965 1142 3035 probatur.

493 3056 559 3111 ν.
613 3051 810 3112 Postea
855 3052 924 3111 de
965 3052 1382 3112 accusatoribus
1416 3057 1494 3119 ait

414 3154 529 3204 tres
554 3137 711 3210 sunt,
764 3153 861 3200 aut
890 3152 1126 3215 quatuor
1150 3184 1164 3210 ,
1201 3153 1295 3199 aut
1324 3145 1637 3214 quindecim
1665 3162 1680 3210 ;
1742 3159 1843 3214 ego
1866 3159 1998 3198 vero

415 3240 618 3295 multas
663 3238 949 3292 hominum
998 3236 1269 3307 myriades
1322 3245 1485 3291 rectae
1524 3236 1787 3291 doctrinas
1832 3243 2000 3291 testes

416 3322 673 3386 habeo".
701 3348 719 3380 ›
760 3328 946 3391 Addit,
981 3343 1091 3397 quo
1110 3327 1326 3397 plausu,
1362 3343 1578 3396 quaque
1609 3327 2001 3397 approbatione

419 3436 730 3479 sermonem
754 3418 823 3474 ad
846 3419 1112 3489 populum
1137 3419 1441 3474 Antiochia:
1472 3418 1650 3473 facere
1671 3419 1892 3474 soleret.

491 3516 585 3571 Vl.
634 3513 773 3568 Tum
818 3512 982 3566 ﬁdem
1022 3527 1179 3566 suam
1227 3511 1295 3565 de
1337 3527 1448 3565 uno
1484 3510 1656 3575 Filio,
1695 3520 1752 3565 et
1778 3507 2001 3581 Virgine

419 3606 654 3679 Deipara
685 3605 930 3675 exponit,
972 3602 1431 3672 testimoniisque,
1458 3603 1655 3672 partim
1681 3601 1999 3671 Scripturae,

419 3700 617 3772 partim
638 3696 859 3753 Patrum
880 3699 1168 3750 conﬁrmat
1188 3712 1201 3748 :
1221 3695 1468 3749 meminit
1488 3710 1620 3749 vero
1646 3695 1788 3749 inter
1815 3696 2003 3749 Patres

419 3788 735 3845 aﬂ‘erendos
781 3786 1076 3843 Alexandri
1103 3786 1463 3842 etAthanasii
1506 3787 2001 3842 Alexandrinorum

424 3874 741 3951 praesulum,
782 3879 1032 3948 quamvis
1055 3879 1215 3934 ambo
1245 3878 1563 3934 defensores
1585 3874 1695 3934 sint
1729 3878 1893 3933 unius
1917 3878 2002 3931 in-

423 3980 659 4028 carnatae
687 3971 851 4027 Verbi
876 3981 1087 4026 natura:
1133 3989 1145 4025 :
1188 3972 1437 4040 meminit
1460 3986 1679 4041 quoque
1716 3970 2004 4039 Theophili

422 4074 481 4121 et
508 4064 718 4136 Cyrilli,
752 4080 862 4133 pra:
883 4063 1050 4117 animi
1073 4064 1425 4128 confidentia,
1455 4065 1609 4133 quasi
1634 4063 1761 4117 inde
1783 4077 2003 4116 causam

424 4156 778 4227 potissimum
813 4170 967 4211 suam
1007 4155 1313 4227 adjuvaret,
1362 4156 1507 4209 unde
1535 4153 1852 4209 labefactari
1880 4167 2004 4207 cre-

333 4279 343 4286 -
428 4242 678 4303 debetur.

494 4330 651 4407 331
690 4336 803 4392 Vll.
828 4312 1079 4394 Ostentat
1105 4352 1326 4408 quoque
1355 4350 1514 4391 suum
1541 4349 1665 4388 cum
1686 4328 1889 4404 Cyrillo
1911 4332 2005 4386 lit-

1540 3076 1552 3111 :
1600 3077 1618 3109 ι
1645 3053 1729 3113 Illi
1772 3056 1993 3128 quidem
2027 3080 2067 3137 ο

2236 1894 2479 1967 Epistola
2502 1894 2591 1959 84,
2624 1890 2888 1963 enryclica
2926 1890 2996 1943 ad
3022 1891 3287 1961 episcopos
3314 1888 3533 1944 Ciliciw.

2164 2011 2207 2065 l.
2241 2008 2449 2063 Eodem
2481 2015 2751 2075 tempore,
2787 2020 2898 2074 quo
2918 2001 3254 2074 praecedens,
3286 2009 3341 2055 et
3364 2000 3561 2054 eodem
3586 2013 3675 2053 ar-

2095 2110 2357 2174 gumento
2405 2099 2610 2168 scripta
2648 2106 2734 2152 est
2782 2116 2795 2150 :
2838 2096 3091 2167 pluribus
3115 2095 3264 2149 enim
3293 2092 3679 2147 Theodoretus

2094 2195 2292 2265 probat
2323 2190 2591 2246 unitatem
2619 2187 2764 2252 Filii,
2801 2197 3098 2256 monetque
3129 2184 3469 2239 coercendos
3498 2183 3677 2252 pmnis

2095 2283 2484 2341 ecclesiasticis
2509 2295 2625 2345 eos,
2677 2279 2771 2349 qui
2804 2278 3085 2333 Christum
3118 2277 3171 2330 in
3199 2276 3337 2331 duos
3362 2272 3676 2329 ﬁliosdivi-

2097 2377 2321 2441 dercnt;
2370 2373 2572 2444 quippe
2607 2387 2730 2426 cum
2761 2370 2888 2424 inde
2920 2378 3040 2424 orla
3071 2369 3351 2423 diceretur
3398 2381 3563 2420 causa
3585 2381 3679 2420 ca-

2097 2466 2321 2523 lumnia:
2345 2465 2401 2519 in
2423 2463 2733 2519 Orientales
2748 2462 2986 2532 iactatae,
3010 2459 3157 2528 quod
3178 2460 3233 2512 in
3254 2457 3447 2512 Cilicia
3469 2456 3683 2510 ferren-

2102 2568 2190 2613 tur
2217 2571 2358 2619 essc,
2390 2554 2485 2624 qui
2513 2554 2663 2608 hunc
2684 2566 2930 2606 errorem
2955 2558 3226 2605 errarent.

2169 2652 2184 2668 '
2206 2647 2272 2701 ll.
2294 2644 2639 2716 Encyclicam
2661 2641 2934 2710 inscripsi,
2953 2641 3245 2709 siquidem,
3266 2648 3326 2692 ut
3343 2653 3408 2692 ex
3424 2634 3679 2705 sequenti

2099 2736 2329 2807 epistola
2361 2740 2595 2797 constat,
2628 2732 2794 2785 missa
2820 2729 2890 2783 sit
2922 2729 2987 2783 ad
3016 2729 3302 2797 utriusque
3326 2725 3535 2781 Ciliciae
3560 2724 3680 2793 epi-

2100 2843 2316 2898 scopos,
2370 2826 2422 2880 id
2467 2832 2569 2889 est,
2617 2823 2685 2878 ad
2733 2822 3021 2889 utriusque
3049 2819 3344 2889 provincia:
3393 2817 3676 2887 primates,

2101 2921 2425 2975 Tarsensem
2460 2917 2671 2986 priuue,
2705 2913 3150 2969 Anazarbenscm
3182 2909 3456 2973 secundae,
3490 2908 3587 2977 qui
3612 2906 3681 2961 de

2100 3026 2253 3066 more
2302 3009 2369 3063 ad
2418 3009 2712 3063 inferiores
2739 3007 2982 3076 reliquos
3029 3001 3488 3058 transmitterem.
3525 2996 3681 3053 Unde

2102 3102 2320 3172 opinor,
2350 3099 2760 3154 Theodoretum
2794 3114 2904 3151 non
2927 3112 3050 3158 suo,
3084 3095 3179 3149 sed
3213 3092 3297 3145 vel
3323 3090 3683 3145 Antiochense

2101 3195 2186 3248 vel
2218 3191 2595 3263 Euphratesiae
2624 3190 2813 3261 synodi
2841 3190 3062 3242 nomine
3089 3185 3396 3254 scripsisse.

2173 3286 2264 3339 Ill.
2304 3285 2378 3339 Ea
2406 3290 2733 3353 tempestate
2767 3279 3093 3335 Theodorus
3117 3276 3291 3337 Tarsi,
3332 3273 3508 3345 Cyrus
3535 3272 3674 3325 Ana-

2103 3375 2252 3432 zarbi
2288 3375 2473 3429 sedem
2506 3373 2762 3437 tenebat,
2821 3380 2883 3425 ut
2917 3369 3196 3440 colligitur
3225 3383 3292 3421 ex
3321 3361 3682 3435 sequentibus

2109 3467 2333 3541 synodis
2357 3465 2534 3520 tribus
2566 3480 2689 3517 mox
2711 3463 2934 3516 habitis.

2175 3559 2264 3613 Ν.
2302 3558 2473 3612 Porro
2502 3563 2682 3608 autem
2718 3555 2773 3606 in
2800 3554 2903 3607 hac
2928 3551 3186 3622 pericope
3217 3567 3228 3602 :
3268 3568 3285 3599 ι
3305 3547 3447 3602 Sunt
3472 3554 3677 3609 autem,

2104 3651 2196 3722 qui
2222 3652 2425 3715 dicant,
2455 3647 2746 3703 calumniae
2768 3660 2988 3700 causam
3016 3659 3113 3698 eos
3133 3641 3379 3710 arripere
3403 3654 3471 3692 ex
3491 3635 3682 3707 paucis

2103 3739 2470 3811 quibusdam,
2529 3735 2624 3805 qui
2676 3734 2821 3804 apud
2871 3749 2973 3787 nos
3027 3733 3100 3786 ita
3145 3730 3422 3792 sentiunt;
3455 3747 3472 3777 ›
3528 3741 3680 3779 com-

2103 3828 2363 3885 mutanda
2393 3826 2610 3880 videtur
2637 3840 2741 3879 vox
2771 3823 2961 3893 prima:
2995 3836 3264 3890 person-.e,
3288 3818 3343 3871 in
3365 3830 3559 3870 vocem
3599 3829 3683 3869 se-

2105 3921 2318 3983 cundre,
2358 3917 2819 3985 scribendumque
2850 3915 2905 3968 in
2927 3921 3075 3968 textu
3098 3912 3286 3966 Graeco
3300 3911 3346 3941 ⁷³
3379 3912 3509 3979 παρ’
3533 3908 3679 3976 ὑμῖν,

2104 4029 2213 4067 non
2243 4012 2370 4081 παρ’
2401 4011 2561 4080 ἡμῖν,
2597 4010 2651 4062 in
2685 4008 2881 4062 Latino
2909 4005 3049 4078 apud
3077 4020 3186 4065 vos,
3239 4017 3348 4055 non
3377 4000 3523 4070 apud
3547 4013 3679 4051 nos:

2108 4114 2257 4159 totus
2280 4103 2426 4157 enim
2455 4109 2745 4156 contextus
2774 4100 2915 4153 hanc
2938 4095 3376 4152 emendationem
3399 4092 3586 4162 exigit.

2106 4218 2266 4289 332
2282 4213 2523 4286 Epistola
2543 4213 2630 4277 85,
2657 4211 2982 4283 apologetica
3003 4209 3071 4262 ad
3086 4207 3211 4261 Basi
3219 4206 3345 4258 lium
3361 4205 3675 4275 episcopum.

2178 4331 2220 4384 Ι.
2254 4328 2604 4384 Manifestum
2636 4326 2805 4381 habet
2852 4322 3115 4393 temporis
3140 4320 3404 4375 indicium
3438 4336 3452 4371 :
3481 4316 3679 4385 scripta

426 4438 672 4483 terarum
699 4430 1091 4484 commercium
1192 4437 1250 4483 ut
1278 4428 1442 4481 tacite
1467 4424 1704 4478 dilueret
1735 4424 2002 4494 obiectam
2035 4413 2081 4470 Ῐ)
2107 4424 2253 4478 enim
2298 4433 2382 4478 est
2406 4422 2585 4491 primo
2626 4426 2749 4489 post
2788 4418 2944 4471 datas
2985 4430 3015 4468 a
3056 4411 3405 4467 Theodoreto
3433 4407 3501 4463 ad
3526 4407 3679 4461 Dios-

425 4520 591 4574 arrimi
616 4519 669 4573 in
692 4519 954 4591 Cyrillum
976 4518 1370 4591 impotentiam.
1394 4516 1596 4572 Verum
1617 4516 1741 4569 silet
1767 4530 2008 4582 conque—

425 4620 571 4665 stum
599 4626 720 4666 esse
760 4612 957 4666 Joanni
987 4609 1329 4666 Antiocheno
1368 4605 1627 4676 Cyrillum
1656 4645 1669 4670 ,
1721 4603 1866 4673 quod
1892 4603 2006 4659 suis

430 4703 627 4758 litteris
655 4703 1004 4758 abuteretur.

500 4793 637 4847 Vlll.
694 4794 942 4863 Denique
990 4788 1450 4844 anathematismo
1483 4785 1645 4839 ﬁdem
1677 4796 1834 4838 suam
1869 4800 2002 4838 con-

429 4880 601 4935 cludit
646 4899 661 4934 :
715 4902 731 4932 ι
758 4881 812 4935 Si
838 4881 966 4950 quis
990 4886 1234 4932 sanctam
1262 4875 1537 4944 Virginem
1573 4873 1858 4944 Deiparam
1891 4890 2000 4929 non

430 4972 584 5035 dicit,
610 4981 705 5025 aut
728 4985 927 5040 purum
949 4966 1227 5022 hominem
1251 4974 1408 5019 vocat
1440 4964 1730 5018 Dominum
1752 4975 2002 5020 nostrum

433 5064 614 5119 Iesum
660 5062 972 5123 Christum,
1023 5057 1111 5110 vel
1161 5059 1216 5110 in
1259 5056 1398 5111 duos
1426 5055 1567 5110 ﬁlios
1605 5056 1802 5111 dividit
1832 5073 2001 5111 unum

432 5152 783 5231 Unigenitum
820 5164 884 5203 ac
902 5146 1325 5217 primogenitum
1343 5146 1522 5200 omnis
1538 5155 1835 5203 creaturae:
1860 5163 1890 5202 a
1907 5163 2003 5218 spe

434 5245 490 5298 in
512 5243 790 5299 Christum
818 5238 1036 5293 excidat
1057 5278 1072 5303 ,
1106 5245 1164 5293 et
1188 5238 1333 5293 dicet
1358 5239 1539 5294 omnis
1563 5240 1797 5310 populus
1823 5257 1837 5294 :
1860 5241 2000 5305 Fiat,

435 5334 543 5388 fiat.
560 5352 576 5383 ι
616 5331 814 5385 Verum
837 5330 1028 5386 eadem
1053 5330 1219 5385 verba
1242 5330 1528 5387 Nestorius
1549 5332 1666 5386 sine
1681 5331 2003 5403 prtejudicio

2105 4530 2297 4570 eorum
2349 4513 2716 4583 apologeticas
2745 4510 2987 4573 litteras;
3018 4496 3283 4570 secundo,
3313 4511 3436 4573 post
3455 4502 3678 4556 missum

2106 4620 2136 4658 a
2159 4605 2421 4658 Dioscoro
2449 4599 2966 4669 Constantinopolin
2991 4597 3306 4667 episcopum
3327 4635 3341 4658 ,
3378 4593 3473 4663 qui
3500 4592 3680 4647 Theo-

2105 4695 2355 4750 doretum
2387 4693 2632 4761 aliosque
2660 4690 2967 4746 Orientales
3000 4687 3143 4757 apud
3175 4688 3566 4755 imperatorem
3595 4697 3681 4736 ac-

2105 4794 2356 4853 cusaret;
2412 4785 2609 4848 tertio,
2664 4783 2827 4837 simul
2873 4796 2999 4835 cum
3033 4779 3263 4849 epistola
3287 4781 3677 4845 consequente,

2110 4880 2368 4936 Flaviano
2414 4877 2707 4947 inscripta;
2770 4883 2826 4929 et
2875 4883 3000 4943 post
3035 4871 3366 4942 encyclicam
3395 4869 3677 4939 epistolam

2109 4973 2175 5028 ad
2205 4973 2492 5041 utriusque
2518 4969 2725 5025 Cilicize
2747 4967 3032 5037 primates.

2181 5066 2247 5119 II.
2300 5064 2426 5118 Haec
2465 5063 2569 5115 tria
2625 5056 2904 5114 suntanni
2933 5056 3038 5110 448
3090 5049 3675 5123 incipientisindicia:

2110 5170 2237 5208 nam
2273 5153 2563 5207 Flavianus
2586 5147 2853 5203 successit
2877 5146 3072 5201 Proclo
3101 5144 3205 5199 sub
3227 5142 3391 5196 ﬁnem
3412 5142 3539 5195 anni
3557 5139 3675 5193 447.

2111 5244 2494 5324 Theodoretus
2522 5240 2890 5309 apologeticas
2915 5237 3137 5307 scripsit
3162 5235 3227 5289 ad
3250 5234 3572 5287 Dioscorum
3595 5229 3681 5284 tie

2110 5322 2265 5383 teras
2278 5344 2421 5382 anno
2446 5329 2547 5382 M7
2568 5328 2678 5396 jam
2707 5325 2925 5389 aifecto,
2953 5332 3009 5380 et
3031 5340 3098 5379 eo
3121 5332 3365 5391 tempore
3388 5322 3679 5376 Dioscorus

1794 5502 2113 5562 SCHULZlI
2149 5503 2383 5559 hOTzE.

505 5635 554 5667 7°
588 5634 663 5689 Ad
693 5651 893 5717 annum
918 5636 1119 5693 Christi
1149 5640 1272 5703 M8,
1299 5638 1533 5694 refertur
1562 5639 1721 5699 infra.
1745 5656 1795 5693 (ι.
1821 5640 1873 5705 6,
1899 5640 1924 5711 §
1952 5639 1995 5691 Ι.

436 5704 622 5758 Ιείζιεηι
645 5708 911 5758 nomtuilt.
937 5708 1160 5758 Prmstat
1191 5718 1369 5758 autem
1401 5709 1561 5758 lectio
1596 5712 1896 5758 ἀκροατῶν-
1922 5726 1988 5758 an

2109 5641 2118 5669 ¹
2149 5639 2268 5694 Vid.
2289 5654 2472 5719 supra,
2504 5655 2557 5717 p.
2596 5634 2692 5692 173
2715 5645 2769 5691 et
2807 5636 2929 5717 139.9.
3007 5637 3049 5666 τ’
3074 5636 3226 5689 Haut.
3265 5631 3589 5713 ἀνθρώπων,
3623 5640 3682 5683 ut

2109 5726 2242 5758 rmn.
2280 5710 2322 5738 ’⁷³
2358 5709 2474 5758 th.
2505 5718 2664 5758 istam
2701 5708 2985 5758 lectionem
3020 5721 3199 5758 suum.
3235 5713 3270 5757 t.
3310 5703 3396 5758 IV.
3432 5718 3486 5758 D.
3528 5701 3676 5755 1152.

459 5716 622 5774 είζιιηι
645 5708 911 5762 nonnuili.
937 5708 1160 5763 Prmstat
1191 5701 1369 5764 autem
1400 5709 1561 5763 lectio
1596 5701 2242 5778 ἁκροατώὺξαηάίτονυηι.
2280 5710 2322 5738 ’⁷³
2358 5701 2474 5762 Vid.
2505 5701 2664 5762 istam
2701 5707 2985 5761 lectionem
3020 5721 3199 5765 supra.
3235 5713 3270 5757 t.
3310 5701 3396 5766 IV,
3432 5718 3486 5772 p.
3528 5701 3676 5755 “52.
