  <div class='ocr_page' id='page_1' title='image "/cluster/home/n/w/nwhite01/storage/ocr_20150623/84/pst.000005712830/148.png"; bbox 0 0 3952 6294; ppageno 0'>
   <div class='ocr_carea' id='block_1_1' title="bbox 112 321 207 384">
    <p class='ocr_par' dir='ltr' id='par_1_1' title="bbox 112 321 207 384">
     <span class='ocr_line' id='line_1_1' title="bbox 112 321 207 384; baseline -0.011 0"><span class='ocrx_word' id='word_1_1' title='bbox 112 321 207 384; x_wconf 60' lang='grc' dir='ltr'>ΞΜ</span> 
     </span>
    </p>
   </div>
   <div class='ocr_carea' id='block_1_2' title="bbox 1317 328 2254 391">
    <p class='ocr_par' dir='ltr' id='par_1_2' title="bbox 1317 328 2254 391">
     <span class='ocr_line' id='line_1_2' title="bbox 1317 328 2254 391; baseline 0 -4"><span class='ocrx_word' id='word_1_2' title='bbox 1317 330 1415 388; x_wconf 87' lang='lat' dir='ltr'><strong>DE</strong></span> <span class='ocrx_word' id='word_1_3' title='bbox 1455 329 1709 391; x_wconf 81' lang='lat' dir='ltr'><strong>LIBRIS</strong></span> <span class='ocrx_word' id='word_1_4' title='bbox 1743 328 2254 389; x_wconf 81' lang='lat' dir='ltr'><strong>THEODORETI.</strong></span> 
     </span>
    </p>
   </div>
   <div class='ocr_carea' id='block_1_3' title="bbox 3297 327 3404 388">
    <p class='ocr_par' dir='ltr' id='par_1_3' title="bbox 3297 327 3404 388">
     <span class='ocr_line' id='line_1_3' title="bbox 3297 327 3404 388; baseline -0.009 0"><span class='ocrx_word' id='word_1_5' title='bbox 3297 327 3404 388; x_wconf 69' lang='lat'><strong>282</strong></span> 
     </span>
    </p>
   </div>
   <div class='ocr_carea' id='block_1_4' title="bbox 122 434 3407 509">
    <p class='ocr_par' dir='ltr' id='par_1_4' title="bbox 122 434 3407 509">
     <span class='ocr_line' id='line_1_4' title="bbox 122 434 3407 509; baseline 0.001 -20"><span class='ocrx_word' id='word_1_6' title='bbox 122 435 220 506; x_wconf 82' lang='lat' dir='ltr'><strong>jam</strong></span> <span class='ocrx_word' id='word_1_7' title='bbox 271 434 524 490; x_wconf 83' lang='lat' dir='ltr'><strong>miserat</strong></span> <span class='ocrx_word' id='word_1_8' title='bbox 567 435 621 490; x_wconf 91' lang='lat' dir='ltr'><strong>in</strong></span> <span class='ocrx_word' id='word_1_9' title='bbox 666 435 859 490; x_wconf 83' lang='lat' dir='ltr'><strong>urbem</strong></span> <span class='ocrx_word' id='word_1_10' title='bbox 920 435 1122 507; x_wconf 76' lang='lat' dir='ltr'><strong>regiam</strong></span> <span class='ocrx_word' id='word_1_11' title='bbox 1180 446 1553 491; x_wconf 73' lang='lat' dir='ltr'><strong>accusatorem</strong></span> <span class='ocrx_word' id='word_1_12' title='bbox 1603 437 1719 507; x_wconf 82' lang='lat' dir='ltr'><strong>epi-</strong></span> <span class='ocrx_word' id='word_1_13' title='bbox 1753 444 1795 499; x_wconf 68' lang='grc' dir='ltr'>Α</span> <span class='ocrx_word' id='word_1_14' title='bbox 1826 437 2015 506; x_wconf 76' lang='lat' dir='ltr'><strong>bytero</strong></span> <span class='ocrx_word' id='word_1_15' title='bbox 2046 438 2310 499; x_wconf 76' lang='lat' dir='ltr'><strong>habitam,</strong></span> <span class='ocrx_word' id='word_1_16' title='bbox 2343 437 2775 507; x_wconf 81' lang='lat' dir='ltr'><strong>expositamque,</strong></span> <span class='ocrx_word' id='word_1_17' title='bbox 2808 444 2869 491; x_wconf 88' lang='lat' dir='ltr'><strong>ut</strong></span> <span class='ocrx_word' id='word_1_18' title='bbox 2907 439 3123 509; x_wconf 83' lang='lat' dir='ltr'><strong>Opinor,</strong></span> <span class='ocrx_word' id='word_1_19' title='bbox 3166 438 3407 493; x_wconf 80' lang='lat' dir='ltr'><strong>Athana—</strong></span> 
     </span>
    </p>
   </div>
   <div class='ocr_carea' id='block_1_5' title="bbox 123 539 375 595">
    <p class='ocr_par' dir='ltr' id='par_1_5' title="bbox 123 539 375 595">
     <span class='ocr_line' id='line_1_5' title="bbox 123 539 375 595; baseline -0.004 -14"><span class='ocrx_word' id='word_1_20' title='bbox 123 539 375 595; x_wconf 83' lang='lat' dir='ltr'><strong>scopum.</strong></span> 
     </span>
    </p>
   </div>
   <div class='ocr_carea' id='block_1_6' title="bbox 190 616 1723 689">
    <p class='ocr_par' dir='ltr' id='par_1_6' title="bbox 190 616 1723 689">
     <span class='ocr_line' id='line_1_6' title="bbox 190 616 1723 689; baseline 0 -18"><span class='ocrx_word' id='word_1_21' title='bbox 190 616 276 671; x_wconf 85' lang='grc' dir='ltr'><strong>ΙΙΙ.</strong></span> <span class='ocrx_word' id='word_1_22' title='bbox 317 616 594 684; x_wconf 80' lang='lat' dir='ltr'><strong>Basilius,</strong></span> <span class='ocrx_word' id='word_1_23' title='bbox 632 618 724 674; x_wconf 92' lang='lat' dir='ltr'><strong>cui</strong></span> <span class='ocrx_word' id='word_1_24' title='bbox 755 617 985 689; x_wconf 87' lang='lat' dir='ltr'><strong>epistola</strong></span> <span class='ocrx_word' id='word_1_25' title='bbox 1015 616 1361 681; x_wconf 75' lang='lat' dir='ltr'><strong>inscribitur,</strong></span> <span class='ocrx_word' id='word_1_26' title='bbox 1393 616 1527 687; x_wconf 91' lang='lat' dir='ltr'><strong>quin</strong></span> <span class='ocrx_word' id='word_1_27' title='bbox 1556 617 1723 673; x_wconf 81' lang='lat' dir='ltr'><strong>fuerit</strong></span> 
     </span>
    </p>
   </div>
   <div class='ocr_carea' id='block_1_7' title="bbox 128 708 1718 781">
    <p class='ocr_par' dir='ltr' id='par_1_7' title="bbox 128 708 1718 781">
     <span class='ocr_line' id='line_1_7' title="bbox 128 708 1718 781; baseline 0.001 -19"><span class='ocrx_word' id='word_1_28' title='bbox 128 708 391 764; x_wconf 68' lang='lat' dir='ltr'><strong>Seleuciae</strong></span> <span class='ocrx_word' id='word_1_29' title='bbox 418 711 744 781; x_wconf 90' lang='lat' dir='ltr'><strong>cpiscopus,</strong></span> <span class='ocrx_word' id='word_1_30' title='bbox 778 726 842 764; x_wconf 90' lang='lat' dir='ltr'><strong>ac</strong></span> <span class='ocrx_word' id='word_1_31' title='bbox 873 708 1092 765; x_wconf 71' lang='lat' dir='ltr'><strong>[saurire</strong></span> <span class='ocrx_word' id='word_1_32' title='bbox 1116 710 1340 779; x_wconf 87' lang='lat' dir='ltr'><strong>primas,</strong></span> <span class='ocrx_word' id='word_1_33' title='bbox 1386 709 1576 763; x_wconf 85' lang='lat' dir='ltr'><strong>nullus</strong></span> <span class='ocrx_word' id='word_1_34' title='bbox 1601 708 1718 763; x_wconf 83' lang='lat' dir='ltr'><strong>fere</strong></span> 
     </span>
    </p>
   </div>
   <div class='ocr_carea' id='block_1_8' title="bbox 128 800 1723 873">
    <p class='ocr_par' dir='ltr' id='par_1_8' title="bbox 128 800 1723 873">
     <span class='ocr_line' id='line_1_8' title="bbox 128 800 1723 873; baseline 0 -18"><span class='ocrx_word' id='word_1_35' title='bbox 128 800 313 856; x_wconf 88' lang='lat' dir='ltr'><strong>dubito</strong></span> <span class='ocrx_word' id='word_1_36' title='bbox 342 820 356 854; x_wconf 91' lang='lat'><strong>:</strong></span> <span class='ocrx_word' id='word_1_37' title='bbox 383 818 522 857; x_wconf 88' lang='lat' dir='ltr'><strong>nam</strong></span> <span class='ocrx_word' id='word_1_38' title='bbox 543 812 600 857; x_wconf 91' lang='lat' dir='ltr'><strong>et</strong></span> <span class='ocrx_word' id='word_1_39' title='bbox 617 803 805 873; x_wconf 69' lang='lat' dir='ltr'><strong>prima:</strong></span> <span class='ocrx_word' id='word_1_40' title='bbox 823 802 1030 857; x_wconf 68' lang='lat' dir='ltr'><strong>Ciliciae</strong></span> <span class='ocrx_word' id='word_1_41' title='bbox 1049 801 1266 856; x_wconf 85' lang='lat' dir='ltr'><strong>vicinus</strong></span> <span class='ocrx_word' id='word_1_42' title='bbox 1285 810 1425 865; x_wconf 91' lang='lat' dir='ltr'><strong>erat,</strong></span> <span class='ocrx_word' id='word_1_43' title='bbox 1443 810 1498 855; x_wconf 92' lang='lat' dir='ltr'><strong>et</strong></span> <span class='ocrx_word' id='word_1_44' title='bbox 1515 816 1723 871; x_wconf 74' lang='lat' dir='ltr'><strong>magna:</strong></span> 
     </span>
    </p>
   </div>
   <div class='ocr_carea' id='block_1_9' title="bbox 131 892 1721 959">
    <p class='ocr_par' dir='ltr' id='par_1_9' title="bbox 131 892 1721 959">
     <span class='ocr_line' id='line_1_9' title="bbox 131 892 1721 959; baseline 0.001 -15"><span class='ocrx_word' id='word_1_45' title='bbox 131 901 251 946; x_wconf 87' lang='lat' dir='ltr'><strong>tunc</strong></span> <span class='ocrx_word' id='word_1_46' title='bbox 294 893 683 957; x_wconf 74' lang='lat' dir='ltr'><strong>auctoritatis,</strong></span> <span class='ocrx_word' id='word_1_47' title='bbox 723 894 889 947; x_wconf 88' lang='lat' dir='ltr'><strong>etiam</strong></span> <span class='ocrx_word' id='word_1_48' title='bbox 926 895 979 946; x_wconf 91' lang='lat' dir='ltr'><strong>in</strong></span> <span class='ocrx_word' id='word_1_49' title='bbox 1011 894 1134 948; x_wconf 87' lang='lat' dir='ltr'><strong>aula</strong></span> <span class='ocrx_word' id='word_1_50' title='bbox 1156 932 1170 959; x_wconf 87' lang='lat'><strong>,</strong></span> <span class='ocrx_word' id='word_1_51' title='bbox 1234 901 1291 948; x_wconf 91' lang='lat' dir='ltr'><strong>et</strong></span> <span class='ocrx_word' id='word_1_52' title='bbox 1323 892 1563 947; x_wconf 83' lang='lat' dir='ltr'><strong>amicitia</strong></span> <span class='ocrx_word' id='word_1_53' title='bbox 1596 908 1721 948; x_wconf 88' lang='lat' dir='ltr'><strong>cum</strong></span> 
     </span>
    </p>
   </div>
   <div class='ocr_carea' id='block_1_10' title="bbox 129 967 1000 1054">
    <p class='ocr_par' dir='ltr' id='par_1_10' title="bbox 129 967 1000 1054">
     <span class='ocr_line' id='line_1_10' title="bbox 129 967 1000 1054; baseline 0.003 -18"><span class='ocrx_word' id='word_1_54' title='bbox 129 982 489 1040; x_wconf 82' lang='lat' dir='ltr'><strong>Theodoreto</strong></span> <span class='ocrx_word' id='word_1_55' title='bbox 518 987 872 1054; x_wconf 81' lang='lat' dir='ltr'><strong>conjunctus.</strong></span> <span class='ocrx_word' id='word_1_56' title='bbox 934 967 1000 1039; x_wconf 29' lang='lat' dir='ltr'><strong>CK</strong></span> 
     </span>
    </p>
   </div>
   <div class='ocr_carea' id='block_1_11' title="bbox 188 1073 1723 1146">
    <p class='ocr_par' dir='ltr' id='par_1_11' title="bbox 188 1073 1723 1146">
     <span class='ocr_line' id='line_1_11' title="bbox 188 1073 1723 1146; baseline -0.002 -15"><span class='ocrx_word' id='word_1_57' title='bbox 188 1077 276 1133; x_wconf 75' lang='grc' dir='ltr'><strong>ιγ.</strong></span> <span class='ocrx_word' id='word_1_58' title='bbox 317 1076 613 1131; x_wconf 86' lang='lat' dir='ltr'><strong>Successit</strong></span> <span class='ocrx_word' id='word_1_59' title='bbox 637 1074 900 1138; x_wconf 53' lang='lat' dir='ltr'><strong>Demiano,</strong></span> <span class='ocrx_word' id='word_1_60' title='bbox 941 1073 1034 1143; x_wconf 89' lang='lat' dir='ltr'><strong>qui</strong></span> <span class='ocrx_word' id='word_1_61' title='bbox 1061 1075 1296 1129; x_wconf 90' lang='lat' dir='ltr'><strong>concilio</strong></span> <span class='ocrx_word' id='word_1_62' title='bbox 1326 1074 1606 1146; x_wconf 89' lang='lat' dir='ltr'><strong>Ephesino</strong></span> <span class='ocrx_word' id='word_1_63' title='bbox 1640 1074 1723 1128; x_wconf 62' lang='lat' dir='ltr'><strong>in-</strong></span> 
     </span>
    </p>
   </div>
   <div class='ocr_carea' id='block_1_12' title="bbox 129 1165 1719 1237">
    <p class='ocr_par' dir='ltr' id='par_1_12' title="bbox 129 1165 1719 1237">
     <span class='ocr_line' id='line_1_12' title="bbox 129 1165 1719 1237; baseline -0.001 -17"><span class='ocrx_word' id='word_1_64' title='bbox 129 1167 339 1233; x_wconf 85' lang='lat' dir='ltr'><strong>terl&#39;uit;</strong></span> <span class='ocrx_word' id='word_1_65' title='bbox 364 1166 555 1221; x_wconf 80' lang='lat' dir='ltr'><strong>adfuit</strong></span> <span class='ocrx_word' id='word_1_66' title='bbox 581 1183 712 1221; x_wconf 86' lang='lat' dir='ltr'><strong>vero</strong></span> <span class='ocrx_word' id='word_1_67' title='bbox 743 1167 857 1237; x_wconf 89' lang='lat' dir='ltr'><strong>ipse</strong></span> <span class='ocrx_word' id='word_1_68' title='bbox 890 1173 1126 1235; x_wconf 89' lang='lat' dir='ltr'><strong>quatuor</strong></span> <span class='ocrx_word' id='word_1_69' title='bbox 1152 1166 1401 1221; x_wconf 84' lang='lat' dir='ltr'><strong>conciliis</strong></span> <span class='ocrx_word' id='word_1_70' title='bbox 1431 1183 1443 1219; x_wconf 90' lang='lat'>:</span> <span class='ocrx_word' id='word_1_71' title='bbox 1478 1165 1719 1220; x_wconf 80' lang='lat' dir='ltr'><strong>Flaviani</strong></span> 
     </span>
    </p>
   </div>
   <div class='ocr_carea' id='block_1_13' title="bbox 127 1257 1718 1328">
    <p class='ocr_par' dir='ltr' id='par_1_13' title="bbox 127 1257 1718 1328">
     <span class='ocr_line' id='line_1_13' title="bbox 127 1257 1718 1328; baseline 0 -17"><span class='ocrx_word' id='word_1_72' title='bbox 127 1258 751 1328; x_wconf 80' lang='lat' dir='ltr'><strong>Constantinopolitano</strong></span> <span class='ocrx_word' id='word_1_73' title='bbox 805 1257 1072 1312; x_wconf 86' lang='lat' dir='ltr'><strong>adversus</strong></span> <span class='ocrx_word' id='word_1_74' title='bbox 1095 1258 1379 1327; x_wconf 72' lang='lat' dir='ltr'><strong>Eutychen</strong></span> <span class='ocrx_word' id='word_1_75' title='bbox 1429 1274 1574 1312; x_wconf 91' lang='lat' dir='ltr'><strong>anno</strong></span> <span class='ocrx_word' id='word_1_76' title='bbox 1593 1257 1718 1321; x_wconf 66' lang='grc'><strong>448,</strong></span> 
     </span>
    </p>
   </div>
   <div class='ocr_carea' id='block_1_14' title="bbox 128 1348 1721 1420">
    <p class='ocr_par' dir='ltr' id='par_1_14' title="bbox 128 1348 1721 1420">
     <span class='ocr_line' id='line_1_14' title="bbox 128 1348 1721 1420; baseline -0.001 -16"><span class='ocrx_word' id='word_1_77' title='bbox 128 1349 404 1420; x_wconf 76' lang='lat' dir='ltr'><strong>Ephesino</strong></span> <span class='ocrx_word' id='word_1_78' title='bbox 439 1349 693 1403; x_wconf 88' lang='lat' dir='ltr'><strong>Dioscori</strong></span> <span class='ocrx_word' id='word_1_79' title='bbox 747 1364 891 1402; x_wconf 90' lang='lat' dir='ltr'><strong>anno</strong></span> <span class='ocrx_word' id='word_1_80' title='bbox 928 1350 1054 1412; x_wconf 67' lang='grc' dir='ltr'><strong>ΜΩ,</strong></span> <span class='ocrx_word' id='word_1_81' title='bbox 1106 1348 1538 1403; x_wconf 85' lang='lat' dir='ltr'><strong>Chalcedoncusi</strong></span> <span class='ocrx_word' id='word_1_82' title='bbox 1566 1366 1721 1403; x_wconf 73' lang='lat' dir='ltr'><strong>mcu-</strong></span> 
     </span>
    </p>
   </div>
   <div class='ocr_carea' id='block_1_15' title="bbox 129 1440 1718 1510">
    <p class='ocr_par' dir='ltr' id='par_1_15' title="bbox 129 1440 1718 1510">
     <span class='ocr_line' id='line_1_15' title="bbox 129 1440 1718 1510; baseline -0.001 -15"><span class='ocrx_word' id='word_1_83' title='bbox 129 1443 338 1495; x_wconf 80' lang='lat' dir='ltr'><strong>menico</strong></span> <span class='ocrx_word' id='word_1_84' title='bbox 368 1457 526 1495; x_wconf 88' lang='lat' dir='ltr'><strong>anno</strong></span> <span class='ocrx_word' id='word_1_85' title='bbox 549 1441 673 1504; x_wconf 69' lang='grc'><strong>451,</strong></span> <span class='ocrx_word' id='word_1_86' title='bbox 727 1450 781 1495; x_wconf 88' lang='lat' dir='ltr'><strong>et</strong></span> <span class='ocrx_word' id='word_1_87' title='bbox 829 1455 860 1494; x_wconf 89' lang='lat' dir='ltr'><strong>e</strong></span> <span class='ocrx_word' id='word_1_88' title='bbox 896 1456 993 1494; x_wconf 89' lang='lat' dir='ltr'><strong>sua</strong></span> <span class='ocrx_word' id='word_1_89' title='bbox 1024 1440 1247 1494; x_wconf 75' lang='lat' dir='ltr'><strong>Isauria:</strong></span> <span class='ocrx_word' id='word_1_90' title='bbox 1277 1440 1485 1510; x_wconf 79' lang='lat' dir='ltr'><strong>synodo</strong></span> <span class='ocrx_word' id='word_1_91' title='bbox 1520 1441 1586 1494; x_wconf 88' lang='lat' dir='ltr'><strong>ad</strong></span> <span class='ocrx_word' id='word_1_92' title='bbox 1614 1440 1718 1494; x_wconf 82' lang='lat' dir='ltr'><strong>im-</strong></span> 
     </span>
    </p>
   </div>
   <div class='ocr_carea' id='block_1_16' title="bbox 130 1532 1362 1607">
    <p class='ocr_par' dir='ltr' id='par_1_16' title="bbox 130 1532 1362 1607">
     <span class='ocr_line' id='line_1_16' title="bbox 130 1532 1362 1607; baseline -0.005 -17"><span class='ocrx_word' id='word_1_93' title='bbox 130 1544 438 1606; x_wconf 86' lang='lat' dir='ltr'><strong>peratorem</strong></span> <span class='ocrx_word' id='word_1_94' title='bbox 476 1534 721 1589; x_wconf 86' lang='lat' dir='ltr'><strong>Leonem</strong></span> <span class='ocrx_word' id='word_1_95' title='bbox 754 1532 1039 1607; x_wconf 84' lang='lat' dir='ltr'><strong>rescripsit</strong></span> <span class='ocrx_word' id='word_1_96' title='bbox 1070 1548 1216 1587; x_wconf 90' lang='lat' dir='ltr'><strong>anno</strong></span> <span class='ocrx_word' id='word_1_97' title='bbox 1240 1532 1362 1586; x_wconf 64' lang='lat'><strong>458.</strong></span> 
     </span>
    </p>
   </div>
   <div class='ocr_carea' id='block_1_17' title="bbox 194 1623 1718 1689">
    <p class='ocr_par' dir='ltr' id='par_1_17' title="bbox 194 1623 1718 1689">
     <span class='ocr_line' id='line_1_17' title="bbox 194 1623 1718 1689; baseline -0.001 -10"><span class='ocrx_word' id='word_1_98' title='bbox 194 1628 252 1680; x_wconf 71' lang='grc' dir='ltr'>ν.</span> <span class='ocrx_word' id='word_1_99' title='bbox 292 1628 424 1681; x_wconf 82' lang='lat' dir='ltr'><strong>Fuit</strong></span> <span class='ocrx_word' id='word_1_100' title='bbox 456 1626 628 1680; x_wconf 90' lang='lat' dir='ltr'><strong>homo</strong></span> <span class='ocrx_word' id='word_1_101' title='bbox 660 1624 1089 1689; x_wconf 85' lang='lat' dir='ltr'><strong>commutabilis,</strong></span> <span class='ocrx_word' id='word_1_102' title='bbox 1127 1624 1242 1677; x_wconf 92' lang='lat' dir='ltr'><strong>sive</strong></span> <span class='ocrx_word' id='word_1_103' title='bbox 1268 1623 1415 1685; x_wconf 89' lang='lat' dir='ltr'><strong>ﬁdei,</strong></span> <span class='ocrx_word' id='word_1_104' title='bbox 1452 1623 1567 1677; x_wconf 84' lang='lat' dir='ltr'><strong>sive</strong></span> <span class='ocrx_word' id='word_1_105' title='bbox 1598 1641 1718 1678; x_wconf 88' lang='lat' dir='ltr'><strong>ser-</strong></span> 
     </span>
    </p>
   </div>
   <div class='ocr_carea' id='block_1_18' title="bbox 130 1716 1715 1788">
    <p class='ocr_par' dir='ltr' id='par_1_18' title="bbox 130 1716 1715 1788">
     <span class='ocr_line' id='line_1_18' title="bbox 130 1716 1715 1788; baseline 0 -18"><span class='ocrx_word' id='word_1_106' title='bbox 130 1719 298 1773; x_wconf 89' lang='lat' dir='ltr'><strong>monis</strong></span> <span class='ocrx_word' id='word_1_107' title='bbox 353 1736 366 1771; x_wconf 91' lang='lat'>:</span> <span class='ocrx_word' id='word_1_108' title='bbox 425 1734 558 1773; x_wconf 86' lang='lat' dir='ltr'><strong>nam</strong></span> <span class='ocrx_word' id='word_1_109' title='bbox 600 1718 883 1788; x_wconf 88' lang='lat' dir='ltr'><strong>Eutychen</strong></span> <span class='ocrx_word' id='word_1_110' title='bbox 907 1716 1187 1771; x_wconf 85' lang='lat' dir='ltr'><strong>damnavit</strong></span> <span class='ocrx_word' id='word_1_111' title='bbox 1215 1730 1340 1771; x_wconf 90' lang='lat' dir='ltr'><strong>cum</strong></span> <span class='ocrx_word' id='word_1_112' title='bbox 1366 1717 1621 1769; x_wconf 84' lang='lat' dir='ltr'><strong>Flaviano</strong></span> <span class='ocrx_word' id='word_1_113' title='bbox 1659 1716 1715 1770; x_wconf 90' lang='lat' dir='ltr'><strong>in</strong></span> 
     </span>
    </p>
   </div>
   <div class='ocr_carea' id='block_1_19' title="bbox 1826 525 3409 597">
    <p class='ocr_par' dir='ltr' id='par_1_19' title="bbox 1826 525 3409 597">
     <span class='ocr_line' id='line_1_19' title="bbox 1826 525 3409 597; baseline 0.003 -18"><span class='ocrx_word' id='word_1_114' title='bbox 1826 525 1893 579; x_wconf 88' lang='lat' dir='ltr'><strong>sii</strong></span> <span class='ocrx_word' id='word_1_115' title='bbox 1954 525 2255 597; x_wconf 79' lang='lat' dir='ltr'><strong>Cyrilliquc</strong></span> <span class='ocrx_word' id='word_1_116' title='bbox 2322 525 2391 580; x_wconf 92' lang='lat' dir='ltr'><strong>de</strong></span> <span class='ocrx_word' id='word_1_117' title='bbox 2467 542 2572 580; x_wconf 91' lang='lat' dir='ltr'><strong>una</strong></span> <span class='ocrx_word' id='word_1_118' title='bbox 2639 526 2805 582; x_wconf 84' lang='lat' dir='ltr'><strong>Verbi</strong></span> <span class='ocrx_word' id='word_1_119' title='bbox 2874 528 3141 584; x_wconf 89' lang='lat' dir='ltr'><strong>iucaruati</strong></span> <span class='ocrx_word' id='word_1_120' title='bbox 3212 540 3409 585; x_wconf 86' lang='lat' dir='ltr'><strong>natura</strong></span> 
     </span>
    </p>
   </div>
   <div class='ocr_carea' id='block_1_20' title="bbox 1824 616 3406 690">
    <p class='ocr_par' dir='ltr' id='par_1_20' title="bbox 1824 616 3406 690">
     <span class='ocr_line' id='line_1_20' title="bbox 1824 616 3406 690; baseline 0.004 -20"><span class='ocrx_word' id='word_1_121' title='bbox 1824 616 2173 679; x_wconf 89' lang='lat' dir='ltr'><strong>sententiam,</strong></span> <span class='ocrx_word' id='word_1_122' title='bbox 2206 618 2496 671; x_wconf 86' lang='lat' dir='ltr'><strong>anathema</strong></span> <span class='ocrx_word' id='word_1_123' title='bbox 2524 618 2771 673; x_wconf 85' lang='lat' dir='ltr'><strong>dicerent</strong></span> <span class='ocrx_word' id='word_1_124' title='bbox 2800 619 2887 681; x_wconf 89' lang='lat' dir='ltr'><strong>iis.</strong></span> <span class='ocrx_word' id='word_1_125' title='bbox 2917 620 3011 690; x_wconf 87' lang='lat' dir='ltr'><strong>qui</strong></span> <span class='ocrx_word' id='word_1_126' title='bbox 3035 619 3318 675; x_wconf 80' lang='lat' dir='ltr'><strong>Christum</strong></span> <span class='ocrx_word' id='word_1_127' title='bbox 3352 621 3406 676; x_wconf 90' lang='lat' dir='ltr'><strong>iu</strong></span> 
     </span>
    </p>
   </div>
   <div class='ocr_carea' id='block_1_21' title="bbox 1824 704 3405 779">
    <p class='ocr_par' dir='ltr' id='par_1_21' title="bbox 1824 704 3405 779">
     <span class='ocr_line' id='line_1_21' title="bbox 1824 704 3405 779; baseline 0.006 -22"><span class='ocrx_word' id='word_1_128' title='bbox 1824 705 1962 758; x_wconf 89' lang='lat' dir='ltr'><strong>duos</strong></span> <span class='ocrx_word' id='word_1_129' title='bbox 1997 704 2133 759; x_wconf 90' lang='lat' dir='ltr'><strong>ﬁlios</strong></span> <span class='ocrx_word' id='word_1_130' title='bbox 2166 704 2498 772; x_wconf 81' lang='lat' dir='ltr'><strong>dividerent,</strong></span> <span class='ocrx_word' id='word_1_131' title='bbox 2534 707 2965 779; x_wconf 88' lang='lat' dir='ltr'><strong>nominatimque</strong></span> <span class='ocrx_word' id='word_1_132' title='bbox 2988 711 3006 730; x_wconf 79' lang='lat'>&#39;</span> <span class='ocrx_word' id='word_1_133' title='bbox 3039 710 3405 778; x_wconf 84' lang='lat' dir='ltr'><strong>Theodoreto,</strong></span> 
     </span>
    </p>
   </div>
   <div class='ocr_carea' id='block_1_22' title="bbox 1824 796 3404 870">
    <p class='ocr_par' dir='ltr' id='par_1_22' title="bbox 1824 796 3404 870">
     <span class='ocr_line' id='line_1_22' title="bbox 1824 796 3404 870; baseline 0.004 -21"><span class='ocrx_word' id='word_1_134' title='bbox 1824 798 1974 850; x_wconf 80' lang='lat' dir='ltr'><strong>velut</strong></span> <span class='ocrx_word' id='word_1_135' title='bbox 2008 796 2256 850; x_wconf 90' lang='lat' dir='ltr'><strong>omnium</strong></span> <span class='ocrx_word' id='word_1_136' title='bbox 2300 797 2663 854; x_wconf 87' lang='lat' dir='ltr'><strong>nobilissimo.</strong></span> <span class='ocrx_word' id='word_1_137' title='bbox 2692 799 3011 856; x_wconf 90' lang='lat' dir='ltr'><strong>Tumultum</strong></span> <span class='ocrx_word' id='word_1_138' title='bbox 3058 801 3244 870; x_wconf 86' lang='lat' dir='ltr'><strong>populi</strong></span> <span class='ocrx_word' id='word_1_139' title='bbox 3273 817 3404 855; x_wconf 86' lang='lat' dir='ltr'><strong>aua-</strong></span> 
     </span>
    </p>
   </div>
   <div class='ocr_carea' id='block_1_23' title="bbox 1824 886 3403 958">
    <p class='ocr_par' dir='ltr' id='par_1_23' title="bbox 1824 886 3403 958">
     <span class='ocr_line' id='line_1_23' title="bbox 1824 886 3403 958; baseline 0.003 -18"><span class='ocrx_word' id='word_1_140' title='bbox 1824 887 2006 941; x_wconf 74' lang='lat' dir='ltr'><strong>thmna</strong></span> <span class='ocrx_word' id='word_1_141' title='bbox 2052 886 2439 957; x_wconf 88' lang='lat' dir='ltr'><strong>ingeminantis</strong></span> <span class='ocrx_word' id='word_1_142' title='bbox 2466 903 2575 941; x_wconf 91' lang='lat' dir='ltr'><strong>non</strong></span> <span class='ocrx_word' id='word_1_143' title='bbox 2629 890 2891 958; x_wconf 83' lang='lat' dir='ltr'><strong>repressit</strong></span> <span class='ocrx_word' id='word_1_144' title='bbox 2936 890 3246 955; x_wconf 87' lang='lat' dir='ltr'><strong>Dioscorus,</strong></span> <span class='ocrx_word' id='word_1_145' title='bbox 3307 892 3403 945; x_wconf 89' lang='lat' dir='ltr'><strong>sed</strong></span> 
     </span>
    </p>
   </div>
   <div class='ocr_carea' id='block_1_24' title="bbox 1822 978 3404 1046">
    <p class='ocr_par' dir='ltr' id='par_1_24' title="bbox 1822 978 3404 1046">
     <span class='ocr_line' id='line_1_24' title="bbox 1822 978 3404 1046; baseline 0.004 -15"><span class='ocrx_word' id='word_1_146' title='bbox 1822 978 2101 1046; x_wconf 75' lang='lat' dir='ltr'><strong>excipiens</strong></span> <span class='ocrx_word' id='word_1_147' title='bbox 2144 978 2211 1031; x_wconf 91' lang='lat' dir='ltr'><strong>de</strong></span> <span class='ocrx_word' id='word_1_148' title='bbox 2252 994 2403 1032; x_wconf 88' lang='lat' dir='ltr'><strong>more</strong></span> <span class='ocrx_word' id='word_1_149' title='bbox 2440 979 2686 1034; x_wconf 89' lang='lat' dir='ltr'><strong>docentis</strong></span> <span class='ocrx_word' id='word_1_150' title='bbox 2719 996 3025 1035; x_wconf 85' lang='lat' dir='ltr'><strong>sermonem</strong></span> <span class='ocrx_word' id='word_1_151' title='bbox 3053 1024 3065 1045; x_wconf 91' lang='lat'><strong>,</strong></span> <span class='ocrx_word' id='word_1_152' title='bbox 3113 991 3262 1037; x_wconf 90' lang='lat' dir='ltr'><strong>stans</strong></span> <span class='ocrx_word' id='word_1_153' title='bbox 3303 1000 3404 1038; x_wconf 91' lang='lat' dir='ltr'><strong>suo</strong></span> 
     </span>
    </p>
   </div>
   <div class='ocr_carea' id='block_1_25' title="bbox 1821 1066 3403 1144">
    <p class='ocr_par' dir='ltr' id='par_1_25' title="bbox 1821 1066 3403 1144">
     <span class='ocr_line' id='line_1_25' title="bbox 1821 1066 3403 1144; baseline 0.006 -24"><span class='ocrx_word' id='word_1_154' title='bbox 1821 1066 1985 1120; x_wconf 90' lang='lat' dir='ltr'><strong>etiam</strong></span> <span class='ocrx_word' id='word_1_155' title='bbox 2021 1067 2459 1139; x_wconf 86' lang='lat' dir='ltr'><strong>sull&#39;ragiojuvit.</strong></span> <span class='ocrx_word' id='word_1_156' title='bbox 2500 1071 2674 1127; x_wconf 71' lang='lat' dir='ltr'><strong>«Tulit</strong></span> <span class='ocrx_word' id='word_1_157' title='bbox 2700 1074 2953 1144; x_wconf 88' lang='lat' dir='ltr'><strong>illos,qui</strong></span> <span class='ocrx_word' id='word_1_158' title='bbox 2982 1073 3142 1128; x_wconf 91' lang='lat' dir='ltr'><strong>nobis</strong></span> <span class='ocrx_word' id='word_1_159' title='bbox 3172 1076 3403 1130; x_wconf 89' lang='lat' dir='ltr'><strong>anathe-</strong></span> 
     </span>
    </p>
   </div>
   <div class='ocr_carea' id='block_1_26' title="bbox 1820 1157 3400 1231">
    <p class='ocr_par' dir='ltr' id='par_1_26' title="bbox 1820 1157 3400 1231">
     <span class='ocr_line' id='line_1_26' title="bbox 1820 1157 3400 1231; baseline 0.008 -22"><span class='ocrx_word' id='word_1_160' title='bbox 1820 1172 1909 1211; x_wconf 86' lang='lat' dir='ltr'><strong>ma</strong></span> <span class='ocrx_word' id='word_1_161' title='bbox 1937 1157 2201 1222; x_wconf 85' lang='lat' dir='ltr'><strong>dicerent,</strong></span> <span class='ocrx_word' id='word_1_162' title='bbox 2232 1176 2568 1231; x_wconf 87' lang='lat' dir='ltr'><strong>surgensque</strong></span> <span class='ocrx_word' id='word_1_163' title='bbox 2594 1174 2648 1218; x_wconf 90' lang='lat' dir='ltr'><strong>et</strong></span> <span class='ocrx_word' id='word_1_164' title='bbox 2676 1167 2985 1220; x_wconf 86' lang='lat' dir='ltr'><strong>acclamans</strong></span> <span class='ocrx_word' id='word_1_165' title='bbox 3024 1166 3244 1219; x_wconf 91' lang='lat' dir='ltr'><strong>illorum</strong></span> <span class='ocrx_word' id='word_1_166' title='bbox 3303 1183 3400 1221; x_wconf 90' lang='lat' dir='ltr'><strong>vo-</strong></span> 
     </span>
    </p>
   </div>
   <div class='ocr_carea' id='block_1_27' title="bbox 1822 1249 2374 1304">
    <p class='ocr_par' dir='ltr' id='par_1_27' title="bbox 1822 1249 2374 1304">
     <span class='ocr_line' id='line_1_27' title="bbox 1822 1249 2374 1304; baseline 0.002 -3"><span class='ocrx_word' id='word_1_167' title='bbox 1822 1262 1914 1301; x_wconf 79' lang='lat' dir='ltr'><strong>ces</strong></span> <span class='ocrx_word' id='word_1_168' title='bbox 1953 1249 2317 1304; x_wconf 89' lang='lat' dir='ltr'><strong>conﬁrmavit.</strong></span> <span class='ocrx_word' id='word_1_169' title='bbox 2356 1271 2374 1302; x_wconf 71' lang='grc' dir='ltr'><strong><em>ι</em></strong></span> 
     </span>
    </p>
   </div>
   <div class='ocr_carea' id='block_1_28' title="bbox 1882 1339 3403 1413">
    <p class='ocr_par' dir='ltr' id='par_1_28' title="bbox 1882 1339 3403 1413">
     <span class='ocr_line' id='line_1_28' title="bbox 1882 1339 3403 1413; baseline 0.008 -22"><span class='ocrx_word' id='word_1_170' title='bbox 1882 1339 1935 1391; x_wconf 82' lang='lat'><strong>5.</strong></span> <span class='ocrx_word' id='word_1_171' title='bbox 1965 1339 2076 1393; x_wconf 87' lang='lat' dir='ltr'><strong>Sub</strong></span> <span class='ocrx_word' id='word_1_172' title='bbox 2102 1340 2297 1395; x_wconf 88' lang='lat' dir='ltr'><strong>Proelo</strong></span> <span class='ocrx_word' id='word_1_173' title='bbox 2325 1343 2619 1413; x_wconf 77' lang='lat' dir='ltr'><strong>contigisse</strong></span> <span class='ocrx_word' id='word_1_174' title='bbox 2664 1354 2725 1399; x_wconf 91' lang='lat' dir='ltr'><strong>ut</strong></span> <span class='ocrx_word' id='word_1_175' title='bbox 2753 1346 3084 1400; x_wconf 83' lang='lat' dir='ltr'><strong>Antiocheni</strong></span> <span class='ocrx_word' id='word_1_176' title='bbox 3122 1349 3403 1404; x_wconf 88' lang='lat' dir='ltr'><strong>consenti-</strong></span> 
     </span>
    </p>
   </div>
   <div class='ocr_carea' id='block_1_29' title="bbox 1822 1429 3401 1509">
    <p class='ocr_par' dir='ltr' id='par_1_29' title="bbox 1822 1429 3401 1509">
     <span class='ocr_line' id='line_1_29' title="bbox 1822 1429 3401 1509; baseline 0.009 -28"><span class='ocrx_word' id='word_1_177' title='bbox 1822 1438 1943 1482; x_wconf 82' lang='lat' dir='ltr'><strong>rent</strong></span> <span class='ocrx_word' id='word_1_178' title='bbox 1973 1429 2025 1483; x_wconf 90' lang='lat' dir='ltr'><strong>in</strong></span> <span class='ocrx_word' id='word_1_179' title='bbox 2056 1432 2645 1503; x_wconf 88' lang='lat' dir='ltr'><strong>Constantinopolitani</strong></span> <span class='ocrx_word' id='word_1_180' title='bbox 2686 1438 2948 1492; x_wconf 86' lang='lat' dir='ltr'><strong>antistitis</strong></span> <span class='ocrx_word' id='word_1_181' title='bbox 2996 1440 3401 1509; x_wconf 68' lang='lat' dir='ltr'><strong>prasidentiam</strong></span> 
     </span>
    </p>
   </div>
   <div class='ocr_carea' id='block_1_30' title="bbox 1818 1521 2972 1595">
    <p class='ocr_par' dir='ltr' id='par_1_30' title="bbox 1818 1521 2972 1595">
     <span class='ocr_line' id='line_1_30' title="bbox 1818 1521 2972 1595; baseline 0.01 -23"><span class='ocrx_word' id='word_1_182' title='bbox 1818 1533 1849 1572; x_wconf 90' lang='lat' dir='ltr'><strong>a</strong></span> <span class='ocrx_word' id='word_1_183' title='bbox 1875 1521 2119 1575; x_wconf 88' lang='lat' dir='ltr'><strong>secundo</strong></span> <span class='ocrx_word' id='word_1_184' title='bbox 2148 1524 2384 1578; x_wconf 91' lang='lat' dir='ltr'><strong>concilio</strong></span> <span class='ocrx_word' id='word_1_185' title='bbox 2417 1527 2658 1595; x_wconf 81' lang='lat' dir='ltr'><strong>generali</strong></span> <span class='ocrx_word' id='word_1_186' title='bbox 2691 1537 2972 1584; x_wconf 86' lang='lat' dir='ltr'><strong>statutam.</strong></span> 
     </span>
    </p>
   </div>
   <div class='ocr_carea' id='block_1_31' title="bbox 1885 1612 3398 1678">
    <p class='ocr_par' dir='ltr' id='par_1_31' title="bbox 1885 1612 3398 1678">
     <span class='ocr_line' id='line_1_31' title="bbox 1885 1612 3398 1678; baseline 0.008 -12"><span class='ocrx_word' id='word_1_187' title='bbox 1885 1612 1937 1666; x_wconf 78' lang='grc'><strong>4.</strong></span> <span class='ocrx_word' id='word_1_188' title='bbox 1951 1613 2105 1669; x_wconf 91' lang='lat' dir='ltr'><strong>Unde</strong></span> <span class='ocrx_word' id='word_1_189' title='bbox 2120 1624 2308 1670; x_wconf 90' lang='lat' dir='ltr'><strong>natum</strong></span> <span class='ocrx_word' id='word_1_190' title='bbox 2327 1617 2397 1670; x_wconf 89' lang='lat' dir='ltr'><strong>sit</strong></span> <span class='ocrx_word' id='word_1_191' title='bbox 2412 1618 2655 1673; x_wconf 89' lang='lat' dir='ltr'><strong>Dioscori</strong></span> <span class='ocrx_word' id='word_1_192' title='bbox 2683 1619 2739 1673; x_wconf 91' lang='lat' dir='ltr'><strong>in</strong></span> <span class='ocrx_word' id='word_1_193' title='bbox 2753 1620 3160 1677; x_wconf 84' lang='lat' dir='ltr'><strong>Theodoretum</strong></span> <span class='ocrx_word' id='word_1_194' title='bbox 3180 1624 3365 1678; x_wconf 82' lang='lat' dir='ltr'><strong>odium</strong></span> <span class='ocrx_word' id='word_1_195' title='bbox 3385 1642 3398 1678; x_wconf 90' lang='lat'><strong>:</strong></span> 
     </span>
    </p>
   </div>
   <div class='ocr_carea' id='block_1_32' title="bbox 1819 1705 3403 1781">
    <p class='ocr_par' dir='ltr' id='par_1_32' title="bbox 1819 1705 3403 1781">
     <span class='ocr_line' id='line_1_32' title="bbox 1819 1705 3403 1781; baseline 0.009 -23"><span class='ocrx_word' id='word_1_196' title='bbox 1819 1705 2053 1760; x_wconf 83' lang='lat' dir='ltr'><strong>credidit</strong></span> <span class='ocrx_word' id='word_1_197' title='bbox 2095 1706 2240 1761; x_wconf 89' lang='lat' dir='ltr'><strong>enim</strong></span> <span class='ocrx_word' id='word_1_198' title='bbox 2288 1708 2650 1766; x_wconf 87' lang='lat' dir='ltr'><strong>Autiochcnis</strong></span> <span class='ocrx_word' id='word_1_199' title='bbox 2686 1722 2969 1768; x_wconf 87' lang='lat' dir='ltr'><strong>auctorem</strong></span> <span class='ocrx_word' id='word_1_200' title='bbox 3019 1715 3212 1781; x_wconf 81' lang='lat' dir='ltr'><strong>fuisse,</strong></span> <span class='ocrx_word' id='word_1_201' title='bbox 3246 1732 3403 1772; x_wconf 71' lang='lat' dir='ltr'><strong>nova:</strong></span> 
     </span>
    </p>
   </div>
   <div class='ocr_carea' id='block_1_33' title="bbox 133 1795 2863 1880">
    <p class='ocr_par' dir='ltr' id='par_1_33' title="bbox 133 1795 2863 1880">
     <span class='ocr_line' id='line_1_33' title="bbox 133 1795 2863 1880; baseline -0.003 -16"><span class='ocrx_word' id='word_1_202' title='bbox 133 1809 256 1864; x_wconf 86' lang='lat' dir='ltr'><strong>urbe</strong></span> <span class='ocrx_word' id='word_1_203' title='bbox 286 1809 465 1880; x_wconf 85' lang='lat' dir='ltr'><strong>regia,</strong></span> <span class='ocrx_word' id='word_1_204' title='bbox 506 1809 742 1863; x_wconf 85' lang='lat' dir='ltr'><strong>absolvit</strong></span> <span class='ocrx_word' id='word_1_205' title='bbox 778 1824 902 1864; x_wconf 89' lang='lat' dir='ltr'><strong>cum</strong></span> <span class='ocrx_word' id='word_1_206' title='bbox 933 1807 1196 1861; x_wconf 87' lang='lat' dir='ltr'><strong>Dioscoro</strong></span> <span class='ocrx_word' id='word_1_207' title='bbox 1219 1806 1442 1875; x_wconf 87' lang='lat' dir='ltr'><strong>Ephesi,</strong></span> <span class='ocrx_word' id='word_1_208' title='bbox 1467 1822 1719 1861; x_wconf 70' lang='lat' dir='ltr'><strong>exsecra-</strong></span> <span class='ocrx_word' id='word_1_209' title='bbox 1751 1815 1790 1867; x_wconf 77' lang='grc' dir='ltr'><strong>Β</strong></span> <span class='ocrx_word' id='word_1_210' title='bbox 1821 1795 2006 1849; x_wconf 57' lang='lat' dir='ltr'><strong>Romi?</strong></span> <span class='ocrx_word' id='word_1_211' title='bbox 2035 1798 2251 1865; x_wconf 68' lang='grc' dir='ltr'><strong>ρηεξειιιί</strong></span> <span class='ocrx_word' id='word_1_212' title='bbox 2276 1798 2570 1867; x_wconf 79' lang='lat' dir='ltr'><strong>primatum</strong></span> <span class='ocrx_word' id='word_1_213' title='bbox 2609 1802 2863 1857; x_wconf 87' lang='lat' dir='ltr'><strong>cedendi.</strong></span> 
     </span>
    </p>
   </div>
   <div class='ocr_carea' id='block_1_34' title="bbox 132 1894 1717 1962">
    <p class='ocr_par' dir='ltr' id='par_1_34' title="bbox 132 1894 1717 1962">
     <span class='ocr_line' id='line_1_34' title="bbox 132 1894 1717 1962; baseline -0.006 -7"><span class='ocrx_word' id='word_1_214' title='bbox 132 1912 211 1955; x_wconf 88' lang='lat' dir='ltr'><strong>tus</strong></span> <span class='ocrx_word' id='word_1_215' title='bbox 238 1909 323 1955; x_wconf 90' lang='lat' dir='ltr'><strong>est</strong></span> <span class='ocrx_word' id='word_1_216' title='bbox 353 1917 486 1955; x_wconf 92' lang='lat' dir='ltr'><strong>cum</strong></span> <span class='ocrx_word' id='word_1_217' title='bbox 516 1899 765 1954; x_wconf 88' lang='lat' dir='ltr'><strong>Ecclesia</strong></span> <span class='ocrx_word' id='word_1_218' title='bbox 793 1896 1167 1962; x_wconf 86' lang='lat' dir='ltr'><strong>Chalcedone,</strong></span> <span class='ocrx_word' id='word_1_219' title='bbox 1198 1896 1292 1949; x_wconf 92' lang='lat' dir='ltr'><strong>ubi</strong></span> <span class='ocrx_word' id='word_1_220' title='bbox 1321 1894 1558 1954; x_wconf 88' lang='lat' dir='ltr'><strong>veniam,</strong></span> <span class='ocrx_word' id='word_1_221' title='bbox 1590 1909 1717 1947; x_wconf 91' lang='lat' dir='ltr'><strong>cum</strong></span> 
     </span>
    </p>
   </div>
   <div class='ocr_carea' id='block_1_35' title="bbox 130 1986 1712 2062">
    <p class='ocr_par' dir='ltr' id='par_1_35' title="bbox 130 1986 1712 2062">
     <span class='ocr_line' id='line_1_35' title="bbox 130 1986 1712 2062; baseline -0.004 -16"><span class='ocrx_word' id='word_1_222' title='bbox 130 2007 239 2047; x_wconf 85' lang='lat' dir='ltr'><strong>eam</strong></span> <span class='ocrx_word' id='word_1_223' title='bbox 274 1991 610 2062; x_wconf 86' lang='lat' dir='ltr'><strong>suppliciter</strong></span> <span class='ocrx_word' id='word_1_224' title='bbox 654 1997 938 2061; x_wconf 82' lang='lat' dir='ltr'><strong>rogasset,</strong></span> <span class='ocrx_word' id='word_1_225' title='bbox 987 1988 1096 2041; x_wconf 91' lang='lat' dir='ltr'><strong>vim</strong></span> <span class='ocrx_word' id='word_1_226' title='bbox 1128 1987 1233 2042; x_wconf 90' lang='lat' dir='ltr'><strong>sibi</strong></span> <span class='ocrx_word' id='word_1_227' title='bbox 1262 1987 1467 2041; x_wconf 86' lang='lat' dir='ltr'><strong>illatam</strong></span> <span class='ocrx_word' id='word_1_228' title='bbox 1514 1986 1712 2055; x_wconf 80' lang='lat' dir='ltr'><strong>Ephesi</strong></span> 
     </span>
    </p>
   </div>
   <div class='ocr_carea' id='block_1_36' title="bbox 132 2078 1711 2150">
    <p class='ocr_par' dir='ltr' id='par_1_36' title="bbox 132 2078 1711 2150">
     <span class='ocr_line' id='line_1_36' title="bbox 132 2078 1711 2150; baseline -0.004 -12"><span class='ocrx_word' id='word_1_229' title='bbox 132 2090 398 2148; x_wconf 85' lang='lat' dir='ltr'><strong>causatus,</strong></span> <span class='ocrx_word' id='word_1_230' title='bbox 461 2082 731 2136; x_wconf 87' lang='lat' dir='ltr'><strong>Dioscoro</strong></span> <span class='ocrx_word' id='word_1_231' title='bbox 757 2081 888 2136; x_wconf 89' lang='lat' dir='ltr'><strong>licet</strong></span> <span class='ocrx_word' id='word_1_232' title='bbox 912 2094 1104 2150; x_wconf 90' lang='lat' dir='ltr'><strong>preces</strong></span> <span class='ocrx_word' id='word_1_233' title='bbox 1131 2080 1404 2143; x_wconf 89' lang='lat' dir='ltr'><strong>elevante,</strong></span> <span class='ocrx_word' id='word_1_234' title='bbox 1453 2078 1711 2133; x_wconf 88' lang='lat' dir='ltr'><strong>obtinuit.</strong></span> 
     </span>
    </p>
   </div>
   <div class='ocr_carea' id='block_1_37' title="bbox 133 2214 1717 2342">
    <p class='ocr_par' dir='ltr' id='par_1_37' title="bbox 133 2214 1717 2342">
     <span class='ocr_line' id='line_1_37' title="bbox 133 2214 1717 2341; baseline -0.003 -69"><span class='ocrx_word' id='word_1_235' title='bbox 133 2219 361 2290; x_wconf 71' lang='lat' dir='ltr'><strong>Epistula</strong></span> <span class='ocrx_word' id='word_1_236' title='bbox 392 2218 488 2286; x_wconf 84' lang='lat'><strong>86,</strong></span> <span class='ocrx_word' id='word_1_237' title='bbox 522 2219 887 2341; x_wconf 39' lang='lat' dir='ltr'><strong>deprecator?</strong></span> <span class='ocrx_word' id='word_1_238' title='bbox 913 2218 982 2272; x_wconf 88' lang='lat' dir='ltr'><strong>ad</strong></span> <span class='ocrx_word' id='word_1_239' title='bbox 1001 2217 1320 2272; x_wconf 81' lang='lat' dir='ltr'><strong>Flavianum</strong></span> <span class='ocrx_word' id='word_1_240' title='bbox 1344 2214 1717 2271; x_wconf 74' lang='lat' dir='ltr'><strong>Constantino-</strong></span> 
     </span>
     <span class='ocr_line' id='line_1_38' title="bbox 765 2298 1082 2342; baseline -0.006 0"><span class='ocrx_word' id='word_1_241' title='bbox 765 2306 829 2342; x_wconf 77' lang='grc' dir='ltr'><strong>υο</strong></span> <span class='ocrx_word' id='word_1_242' title='bbox 856 2298 1082 2342; x_wconf 74' lang='lat' dir='ltr'><strong>uanum.</strong></span> 
     </span>
    </p>
   </div>
   <div class='ocr_carea' id='block_1_38' title="bbox 764 2305 1082 2360">
    <p class='ocr_par' dir='ltr' id='par_1_38' title="bbox 764 2305 1082 2360">
     <span class='ocr_line' id='line_1_39' title="bbox 764 2305 1082 2360; baseline -0.006 -18"><span class='ocrx_word' id='word_1_243' title='bbox 764 2305 1082 2360; x_wconf 77' lang='lat' dir='ltr'><strong>pomamtm.</strong></span> 
     </span>
    </p>
   </div>
   <div class='ocr_carea' id='block_1_39' title="bbox 199 2423 1713 2495">
    <p class='ocr_par' dir='ltr' id='par_1_39' title="bbox 199 2423 1713 2495">
     <span class='ocr_line' id='line_1_40' title="bbox 199 2423 1713 2495; baseline 0 -17"><span class='ocrx_word' id='word_1_244' title='bbox 199 2424 239 2478; x_wconf 92' lang='lat' dir='ltr'><strong>l.</strong></span> <span class='ocrx_word' id='word_1_245' title='bbox 272 2426 529 2481; x_wconf 87' lang='lat' dir='ltr'><strong>Pertinet</strong></span> <span class='ocrx_word' id='word_1_246' title='bbox 578 2425 772 2495; x_wconf 88' lang='lat' dir='ltr'><strong>procul</strong></span> <span class='ocrx_word' id='word_1_247' title='bbox 806 2424 978 2479; x_wconf 87' lang='lat' dir='ltr'><strong>dubio</strong></span> <span class='ocrx_word' id='word_1_248' title='bbox 1030 2423 1098 2477; x_wconf 90' lang='lat' dir='ltr'><strong>ad</strong></span> <span class='ocrx_word' id='word_1_249' title='bbox 1130 2439 1335 2477; x_wconf 88' lang='lat' dir='ltr'><strong>annum</strong></span> <span class='ocrx_word' id='word_1_250' title='bbox 1363 2423 1488 2478; x_wconf 70' lang='lat' dir='ltr'><strong>M7.</strong></span> <span class='ocrx_word' id='word_1_251' title='bbox 1523 2423 1713 2492; x_wconf 87' lang='lat' dir='ltr'><strong>Neque</strong></span> 
     </span>
    </p>
   </div>
   <div class='ocr_carea' id='block_1_40' title="bbox 137 2515 1710 2587">
    <p class='ocr_par' dir='ltr' id='par_1_40' title="bbox 137 2515 1710 2587">
     <span class='ocr_line' id='line_1_41' title="bbox 137 2515 1710 2587; baseline 0 -18"><span class='ocrx_word' id='word_1_252' title='bbox 137 2517 267 2570; x_wconf 87' lang='lat' dir='ltr'><strong>enim</strong></span> <span class='ocrx_word' id='word_1_253' title='bbox 291 2519 477 2587; x_wconf 89' lang='lat' dir='ltr'><strong>potuit</strong></span> <span class='ocrx_word' id='word_1_254' title='bbox 505 2525 600 2571; x_wconf 89' lang='lat' dir='ltr'><strong>aut</strong></span> <span class='ocrx_word' id='word_1_255' title='bbox 622 2518 790 2572; x_wconf 86' lang='lat' dir='ltr'><strong>citius</strong></span> <span class='ocrx_word' id='word_1_256' title='bbox 815 2516 1008 2579; x_wconf 90' lang='lat' dir='ltr'><strong>scribi,</strong></span> <span class='ocrx_word' id='word_1_257' title='bbox 1034 2523 1130 2569; x_wconf 92' lang='lat' dir='ltr'><strong>aut</strong></span> <span class='ocrx_word' id='word_1_258' title='bbox 1150 2516 1329 2569; x_wconf 88' lang='lat' dir='ltr'><strong>serius</strong></span> <span class='ocrx_word' id='word_1_259' title='bbox 1357 2534 1369 2568; x_wconf 90' lang='lat'><strong>:</strong></span> <span class='ocrx_word' id='word_1_260' title='bbox 1397 2531 1510 2569; x_wconf 89' lang='lat' dir='ltr'><strong>non</strong></span> <span class='ocrx_word' id='word_1_261' title='bbox 1525 2515 1710 2581; x_wconf 87' lang='lat' dir='ltr'><strong>citius,</strong></span> 
     </span>
    </p>
   </div>
   <div class='ocr_carea' id='block_1_41' title="bbox 139 2606 1715 2675">
    <p class='ocr_par' dir='ltr' id='par_1_41' title="bbox 139 2606 1715 2675">
     <span class='ocr_line' id='line_1_42' title="bbox 139 2606 1715 2675; baseline 0.001 -16"><span class='ocrx_word' id='word_1_262' title='bbox 139 2607 252 2675; x_wconf 89' lang='lat' dir='ltr'><strong>quia</strong></span> <span class='ocrx_word' id='word_1_263' title='bbox 297 2608 602 2663; x_wconf 85' lang='lat' dir='ltr'><strong>Flavianus</strong></span> <span class='ocrx_word' id='word_1_264' title='bbox 648 2609 918 2663; x_wconf 88' lang='lat' dir='ltr'><strong>successit</strong></span> <span class='ocrx_word' id='word_1_265' title='bbox 950 2607 1147 2662; x_wconf 88' lang='lat' dir='ltr'><strong>Proelo</strong></span> <span class='ocrx_word' id='word_1_266' title='bbox 1178 2607 1289 2661; x_wconf 88' lang='lat' dir='ltr'><strong>vita</strong></span> <span class='ocrx_word' id='word_1_267' title='bbox 1318 2606 1506 2662; x_wconf 82' lang='lat' dir='ltr'><strong>functo</strong></span> <span class='ocrx_word' id='word_1_268' title='bbox 1533 2607 1623 2661; x_wconf 89' lang='lat' dir='ltr'><strong>die</strong></span> <span class='ocrx_word' id='word_1_269' title='bbox 1643 2606 1715 2661; x_wconf 73' lang='grc'><strong>24</strong></span> 
     </span>
    </p>
   </div>
   <div class='ocr_carea' id='block_1_42' title="bbox 138 2696 1715 2767">
    <p class='ocr_par' dir='ltr' id='par_1_42' title="bbox 138 2696 1715 2767">
     <span class='ocr_line' id='line_1_43' title="bbox 138 2696 1715 2767; baseline 0 -16"><span class='ocrx_word' id='word_1_270' title='bbox 138 2696 377 2754; x_wconf 88' lang='lat' dir='ltr'><strong>Octobris</strong></span> <span class='ocrx_word' id='word_1_271' title='bbox 426 2700 565 2754; x_wconf 89' lang='lat' dir='ltr'><strong>anni</strong></span> <span class='ocrx_word' id='word_1_272' title='bbox 605 2700 744 2766; x_wconf 73' lang='lat' dir='ltr'><strong>M7;</strong></span> <span class='ocrx_word' id='word_1_273' title='bbox 800 2715 909 2753; x_wconf 92' lang='lat' dir='ltr'><strong>non</strong></span> <span class='ocrx_word' id='word_1_274' title='bbox 948 2698 1179 2761; x_wconf 89' lang='lat' dir='ltr'><strong>tardius,</strong></span> <span class='ocrx_word' id='word_1_275' title='bbox 1222 2713 1345 2751; x_wconf 91' lang='lat' dir='ltr'><strong>cum</strong></span> <span class='ocrx_word' id='word_1_276' title='bbox 1372 2697 1715 2767; x_wconf 63' lang='lat' dir='ltr'><strong>praecesserit</strong></span> 
     </span>
    </p>
   </div>
   <div class='ocr_carea' id='block_1_43' title="bbox 140 2789 1716 2860">
    <p class='ocr_par' dir='ltr' id='par_1_43' title="bbox 140 2789 1716 2860">
     <span class='ocr_line' id='line_1_44' title="bbox 140 2789 1716 2860; baseline 0.001 -18"><span class='ocrx_word' id='word_1_277' title='bbox 140 2790 391 2859; x_wconf 88' lang='lat' dir='ltr'><strong>synodum</strong></span> <span class='ocrx_word' id='word_1_278' title='bbox 416 2807 450 2846; x_wconf 91' lang='lat' dir='ltr'><strong>a</strong></span> <span class='ocrx_word' id='word_1_279' title='bbox 476 2791 741 2845; x_wconf 86' lang='lat' dir='ltr'><strong>Flaviano</strong></span> <span class='ocrx_word' id='word_1_280' title='bbox 766 2791 1032 2845; x_wconf 87' lang='lat' dir='ltr'><strong>adversus</strong></span> <span class='ocrx_word' id='word_1_281' title='bbox 1048 2790 1331 2860; x_wconf 80' lang='lat' dir='ltr'><strong>Eutychen</strong></span> <span class='ocrx_word' id='word_1_282' title='bbox 1356 2789 1595 2844; x_wconf 87' lang='lat' dir='ltr'><strong>habitam</strong></span> <span class='ocrx_word' id='word_1_283' title='bbox 1619 2805 1716 2843; x_wconf 88' lang='lat' dir='ltr'><strong>an-</strong></span> 
     </span>
    </p>
   </div>
   <div class='ocr_carea' id='block_1_44' title="bbox 142 2882 1713 2953">
    <p class='ocr_par' dir='ltr' id='par_1_44' title="bbox 142 2882 1713 2953">
     <span class='ocr_line' id='line_1_45' title="bbox 142 2882 1713 2953; baseline 0.001 -19"><span class='ocrx_word' id='word_1_284' title='bbox 142 2896 202 2935; x_wconf 89' lang='lat' dir='ltr'><strong>no</strong></span> <span class='ocrx_word' id='word_1_285' title='bbox 222 2882 320 2936; x_wconf 66' lang='grc'><strong>448</strong></span> <span class='ocrx_word' id='word_1_286' title='bbox 342 2884 435 2938; x_wconf 89' lang='lat' dir='ltr'><strong>die</strong></span> <span class='ocrx_word' id='word_1_287' title='bbox 465 2892 664 2937; x_wconf 88' lang='lat' dir='ltr'><strong>octavo</strong></span> <span class='ocrx_word' id='word_1_288' title='bbox 688 2882 1033 2937; x_wconf 87' lang='lat' dir='ltr'><strong>Novembris.</strong></span> <span class='ocrx_word' id='word_1_289' title='bbox 1085 2882 1260 2946; x_wconf 85' lang='lat' dir='ltr'><strong>Adde,</strong></span> <span class='ocrx_word' id='word_1_290' title='bbox 1293 2882 1439 2951; x_wconf 88' lang='lat' dir='ltr'><strong>quod</strong></span> <span class='ocrx_word' id='word_1_291' title='bbox 1464 2883 1713 2953; x_wconf 90' lang='lat' dir='ltr'><strong>ejusdem</strong></span> 
     </span>
    </p>
   </div>
   <div class='ocr_carea' id='block_1_45' title="bbox 142 2973 1069 3045">
    <p class='ocr_par' dir='ltr' id='par_1_45' title="bbox 142 2973 1069 3045">
     <span class='ocr_line' id='line_1_46' title="bbox 142 2973 1069 3045; baseline 0.002 -20"><span class='ocrx_word' id='word_1_292' title='bbox 142 2973 203 3026; x_wconf 88' lang='lat' dir='ltr'><strong>sit</strong></span> <span class='ocrx_word' id='word_1_293' title='bbox 227 2975 534 3045; x_wconf 77' lang='lat' dir='ltr'><strong>argumenti</strong></span> <span class='ocrx_word' id='word_1_294' title='bbox 562 2990 686 3028; x_wconf 90' lang='lat' dir='ltr'><strong>cum</strong></span> <span class='ocrx_word' id='word_1_295' title='bbox 709 2975 1069 3043; x_wconf 68' lang='lat' dir='ltr'><strong>przeccdentc.</strong></span> 
     </span>
    </p>
   </div>
   <div class='ocr_carea' id='block_1_46' title="bbox 206 3065 1605 3137">
    <p class='ocr_par' dir='ltr' id='par_1_46' title="bbox 206 3065 1605 3137">
     <span class='ocr_line' id='line_1_47' title="bbox 206 3065 1605 3137; baseline 0 -19"><span class='ocrx_word' id='word_1_296' title='bbox 206 3065 265 3119; x_wconf 91' lang='lat' dir='ltr'><strong>ll.</strong></span> <span class='ocrx_word' id='word_1_297' title='bbox 300 3066 374 3121; x_wconf 91' lang='lat' dir='ltr'><strong>De</strong></span> <span class='ocrx_word' id='word_1_298' title='bbox 399 3067 668 3121; x_wconf 82' lang='lat' dir='ltr'><strong>Flaviano</strong></span> <span class='ocrx_word' id='word_1_299' title='bbox 688 3066 893 3121; x_wconf 89' lang='lat' dir='ltr'><strong>dictum</strong></span> <span class='ocrx_word' id='word_1_300' title='bbox 923 3076 1082 3121; x_wconf 89' lang='lat' dir='ltr'><strong>antea</strong></span> <span class='ocrx_word' id='word_1_301' title='bbox 1117 3067 1184 3121; x_wconf 90' lang='lat' dir='ltr'><strong>ad</strong></span> <span class='ocrx_word' id='word_1_302' title='bbox 1208 3066 1497 3137; x_wconf 83' lang='lat' dir='ltr'><strong>epistolam</strong></span> <span class='ocrx_word' id='word_1_303' title='bbox 1518 3065 1605 3118; x_wconf 83' lang='lat' dir='ltr'><strong>ll.</strong></span> 
     </span>
    </p>
   </div>
   <div class='ocr_carea' id='block_1_47' title="bbox 1881 1883 3401 1961">
    <p class='ocr_par' dir='ltr' id='par_1_47' title="bbox 1881 1883 3401 1961">
     <span class='ocr_line' id='line_1_48' title="bbox 1881 1883 3401 1961; baseline 0.01 -25"><span class='ocrx_word' id='word_1_304' title='bbox 1881 1884 1931 1937; x_wconf 78' lang='lat'><strong>5.</strong></span> <span class='ocrx_word' id='word_1_305' title='bbox 1969 1883 2094 1938; x_wconf 60' lang='lat' dir='ltr'><strong>llaec</strong></span> <span class='ocrx_word' id='word_1_306' title='bbox 2131 1886 2317 1951; x_wconf 88' lang='lat' dir='ltr'><strong>verba,</strong></span> <span class='ocrx_word' id='word_1_307' title='bbox 2356 1887 2636 1944; x_wconf 82' lang='lat' dir='ltr'><strong>Dioscorus</strong></span> <span class='ocrx_word' id='word_1_308' title='bbox 2681 1893 2960 1961; x_wconf 78' lang='lat' dir='ltr'><strong>epistolam</strong></span> <span class='ocrx_word' id='word_1_309' title='bbox 3009 1894 3079 1947; x_wconf 84' lang='lat' dir='ltr'><strong>ad</strong></span> <span class='ocrx_word' id='word_1_310' title='bbox 3116 1912 3210 1950; x_wconf 72' lang='lat' dir='ltr'><strong>nos</strong></span> <span class='ocrx_word' id='word_1_311' title='bbox 3265 1899 3401 1951; x_wconf 80' lang='lat' dir='ltr'><strong>scri-</strong></span> 
     </span>
    </p>
   </div>
   <div class='ocr_carea' id='block_1_48' title="bbox 1818 1976 3399 2054">
    <p class='ocr_par' dir='ltr' id='par_1_48' title="bbox 1818 1976 3399 2054">
     <span class='ocr_line' id='line_1_49' title="bbox 1818 1976 3399 2054; baseline 0.009 -25"><span class='ocrx_word' id='word_1_312' title='bbox 1818 1976 1941 2045; x_wconf 79' lang='lat' dir='ltr'><strong>psit,</strong></span> <span class='ocrx_word' id='word_1_313' title='bbox 1975 1985 2104 2041; x_wconf 86' lang='lat' dir='ltr'><strong>ctc.,</strong></span> <span class='ocrx_word' id='word_1_314' title='bbox 2148 1978 2463 2048; x_wconf 82' lang='lat' dir='ltr'><strong>accipienda</strong></span> <span class='ocrx_word' id='word_1_315' title='bbox 2505 1996 2615 2036; x_wconf 89' lang='lat' dir='ltr'><strong>non</strong></span> <span class='ocrx_word' id='word_1_316' title='bbox 2663 1999 2784 2037; x_wconf 82' lang='lat' dir='ltr'><strong>esse</strong></span> <span class='ocrx_word' id='word_1_317' title='bbox 2817 1985 2884 2039; x_wconf 89' lang='lat' dir='ltr'><strong>de</strong></span> <span class='ocrx_word' id='word_1_318' title='bbox 2920 1986 3149 2054; x_wconf 84' lang='lat' dir='ltr'><strong>privatis</strong></span> <span class='ocrx_word' id='word_1_319' title='bbox 3180 1987 3399 2052; x_wconf 87' lang='lat' dir='ltr'><strong>litteris,</strong></span> 
     </span>
    </p>
   </div>
   <div class='ocr_carea' id='block_1_49' title="bbox 1818 2068 3401 2144">
    <p class='ocr_par' dir='ltr' id='par_1_49' title="bbox 1818 2068 3401 2144">
     <span class='ocr_line' id='line_1_50' title="bbox 1818 2068 3401 2144; baseline 0.009 -24"><span class='ocrx_word' id='word_1_320' title='bbox 1818 2068 1973 2136; x_wconf 88' lang='lat' dir='ltr'><strong>quasi</strong></span> <span class='ocrx_word' id='word_1_321' title='bbox 2008 2069 2302 2124; x_wconf 90' lang='lat' dir='ltr'><strong>Dioscorus</strong></span> <span class='ocrx_word' id='word_1_322' title='bbox 2329 2070 2676 2127; x_wconf 87' lang='lat' dir='ltr'><strong>Theodoreto</strong></span> <span class='ocrx_word' id='word_1_323' title='bbox 2711 2075 2921 2144; x_wconf 83' lang='lat' dir='ltr'><strong>aliquas</strong></span> <span class='ocrx_word' id='word_1_324' title='bbox 2951 2076 3186 2143; x_wconf 84' lang='lat' dir='ltr'><strong>dederit;</strong></span> <span class='ocrx_word' id='word_1_325' title='bbox 3216 2079 3310 2133; x_wconf 88' lang='lat' dir='ltr'><strong>sed</strong></span> <span class='ocrx_word' id='word_1_326' title='bbox 3333 2080 3401 2135; x_wconf 90' lang='lat' dir='ltr'><strong>de</strong></span> 
     </span>
    </p>
   </div>
   <div class='ocr_carea' id='block_1_50' title="bbox 1817 2161 3404 2237">
    <p class='ocr_par' dir='ltr' id='par_1_50' title="bbox 1817 2161 3404 2237">
     <span class='ocr_line' id='line_1_51' title="bbox 1817 2161 3404 2237; baseline 0.009 -24"><span class='ocrx_word' id='word_1_327' title='bbox 1817 2161 2205 2216; x_wconf 88' lang='lat' dir='ltr'><strong>communibus</strong></span> <span class='ocrx_word' id='word_1_328' title='bbox 2238 2162 2421 2218; x_wconf 80' lang='lat' dir='ltr'><strong>missis</strong></span> <span class='ocrx_word' id='word_1_329' title='bbox 2452 2165 2518 2218; x_wconf 90' lang='lat' dir='ltr'><strong>ad</strong></span> <span class='ocrx_word' id='word_1_330' title='bbox 2559 2166 2851 2231; x_wconf 88' lang='lat' dir='ltr'><strong>Donmum,</strong></span> <span class='ocrx_word' id='word_1_331' title='bbox 2886 2185 3117 2237; x_wconf 90' lang='lat' dir='ltr'><strong>quarum</strong></span> <span class='ocrx_word' id='word_1_332' title='bbox 3149 2171 3404 2227; x_wconf 88' lang='lat' dir='ltr'><strong>Theodo-</strong></span> 
     </span>
    </p>
   </div>
   <div class='ocr_carea' id='block_1_51' title="bbox 1818 2252 3402 2322">
    <p class='ocr_par' dir='ltr' id='par_1_51' title="bbox 1818 2252 3402 2322">
     <span class='ocr_line' id='line_1_52' title="bbox 1818 2252 3402 2322; baseline 0.009 -18"><span class='ocrx_word' id='word_1_333' title='bbox 1818 2261 1989 2315; x_wconf 87' lang='lat' dir='ltr'><strong>retus,</strong></span> <span class='ocrx_word' id='word_1_334' title='bbox 2011 2252 2259 2308; x_wconf 87' lang='lat' dir='ltr'><strong>scribens</strong></span> <span class='ocrx_word' id='word_1_335' title='bbox 2286 2255 2568 2322; x_wconf 90' lang='lat' dir='ltr'><strong>Dioscoro,</strong></span> <span class='ocrx_word' id='word_1_336' title='bbox 2590 2259 2857 2314; x_wconf 88' lang='lat' dir='ltr'><strong>meminit.</strong></span> <span class='ocrx_word' id='word_1_337' title='bbox 2878 2261 2957 2314; x_wconf 88' lang='lat' dir='ltr'><strong>Ad</strong></span> <span class='ocrx_word' id='word_1_338' title='bbox 2994 2262 3267 2316; x_wconf 89' lang='lat' dir='ltr'><strong>Domuum</strong></span> <span class='ocrx_word' id='word_1_339' title='bbox 3296 2263 3402 2319; x_wconf 64' lang='lat' dir='ltr'><strong>illa;</strong></span> 
     </span>
    </p>
   </div>
   <div class='ocr_carea' id='block_1_52' title="bbox 1815 2343 3402 2422">
    <p class='ocr_par' dir='ltr' id='par_1_52' title="bbox 1815 2343 3402 2422">
     <span class='ocr_line' id='line_1_53' title="bbox 1815 2343 3402 2422; baseline 0.008 -25"><span class='ocrx_word' id='word_1_340' title='bbox 1815 2348 1871 2397; x_wconf 93' lang='lat' dir='ltr'><strong>et</strong></span> <span class='ocrx_word' id='word_1_341' title='bbox 1903 2343 1969 2397; x_wconf 89' lang='lat' dir='ltr'><strong>ad</strong></span> <span class='ocrx_word' id='word_1_342' title='bbox 2018 2345 2137 2415; x_wconf 88' lang='lat' dir='ltr'><strong>ejus</strong></span> <span class='ocrx_word' id='word_1_343' title='bbox 2182 2346 2451 2417; x_wconf 79' lang='lat' dir='ltr'><strong>synodum</strong></span> <span class='ocrx_word' id='word_1_344' title='bbox 2484 2348 2895 2420; x_wconf 82' lang='lat' dir='ltr'><strong>dirigebantur;</strong></span> <span class='ocrx_word' id='word_1_345' title='bbox 2948 2354 3094 2422; x_wconf 85' lang='lat' dir='ltr'><strong>quod</strong></span> <span class='ocrx_word' id='word_1_346' title='bbox 3136 2353 3203 2409; x_wconf 91' lang='lat' dir='ltr'><strong>de</strong></span> <span class='ocrx_word' id='word_1_347' title='bbox 3248 2369 3402 2409; x_wconf 89' lang='lat' dir='ltr'><strong>more</strong></span> 
     </span>
    </p>
   </div>
   <div class='ocr_carea' id='block_1_53' title="bbox 1815 2436 3129 2513">
    <p class='ocr_par' dir='ltr' id='par_1_53' title="bbox 1815 2436 3129 2513">
     <span class='ocr_line' id='line_1_54' title="bbox 1815 2436 3129 2513; baseline 0.008 -21"><span class='ocrx_word' id='word_1_348' title='bbox 1815 2436 2000 2503; x_wconf 88' lang='lat' dir='ltr'><strong>ﬁebat,</strong></span> <span class='ocrx_word' id='word_1_349' title='bbox 2038 2455 2162 2494; x_wconf 91' lang='lat' dir='ltr'><strong>cum</strong></span> <span class='ocrx_word' id='word_1_350' title='bbox 2197 2441 2414 2512; x_wconf 83' lang='lat' dir='ltr'><strong>negotia</strong></span> <span class='ocrx_word' id='word_1_351' title='bbox 2445 2444 2712 2513; x_wconf 88' lang='lat' dir='ltr'><strong>ejusmodi</strong></span> <span class='ocrx_word' id='word_1_352' title='bbox 2742 2455 3129 2504; x_wconf 85' lang='lat' dir='ltr'><strong>tractarentur.</strong></span> 
     </span>
    </p>
   </div>
   <div class='ocr_carea' id='block_1_54' title="bbox 1879 2530 3403 2596">
    <p class='ocr_par' dir='ltr' id='par_1_54' title="bbox 1879 2530 3403 2596">
     <span class='ocr_line' id='line_1_55' title="bbox 1879 2530 3403 2596; baseline 0.006 -11"><span class='ocrx_word' id='word_1_353' title='bbox 1879 2530 1943 2585; x_wconf 87' lang='lat' dir='ltr'><strong>V.</strong></span> <span class='ocrx_word' id='word_1_354' title='bbox 1989 2531 2191 2587; x_wconf 81' lang='lat' dir='ltr'><strong>Verum</strong></span> <span class='ocrx_word' id='word_1_355' title='bbox 2234 2533 2338 2587; x_wconf 88' lang='lat' dir='ltr'><strong>hoc</strong></span> <span class='ocrx_word' id='word_1_356' title='bbox 2378 2534 2434 2587; x_wconf 93' lang='lat' dir='ltr'><strong>in</strong></span> <span class='ocrx_word' id='word_1_357' title='bbox 2489 2535 2611 2589; x_wconf 91' lang='lat' dir='ltr'><strong>loco</strong></span> <span class='ocrx_word' id='word_1_358' title='bbox 2660 2533 2897 2591; x_wconf 87' lang='lat' dir='ltr'><strong>ﬁnienda</strong></span> <span class='ocrx_word' id='word_1_359' title='bbox 2950 2547 3033 2592; x_wconf 84' lang='lat' dir='ltr'><strong>est</strong></span> <span class='ocrx_word' id='word_1_360' title='bbox 3080 2548 3403 2596; x_wconf 71' lang='lat' dir='ltr'><strong>cotitrover-</strong></span> 
     </span>
    </p>
   </div>
   <div class='ocr_carea' id='block_1_55' title="bbox 1815 2622 3402 2693">
    <p class='ocr_par' dir='ltr' id='par_1_55' title="bbox 1815 2622 3402 2693">
     <span class='ocr_line' id='line_1_56' title="bbox 1815 2622 3402 2693; baseline 0.006 -16"><span class='ocrx_word' id='word_1_361' title='bbox 1815 2622 1893 2677; x_wconf 90' lang='lat' dir='ltr'><strong>sia</strong></span> <span class='ocrx_word' id='word_1_362' title='bbox 1912 2664 1925 2686; x_wconf 91' lang='lat'><strong>,</strong></span> <span class='ocrx_word' id='word_1_363' title='bbox 1953 2639 2074 2693; x_wconf 84' lang='lat' dir='ltr'><strong>quae</strong></span> <span class='ocrx_word' id='word_1_364' title='bbox 2096 2641 2220 2679; x_wconf 90' lang='lat' dir='ltr'><strong>cum</strong></span> <span class='ocrx_word' id='word_1_365' title='bbox 2254 2625 2487 2682; x_wconf 88' lang='lat' dir='ltr'><strong>Baronio</strong></span> <span class='ocrx_word' id='word_1_366' title='bbox 2523 2628 2707 2683; x_wconf 87' lang='lat' dir='ltr'><strong>habita</strong></span> <span class='ocrx_word' id='word_1_367' title='bbox 2730 2638 2815 2685; x_wconf 70' lang='lat' dir='ltr'><strong>est</strong></span> <span class='ocrx_word' id='word_1_368' title='bbox 2843 2630 2897 2684; x_wconf 90' lang='lat' dir='ltr'><strong>in</strong></span> <span class='ocrx_word' id='word_1_369' title='bbox 2921 2630 3042 2684; x_wconf 73' lang='lat' dir='ltr'><strong>Vita</strong></span> <span class='ocrx_word' id='word_1_370' title='bbox 3070 2631 3402 2687; x_wconf 85' lang='lat' dir='ltr'><strong>Theodoreti</strong></span> 
     </span>
    </p>
   </div>
   <div class='ocr_carea' id='block_1_56' title="bbox 1814 2715 3405 2792">
    <p class='ocr_par' dir='ltr' id='par_1_56' title="bbox 1814 2715 3405 2792">
     <span class='ocr_line' id='line_1_57' title="bbox 1814 2715 3405 2792; baseline 0.008 -23"><span class='ocrx_word' id='word_1_371' title='bbox 1814 2715 1990 2784; x_wconf 88' lang='lat' dir='ltr'><strong>capite</strong></span> <span class='ocrx_word' id='word_1_372' title='bbox 2008 2717 2037 2768; x_wconf 88' lang='lat'><strong>7</strong></span> <span class='ocrx_word' id='word_1_373' title='bbox 2054 2717 2120 2769; x_wconf 77' lang='lat'><strong>&quot;.</strong></span> <span class='ocrx_word' id='word_1_374' title='bbox 2146 2716 2317 2771; x_wconf 90' lang='lat' dir='ltr'><strong>Suum</strong></span> <span class='ocrx_word' id='word_1_375' title='bbox 2336 2718 2544 2773; x_wconf 85' lang='lat' dir='ltr'><strong>scilicet</strong></span> <span class='ocrx_word' id='word_1_376' title='bbox 2568 2720 2621 2773; x_wconf 89' lang='lat' dir='ltr'><strong>in</strong></span> <span class='ocrx_word' id='word_1_377' title='bbox 2640 2737 2861 2776; x_wconf 90' lang='lat' dir='ltr'><strong>sensum</strong></span> <span class='ocrx_word' id='word_1_378' title='bbox 2885 2726 3220 2792; x_wconf 69' lang='lat' dir='ltr'><strong>exponendze</strong></span> <span class='ocrx_word' id='word_1_379' title='bbox 3240 2742 3405 2781; x_wconf 86' lang='lat' dir='ltr'><strong>voces</strong></span> 
     </span>
    </p>
   </div>
   <div class='ocr_carea' id='block_1_57' title="bbox 1814 2804 3404 2882">
    <p class='ocr_par' dir='ltr' id='par_1_57' title="bbox 1814 2804 3404 2882">
     <span class='ocr_line' id='line_1_58' title="bbox 1814 2804 3404 2882; baseline 0.007 -24"><span class='ocrx_word' id='word_1_380' title='bbox 1814 2804 1978 2876; x_wconf 86' lang='lat' dir='ltr'><strong>hujus</strong></span> <span class='ocrx_word' id='word_1_381' title='bbox 2003 2807 2265 2877; x_wconf 75' lang='lat' dir='ltr'><strong>epistolae,</strong></span> <span class='ocrx_word' id='word_1_382' title='bbox 2294 2825 2414 2878; x_wconf 66' lang='lat' dir='ltr'><strong>qua:</strong></span> <span class='ocrx_word' id='word_1_383' title='bbox 2464 2810 2834 2867; x_wconf 88' lang='lat' dir='ltr'><strong>illustrissimo</strong></span> <span class='ocrx_word' id='word_1_384' title='bbox 2878 2814 3131 2882; x_wconf 81' lang='lat' dir='ltr'><strong>scriptori</strong></span> <span class='ocrx_word' id='word_1_385' title='bbox 3162 2816 3404 2870; x_wconf 83' lang='lat' dir='ltr'><strong>occasio-</strong></span> 
     </span>
    </p>
   </div>
   <div class='ocr_carea' id='block_1_58' title="bbox 1814 2893 3402 2971">
    <p class='ocr_par' dir='ltr' id='par_1_58' title="bbox 1814 2893 3402 2971">
     <span class='ocr_line' id='line_1_59' title="bbox 1814 2893 3402 2971; baseline 0.006 -24"><span class='ocrx_word' id='word_1_386' title='bbox 1814 2908 1941 2949; x_wconf 88' lang='lat' dir='ltr'><strong>nem</strong></span> <span class='ocrx_word' id='word_1_387' title='bbox 1967 2893 2234 2948; x_wconf 90' lang='lat' dir='ltr'><strong>dederunt</strong></span> <span class='ocrx_word' id='word_1_388' title='bbox 2263 2897 2711 2952; x_wconf 87' lang='lat' dir='ltr'><strong>comminiscendi</strong></span> <span class='ocrx_word' id='word_1_389' title='bbox 2738 2901 3054 2965; x_wconf 88' lang='lat' dir='ltr'><strong>concilium,</strong></span> <span class='ocrx_word' id='word_1_390' title='bbox 3093 2903 3157 2957; x_wconf 88' lang='lat' dir='ltr'><strong>de</strong></span> <span class='ocrx_word' id='word_1_391' title='bbox 3183 2918 3292 2971; x_wconf 89' lang='lat' dir='ltr'><strong>quo</strong></span> <span class='ocrx_word' id='word_1_392' title='bbox 3326 2903 3402 2958; x_wconf 91' lang='lat' dir='ltr'><strong>ibi</strong></span> 
     </span>
    </p>
   </div>
   <div class='ocr_carea' id='block_1_59' title="bbox 1815 2985 3399 3057">
    <p class='ocr_par' dir='ltr' id='par_1_59' title="bbox 1815 2985 3399 3057">
     <span class='ocr_line' id='line_1_60' title="bbox 1815 2985 3399 3057; baseline 0.003 -17"><span class='ocrx_word' id='word_1_393' title='bbox 1815 2985 2071 3040; x_wconf 81' lang='lat' dir='ltr'><strong>diximus.</strong></span> <span class='ocrx_word' id='word_1_394' title='bbox 2104 2985 2243 3040; x_wconf 88' lang='lat' dir='ltr'><strong>Sunt</strong></span> <span class='ocrx_word' id='word_1_395' title='bbox 2285 2997 2467 3041; x_wconf 89' lang='lat' dir='ltr'><strong>autem</strong></span> <span class='ocrx_word' id='word_1_396' title='bbox 2504 2989 2772 3057; x_wconf 87' lang='lat' dir='ltr'><strong>ejusmodi</strong></span> <span class='ocrx_word' id='word_1_397' title='bbox 2806 3006 2818 3041; x_wconf 93' lang='lat'>:</span> <span class='ocrx_word' id='word_1_398' title='bbox 2864 3008 2884 3027; x_wconf 70' lang='grc' dir='ltr'><em>α</em></span> <span class='ocrx_word' id='word_1_399' title='bbox 2918 2989 3088 3053; x_wconf 83' lang='lat' dir='ltr'><strong>Scito,</strong></span> <span class='ocrx_word' id='word_1_400' title='bbox 3156 2991 3399 3053; x_wconf 80' lang='lat' dir='ltr'><strong>domine,</strong></span> 
     </span>
    </p>
   </div>
   <div class='ocr_carea' id='block_1_60' title="bbox 1817 3075 3406 3149">
    <p class='ocr_par' dir='ltr' id='par_1_60' title="bbox 1817 3075 3406 3149">
     <span class='ocr_line' id='line_1_61' title="bbox 1817 3075 3406 3149; baseline 0.004 -20"><span class='ocrx_word' id='word_1_401' title='bbox 1817 3075 1960 3131; x_wconf 88' lang='lat' dir='ltr'><strong>hanc</strong></span> <span class='ocrx_word' id='word_1_402' title='bbox 1988 3076 2142 3130; x_wconf 91' lang='lat' dir='ltr'><strong>illum</strong></span> <span class='ocrx_word' id='word_1_403' title='bbox 2172 3077 2537 3149; x_wconf 88' lang='lat' dir='ltr'><strong>(Dioscorum)</strong></span> <span class='ocrx_word' id='word_1_404' title='bbox 2571 3078 2835 3132; x_wconf 87' lang='lat' dir='ltr'><strong>adversus</strong></span> <span class='ocrx_word' id='word_1_405' title='bbox 2858 3094 2947 3135; x_wconf 76' lang='lat' dir='ltr'><strong>uo.</strong></span> <span class='ocrx_word' id='word_1_406' title='bbox 3021 3080 3406 3135; x_wconf 83' lang='lat' dir='ltr'><strong>usillanimita—</strong></span> 
     </span>
    </p>
   </div>
   <div class='ocr_carea' id='block_1_61' title="bbox 209 3149 3405 3241">
    <p class='ocr_par' dir='ltr' id='par_1_61' title="bbox 209 3149 3405 3241">
     <span class='ocr_line' id='line_1_62' title="bbox 209 3149 3405 3241; baseline 0.003 -29"><span class='ocrx_word' id='word_1_407' title='bbox 209 3158 291 3212; x_wconf 91' lang='lat' dir='ltr'><strong>Ill.</strong></span> <span class='ocrx_word' id='word_1_408' title='bbox 322 3160 375 3212; x_wconf 91' lang='lat' dir='ltr'><strong>lu</strong></span> <span class='ocrx_word' id='word_1_409' title='bbox 393 3159 635 3228; x_wconf 85' lang='lat' dir='ltr'><strong>epistola</strong></span> <span class='ocrx_word' id='word_1_410' title='bbox 658 3158 975 3222; x_wconf 79' lang='lat' dir='ltr'><strong>continetur</strong></span> <span class='ocrx_word' id='word_1_411' title='bbox 993 3152 1714 3227; x_wconf 87' lang='lat' dir='ltr'><strong>vehemensquerelaTheo-</strong></span> <span class='ocrx_word' id='word_1_412' title='bbox 1821 3175 1930 3221; x_wconf 61' lang='lat' dir='ltr'><strong>rem</strong></span> <span class='ocrx_word' id='word_1_413' title='bbox 1966 3182 2191 3237; x_wconf 79' lang='lat' dir='ltr'><strong>gerere,</strong></span> <span class='ocrx_word' id='word_1_414' title='bbox 2228 3183 2295 3223; x_wconf 82' lang='lat' dir='ltr'><strong>ex</strong></span> <span class='ocrx_word' id='word_1_415' title='bbox 2338 3184 2449 3238; x_wconf 91' lang='lat' dir='ltr'><strong>quo</strong></span> <span class='ocrx_word' id='word_1_416' title='bbox 2498 3169 2774 3240; x_wconf 85' lang='lat' dir='ltr'><strong>synodicis</strong></span> <span class='ocrx_word' id='word_1_417' title='bbox 2821 3169 3022 3225; x_wconf 82' lang='lat' dir='ltr'><strong>vestris</strong></span> <span class='ocrx_word' id='word_1_418' title='bbox 3075 3171 3179 3225; x_wconf 89' lang='lat' dir='ltr'><strong>sub</strong></span> <span class='ocrx_word' id='word_1_419' title='bbox 3229 3171 3405 3227; x_wconf 68' lang='lat' dir='ltr'><strong>beate</strong></span> 
     </span>
    </p>
   </div>
   <div class='ocr_carea' id='block_1_62' title="bbox 143 3248 1716 3321">
    <p class='ocr_par' dir='ltr' id='par_1_62' title="bbox 143 3248 1716 3321">
     <span class='ocr_line' id='line_1_63' title="bbox 143 3248 1716 3321; baseline -0.001 -18"><span class='ocrx_word' id='word_1_420' title='bbox 143 3248 393 3308; x_wconf 83' lang='lat' dir='ltr'><strong>tlorcli.dc</strong></span> <span class='ocrx_word' id='word_1_421' title='bbox 430 3250 714 3315; x_wconf 86' lang='lat' dir='ltr'><strong>Dioscoro,</strong></span> <span class='ocrx_word' id='word_1_422' title='bbox 768 3267 890 3320; x_wconf 63' lang='lat' dir='ltr'><strong>quae</strong></span> <span class='ocrx_word' id='word_1_423' title='bbox 928 3261 1196 3321; x_wconf 87' lang='lat' dir='ltr'><strong>quantum</strong></span> <span class='ocrx_word' id='word_1_424' title='bbox 1224 3250 1585 3305; x_wconf 89' lang='lat' dir='ltr'><strong>nihilominus</strong></span> <span class='ocrx_word' id='word_1_425' title='bbox 1608 3249 1716 3303; x_wconf 78' lang='lat' dir='ltr'><strong>dif-</strong></span> 
     </span>
    </p>
   </div>
   <div class='ocr_carea' id='block_1_63' title="bbox 146 3340 1715 3413">
    <p class='ocr_par' dir='ltr' id='par_1_63' title="bbox 146 3340 1715 3413">
     <span class='ocr_line' id='line_1_64' title="bbox 146 3340 1715 3413; baseline 0.001 -20"><span class='ocrx_word' id='word_1_426' title='bbox 146 3340 269 3395; x_wconf 85' lang='lat' dir='ltr'><strong>lerat</strong></span> <span class='ocrx_word' id='word_1_427' title='bbox 305 3359 334 3396; x_wconf 90' lang='lat' dir='ltr'><strong>a</strong></span> <span class='ocrx_word' id='word_1_428' title='bbox 370 3342 608 3412; x_wconf 88' lang='lat' dir='ltr'><strong>querela</strong></span> <span class='ocrx_word' id='word_1_429' title='bbox 638 3342 987 3412; x_wconf 89' lang='lat' dir='ltr'><strong>postmodum</strong></span> <span class='ocrx_word' id='word_1_430' title='bbox 1034 3343 1178 3413; x_wconf 90' lang='lat' dir='ltr'><strong>apud</strong></span> <span class='ocrx_word' id='word_1_431' title='bbox 1208 3351 1457 3396; x_wconf 90' lang='lat' dir='ltr'><strong>sanctum</strong></span> <span class='ocrx_word' id='word_1_432' title='bbox 1478 3342 1715 3395; x_wconf 89' lang='lat' dir='ltr'><strong>Leonem</strong></span> 
     </span>
    </p>
   </div>
   <div class='ocr_carea' id='block_1_64' title="bbox 146 3432 1716 3506">
    <p class='ocr_par' dir='ltr' id='par_1_64' title="bbox 146 3432 1716 3506">
     <span class='ocr_line' id='line_1_65' title="bbox 146 3432 1716 3506; baseline 0.001 -21"><span class='ocrx_word' id='word_1_433' title='bbox 146 3432 239 3487; x_wconf 60' lang='lat' dir='ltr'><strong>lact</strong></span> <span class='ocrx_word' id='word_1_434' title='bbox 292 3474 306 3495; x_wconf 95' lang='lat'><strong>,</strong></span> <span class='ocrx_word' id='word_1_435' title='bbox 359 3450 532 3489; x_wconf 84' lang='lat' dir='ltr'><strong>nemo</strong></span> <span class='ocrx_word' id='word_1_436' title='bbox 563 3434 657 3503; x_wconf 91' lang='lat' dir='ltr'><strong>qui</strong></span> <span class='ocrx_word' id='word_1_437' title='bbox 685 3435 902 3506; x_wconf 87' lang='lat' dir='ltr'><strong>legerit,</strong></span> <span class='ocrx_word' id='word_1_438' title='bbox 937 3451 1047 3490; x_wconf 91' lang='lat' dir='ltr'><strong>non</strong></span> <span class='ocrx_word' id='word_1_439' title='bbox 1072 3435 1243 3490; x_wconf 89' lang='lat' dir='ltr'><strong>videt.</strong></span> <span class='ocrx_word' id='word_1_440' title='bbox 1299 3434 1472 3488; x_wconf 84' lang='lat' dir='ltr'><strong>Nemo</strong></span> <span class='ocrx_word' id='word_1_441' title='bbox 1499 3449 1716 3503; x_wconf 88' lang='lat' dir='ltr'><strong>quoque</strong></span> 
     </span>
    </p>
   </div>
   <div class='ocr_carea' id='block_1_65' title="bbox 147 3526 1714 3597">
    <p class='ocr_par' dir='ltr' id='par_1_65' title="bbox 147 3526 1714 3597">
     <span class='ocr_line' id='line_1_66' title="bbox 147 3526 1714 3597; baseline 0.002 -20"><span class='ocrx_word' id='word_1_442' title='bbox 147 3540 245 3579; x_wconf 90' lang='lat' dir='ltr'><strong>non</strong></span> <span class='ocrx_word' id='word_1_443' title='bbox 364 3532 411 3583; x_wconf 84' lang='lat' dir='ltr'><strong>&#39;e</strong></span> <span class='ocrx_word' id='word_1_444' title='bbox 456 3527 732 3597; x_wconf 84' lang='lat' dir='ltr'><strong>intelligit,</strong></span> <span class='ocrx_word' id='word_1_445' title='bbox 786 3527 1029 3582; x_wconf 91' lang='lat' dir='ltr'><strong>Leonem</strong></span> <span class='ocrx_word' id='word_1_446' title='bbox 1056 3527 1386 3597; x_wconf 88' lang='lat' dir='ltr'><strong>appellatum</strong></span> <span class='ocrx_word' id='word_1_447' title='bbox 1414 3542 1534 3581; x_wconf 90' lang='lat' dir='ltr'><strong>esse</strong></span> <span class='ocrx_word' id='word_1_448' title='bbox 1566 3526 1714 3581; x_wconf 90' lang='lat' dir='ltr'><strong>velut</strong></span> 
     </span>
    </p>
   </div>
   <div class='ocr_carea' id='block_1_66' title="bbox 145 3616 1199 3689">
    <p class='ocr_par' dir='ltr' id='par_1_66' title="bbox 145 3616 1199 3689">
     <span class='ocr_line' id='line_1_67' title="bbox 145 3616 1199 3689; baseline 0.004 -20"><span class='ocrx_word' id='word_1_449' title='bbox 145 3616 396 3685; x_wconf 75' lang='lat' dir='ltr'><strong>judicent;</strong></span> <span class='ocrx_word' id='word_1_450' title='bbox 437 3619 779 3684; x_wconf 76' lang='lat' dir='ltr'><strong>Flavianum,</strong></span> <span class='ocrx_word' id='word_1_451' title='bbox 806 3628 866 3673; x_wconf 89' lang='lat' dir='ltr'><strong>ut</strong></span> <span class='ocrx_word' id='word_1_452' title='bbox 889 3627 1199 3689; x_wconf 88' lang='lat' dir='ltr'><strong>patronum.</strong></span> 
     </span>
    </p>
   </div>
   <div class='ocr_carea' id='block_1_67' title="bbox 210 3712 1717 3783">
    <p class='ocr_par' dir='ltr' id='par_1_67' title="bbox 210 3712 1717 3783">
     <span class='ocr_line' id='line_1_68' title="bbox 210 3712 1717 3783; baseline 0 -19"><span class='ocrx_word' id='word_1_453' title='bbox 210 3712 290 3766; x_wconf 80' lang='lat' dir='ltr'><strong>IV.</strong></span> <span class='ocrx_word' id='word_1_454' title='bbox 337 3714 546 3768; x_wconf 70' lang='lat' dir='ltr'><strong>Praeter</strong></span> <span class='ocrx_word' id='word_1_455' title='bbox 588 3714 732 3768; x_wconf 90' lang='lat' dir='ltr'><strong>hanc</strong></span> <span class='ocrx_word' id='word_1_456' title='bbox 761 3713 1184 3783; x_wconf 78' lang='lat' dir='ltr'><strong>querimoniam,</strong></span> <span class='ocrx_word' id='word_1_457' title='bbox 1231 3713 1393 3782; x_wconf 84' lang='lat' dir='ltr'><strong>digna</strong></span> <span class='ocrx_word' id='word_1_458' title='bbox 1418 3720 1565 3775; x_wconf 89' lang='lat' dir='ltr'><strong>sunt,</strong></span> <span class='ocrx_word' id='word_1_459' title='bbox 1597 3726 1717 3781; x_wconf 76' lang='lat' dir='ltr'><strong>qua:</strong></span> 
     </span>
    </p>
   </div>
   <div class='ocr_carea' id='block_1_68' title="bbox 152 3803 1715 3871">
    <p class='ocr_par' dir='ltr' id='par_1_68' title="bbox 152 3803 1715 3871">
     <span class='ocr_line' id='line_1_69' title="bbox 152 3803 1715 3871; baseline 0.001 -17"><span class='ocrx_word' id='word_1_460' title='bbox 152 3803 523 3871; x_wconf 86' lang='lat' dir='ltr'><strong>observentur,</strong></span> <span class='ocrx_word' id='word_1_461' title='bbox 566 3805 615 3859; x_wconf 85' lang='grc'><strong>1.</strong></span> <span class='ocrx_word' id='word_1_462' title='bbox 645 3805 868 3859; x_wconf 80' lang='lat' dir='ltr'><strong>Missum</strong></span> <span class='ocrx_word' id='word_1_463' title='bbox 902 3821 931 3859; x_wconf 90' lang='lat' dir='ltr'><strong>a</strong></span> <span class='ocrx_word' id='word_1_464' title='bbox 958 3804 1308 3859; x_wconf 88' lang='lat' dir='ltr'><strong>Theodoreto</strong></span> <span class='ocrx_word' id='word_1_465' title='bbox 1334 3803 1715 3858; x_wconf 77' lang='lat' dir='ltr'><strong>Alexandriam</strong></span> 
     </span>
    </p>
   </div>
   <div class='ocr_carea' id='block_1_69' title="bbox 156 3895 1717 3968">
    <p class='ocr_par' dir='ltr' id='par_1_69' title="bbox 156 3895 1717 3968">
     <span class='ocr_line' id='line_1_70' title="bbox 156 3895 1717 3968; baseline -0.001 -21"><span class='ocrx_word' id='word_1_466' title='bbox 156 3897 552 3968; x_wconf 85' lang='lat' dir='ltr'><strong>presbyterum;</strong></span> <span class='ocrx_word' id='word_1_467' title='bbox 591 3896 888 3951; x_wconf 85' lang='lat' dir='ltr'><strong>Eusebium</strong></span> <span class='ocrx_word' id='word_1_468' title='bbox 911 3896 1127 3966; x_wconf 80' lang='lat' dir='ltr'><strong>Opinor,</strong></span> <span class='ocrx_word' id='word_1_469' title='bbox 1147 3912 1246 3966; x_wconf 87' lang='lat' dir='ltr'><strong>per</strong></span> <span class='ocrx_word' id='word_1_470' title='bbox 1269 3912 1431 3966; x_wconf 89' lang='lat' dir='ltr'><strong>quem</strong></span> <span class='ocrx_word' id='word_1_471' title='bbox 1454 3895 1717 3949; x_wconf 91' lang='lat' dir='ltr'><strong>Dioscoro</strong></span> 
     </span>
    </p>
   </div>
   <div class='ocr_carea' id='block_1_70' title="bbox 157 3987 1715 4060">
    <p class='ocr_par' dir='ltr' id='par_1_70' title="bbox 157 3987 1715 4060">
     <span class='ocr_line' id='line_1_71' title="bbox 157 3987 1715 4060; baseline 0.001 -22"><span class='ocrx_word' id='word_1_472' title='bbox 157 3990 499 4050; x_wconf 84' lang='lat' dir='ltr'><strong>renuntiavit,</strong></span> <span class='ocrx_word' id='word_1_473' title='bbox 530 4005 587 4043; x_wconf 89' lang='lat' dir='ltr'><strong>sc</strong></span> <span class='ocrx_word' id='word_1_474' title='bbox 616 3989 893 4060; x_wconf 84' lang='lat' dir='ltr'><strong>synodicis</strong></span> <span class='ocrx_word' id='word_1_475' title='bbox 919 3988 1106 4059; x_wconf 86' lang='lat' dir='ltr'><strong>Cyrilli</strong></span> <span class='ocrx_word' id='word_1_476' title='bbox 1148 3997 1205 4042; x_wconf 89' lang='lat' dir='ltr'><strong>et</strong></span> <span class='ocrx_word' id='word_1_477' title='bbox 1238 3987 1465 4043; x_wconf 83' lang='lat' dir='ltr'><strong>Joannis</strong></span> <span class='ocrx_word' id='word_1_478' title='bbox 1492 3987 1715 4056; x_wconf 80' lang='lat' dir='ltr'><strong>acquie-</strong></span> 
     </span>
    </p>
   </div>
   <div class='ocr_carea' id='block_1_71' title="bbox 157 4075 1717 4149">
    <p class='ocr_par' dir='ltr' id='par_1_71' title="bbox 157 4075 1717 4149">
     <span class='ocr_line' id='line_1_72' title="bbox 157 4075 1717 4149; baseline -0.004 -17"><span class='ocrx_word' id='word_1_479' title='bbox 157 4091 322 4141; x_wconf 82' lang='lat' dir='ltr'><strong>scere,</strong></span> <span class='ocrx_word' id='word_1_480' title='bbox 377 4078 532 4149; x_wconf 78' lang='lat' dir='ltr'><strong>quod</strong></span> <span class='ocrx_word' id='word_1_481' title='bbox 563 4078 829 4132; x_wconf 79' lang='lat' dir='ltr'><strong>hactenus</strong></span> <span class='ocrx_word' id='word_1_482' title='bbox 857 4084 1134 4132; x_wconf 90' lang='lat' dir='ltr'><strong>renuerat.</strong></span> <span class='ocrx_word' id='word_1_483' title='bbox 1160 4076 1340 4142; x_wconf 87' lang='lat' dir='ltr'><strong>Quare</strong></span> <span class='ocrx_word' id='word_1_484' title='bbox 1366 4075 1457 4129; x_wconf 92' lang='lat' dir='ltr'><strong>hic</strong></span> <span class='ocrx_word' id='word_1_485' title='bbox 1477 4075 1717 4143; x_wconf 90' lang='lat' dir='ltr'><strong>primum</strong></span> 
     </span>
    </p>
   </div>
   <div class='ocr_carea' id='block_1_72' title="bbox 158 4166 1716 4231">
    <p class='ocr_par' dir='ltr' id='par_1_72' title="bbox 158 4166 1716 4231">
     <span class='ocr_line' id='line_1_73' title="bbox 158 4166 1716 4231; baseline -0.003 -10"><span class='ocrx_word' id='word_1_486' title='bbox 158 4172 344 4225; x_wconf 86' lang='lat' dir='ltr'><strong>mentio</strong></span> <span class='ocrx_word' id='word_1_487' title='bbox 388 4170 450 4226; x_wconf 89' lang='lat' dir='ltr'><strong>ﬁt</strong></span> <span class='ocrx_word' id='word_1_488' title='bbox 504 4170 756 4225; x_wconf 85' lang='lat' dir='ltr'><strong>conversi</strong></span> <span class='ocrx_word' id='word_1_489' title='bbox 805 4168 872 4223; x_wconf 85' lang='lat' dir='ltr'><strong>ad</strong></span> <span class='ocrx_word' id='word_1_490' title='bbox 914 4178 1117 4223; x_wconf 88' lang='lat' dir='ltr'><strong>rectam</strong></span> <span class='ocrx_word' id='word_1_491' title='bbox 1161 4168 1346 4231; x_wconf 89' lang='lat' dir='ltr'><strong>ﬁdem,</strong></span> <span class='ocrx_word' id='word_1_492' title='bbox 1403 4174 1497 4220; x_wconf 90' lang='lat' dir='ltr'><strong>aut</strong></span> <span class='ocrx_word' id='word_1_493' title='bbox 1524 4166 1716 4219; x_wconf 89' lang='lat' dir='ltr'><strong>saltem</strong></span> 
     </span>
    </p>
   </div>
   <div class='ocr_carea' id='block_1_73' title="bbox 159 4256 1720 4331">
    <p class='ocr_par' dir='ltr' id='par_1_73' title="bbox 159 4256 1720 4331">
     <span class='ocr_line' id='line_1_74' title="bbox 159 4256 1720 4331; baseline -0.006 -16"><span class='ocrx_word' id='word_1_494' title='bbox 159 4275 182 4311; x_wconf 83' lang='lat' dir='ltr'><strong>a</strong></span> <span class='ocrx_word' id='word_1_495' title='bbox 202 4262 422 4329; x_wconf 87' lang='lat' dir='ltr'><strong>pristina</strong></span> <span class='ocrx_word' id='word_1_496' title='bbox 445 4261 816 4316; x_wconf 87' lang='lat' dir='ltr'><strong>obstinatione</strong></span> <span class='ocrx_word' id='word_1_497' title='bbox 836 4259 1149 4331; x_wconf 86' lang='lat' dir='ltr'><strong>evigilautis</strong></span> <span class='ocrx_word' id='word_1_498' title='bbox 1166 4256 1501 4311; x_wconf 87' lang='lat' dir='ltr'><strong>Theodoreti</strong></span> <span class='ocrx_word' id='word_1_499' title='bbox 1519 4270 1720 4323; x_wconf 83' lang='lat' dir='ltr'><strong>:quan-</strong></span> 
     </span>
    </p>
   </div>
   <div class='ocr_carea' id='block_1_74' title="bbox 157 4344 1719 4422">
    <p class='ocr_par' dir='ltr' id='par_1_74' title="bbox 157 4344 1719 4422">
     <span class='ocr_line' id='line_1_75' title="bbox 157 4344 1719 4422; baseline 0.001 -24"><span class='ocrx_word' id='word_1_500' title='bbox 157 4364 305 4414; x_wconf 84' lang='lat' dir='ltr'><strong>quam</strong></span> <span class='ocrx_word' id='word_1_501' title='bbox 352 4351 515 4422; x_wconf 79' lang='lat'><strong>333</strong></span> <span class='ocrx_word' id='word_1_502' title='bbox 565 4349 876 4421; x_wconf 87' lang='lat' dir='ltr'><strong>synodicas,</strong></span> <span class='ocrx_word' id='word_1_503' title='bbox 926 4350 1038 4421; x_wconf 90' lang='lat' dir='ltr'><strong>jam</strong></span> <span class='ocrx_word' id='word_1_504' title='bbox 1081 4347 1207 4402; x_wconf 89' lang='lat' dir='ltr'><strong>inde</strong></span> <span class='ocrx_word' id='word_1_505' title='bbox 1241 4355 1543 4415; x_wconf 87' lang='lat' dir='ltr'><strong>atempore</strong></span> <span class='ocrx_word' id='word_1_506' title='bbox 1569 4344 1719 4413; x_wconf 84' lang='lat' dir='ltr'><strong>pacis</strong></span> 
     </span>
    </p>
   </div>
   <div class='ocr_carea' id='block_1_75' title="bbox 1820 3258 3405 3332">
    <p class='ocr_par' dir='ltr' id='par_1_75' title="bbox 1820 3258 3405 3332">
     <span class='ocr_line' id='line_1_76' title="bbox 1820 3258 3405 3332; baseline 0.004 -21"><span class='ocrx_word' id='word_1_507' title='bbox 1820 3258 2095 3312; x_wconf 69' lang='lat' dir='ltr'><strong>memoria:</strong></span> <span class='ocrx_word' id='word_1_508' title='bbox 2128 3259 2322 3313; x_wconf 87' lang='lat' dir='ltr'><strong>Proelo</strong></span> <span class='ocrx_word' id='word_1_509' title='bbox 2359 3259 2516 3314; x_wconf 86' lang='lat' dir='ltr'><strong>factis</strong></span> <span class='ocrx_word' id='word_1_510' title='bbox 2541 3300 2554 3323; x_wconf 92' lang='lat'><strong>,</strong></span> <span class='ocrx_word' id='word_1_511' title='bbox 2588 3270 2901 3315; x_wconf 90' lang='lat' dir='ltr'><strong>sanctorum</strong></span> <span class='ocrx_word' id='word_1_512' title='bbox 2936 3262 3158 3316; x_wconf 91' lang='lat' dir='ltr'><strong>Patrum</strong></span> <span class='ocrx_word' id='word_1_513' title='bbox 3198 3262 3405 3332; x_wconf 81' lang='lat' dir='ltr'><strong>regulis</strong></span> 
     </span>
    </p>
   </div>
   <div class='ocr_carea' id='block_1_76' title="bbox 1820 3349 3405 3424">
    <p class='ocr_par' dir='ltr' id='par_1_76' title="bbox 1820 3349 3405 3424">
     <span class='ocr_line' id='line_1_77' title="bbox 1820 3349 3405 3424; baseline 0.004 -21"><span class='ocrx_word' id='word_1_514' title='bbox 1820 3349 2171 3414; x_wconf 64' lang='lat' dir='ltr'><strong>inhaareutes,</strong></span> <span class='ocrx_word' id='word_1_515' title='bbox 2203 3351 2540 3405; x_wconf 88' lang='lat' dir='ltr'><strong>assensimus</strong></span> <span class='ocrx_word' id='word_1_516' title='bbox 2573 3370 2585 3404; x_wconf 91' lang='lat'>:</span> <span class='ocrx_word' id='word_1_517' title='bbox 2617 3366 2681 3405; x_wconf 89' lang='lat' dir='ltr'><strong>ac</strong></span> <span class='ocrx_word' id='word_1_518' title='bbox 2706 3352 2774 3407; x_wconf 92' lang='lat' dir='ltr'><strong>de</strong></span> <span class='ocrx_word' id='word_1_519' title='bbox 2796 3356 2898 3408; x_wconf 88' lang='lat' dir='ltr'><strong>hoc</strong></span> <span class='ocrx_word' id='word_1_520' title='bbox 2917 3369 3018 3408; x_wconf 85' lang='lat' dir='ltr'><strong>nos</strong></span> <span class='ocrx_word' id='word_1_521' title='bbox 3047 3354 3215 3408; x_wconf 91' lang='lat' dir='ltr'><strong>semel</strong></span> <span class='ocrx_word' id='word_1_522' title='bbox 3239 3363 3405 3424; x_wconf 87' lang='lat' dir='ltr'><strong>atque</strong></span> 
     </span>
    </p>
   </div>
   <div class='ocr_carea' id='block_1_77' title="bbox 1821 3441 3399 3512">
    <p class='ocr_par' dir='ltr' id='par_1_77' title="bbox 1821 3441 3399 3512">
     <span class='ocr_line' id='line_1_78' title="bbox 1821 3441 3399 3512; baseline 0.003 -17"><span class='ocrx_word' id='word_1_523' title='bbox 1821 3441 2022 3495; x_wconf 87' lang='lat' dir='ltr'><strong>iterum</strong></span> <span class='ocrx_word' id='word_1_524' title='bbox 2058 3442 2394 3512; x_wconf 85' lang='lat' dir='ltr'><strong>increpasse,</strong></span> <span class='ocrx_word' id='word_1_525' title='bbox 2419 3443 2574 3512; x_wconf 91' lang='lat' dir='ltr'><strong>quasi</strong></span> <span class='ocrx_word' id='word_1_526' title='bbox 2607 3451 2662 3497; x_wconf 92' lang='lat' dir='ltr'><strong>et</strong></span> <span class='ocrx_word' id='word_1_527' title='bbox 2690 3445 3182 3510; x_wconf 88' lang='lat' dir='ltr'><strong>Antiochenorum,</strong></span> <span class='ocrx_word' id='word_1_528' title='bbox 3215 3456 3277 3501; x_wconf 90' lang='lat' dir='ltr'><strong>ut</strong></span> <span class='ocrx_word' id='word_1_529' title='bbox 3303 3446 3399 3509; x_wconf 87' lang='lat' dir='ltr'><strong>ait,</strong></span> 
     </span>
    </p>
   </div>
   <div class='ocr_carea' id='block_1_78' title="bbox 1820 3528 3050 3601">
    <p class='ocr_par' dir='ltr' id='par_1_78' title="bbox 1820 3528 3050 3601">
     <span class='ocr_line' id='line_1_79' title="bbox 1820 3528 3050 3601; baseline 0.002 -19"><span class='ocrx_word' id='word_1_530' title='bbox 1820 3537 1876 3582; x_wconf 89' lang='lat' dir='ltr'><strong>et</strong></span> <span class='ocrx_word' id='word_1_531' title='bbox 1895 3528 2387 3584; x_wconf 79' lang='lat' dir='ltr'><strong>Alexandrinorum</strong></span> <span class='ocrx_word' id='word_1_532' title='bbox 2412 3532 2538 3600; x_wconf 90' lang='lat' dir='ltr'><strong>jura</strong></span> <span class='ocrx_word' id='word_1_533' title='bbox 2564 3532 2992 3601; x_wconf 90' lang='lat' dir='ltr'><strong>prodiderimus.</strong></span> <span class='ocrx_word' id='word_1_534' title='bbox 3033 3553 3050 3584; x_wconf 71' lang='grc' dir='ltr'><strong><em>ι</em></strong></span> 
     </span>
    </p>
   </div>
   <div class='ocr_carea' id='block_1_79' title="bbox 1880 3622 3399 3695">
    <p class='ocr_par' dir='ltr' id='par_1_79' title="bbox 1880 3622 3399 3695">
     <span class='ocr_line' id='line_1_80' title="bbox 1880 3622 3399 3695; baseline 0.003 -20"><span class='ocrx_word' id='word_1_535' title='bbox 1880 3622 2027 3688; x_wconf 87' lang='lat' dir='ltr'><strong>Quas</strong></span> <span class='ocrx_word' id='word_1_536' title='bbox 2054 3638 2186 3676; x_wconf 90' lang='lat' dir='ltr'><strong>vero</strong></span> <span class='ocrx_word' id='word_1_537' title='bbox 2215 3622 2594 3678; x_wconf 89' lang='lat' dir='ltr'><strong>Theodoretus</strong></span> <span class='ocrx_word' id='word_1_538' title='bbox 2627 3623 2917 3695; x_wconf 87' lang='lat' dir='ltr'><strong>synodicas</strong></span> <span class='ocrx_word' id='word_1_539' title='bbox 2933 3624 3036 3679; x_wconf 89' lang='lat' dir='ltr'><strong>sub</strong></span> <span class='ocrx_word' id='word_1_540' title='bbox 3075 3626 3270 3680; x_wconf 91' lang='lat' dir='ltr'><strong>Proelo</strong></span> <span class='ocrx_word' id='word_1_541' title='bbox 3318 3626 3399 3680; x_wconf 82' lang='lat' dir='ltr'><strong>fa-</strong></span> 
     </span>
    </p>
   </div>
   <div class='ocr_carea' id='block_1_80' title="bbox 1817 3714 3403 3786">
    <p class='ocr_par' dir='ltr' id='par_1_80' title="bbox 1817 3714 3403 3786">
     <span class='ocr_line' id='line_1_81' title="bbox 1817 3714 3403 3786; baseline 0.003 -18"><span class='ocrx_word' id='word_1_542' title='bbox 1817 3724 1933 3769; x_wconf 89' lang='lat' dir='ltr'><strong>ctas</strong></span> <span class='ocrx_word' id='word_1_543' title='bbox 1975 3714 2468 3784; x_wconf 81' lang='lat' dir='ltr'><strong>ConstantinOpoli,</strong></span> <span class='ocrx_word' id='word_1_544' title='bbox 2497 3723 2553 3770; x_wconf 91' lang='lat' dir='ltr'><strong>et</strong></span> <span class='ocrx_word' id='word_1_545' title='bbox 2578 3716 2647 3770; x_wconf 90' lang='lat' dir='ltr'><strong>ab</strong></span> <span class='ocrx_word' id='word_1_546' title='bbox 2672 3717 3033 3771; x_wconf 90' lang='lat' dir='ltr'><strong>Antiochenis</strong></span> <span class='ocrx_word' id='word_1_547' title='bbox 3072 3718 3403 3786; x_wconf 89' lang='lat' dir='ltr'><strong>approbatas</strong></span> 
     </span>
    </p>
   </div>
   <div class='ocr_carea' id='block_1_81' title="bbox 1819 3807 3402 3878">
    <p class='ocr_par' dir='ltr' id='par_1_81' title="bbox 1819 3807 3402 3878">
     <span class='ocr_line' id='line_1_82' title="bbox 1819 3807 3402 3878; baseline 0.003 -18"><span class='ocrx_word' id='word_1_548' title='bbox 1819 3814 2115 3869; x_wconf 79' lang='lat' dir='ltr'><strong>memorat,</strong></span> <span class='ocrx_word' id='word_1_549' title='bbox 2170 3822 2279 3861; x_wconf 92' lang='lat' dir='ltr'><strong>non</strong></span> <span class='ocrx_word' id='word_1_550' title='bbox 2307 3807 2444 3862; x_wconf 90' lang='lat' dir='ltr'><strong>alias</strong></span> <span class='ocrx_word' id='word_1_551' title='bbox 2473 3808 2691 3876; x_wconf 88' lang='lat' dir='ltr'><strong>opinor,</strong></span> <span class='ocrx_word' id='word_1_552' title='bbox 2737 3824 2900 3878; x_wconf 90' lang='lat' dir='ltr'><strong>quam</strong></span> <span class='ocrx_word' id='word_1_553' title='bbox 2953 3825 3074 3878; x_wconf 60' lang='lat' dir='ltr'><strong>qua</strong></span> <span class='ocrx_word' id='word_1_554' title='bbox 3135 3810 3189 3863; x_wconf 92' lang='lat' dir='ltr'><strong>in</strong></span> <span class='ocrx_word' id='word_1_555' title='bbox 3237 3825 3402 3865; x_wconf 88' lang='lat' dir='ltr'><strong>causa</strong></span> 
     </span>
    </p>
   </div>
   <div class='ocr_carea' id='block_1_82' title="bbox 1819 3898 3403 3969">
    <p class='ocr_par' dir='ltr' id='par_1_82' title="bbox 1819 3898 3403 3969">
     <span class='ocr_line' id='line_1_83' title="bbox 1819 3898 3403 3969; baseline 0.003 -17"><span class='ocrx_word' id='word_1_556' title='bbox 1819 3898 2096 3952; x_wconf 84' lang='lat' dir='ltr'><strong>Athanasii</strong></span> <span class='ocrx_word' id='word_1_557' title='bbox 2138 3899 2544 3953; x_wconf 87' lang='lat' dir='ltr'><strong>Perrhenorum</strong></span> <span class='ocrx_word' id='word_1_558' title='bbox 2590 3900 2830 3969; x_wconf 81' lang='lat' dir='ltr'><strong>episcOpi</strong></span> <span class='ocrx_word' id='word_1_559' title='bbox 2866 3901 3130 3955; x_wconf 68' lang='lat' dir='ltr'><strong>confectae</strong></span> <span class='ocrx_word' id='word_1_560' title='bbox 3170 3911 3300 3956; x_wconf 91' lang='lat' dir='ltr'><strong>sunt</strong></span> <span class='ocrx_word' id='word_1_561' title='bbox 3343 3902 3403 3957; x_wconf 89' lang='lat' dir='ltr'><strong>in</strong></span> 
     </span>
    </p>
   </div>
   <div class='ocr_carea' id='block_1_83' title="bbox 1818 3990 3483 4052">
    <p class='ocr_par' dir='ltr' id='par_1_83' title="bbox 1818 3990 3483 4052">
     <span class='ocr_line' id='line_1_84' title="bbox 1818 3990 3483 4052; baseline 0.001 -8"><span class='ocrx_word' id='word_1_562' title='bbox 1818 3990 2073 4052; x_wconf 88' lang='lat' dir='ltr'><strong>concilio,</strong></span> <span class='ocrx_word' id='word_1_563' title='bbox 2108 3990 2253 4044; x_wconf 87' lang='lat' dir='ltr'><strong>unde</strong></span> <span class='ocrx_word' id='word_1_564' title='bbox 2286 3991 2513 4045; x_wconf 89' lang='lat' dir='ltr'><strong>Proclus</strong></span> <span class='ocrx_word' id='word_1_565' title='bbox 2557 3990 2621 4044; x_wconf 91' lang='lat' dir='ltr'><strong>ad</strong></span> <span class='ocrx_word' id='word_1_566' title='bbox 2675 3991 2941 4045; x_wconf 86' lang='lat' dir='ltr'><strong>Domuum</strong></span> <span class='ocrx_word' id='word_1_567' title='bbox 2979 4006 3042 4045; x_wconf 90' lang='lat' dir='ltr'><strong>ea</strong></span> <span class='ocrx_word' id='word_1_568' title='bbox 3069 3991 3136 4047; x_wconf 92' lang='lat' dir='ltr'><strong>de</strong></span> <span class='ocrx_word' id='word_1_569' title='bbox 3165 4007 3223 4046; x_wconf 91' lang='lat' dir='ltr'><strong>re</strong></span> <span class='ocrx_word' id='word_1_570' title='bbox 3262 3992 3402 4045; x_wconf 87' lang='lat' dir='ltr'><strong>scri-</strong></span> <span class='ocrx_word' id='word_1_571' title='bbox 3472 4015 3483 4021; x_wconf 53' lang='grc' dir='ltr'><strong>ν</strong></span> 
     </span>
    </p>
   </div>
   <div class='ocr_carea' id='block_1_84' title="bbox 1818 4081 3399 4149">
    <p class='ocr_par' dir='ltr' id='par_1_84' title="bbox 1818 4081 3399 4149">
     <span class='ocr_line' id='line_1_85' title="bbox 1818 4081 3399 4149; baseline 0.003 -15"><span class='ocrx_word' id='word_1_572' title='bbox 1818 4082 1945 4149; x_wconf 85' lang='lat' dir='ltr'><strong>psit.</strong></span> <span class='ocrx_word' id='word_1_573' title='bbox 2004 4081 2224 4136; x_wconf 67' lang='lat' dir='ltr'><strong>Litterae</strong></span> <span class='ocrx_word' id='word_1_574' title='bbox 2287 4082 2434 4136; x_wconf 91' lang='lat' dir='ltr'><strong>enim</strong></span> <span class='ocrx_word' id='word_1_575' title='bbox 2482 4082 2659 4136; x_wconf 87' lang='lat' dir='ltr'><strong>Procli</strong></span> <span class='ocrx_word' id='word_1_576' title='bbox 2706 4083 3021 4137; x_wconf 80' lang='lat' dir='ltr'><strong>referuntur</strong></span> <span class='ocrx_word' id='word_1_577' title='bbox 3073 4084 3129 4136; x_wconf 91' lang='lat' dir='ltr'><strong>in</strong></span> <span class='ocrx_word' id='word_1_578' title='bbox 3160 4083 3399 4138; x_wconf 90' lang='lat' dir='ltr'><strong>concilio</strong></span> 
     </span>
    </p>
   </div>
   <div class='ocr_carea' id='block_1_85' title="bbox 1817 4170 3405 4244">
    <p class='ocr_par' dir='ltr' id='par_1_85' title="bbox 1817 4170 3405 4244">
     <span class='ocr_line' id='line_1_86' title="bbox 1817 4170 3405 4244; baseline -0.008 -15"><span class='ocrx_word' id='word_1_579' title='bbox 1817 4170 1980 4242; x_wconf 69' lang='grc'><strong>334</strong></span> <span class='ocrx_word' id='word_1_580' title='bbox 2001 4172 2431 4226; x_wconf 85' lang='lat' dir='ltr'><strong>Chalcedonensi</strong></span> <span class='ocrx_word' id='word_1_581' title='bbox 2481 4172 2586 4226; x_wconf 92' lang='lat' dir='ltr'><strong>hoc</strong></span> <span class='ocrx_word' id='word_1_582' title='bbox 2632 4172 2841 4226; x_wconf 87' lang='lat' dir='ltr'><strong>titulo:</strong></span> <span class='ocrx_word' id='word_1_583' title='bbox 2898 4173 3251 4244; x_wconf 74' lang='grc' dir='ltr'>Ἀντίγραφον</span> <span class='ocrx_word' id='word_1_584' title='bbox 3284 4191 3405 4229; x_wconf 84' lang='grc' dir='ltr'>συν.</span> 
     </span>
    </p>
   </div>
   <div class='ocr_carea' id='block_1_86' title="bbox 1821 4262 3398 4335">
    <p class='ocr_par' dir='ltr' id='par_1_86' title="bbox 1821 4262 3398 4335">
     <span class='ocr_line' id='line_1_87' title="bbox 1821 4262 3398 4335; baseline 0 -18"><span class='ocrx_word' id='word_1_585' title='bbox 1821 4264 1999 4317; x_wconf 79' lang='grc' dir='ltr'><strong>οδικοῦ</strong></span> <span class='ocrx_word' id='word_1_586' title='bbox 2042 4264 2385 4333; x_wconf 76' lang='grc' dir='ltr'><strong>γράμματος.</strong></span> <span class='ocrx_word' id='word_1_587' title='bbox 2416 4262 2505 4332; x_wconf 83' lang='grc' dir='ltr'><strong>Τῷ</strong></span> <span class='ocrx_word' id='word_1_588' title='bbox 2527 4262 2821 4333; x_wconf 80' lang='grc' dir='ltr'><strong>ὁσιωτάτῳ,</strong></span> <span class='ocrx_word' id='word_1_589' title='bbox 2853 4264 2946 4316; x_wconf 78' lang='grc' dir='ltr'><strong>καὶ</strong></span> <span class='ocrx_word' id='word_1_590' title='bbox 2982 4263 3398 4335; x_wconf 79' lang='grc' dir='ltr'><strong>θεοφιλεστάτῳ,</strong></span> 
     </span>
    </p>
   </div>
   <div class='ocr_carea' id='block_1_87' title="bbox 1819 4352 3403 4426">
    <p class='ocr_par' dir='ltr' id='par_1_87' title="bbox 1819 4352 3403 4426">
     <span class='ocr_line' id='line_1_88' title="bbox 1819 4352 3403 4426; baseline 0.001 -17"><span class='ocrx_word' id='word_1_591' title='bbox 1819 4355 1915 4409; x_wconf 74' lang='grc' dir='ltr'>καὶ</span> <span class='ocrx_word' id='word_1_592' title='bbox 1964 4352 2357 4425; x_wconf 74' lang='grc' dir='ltr'><strong>συλλειτουργῷ</strong></span> <span class='ocrx_word' id='word_1_593' title='bbox 2399 4354 2610 4425; x_wconf 81' lang='grc' dir='ltr'><strong>Δόμνῳ,</strong></span> <span class='ocrx_word' id='word_1_594' title='bbox 2639 4354 2904 4424; x_wconf 75' lang='grc' dir='ltr'><strong>Πρόκλος,</strong></span> <span class='ocrx_word' id='word_1_595' title='bbox 2936 4355 2995 4409; x_wconf 84' lang='grc' dir='ltr'>ὲν</span> <span class='ocrx_word' id='word_1_596' title='bbox 3036 4354 3256 4426; x_wconf 80' lang='grc' dir='ltr'><strong>Χριστῷ</strong></span> <span class='ocrx_word' id='word_1_597' title='bbox 3278 4356 3403 4426; x_wconf 82' lang='grc' dir='ltr'><strong>χαι-</strong></span> 
     </span>
    </p>
   </div>
   <div class='ocr_carea' id='block_1_88' title="bbox 161 4437 1959 4535">
    <p class='ocr_par' dir='ltr' id='par_1_88' title="bbox 161 4437 1959 4535">
     <span class='ocr_line' id='line_1_89' title="bbox 161 4437 1959 4535; baseline 0 -45"><span class='ocrx_word' id='word_1_598' title='bbox 161 4440 311 4505; x_wconf 71' lang='lat' dir='ltr'><strong>iziitze,</strong></span> <span class='ocrx_word' id='word_1_599' title='bbox 345 4459 470 4499; x_wconf 89' lang='lat' dir='ltr'><strong>cum</strong></span> <span class='ocrx_word' id='word_1_600' title='bbox 505 4443 870 4505; x_wconf 88' lang='lat' dir='ltr'><strong>mitterentur,</strong></span> <span class='ocrx_word' id='word_1_601' title='bbox 904 4442 1131 4511; x_wconf 88' lang='lat' dir='ltr'><strong>legerat,</strong></span> <span class='ocrx_word' id='word_1_602' title='bbox 1161 4448 1217 4494; x_wconf 89' lang='lat' dir='ltr'><strong>et</strong></span> <span class='ocrx_word' id='word_1_603' title='bbox 1248 4455 1311 4493; x_wconf 89' lang='lat' dir='ltr'><strong>ea</strong></span> <span class='ocrx_word' id='word_1_604' title='bbox 1338 4446 1491 4508; x_wconf 90' lang='lat' dir='ltr'><strong>parte</strong></span> <span class='ocrx_word' id='word_1_605' title='bbox 1518 4437 1716 4507; x_wconf 88' lang='lat' dir='ltr'><strong>proba-</strong></span> <span class='ocrx_word' id='word_1_606' title='bbox 1754 4482 1793 4535; x_wconf 70' lang='grc' dir='ltr'>ο</span> <span class='ocrx_word' id='word_1_607' title='bbox 1827 4464 1959 4519; x_wconf 79' lang='grc' dir='ltr'>ρειν,</span> 
     </span>
    </p>
   </div>
   <div class='ocr_carea' id='block_1_89' title="bbox 160 4528 1718 4603">
    <p class='ocr_par' dir='ltr' id='par_1_89' title="bbox 160 4528 1718 4603">
     <span class='ocr_line' id='line_1_90' title="bbox 160 4528 1718 4603; baseline 0.001 -21"><span class='ocrx_word' id='word_1_608' title='bbox 160 4540 315 4597; x_wconf 66' lang='lat' dir='ltr'><strong>verat,</strong></span> <span class='ocrx_word' id='word_1_609' title='bbox 364 4549 475 4603; x_wconf 89' lang='lat' dir='ltr'><strong>qua</strong></span> <span class='ocrx_word' id='word_1_610' title='bbox 512 4533 747 4587; x_wconf 89' lang='lat' dir='ltr'><strong>duarum</strong></span> <span class='ocrx_word' id='word_1_611' title='bbox 774 4541 1094 4587; x_wconf 87' lang='lat' dir='ltr'><strong>naturarum</strong></span> <span class='ocrx_word' id='word_1_612' title='bbox 1126 4531 1434 4586; x_wconf 89' lang='lat' dir='ltr'><strong>doctrinam</strong></span> <span class='ocrx_word' id='word_1_613' title='bbox 1467 4528 1718 4584; x_wconf 88' lang='lat' dir='ltr'><strong>contine-</strong></span> 
     </span>
    </p>
   </div>
   <div class='ocr_carea' id='block_1_90' title="bbox 161 4621 1720 4696">
    <p class='ocr_par' dir='ltr' id='par_1_90' title="bbox 161 4621 1720 4696">
     <span class='ocr_line' id='line_1_91' title="bbox 161 4621 1720 4696; baseline 0 -20"><span class='ocrx_word' id='word_1_614' title='bbox 161 4621 310 4691; x_wconf 85' lang='lat' dir='ltr'><strong>bant;</strong></span> <span class='ocrx_word' id='word_1_615' title='bbox 373 4642 486 4681; x_wconf 90' lang='lat' dir='ltr'><strong>non</strong></span> <span class='ocrx_word' id='word_1_616' title='bbox 534 4634 719 4681; x_wconf 84' lang='lat' dir='ltr'><strong>tamen</strong></span> <span class='ocrx_word' id='word_1_617' title='bbox 764 4627 1184 4696; x_wconf 88' lang='lat' dir='ltr'><strong>subscripserat,</strong></span> <span class='ocrx_word' id='word_1_618' title='bbox 1237 4624 1436 4695; x_wconf 90' lang='lat' dir='ltr'><strong>partim</strong></span> <span class='ocrx_word' id='word_1_619' title='bbox 1480 4622 1720 4679; x_wconf 88' lang='lat' dir='ltr'><strong>Nestorii</strong></span> 
     </span>
    </p>
   </div>
   <div class='ocr_carea' id='block_1_91' title="bbox 160 4717 1718 4791">
    <p class='ocr_par' dir='ltr' id='par_1_91' title="bbox 160 4717 1718 4791">
     <span class='ocr_line' id='line_1_92' title="bbox 160 4717 1718 4791; baseline 0.001 -24"><span class='ocrx_word' id='word_1_620' title='bbox 160 4729 353 4782; x_wconf 74' lang='lat' dir='ltr'><strong>arnore,</strong></span> <span class='ocrx_word' id='word_1_621' title='bbox 377 4719 575 4787; x_wconf 89' lang='lat' dir='ltr'><strong>partim</strong></span> <span class='ocrx_word' id='word_1_622' title='bbox 597 4717 786 4791; x_wconf 83' lang='lat' dir='ltr'><strong>Cyrilli</strong></span> <span class='ocrx_word' id='word_1_623' title='bbox 806 4718 953 4773; x_wconf 86' lang='lat' dir='ltr'><strong>odio.</strong></span> <span class='ocrx_word' id='word_1_624' title='bbox 983 4719 1125 4773; x_wconf 87' lang='lat' dir='ltr'><strong>Cave</strong></span> <span class='ocrx_word' id='word_1_625' title='bbox 1148 4733 1315 4789; x_wconf 89' lang='lat' dir='ltr'><strong>porro</strong></span> <span class='ocrx_word' id='word_1_626' title='bbox 1334 4717 1718 4789; x_wconf 86' lang='lat' dir='ltr'><strong>synodicarum</strong></span> 
     </span>
    </p>
   </div>
   <div class='ocr_carea' id='block_1_92' title="bbox 162 4807 1719 4883">
    <p class='ocr_par' dir='ltr' id='par_1_92' title="bbox 162 4807 1719 4883">
     <span class='ocr_line' id='line_1_93' title="bbox 162 4807 1719 4883; baseline 0 -23"><span class='ocrx_word' id='word_1_627' title='bbox 162 4807 458 4866; x_wconf 89' lang='lat' dir='ltr'><strong>litterarum</strong></span> <span class='ocrx_word' id='word_1_628' title='bbox 488 4813 707 4867; x_wconf 89' lang='lat' dir='ltr'><strong>nomine</strong></span> <span class='ocrx_word' id='word_1_629' title='bbox 756 4811 1031 4883; x_wconf 84' lang='lat' dir='ltr'><strong>intelligas</strong></span> <span class='ocrx_word' id='word_1_630' title='bbox 1057 4827 1187 4877; x_wconf 87' lang='lat' dir='ltr'><strong>eas,</strong></span> <span class='ocrx_word' id='word_1_631' title='bbox 1242 4826 1363 4881; x_wconf 77' lang='lat' dir='ltr'><strong>qua:</strong></span> <span class='ocrx_word' id='word_1_632' title='bbox 1400 4809 1719 4863; x_wconf 88' lang='lat' dir='ltr'><strong>anathema-</strong></span> 
     </span>
    </p>
   </div>
   <div class='ocr_carea' id='block_1_93' title="bbox 164 4899 1722 4974">
    <p class='ocr_par' dir='ltr' id='par_1_93' title="bbox 164 4899 1722 4974">
     <span class='ocr_line' id='line_1_94' title="bbox 164 4899 1722 4974; baseline 0.001 -23"><span class='ocrx_word' id='word_1_633' title='bbox 164 4899 338 4958; x_wconf 90' lang='lat' dir='ltr'><strong>tismos</strong></span> <span class='ocrx_word' id='word_1_634' title='bbox 384 4904 707 4974; x_wconf 88' lang='lat' dir='ltr'><strong>subjunctos</strong></span> <span class='ocrx_word' id='word_1_635' title='bbox 744 4904 975 4969; x_wconf 87' lang='lat' dir='ltr'><strong>habent;</strong></span> <span class='ocrx_word' id='word_1_636' title='bbox 1033 4903 1128 4957; x_wconf 86' lang='lat' dir='ltr'><strong>sed</strong></span> <span class='ocrx_word' id='word_1_637' title='bbox 1182 4918 1303 4972; x_wconf 63' lang='lat' dir='ltr'><strong>quae</strong></span> <span class='ocrx_word' id='word_1_638' title='bbox 1336 4903 1404 4957; x_wconf 91' lang='lat' dir='ltr'><strong>ab</strong></span> <span class='ocrx_word' id='word_1_639' title='bbox 1438 4902 1505 4956; x_wconf 89' lang='lat' dir='ltr'><strong>iis</strong></span> <span class='ocrx_word' id='word_1_640' title='bbox 1538 4899 1722 4954; x_wconf 85' lang='lat' dir='ltr'><strong>verbis</strong></span> 
     </span>
    </p>
   </div>
   <div class='ocr_carea' id='block_1_94' title="bbox 165 4988 1230 5059">
    <p class='ocr_par' dir='ltr' id='par_1_94' title="bbox 165 4988 1230 5059">
     <span class='ocr_line' id='line_1_95' title="bbox 165 4988 1230 5059; baseline 0.005 -16"><span class='ocrx_word' id='word_1_641' title='bbox 165 4988 361 5049; x_wconf 89' lang='lat' dir='ltr'><strong>initium</strong></span> <span class='ocrx_word' id='word_1_642' title='bbox 390 4996 601 5050; x_wconf 90' lang='lat' dir='ltr'><strong>ducunt</strong></span> <span class='ocrx_word' id='word_1_643' title='bbox 626 5014 639 5050; x_wconf 90' lang='lat'>:</span> <span class='ocrx_word' id='word_1_644' title='bbox 666 4996 935 5051; x_wconf 71' lang='lat' dir='ltr'><strong>Lcetentur</strong></span> <span class='ocrx_word' id='word_1_645' title='bbox 954 4994 1089 5059; x_wconf 79' lang='lat' dir='ltr'><strong>cwli,</strong></span> <span class='ocrx_word' id='word_1_646' title='bbox 1123 5003 1230 5048; x_wconf 91' lang='lat' dir='ltr'><strong>etc.</strong></span> 
     </span>
    </p>
   </div>
   <div class='ocr_carea' id='block_1_95' title="bbox 224 5082 1726 5155">
    <p class='ocr_par' dir='ltr' id='par_1_95' title="bbox 224 5082 1726 5155">
     <span class='ocr_line' id='line_1_96' title="bbox 224 5082 1726 5155; baseline -0.003 -12"><span class='ocrx_word' id='word_1_647' title='bbox 224 5082 273 5138; x_wconf 70' lang='grc'><strong>2.</strong></span> <span class='ocrx_word' id='word_1_648' title='bbox 298 5088 582 5155; x_wconf 84' lang='lat' dir='ltr'><strong>Quomodo</strong></span> <span class='ocrx_word' id='word_1_649' title='bbox 617 5088 672 5143; x_wconf 89' lang='lat' dir='ltr'><strong>in</strong></span> <span class='ocrx_word' id='word_1_650' title='bbox 698 5103 962 5142; x_wconf 89' lang='lat' dir='ltr'><strong>canonem</strong></span> <span class='ocrx_word' id='word_1_651' title='bbox 987 5087 1267 5142; x_wconf 66' lang='lat' dir='ltr'><strong>Niccenum</strong></span> <span class='ocrx_word' id='word_1_652' title='bbox 1290 5099 1542 5154; x_wconf 85' lang='lat' dir='ltr'><strong>peccasse</strong></span> <span class='ocrx_word' id='word_1_653' title='bbox 1572 5083 1726 5138; x_wconf 88' lang='lat' dir='ltr'><strong>Dios-</strong></span> 
     </span>
    </p>
   </div>
   <div class='ocr_carea' id='block_1_96' title="bbox 168 5176 1725 5248">
    <p class='ocr_par' dir='ltr' id='par_1_96' title="bbox 168 5176 1725 5248">
     <span class='ocr_line' id='line_1_97' title="bbox 168 5176 1725 5248; baseline 0.004 -20"><span class='ocrx_word' id='word_1_654' title='bbox 168 5189 313 5235; x_wconf 88' lang='lat' dir='ltr'><strong>corus</strong></span> <span class='ocrx_word' id='word_1_655' title='bbox 348 5197 379 5236; x_wconf 92' lang='lat' dir='ltr'><strong>a</strong></span> <span class='ocrx_word' id='word_1_656' title='bbox 416 5181 764 5237; x_wconf 87' lang='lat' dir='ltr'><strong>Theodoreto</strong></span> <span class='ocrx_word' id='word_1_657' title='bbox 798 5181 1020 5247; x_wconf 89' lang='lat' dir='ltr'><strong>dicitur,</strong></span> <span class='ocrx_word' id='word_1_658' title='bbox 1060 5186 1120 5233; x_wconf 89' lang='lat' dir='ltr'><strong>ut</strong></span> <span class='ocrx_word' id='word_1_659' title='bbox 1142 5178 1235 5248; x_wconf 88' lang='lat' dir='ltr'><strong>qui</strong></span> <span class='ocrx_word' id='word_1_660' title='bbox 1260 5178 1327 5232; x_wconf 91' lang='lat' dir='ltr'><strong>de</strong></span> <span class='ocrx_word' id='word_1_661' title='bbox 1350 5178 1538 5231; x_wconf 59' lang='lat' dir='ltr'><strong>alienas</strong></span> <span class='ocrx_word' id='word_1_662' title='bbox 1585 5176 1725 5235; x_wconf 80' lang='lat' dir='ltr'><strong>dioe-</strong></span> 
     </span>
    </p>
   </div>
   <div class='ocr_carea' id='block_1_97' title="bbox 169 5269 1728 5343">
    <p class='ocr_par' dir='ltr' id='par_1_97' title="bbox 169 5269 1728 5343">
     <span class='ocr_line' id='line_1_98' title="bbox 169 5269 1728 5343; baseline 0.001 -24"><span class='ocrx_word' id='word_1_663' title='bbox 169 5269 291 5325; x_wconf 81' lang='lat' dir='ltr'><strong>cesis</strong></span> <span class='ocrx_word' id='word_1_664' title='bbox 334 5272 560 5328; x_wconf 84' lang='lat' dir='ltr'><strong>homine</strong></span> <span class='ocrx_word' id='word_1_665' title='bbox 603 5272 875 5343; x_wconf 86' lang='lat' dir='ltr'><strong>judicium</strong></span> <span class='ocrx_word' id='word_1_666' title='bbox 914 5271 1228 5327; x_wconf 75' lang='lat' dir='ltr'><strong>exercuerit</strong></span> <span class='ocrx_word' id='word_1_667' title='bbox 1259 5286 1272 5324; x_wconf 88' lang='lat'><strong>:</strong></span> <span class='ocrx_word' id='word_1_668' title='bbox 1303 5283 1611 5339; x_wconf 87' lang='lat' dir='ltr'><strong>quanquam</strong></span> <span class='ocrx_word' id='word_1_669' title='bbox 1658 5282 1728 5322; x_wconf 91' lang='lat' dir='ltr'><strong>ne</strong></span> 
     </span>
    </p>
   </div>
   <div class='ocr_carea' id='block_1_98' title="bbox 169 5354 1727 5431">
    <p class='ocr_par' dir='ltr' id='par_1_98' title="bbox 169 5354 1727 5431">
     <span class='ocr_line' id='line_1_99' title="bbox 169 5354 1727 5431; baseline 0.003 -24"><span class='ocrx_word' id='word_1_670' title='bbox 169 5354 335 5417; x_wconf 78' lang='lat' dir='ltr'><strong>violati</strong></span> <span class='ocrx_word' id='word_1_671' title='bbox 355 5362 586 5418; x_wconf 89' lang='lat' dir='ltr'><strong>canonis</strong></span> <span class='ocrx_word' id='word_1_672' title='bbox 610 5362 875 5417; x_wconf 88' lang='lat' dir='ltr'><strong>invidiam</strong></span> <span class='ocrx_word' id='word_1_673' title='bbox 925 5361 1253 5426; x_wconf 88' lang='lat' dir='ltr'><strong>incurreret,</strong></span> <span class='ocrx_word' id='word_1_674' title='bbox 1277 5359 1473 5431; x_wconf 87' lang='lat' dir='ltr'><strong>judicii</strong></span> <span class='ocrx_word' id='word_1_675' title='bbox 1499 5358 1727 5414; x_wconf 86' lang='lat' dir='ltr'><strong>formam</strong></span> 
     </span>
    </p>
   </div>
   <div class='ocr_carea' id='block_1_99' title="bbox 170 5450 1733 5520">
    <p class='ocr_par' dir='ltr' id='par_1_99' title="bbox 170 5450 1733 5520">
     <span class='ocr_line' id='line_1_100' title="bbox 170 5450 1733 5520; baseline 0.003 -18"><span class='ocrx_word' id='word_1_676' title='bbox 170 5461 267 5505; x_wconf 85' lang='lat' dir='ltr'><strong>non</strong></span> <span class='ocrx_word' id='word_1_677' title='bbox 295 5456 485 5520; x_wconf 82' lang='lat' dir='ltr'><strong>tenuit,</strong></span> <span class='ocrx_word' id='word_1_678' title='bbox 515 5456 612 5512; x_wconf 89' lang='lat' dir='ltr'><strong>sed</strong></span> <span class='ocrx_word' id='word_1_679' title='bbox 642 5455 838 5511; x_wconf 91' lang='lat' dir='ltr'><strong>callide</strong></span> <span class='ocrx_word' id='word_1_680' title='bbox 871 5453 1088 5510; x_wconf 80' lang='lat' dir='ltr'><strong>induxit</strong></span> <span class='ocrx_word' id='word_1_681' title='bbox 1112 5463 1458 5509; x_wconf 88' lang='lat' dir='ltr'><strong>accusatores</strong></span> <span class='ocrx_word' id='word_1_682' title='bbox 1479 5450 1733 5507; x_wconf 89' lang='lat' dir='ltr'><strong>Orienta-</strong></span> 
     </span>
    </p>
   </div>
   <div class='ocr_carea' id='block_1_100' title="bbox 174 5538 1729 5616">
    <p class='ocr_par' dir='ltr' id='par_1_100' title="bbox 174 5538 1729 5616">
     <span class='ocr_line' id='line_1_101' title="bbox 174 5538 1729 5616; baseline 0 -19"><span class='ocrx_word' id='word_1_683' title='bbox 174 5538 292 5597; x_wconf 81' lang='lat' dir='ltr'><strong>lium</strong></span> <span class='ocrx_word' id='word_1_684' title='bbox 317 5548 636 5612; x_wconf 89' lang='lat' dir='ltr'><strong>monachos,</strong></span> <span class='ocrx_word' id='word_1_685' title='bbox 673 5544 768 5616; x_wconf 90' lang='lat' dir='ltr'><strong>qui</strong></span> <span class='ocrx_word' id='word_1_686' title='bbox 789 5555 917 5615; x_wconf 92' lang='lat' dir='ltr'><strong>post</strong></span> <span class='ocrx_word' id='word_1_687' title='bbox 954 5546 1271 5601; x_wconf 89' lang='lat' dir='ltr'><strong>concionem</strong></span> <span class='ocrx_word' id='word_1_688' title='bbox 1294 5544 1360 5599; x_wconf 90' lang='lat' dir='ltr'><strong>de</strong></span> <span class='ocrx_word' id='word_1_689' title='bbox 1386 5543 1492 5599; x_wconf 90' lang='lat' dir='ltr'><strong>ﬁde</strong></span> <span class='ocrx_word' id='word_1_690' title='bbox 1519 5559 1548 5598; x_wconf 88' lang='lat' dir='ltr'><strong>a</strong></span> <span class='ocrx_word' id='word_1_691' title='bbox 1574 5558 1729 5613; x_wconf 84' lang='lat' dir='ltr'><strong>pres-</strong></span> 
     </span>
    </p>
   </div>
   <div class='ocr_carea' id='block_1_101' title="bbox 1892 4539 3402 4611">
    <p class='ocr_par' dir='ltr' id='par_1_101' title="bbox 1892 4539 3402 4611">
     <span class='ocr_line' id='line_1_102' title="bbox 1892 4539 3402 4611; baseline 0 -16"><span class='ocrx_word' id='word_1_692' title='bbox 1892 4540 2079 4595; x_wconf 87' lang='lat' dir='ltr'><strong>Potest</strong></span> <span class='ocrx_word' id='word_1_693' title='bbox 2112 4551 2290 4594; x_wconf 90' lang='lat' dir='ltr'><strong>tamen</strong></span> <span class='ocrx_word' id='word_1_694' title='bbox 2338 4539 2577 4595; x_wconf 88' lang='lat' dir='ltr'><strong>suboriri</strong></span> <span class='ocrx_word' id='word_1_695' title='bbox 2625 4540 2887 4594; x_wconf 89' lang='lat' dir='ltr'><strong>nonnulla</strong></span> <span class='ocrx_word' id='word_1_696' title='bbox 2919 4540 3171 4611; x_wconf 71' lang='lat' dir='ltr'><strong>quaastio,</strong></span> <span class='ocrx_word' id='word_1_697' title='bbox 3212 4555 3402 4611; x_wconf 85' lang='lat' dir='ltr'><strong>quam-</strong></span> 
     </span>
    </p>
   </div>
   <div class='ocr_carea' id='block_1_102' title="bbox 1824 4630 3406 4696">
    <p class='ocr_par' dir='ltr' id='par_1_102' title="bbox 1824 4630 3406 4696">
     <span class='ocr_line' id='line_1_103' title="bbox 1824 4630 3406 4696; baseline -0.001 -9"><span class='ocrx_word' id='word_1_698' title='bbox 1824 4632 2035 4695; x_wconf 88' lang='lat' dir='ltr'><strong>obrem,</strong></span> <span class='ocrx_word' id='word_1_699' title='bbox 2064 4631 2108 4684; x_wconf 91' lang='lat' dir='ltr'><strong>si</strong></span> <span class='ocrx_word' id='word_1_700' title='bbox 2137 4647 2224 4685; x_wconf 90' lang='lat' dir='ltr'><strong>res</strong></span> <span class='ocrx_word' id='word_1_701' title='bbox 2252 4631 2326 4684; x_wconf 89' lang='lat' dir='ltr'><strong>ita</strong></span> <span class='ocrx_word' id='word_1_702' title='bbox 2343 4646 2401 4686; x_wconf 90' lang='lat' dir='ltr'><strong>se</strong></span> <span class='ocrx_word' id='word_1_703' title='bbox 2427 4631 2642 4695; x_wconf 84' lang='lat' dir='ltr'><strong>habuit,</strong></span> <span class='ocrx_word' id='word_1_704' title='bbox 2666 4641 2729 4685; x_wconf 92' lang='lat' dir='ltr'><strong>ut</strong></span> <span class='ocrx_word' id='word_1_705' title='bbox 2745 4630 3002 4696; x_wconf 79' lang='lat' dir='ltr'><strong>diximus,</strong></span> <span class='ocrx_word' id='word_1_706' title='bbox 3027 4630 3406 4685; x_wconf 84' lang='lat' dir='ltr'><strong>Theodoretus</strong></span> 
     </span>
    </p>
   </div>
   <div class='ocr_carea' id='block_1_103' title="bbox 1823 4722 3405 4793">
    <p class='ocr_par' dir='ltr' id='par_1_103' title="bbox 1823 4722 3405 4793">
     <span class='ocr_line' id='line_1_104' title="bbox 1823 4722 3405 4793; baseline -0.003 -15"><span class='ocrx_word' id='word_1_707' title='bbox 1823 4722 2135 4793; x_wconf 89' lang='lat' dir='ltr'><strong>scripserit,</strong></span> <span class='ocrx_word' id='word_1_708' title='bbox 2169 4723 2542 4779; x_wconf 87' lang='lat' dir='ltr'><strong>Antiochenos</strong></span> <span class='ocrx_word' id='word_1_709' title='bbox 2572 4739 2857 4779; x_wconf 90' lang='lat' dir='ltr'><strong>assensum</strong></span> <span class='ocrx_word' id='word_1_710' title='bbox 2883 4723 3183 4793; x_wconf 73' lang='lat' dir='ltr'><strong>praebuisse</strong></span> <span class='ocrx_word' id='word_1_711' title='bbox 3224 4722 3405 4778; x_wconf 90' lang='lat' dir='ltr'><strong>Procli</strong></span> 
     </span>
    </p>
   </div>
   <div class='ocr_carea' id='block_1_104' title="bbox 1824 4812 3404 4885">
    <p class='ocr_par' dir='ltr' id='par_1_104' title="bbox 1824 4812 3404 4885">
     <span class='ocr_line' id='line_1_105' title="bbox 1824 4812 3404 4885; baseline -0.002 -17"><span class='ocrx_word' id='word_1_712' title='bbox 1824 4813 2121 4885; x_wconf 85' lang='lat' dir='ltr'><strong>synodicis,</strong></span> <span class='ocrx_word' id='word_1_713' title='bbox 2159 4816 2271 4876; x_wconf 79' lang='grc' dir='ltr'><strong>τοῖς</strong></span> <span class='ocrx_word' id='word_1_714' title='bbox 2295 4813 2405 4864; x_wconf 85' lang='grc' dir='ltr'><strong>τῶν</strong></span> <span class='ocrx_word' id='word_1_715' title='bbox 2435 4814 2603 4881; x_wconf 75' lang='grc' dir='ltr'>ἁγῖων</span> <span class='ocrx_word' id='word_1_716' title='bbox 2636 4815 2892 4883; x_wconf 79' lang='grc' dir='ltr'><strong>πατέρων</strong></span> <span class='ocrx_word' id='word_1_717' title='bbox 2923 4816 3144 4866; x_wconf 87' lang='grc' dir='ltr'><strong>κανόσιν</strong></span> <span class='ocrx_word' id='word_1_718' title='bbox 3178 4812 3404 4865; x_wconf 82' lang='grc' dir='ltr'><strong>ἀκολου-</strong></span> 
     </span>
    </p>
   </div>
   <div class='ocr_carea' id='block_1_105' title="bbox 1827 4904 3409 4974">
    <p class='ocr_par' dir='ltr' id='par_1_105' title="bbox 1827 4904 3409 4974">
     <span class='ocr_line' id='line_1_106' title="bbox 1827 4904 3409 4974; baseline 0.001 -17"><span class='ocrx_word' id='word_1_719' title='bbox 1827 4904 2129 4974; x_wconf 70' lang='grc' dir='ltr'><strong>Θήσχνταςτ</strong></span> <span class='ocrx_word' id='word_1_720' title='bbox 2157 4920 2258 4959; x_wconf 87' lang='lat' dir='ltr'><strong>cur</strong></span> <span class='ocrx_word' id='word_1_721' title='bbox 2284 4904 2506 4960; x_wconf 89' lang='lat' dir='ltr'><strong>eosdem</strong></span> <span class='ocrx_word' id='word_1_722' title='bbox 2536 4904 2912 4959; x_wconf 84' lang='lat' dir='ltr'><strong>Antiochenos</strong></span> <span class='ocrx_word' id='word_1_723' title='bbox 2942 4904 3243 4959; x_wconf 90' lang='lat' dir='ltr'><strong>Dioscorus</strong></span> <span class='ocrx_word' id='word_1_724' title='bbox 3280 4917 3409 4973; x_wconf 84' lang='lat' dir='ltr'><strong>pro-</strong></span> 
     </span>
    </p>
   </div>
   <div class='ocr_carea' id='block_1_106' title="bbox 1823 4992 3408 5058">
    <p class='ocr_par' dir='ltr' id='par_1_106' title="bbox 1823 4992 3408 5058">
     <span class='ocr_line' id='line_1_107' title="bbox 1823 4992 3408 5058; baseline -0.001 -9"><span class='ocrx_word' id='word_1_725' title='bbox 1823 4995 1955 5049; x_wconf 78' lang='lat' dir='ltr'><strong>ditae</strong></span> <span class='ocrx_word' id='word_1_726' title='bbox 1975 5009 2087 5049; x_wconf 72' lang='lat' dir='ltr'><strong>sua:</strong></span> <span class='ocrx_word' id='word_1_727' title='bbox 2123 5010 2188 5049; x_wconf 91' lang='lat' dir='ltr'><strong>ac</strong></span> <span class='ocrx_word' id='word_1_728' title='bbox 2217 4994 2600 5049; x_wconf 65' lang='lat' dir='ltr'><strong>Alexandrinae</strong></span> <span class='ocrx_word' id='word_1_729' title='bbox 2627 4993 2889 5048; x_wconf 80' lang='lat' dir='ltr'><strong>Ecclesiae</strong></span> <span class='ocrx_word' id='word_1_730' title='bbox 2929 5007 3056 5047; x_wconf 88' lang='lat' dir='ltr'><strong>reos</strong></span> <span class='ocrx_word' id='word_1_731' title='bbox 3097 4992 3323 5058; x_wconf 78' lang='lat' dir='ltr'><strong>fecerit;</strong></span> <span class='ocrx_word' id='word_1_732' title='bbox 3350 4998 3408 5047; x_wconf 86' lang='lat' dir='ltr'><strong>et</strong></span> 
     </span>
    </p>
   </div>
   <div class='ocr_carea' id='block_1_107' title="bbox 1829 5083 3409 5158">
    <p class='ocr_par' dir='ltr' id='par_1_107' title="bbox 1829 5083 3409 5158">
     <span class='ocr_line' id='line_1_108' title="bbox 1829 5083 3409 5158; baseline -0.002 -16"><span class='ocrx_word' id='word_1_733' title='bbox 1829 5103 1939 5157; x_wconf 90' lang='lat' dir='ltr'><strong>quo</strong></span> <span class='ocrx_word' id='word_1_734' title='bbox 1983 5087 2039 5141; x_wconf 90' lang='lat' dir='ltr'><strong>in</strong></span> <span class='ocrx_word' id='word_1_735' title='bbox 2069 5087 2238 5158; x_wconf 88' lang='lat' dir='ltr'><strong>gradu</strong></span> <span class='ocrx_word' id='word_1_736' title='bbox 2271 5095 2403 5142; x_wconf 89' lang='lat' dir='ltr'><strong>tunc</strong></span> <span class='ocrx_word' id='word_1_737' title='bbox 2449 5085 2713 5156; x_wconf 86' lang='lat' dir='ltr'><strong>temporis</strong></span> <span class='ocrx_word' id='word_1_738' title='bbox 2736 5085 3032 5140; x_wconf 85' lang='lat' dir='ltr'><strong>Dioscorus</strong></span> <span class='ocrx_word' id='word_1_739' title='bbox 3075 5083 3409 5139; x_wconf 87' lang='lat' dir='ltr'><strong>constitutus</strong></span> 
     </span>
    </p>
   </div>
   <div class='ocr_carea' id='block_1_108' title="bbox 1830 5186 1994 5233">
    <p class='ocr_par' dir='ltr' id='par_1_108' title="bbox 1830 5186 1994 5233">
     <span class='ocr_line' id='line_1_109' title="bbox 1830 5186 1994 5233; baseline -0.006 0"><span class='ocrx_word' id='word_1_740' title='bbox 1830 5186 1994 5233; x_wconf 72' lang='lat' dir='ltr'><strong>CSSCL</strong></span> 
     </span>
    </p>
   </div>
   <div class='ocr_carea' id='block_1_109' title="bbox 1895 5264 3408 5339">
    <p class='ocr_par' dir='ltr' id='par_1_109' title="bbox 1895 5264 3408 5339">
     <span class='ocr_line' id='line_1_110' title="bbox 1895 5264 3408 5339; baseline -0.004 -14"><span class='ocrx_word' id='word_1_741' title='bbox 1895 5270 2093 5325; x_wconf 80' lang='lat' dir='ltr'><strong>Verum</strong></span> <span class='ocrx_word' id='word_1_742' title='bbox 2124 5277 2185 5323; x_wconf 89' lang='lat' dir='ltr'><strong>ut</strong></span> <span class='ocrx_word' id='word_1_743' title='bbox 2215 5284 2248 5324; x_wconf 90' lang='lat' dir='ltr'><strong>a</strong></span> <span class='ocrx_word' id='word_1_744' title='bbox 2284 5277 2562 5339; x_wconf 90' lang='lat' dir='ltr'><strong>postremo</strong></span> <span class='ocrx_word' id='word_1_745' title='bbox 2589 5265 2797 5331; x_wconf 88' lang='lat' dir='ltr'><strong>ordiar,</strong></span> <span class='ocrx_word' id='word_1_746' title='bbox 2819 5265 3117 5320; x_wconf 85' lang='lat' dir='ltr'><strong>Dioscorus</strong></span> <span class='ocrx_word' id='word_1_747' title='bbox 3142 5278 3267 5319; x_wconf 90' lang='lat' dir='ltr'><strong>cum</strong></span> <span class='ocrx_word' id='word_1_748' title='bbox 3292 5264 3408 5319; x_wconf 85' lang='lat' dir='ltr'><strong>An-</strong></span> 
     </span>
    </p>
   </div>
   <div class='ocr_carea' id='block_1_110' title="bbox 1830 5355 3413 5428">
    <p class='ocr_par' dir='ltr' id='par_1_110' title="bbox 1830 5355 3413 5428">
     <span class='ocr_line' id='line_1_111' title="bbox 1830 5355 3413 5428; baseline -0.005 -13"><span class='ocrx_word' id='word_1_749' title='bbox 1830 5360 2098 5415; x_wconf 86' lang='lat' dir='ltr'><strong>tiocheuis</strong></span> <span class='ocrx_word' id='word_1_750' title='bbox 2122 5358 2330 5413; x_wconf 90' lang='lat' dir='ltr'><strong>crimen</strong></span> <span class='ocrx_word' id='word_1_751' title='bbox 2373 5356 2701 5428; x_wconf 88' lang='lat' dir='ltr'><strong>proditionis</strong></span> <span class='ocrx_word' id='word_1_752' title='bbox 2720 5355 3005 5426; x_wconf 89' lang='lat' dir='ltr'><strong>objiceret,</strong></span> <span class='ocrx_word' id='word_1_753' title='bbox 3053 5368 3250 5409; x_wconf 87' lang='lat' dir='ltr'><strong>recens</strong></span> <span class='ocrx_word' id='word_1_754' title='bbox 3286 5369 3413 5408; x_wconf 83' lang='lat' dir='ltr'><strong>suc-</strong></span> 
     </span>
    </p>
   </div>
   <div class='ocr_carea' id='block_1_111' title="bbox 1830 5443 3410 5520">
    <p class='ocr_par' dir='ltr' id='par_1_111' title="bbox 1830 5443 3410 5520">
     <span class='ocr_line' id='line_1_112' title="bbox 1830 5443 3410 5520; baseline -0.005 -16"><span class='ocrx_word' id='word_1_755' title='bbox 1830 5458 2069 5505; x_wconf 87' lang='lat' dir='ltr'><strong>cesserat</strong></span> <span class='ocrx_word' id='word_1_756' title='bbox 2094 5448 2148 5502; x_wconf 88' lang='lat' dir='ltr'><strong>in</strong></span> <span class='ocrx_word' id='word_1_757' title='bbox 2180 5448 2369 5520; x_wconf 90' lang='lat' dir='ltr'><strong>Cyrilli</strong></span> <span class='ocrx_word' id='word_1_758' title='bbox 2392 5448 2573 5502; x_wconf 89' lang='lat' dir='ltr'><strong>locum</strong></span> <span class='ocrx_word' id='word_1_759' title='bbox 2605 5446 2695 5501; x_wconf 92' lang='lat' dir='ltr'><strong>die</strong></span> <span class='ocrx_word' id='word_1_760' title='bbox 2723 5445 2793 5501; x_wconf 75' lang='grc'><strong>28</strong></span> <span class='ocrx_word' id='word_1_761' title='bbox 2815 5444 3081 5506; x_wconf 86' lang='lat' dir='ltr'><strong>Januarii,</strong></span> <span class='ocrx_word' id='word_1_762' title='bbox 3122 5459 3268 5498; x_wconf 88' lang='lat' dir='ltr'><strong>anno</strong></span> <span class='ocrx_word' id='word_1_763' title='bbox 3305 5443 3410 5496; x_wconf 73' lang='grc'><strong>444</strong></span> 
     </span>
    </p>
   </div>
   <div class='ocr_carea' id='block_1_112' title="bbox 1833 5532 3407 5612">
    <p class='ocr_par' dir='ltr' id='par_1_112' title="bbox 1833 5532 3407 5612">
     <span class='ocr_line' id='line_1_113' title="bbox 1833 5532 3407 5612; baseline -0.006 -17"><span class='ocrx_word' id='word_1_764' title='bbox 1833 5542 2097 5596; x_wconf 81' lang='lat' dir='ltr'><strong>defuncti.</strong></span> <span class='ocrx_word' id='word_1_765' title='bbox 2124 5540 2337 5612; x_wconf 89' lang='lat' dir='ltr'><strong>Objecit</strong></span> <span class='ocrx_word' id='word_1_766' title='bbox 2362 5554 2515 5602; x_wconf 89' lang='lat' dir='ltr'><strong>vero,</strong></span> <span class='ocrx_word' id='word_1_767' title='bbox 2553 5537 2679 5608; x_wconf 87' lang='lat' dir='ltr'><strong>quia</strong></span> <span class='ocrx_word' id='word_1_768' title='bbox 2701 5539 2944 5592; x_wconf 84' lang='lat' dir='ltr'><strong>Domnus</strong></span> <span class='ocrx_word' id='word_1_769' title='bbox 2967 5534 3242 5606; x_wconf 80' lang='lat' dir='ltr'><strong>synodicis</strong></span> <span class='ocrx_word' id='word_1_770' title='bbox 3271 5532 3407 5587; x_wconf 90' lang='lat' dir='ltr'><strong>Pro-</strong></span> 
     </span>
    </p>
   </div>
   <div class='ocr_carea' id='block_1_113' title="bbox 1489 5696 2084 5754">
    <p class='ocr_par' dir='ltr' id='par_1_113' title="bbox 1489 5696 2084 5754">
     <span class='ocr_line' id='line_1_114' title="bbox 1489 5696 2084 5754; baseline 0 -3"><span class='ocrx_word' id='word_1_771' title='bbox 1489 5697 1800 5754; x_wconf 72' lang='lat' dir='ltr'><strong>SClll‘llll</strong></span> <span class='ocrx_word' id='word_1_772' title='bbox 1856 5696 2084 5751; x_wconf 63' lang='grc' dir='ltr'><strong>ΝΟΤΔΕ-</strong></span> 
     </span>
    </p>
   </div>
   <div class='ocr_carea' id='block_1_114' title="bbox 239 5784 863 5866">
    <p class='ocr_par' dir='ltr' id='par_1_114' title="bbox 239 5784 863 5866">
     <span class='ocr_line' id='line_1_115' title="bbox 239 5784 863 5866; baseline -0.005 -20"><span class='ocrx_word' id='word_1_773' title='bbox 239 5784 275 5817; x_wconf 57' lang='grc' dir='ltr'><strong>’δ</strong></span> <span class='ocrx_word' id='word_1_774' title='bbox 302 5790 416 5847; x_wconf 70' lang='lat' dir='ltr'><strong>Vid.</strong></span> <span class='ocrx_word' id='word_1_775' title='bbox 440 5808 629 5866; x_wconf 85' lang='lat' dir='ltr'><strong>supra,</strong></span> <span class='ocrx_word' id='word_1_776' title='bbox 654 5808 708 5865; x_wconf 88' lang='lat' dir='ltr'><strong>p.</strong></span> <span class='ocrx_word' id='word_1_777' title='bbox 747 5791 863 5846; x_wconf 68' lang='lat'><strong>173.</strong></span> 
     </span>
    </p>
   </div>
  </div>
