3952 6294
587 374 693 440 283

1713 394 2089 458 GARNERII
2130 401 2621 464 DISSERTATIO
2660 405 2719 464 ΙΙ

3739 412 3848 476 284

586 483 657 588 cli
682 485 882 586 litteris
919 488 1261 557 admonitus,
1309 492 1658 588 dijudicatam
1706 502 1983 559 Athanasii
2026 507 2156 562 Per-
2183 515 2227 569 Α
2257 509 2401 566 data.
2444 513 2572 568 Fuit
2616 516 2907 583 praelectus
2952 514 3107 570 urbis
3142 514 3649 588 Constantinopolis
3696 537 3845 578 anno

585 571 801 628 rhensis
835 586 1051 630 causam
1086 584 1484 650 recognoverit,
1519 603 1629 657 quo
1664 587 1808 645 facto
1833 592 2007 648 videri
2054 611 2155 665 po-

584 664 711 729 tuit,
737 666 1030 734 primatum
1049 668 1244 725 Proclo
1260 675 1594 744 concedere;
1625 680 1891 749 siquidem
1918 692 1979 739 ut
1996 664 2154 741 amici

581 764 666 808 est
691 755 919 823 privatis
945 757 1147 815 litteris
1183 777 1406 820 monere
1432 767 1500 823 de
1534 767 1731 836 oﬁicio,
1777 771 1851 827 ita
1882 777 2156 847 synodicis

580 845 648 899 ad
674 848 1014 915 superiorem
1034 854 1293 921 pertinet.

644 934 765 989 Jam
803 954 936 993 vero
974 957 1097 995 cum
1130 942 1497 1004 Alexandrina
1527 951 1685 1007 sedes
1726 956 1965 1010 secunda
1991 956 2155 1014 fuerit

578 1030 702 1091 post
724 1023 1041 1093 Romanam,
1069 1032 1407 1090 Antiochena
1442 1048 1562 1107 post
1590 1041 2011 1099 Alexandrinam
2047 1055 2155 1100 ter-

582 1111 675 1177 tia,
707 1113 872 1184 idque
902 1128 1174 1176 servatum
1197 1110 1363 1180 fuerit
1392 1129 1502 1198 jam
1539 1130 1666 1185 inde
1692 1149 1721 1187 a
1747 1135 1938 1203 primis
1968 1136 2154 1192 Eccle-

581 1202 674 1257 sia:
702 1209 1065 1275 temporibus,
1096 1212 1697 1288 Constantinopolitana
1727 1202 1917 1281 recens
1947 1230 2153 1283 consti-

579 1301 717 1388 tuta,
747 1296 791 1349 si
821 1302 1121 1356 secundum
1155 1305 1334 1361 locum
1363 1319 1563 1379 teneat,
1594 1317 1791 1386 jusque
1837 1318 2007 1388 ipsius
2049 1320 2152 1376 hac

576 1382 632 1435 in
679 1395 834 1454 parte
884 1400 1230 1459 agnoscatur,
1280 1412 1505 1454 necesse
1543 1412 1630 1459 est
1659 1414 1947 1476 utramque
1991 1408 2150 1464 aliam

574 1475 760 1531 sedem
788 1481 1207 1548 patriarchalem
1231 1487 1485 1559 deprimi.

664 1584 906 1660 Epistola
946 1593 1035 1661 87,
1084 1596 1370 1684 familiaris
1406 1603 1476 1656 ad
1510 1604 1776 1663 Damnum
1808 1609 2057 1682 Apameae

1204 1686 1515 1742 episcopum.
1980 1704 1989 1711 ·

633 1767 675 1823 I.
711 1768 918 1854 Eodem
945 1781 1192 1846 tempore
1220 1786 1386 1850 atque
1418 1783 1582 1838 etiam
1613 1801 1954 1859 argumento.

640 1858 709 1915 II.
761 1861 1004 1919 Domnus
1030 1867 1328 1937 primatum
1377 1875 1556 1930 tenuit
1597 1876 1654 1930 in
1686 1858 1926 1936 secunda
1967 1882 2142 1955 Syria,

569 1949 730 2022 cujus
754 1956 1074 2026 metropolis
1096 1960 1355 2041 'Apamea
1392 1981 1406 2018 :
1434 1965 1686 2023 interfuit
1710 1972 1948 2028 concilio
1982 1949 2144 2031 C'hal;

567 2039 885 2111 cedonensi,
914 2039 1141 2120 eratque
1169 2054 1410 2109 amicitia
1438 2056 1700 2129 singulari
1739 2079 1864 2118 cum
1898 2065 2147 2124 Theodo-

567 2139 686 2187 reto
720 2136 1067 2206 conjunctus.

638 2224 732 2280 Ill.
769 2226 855 2282 Fit
891 2229 945 2284 in
971 2232 1203 2302 epistola
1234 2252 1416 2294 sermo
1445 2240 1513 2296 de
1547 2242 1765 2300 clericis
1788 2245 2146 2306 Osroenensi—

564 2313 690 2381 bus,
720 2319 815 2388 qui
852 2320 1068 2379 libellos
1104 2326 1368 2383 adversus
1397 2331 1546 2386 Ibam
1576 2335 1917 2407 obtulerunt,
1946 2341 2142 2398 dicun-

568 2414 770 2475 turque
816 2424 1005 2478 pacem
1041 2413 1300 2473 Ecclesiae
1342 2421 1611 2490 turbasse,
1649 2434 1704 2479 et
1748 2437 1938 2485 contra
1964 2432 2143 2502 ipsum

565 2494 974 2555 Theodoretum
1028 2503 1360 2576 singularem
1418 2511 1527 2569 Iba:
1576 2516 1835 2587 amicum,
1898 2494 2142 2595 aliosque

560 2586 805 2647 Orientis
828 2594 1117 2667 episcopos
1142 2601 1313 2655 multa
1345 2603 1626 2661 effudisse.
2042 2680 2045 2685 ί

624 2679 716 2734 IV.
750 2682 825 2737 De
862 2700 1025 2741 causa
1056 2689 1326 2760 ejusmodi
1352 2694 1680 2752 clericorum
1712 2699 1835 2756 vide
1866 2680 2137 2759 actionem

561 2770 631 2827 40
652 2776 869 2831 concilii
903 2777 1386 2850 Chalcedonensis,
1428 2791 1583 2859 cujus
1606 2790 1757 2846 Actis
1785 2793 1989 2850 inserta
2012 2806 2141 2851 sunt

557 2864 765 2954 judicia
790 2869 920 2933 duo,
947 2888 1068 2941 quas
1098 2875 1166 2929 de
1184 2876 1273 2930 Iba
1303 2878 1428 2950 Tyri
1453 2890 1508 2935 et
1540 2881 1722 2954 Beryti
1751 2888 2139 2945 accusantibus

564 2953 778 3013 clericis
812 2962 1051 3017 exercita
1077 2965 1319 3021 fuerunt.

640 3067 888 3140 Epistula
913 3073 1001 3141 88,
1024 3077 1387 3148 deprecatoria
1409 3083 1479 3136 ad
1504 3083 1737 3140 Taurum
1759 3090 2061 3159 patricium.

2255 602 2391 667 422;
2443 603 2730 672 przefectus
2773 606 3029 674 prtetorio
3079 622 3225 662 anno
3251 606 3386 675 428;
3439 611 3634 665 consul
3692 627 3844 666 anno

2254 694 2390 760 429;
2426 694 2714 763 praefectus
2753 699 3009 767 praetorio
3043 714 3238 754 rursus
3278 715 3423 754 anno
3451 701 3576 765 456,
3601 710 3659 756 et
3692 719 3842 758 anno

2253 785 2376 849 459,
2429 793 2485 840 et
2505 798 2646 840 anno
2677 787 2814 854 440;
2857 789 3181 860 cognitorin
3202 806 3366 845 causa
3384 791 3653 863 Eutycbis
3690 808 3842 849 anno

2252 874 2390 941 448;
2416 875 2586 945 judex
2613 877 2668 931 in
2690 879 2926 934 concilio
2948 879 3384 936 Chalcedonensi
3416 898 3561 937 anno
3589 884 3717 938 451.
3747 886 3844 939 Est

2252 966 2319 1020 ad
2341 982 2465 1021 eum
2497 968 2688 1024 Isidori
2718 970 3008 1026 Pelusiotae
3035 972 3264 1041 epistola
3295 989 3399 1027 una
3422 974 3566 1028 libro
3592 975 3646 1039 l,
3670 975 3838 1044 epist.

2251 1056 2375 1111 416.
2397 1059 2517 1113 Non
2550 1060 2903 1116 mediocriter
2928 1078 3016 1117 res
3042 1064 3443 1119 ecclesiasticas
3469 1066 3683 1120 calluit.

2251 1167 2492 1239 Epistola
2518 1171 2586 1225 9O
2604 1212 2619 1237 ,
2649 1173 3013 1245 deprecatoria
3042 1175 3112 1230 ad
3142 1176 3455 1248 Lupicinum
3497 1181 3838 1248 magistrum.

2312 1283 2354 1337 Ι.
2388 1284 2465 1339 De
2515 1285 2784 1355 Lupicino
2824 1287 2963 1341 nihil
3010 1287 3303 1343 admodum
3341 1290 3654 1352 observavi,
3694 1306 3841 1359 prae-

2252 1379 2497 1441 terquam
2520 1375 2664 1444 quod
2693 1375 2796 1429 fuit
2819 1377 3079 1448 magister
3103 1379 3371 1445 militum,
3404 1380 3673 1451 religione
3707 1381 3838 1435 illu-

2251 1461 2400 1525 stris,
2426 1470 2482 1515 et
2512 1469 2654 1517 nota:
2676 1465 2934 1518 omnibus
2961 1466 3204 1521 virtutis.

2318 1549 2381 1603 ll.
2430 1550 2533 1616 Qui
2583 1553 2802 1623 scripsit
2831 1570 3006 1625 nuper
3028 1557 3112 1622 ⁷⁸,
3158 1558 3226 1612 ad
3264 1572 3388 1613 eum
3428 1558 3612 1613 datam
3663 1559 3837 1615 fuisse

2249 1641 2610 1706 sanctionem,
2632 1658 2740 1711 qua
2762 1643 3140 1700 Theodoretus
3156 1647 3450 1716 jubebatur
3471 1662 3528 1700 se
3545 1648 3836 1703 continere

2249 1729 2426 1801 Cyro;
2472 1747 2585 1786 non
2613 1733 2842 1804 legerat,
2873 1736 3093 1805 opinor,
3140 1736 3383 1793 Grzecam
3409 1738 3834 1808 inscriptionem

2248 1820 2414 1891 hujus
2453 1822 2715 1893 epistolae,
2766 1832 2821 1879 et
2844 1839 3034 1879 vocem
3063 1841 3226 1879 unam
3264 1826 3507 1896 epistola:
3547 1826 3652 1892 82;
3705 1842 3833 1881 cum

2247 1914 2395 1969 enim
2423 1914 2479 1968 in
2514 1914 2709 1968 Latina
2744 1916 2996 1971 versione
3026 1917 3313 1985 utriusque
3350 1917 3457 1972 loci
3487 1917 3711 1972 videret
3733 1918 3833 1972 ad-

2246 2003 2485 2058 hibitum
2533 2004 2779 2075 magistri
2828 2020 3029 2060 nomen
3058 2046 3073 2071 ,
3114 2007 3365 2062 eamdem
3416 2022 3537 2063 esse
3587 2007 3834 2062 credidit

2244 2097 2717 2168 signiﬁcationem.
2765 2098 2967 2153 Verum
3007 2100 3063 2154 in
3117 2099 3350 2168 epistola
3394 2098 3483 2163 82,
3519 2108 3607 2154 est
3660 2117 3829 2171 στραο

2242 2190 2551 2259 τηγιξ›,(;ιιιω
2572 2203 2671 2243 vos
2697 2189 3015 2260 magistrum
3036 2191 3272 2245 militum
3298 2190 3607 2261 signiﬁcat;
3632 2191 3692 2246 in
3718 2191 3826 2248 hac

2248 2280 2551 2352 μαγίστρῳ,
2586 2296 2708 2350 quas
2728 2281 2975 2351 magistri
3004 2281 3305 2336 ciliciorum
3321 2282 3545 2352 propria
3572 2290 3682 2337 est.

2316 2368 2400 2421 Ill.
2421 2367 2479 2421 Id
2495 2383 2626 2422 vero
2643 2368 2964 2434 notandum,
2989 2370 3136 2440 quod
3160 2370 3325 2425 tradit
3340 2371 3748 2438 Theodoretus,
3766 2388 3826 2428 se

2237 2459 2347 2530 jam
2380 2460 2681 2515 senectutis
2720 2469 2924 2515 metam
2970 2462 3277 2532 ingressum
3309 2479 3322 2515 :
3360 2472 3561 2517 metam
3602 2464 3820 2534 utique,

2242 2566 2352 2605 non
2380 2566 2487 2620 qua
2514 2551 2724 2617 ﬁnitur,
2747 2553 2843 2607 sed
2876 2553 3021 2609 unde
3045 2553 3239 2624 incipit
3258 2564 3548 2621 senectus;
3584 2555 3705 2611 haec
3726 2572 3821 2610 au—

2239 2648 2351 2698 tem
2387 2643 2538 2697 varia
2571 2651 2655 2698 est
2685 2661 2697 2697 :
2729 2660 2856 2698 nam
2890 2660 3012 2715 quae
3040 2647 3288 2712 minima,
3318 2656 3547 2703 octavus
3579 2657 3669 2703 est
3694 2664 3817 2719 sep-

2240 2734 2503 2800 tenarius,
2547 2735 2602 2789 id
2638 2743 2741 2802 est,
2794 2750 2971 2792 annus
3015 2739 3191 2793 aetatis
3239 2739 3339 2807 56;
3389 2755 3512 2810 qua
3556 2743 3816 2809 maxima,

2239 2841 2417 2879 nonus
2441 2827 2804 2894 septenarius,
2827 2829 2920 2897 qui
2942 2828 3008 2883 65
3035 2829 3209 2884 astatis
3229 2846 3432 2889 annus;
3462 2848 3585 2900 quae
3612 2833 3814 2899 media,

2237 2929 2414 2970 annus
2440 2916 2661 2971 circiter
2699 2917 2787 2972 60.
2821 2919 2992 2985 Quam
3021 2921 3088 2976 de
3118 2923 3294 2976 tribus
3324 2924 3516 2978 statuit
3557 2924 3813 2981 Theodo-

2237 3008 2430 3061 retus?
2468 3006 2524 3062 Si
2560 3008 2865 3075 minimam,
2906 3020 3060 3068 ortus
3100 3013 3273 3082 ipsius
3298 3015 3594 3085 contigisse
3623 3016 3813 3072 dicen-

2236 3097 2336 3153 dus
2363 3107 2447 3153 est
2484 3115 2628 3155 anno
2652 3102 2747 3155 591
2776 3118 2791 3168 ;
2832 3103 2878 3157 si
2906 3104 3215 3169 maximam,
3249 3121 3393 3160 anno
3426 3107 3566 3173 584;
3614 3109 3658 3163 si
3696 3125 3811 3165 me-

622 3176 667 3233 l.
707 3178 833 3236 Haec
863 3190 919 3236 et
941 3184 1062 3240 alite
1097 3201 1499 3259 consequentes
1523 3210 1632 3247 una
1658 3205 1714 3251 et
1740 3197 1932 3268 viginti
1973 3201 2135 3256 unius
2162 3208 2203 3264 (ς
2238 3189 2404 3254 diam,
2437 3204 2580 3245 anno
2634 3192 2759 3256 586:
2809 3193 3081 3262 εἱίιυίἀθω
3132 3195 3248 3250 hinc
3287 3196 3519 3265 ορίδῑοῙέδ
3574 3198 3702 3253 ἀπε
3730 3209 3812 3254 οδε

555 3276 687 3322 sunt
720 3274 1054 3340 argumenti,
1104 3277 1379 3348 uniusque
1426 3286 1726 3352 temporis,
1782 3298 1839 3342 et
1882 3290 1939 3342 in
1967 3307 2130 3346 unam

555 3358 780 3452 directae
805 3363 1080 3418 civitatem
1104 3368 1330 3438 regiam,
1367 3371 1433 3426 ad
1464 3388 1626 3443 quam
1660 3378 1870 3434 scilicet
1898 3379 2131 3452 delegati

553 3461 623 3502 ex
653 3445 874 3505 Oriente
901 3454 1142 3524 episcopi
1175 3459 1492 3528 pergebant.

623 3536 689 3592 ll.
735 3538 883 3595 Missi
920 3553 1049 3598 sunt
1093 3562 1225 3602 vero
1260 3552 1501 3623 episcopi
1552 3555 1667 3620 illi,
1719 3566 1782 3612 ut
1826 3558 2129 3629 legatorum

551 3628 802 3685 Dioscori
840 3635 1215 3695 molitionibus
1250 3642 1601 3713 obsisterent,
1633 3657 1798 3719 atque
1824 3628 2128 3708 accusatio-

552 3735 678 3775 nem
710 3723 970 3781 adversus
993 3727 1299 3789 Orientales
1331 3735 1620 3808 ipsumque
1659 3741 1910 3811 inprimis
1947 3744 2128 3799 Theo-

552 3810 806 3867 doretum
831 3816 898 3872 de
925 3819 1101 3876 diviso
1135 3824 1191 3878 in
1224 3824 1363 3881 duos
1383 3827 1525 3885 ﬁlios
1546 3810 1765 3887 Christo
1787 3834 2081 3890 diluerent.

616 3904 709 3959 III.
730 3905 870 3963 Sunt
893 3920 1074 3966 autem
1100 3914 1221 3971 duas
1250 3928 1308 3974 et
1332 3920 1525 3991 viginti
1558 3923 1801 3991 epistolae
1820 3941 1851 3979 a
1873 3926 2128 3982 Theodo-

550 4002 671 4050 reto
703 4011 849 4054 anno
873 4001 975 4056 447
1006 4017 1240 4063 exeunte
1274 4011 1492 4080 scriptae.
1517 4013 1585 4066 ad
1621 4014 1912 4083 optimates
1942 4019 2128 4074 trede-

547 4086 679 4153 cim,
709 4089 996 4162 episcopos
1023 4103 1155 4162 tres,
1191 4100 1539 4172 presbyteros
1570 4102 1708 4158 duos
1727 4145 1741 4169 ,
1770 4120 2086 4166 aeconomos
2110 4113 2128 4132 '

545 4180 751 4248 pariter
775 4182 934 4250 duos,
968 4196 1024 4242 et
1042 4188 1376 4245 diaconissas
1405 4193 1652 4248 totidem.

614 4269 702 4328 IV.
743 4271 972 4344 Scripta:
1001 4287 1150 4345 sunt,
1173 4283 1420 4350 inquam,
1443 4297 1586 4337 anno
1605 4285 1743 4352 447;
1774 4303 1954 4359 neque
1976 4294 2125 4349 enim

543 4369 845 4430 potuerunt
897 4369 1142 4435 tardius,
1203 4386 1328 4425 cum
1386 4373 1619 4441 profecti
1673 4378 1785 4433 sint
1831 4379 2121 4440 Antiochia

542 4451 703 4524 335
735 4457 900 4528 legati
923 4460 1180 4516 saeviente
1210 4462 1389 4517 hieme
1409 4503 1424 4527 ,
1450 4472 1507 4518 et
1541 4468 1775 4524 necdum
1804 4479 1987 4528 tamen
2016 4475 2123 4531 Iba:

2233 3298 2378 3336 anno
2424 3283 2550 3337 447.
2600 3282 2830 3337 Mediam
2876 3285 3112 3354 opinor:
3150 3288 3401 3356 congruit
3445 3291 3596 3343 enim
3644 3292 3811 3363 magis

2231 3392 2356 3430 cum
2383 3375 2599 3430 caeteris
2623 3376 2745 3431 vita:
2764 3375 3054 3447 adjunctis.

2231 3487 2472 3558 Epistola
2502 3489 2565 3543 91
2599 3488 2963 3560 deprecatoria
3005 3492 3076 3545 ad
3107 3492 3449 3547 Eutrechium
3482 3496 3805 3565 praefectum.

2298 3598 2380 3653 Ad
2402 3613 2531 3652 eum
2561 3598 2788 3653 fuerunt
2822 3601 2934 3670 jam
2956 3601 3079 3657 duae
3108 3604 3372 3673 epistolae,
3405 3606 3474 3660 57
3511 3617 3568 3662 et
3611 3608 3700 3663 80.
3732 3610 3807 3665 Ex

2228 3689 2481 3743 omnibus
2507 3699 2739 3755 constat,
2758 3690 3115 3747 Eutrechium
3138 3694 3469 3752 Theodoreti
3497 3695 3671 3755 fuisse
3694 3700 3807 3755 sin-

2228 3781 2471 3851 gularem
2501 3781 2736 3836 amicum
2779 3798 2844 3838 ac
2874 3792 3187 3853 patronum.

2227 3891 2472 3963 Epistola
2507 3894 2605 3959 92,
2646 3894 3012 3967 deprecatoria
3046 3898 3115 3951 ad
3156 3897 3463 3954 Anatolium
3502 3904 3804 3972 patricium.

2291 4002 2368 4057 De
2392 4001 2646 4058 Anatolio
2674 4003 2886 4058 dictum
2921 4010 3007 4060 est
3035 4005 3102 4060 ad
3128 4008 3416 4076 epistolam
3448 4010 3538 4065 45.
3581 4011 3683 4068 Hic
3710 4030 3808 4069 au-

2227 4100 2335 4148 tem
2368 4093 2612 4149 breviter
2664 4095 2918 4165 quidem,
2948 4096 3043 4151 sed
3069 4097 3267 4153 eximie
3313 4099 3607 4170 laudatur;
3646 4104 3810 4177 336

2224 4185 2425 4255 quippe
2458 4207 2477 4238 ι
2509 4187 2599 4241 cui
2624 4187 3005 4242 universorum
3032 4189 3298 4245 Dominus
3337 4199 3393 4246 et
3428 4192 3591 4249 ﬁdem
3626 4197 3806 4252 since-

2222 4293 2338 4332 ram
2366 4278 2653 4348 impertiit,
2688 4285 2744 4333 et
2778 4277 3064 4334 incensum
3092 4296 3191 4349 pro
3222 4296 3286 4335 ea
3320 4283 3519 4349 zelum,
3553 4294 3610 4340 et
3640 4302 3806 4342 orna-

2223 4377 2332 4424 tam
2370 4369 2663 4439 prudentia
2695 4378 2956 4434 mentem,
2981 4381 3037 4424 et
3068 4371 3230 4427 bonis
3260 4380 3527 4443 praeterea
3557 4378 3807 4433 consiliis

2222 4453 2691 4510 obsecundantem
2717 4455 3054 4511 facultatem.
3088 4478 3107 4510 ι

539 4544 610 4600 Ῐίθ
635 4549 903 4666 ουηῖξυὲε
942 4551 1117 4655 ΤΥΪίίε
1145 4552 1536 4666 ειεξιξξῖθεεθι,
1562 4573 1684 4661 quin
1714 4561 1956 4629 Primum
1995 4565 2123 4637 ΤΥΓῘ
2156 4571 2200 4625 D
2264 4587 2501 4659 Epistula
2522 4589 2610 4654 95,
2643 4588 3005 4660 deprecatoria
3031 4592 3103 4646 ad
3122 4592 3435 4648 Senatorem
3463 4598 3768 4666 patricium.

540 4653 729 4694 mense
769 4643 1069 4697 Februario
1095 4647 1225 4699 anni
1260 4646 1363 4701 448
1397 4650 1701 4720 composita
1731 4661 1835 4707 est.

606 4730 672 4785 ν.
714 4732 832 4786 Jam
876 4749 1010 4787 vero
1042 4734 1257 4791 Taurus
1280 4777 1295 4801 ,
1332 4747 1393 4793 ut
1437 4751 1521 4794 est
1565 4741 1621 4794 in
1649 4747 2118 4818 prosopographia

537 4816 759 4874 Codicis
775 4820 1139 4875 Theodosiani
1161 4839 1190 4877 a
1207 4824 1543 4883 Gothofredo
1562 4831 1872 4899 informata,
1895 4816 2003 4893 fuit
2020 4853 2116 4894 co-

538 4924 657 4966 mes
689 4926 871 4965 rerum
898 4912 1234 4981 privatarum
1270 4928 1414 4973 anno
1448 4921 1573 4988 416,
1603 4925 1796 4980 consul
1819 4942 1963 4984 anno
1986 4930 2111 4998 428,

542 5003 826 5071 praefectus
848 5006 1102 5072 praetorio
1120 5015 1176 5060 et
1204 5009 1485 5078 patricius,
1527 5029 1671 5069 anno
1695 5017 1819 5073 454.
1851 5018 1933 5074 Ad
1953 5037 2112 5076 eum-

537 5092 663 5147 dem
703 5100 877 5147 exstat
920 5093 1114 5150 lsidori
1142 5098 1431 5157 Pelusiotae
1466 5104 1696 5174 epistola
1723 5107 1822 5162 lib.
1852 5110 1907 5174 5,
1944 5110 2106 5180 epist.

538 5184 662 5237 194.
691 5182 1038 5241 Marcellinus
1059 5189 1378 5248 defunctum
1406 5197 1571 5252 refert
1587 5200 1892 5272 Protogene
1924 5210 1981 5257 et
2010 5202 2111 5258 As-

538 5273 681 5327 terio
706 5287 875 5339 coss.,
911 5275 969 5330 id
985 5284 1089 5345 est,
1113 5296 1258 5337 anno
1285 5285 1409 5340 449.

535 5383 781 5455 .Epistola
819 5386 907 5453 89,
934 5390 1299 5462 deprecatoria
1327 5397 1398 5450 ad
1439 5397 1768 5454 Florentium
1805 5402 2106 5472 patricium.

607 5498 683 5554 De
710 5499 986 5559 Florentio
1015 5504 1131 5562 haec
1155 5507 1322 5564 habet
1348 5513 1811 5582 prosopographia
1840 5529 1964 5567 mox
1990 5512 2111 5567 lau-

2289 4698 2371 4753 Ad
2400 4714 2527 4753 eum
2552 4699 2678 4754 data
2705 4705 2790 4753 est
2828 4700 3060 4770 epistola
3090 4701 3180 4766 44,
3209 4701 3278 4756 ad
3319 4718 3483 4773 quam
3511 4705 3805 4760 observata

2221 4795 2371 4854 sunt,
2396 4804 2517 4858 qum
2537 4799 2916 4846 occurrerunt.

2219 4900 2461 4974 Epistola
2490 4904 2580 4970 94,
2618 4903 2983 4974 dep‘recatcria
3016 4905 3087 4959 ad
3105 4905 3451 4976 Protogenem
3471 4908 3800 4979 prwfectum.

2284 5016 2410 5071 Fuit
2443 5016 2533 5070 ille
2579 5016 2873 5086 praefectus
2920 5017 3180 5087 praetorio
3232 5032 3377 5071 anno
3422 5019 3563 5084 447;
3610 5022 3804 5077 consul

2219 5120 2362 5158 anno
2387 5104 2519 5170 449;
2552 5104 2819 5174 patricius
2873 5120 3019 5160 anno
3047 5106 3182 5170 450;
3235 5120 3378 5161 unus
3408 5121 3477 5161 ex
3518 5109 3805 5178 judicibus

2217 5197 2437 5250 concilii
2459 5195 2918 5252 Chalcedonensis
2947 5213 3092 5252 anno
3118 5199 3211 5253 45!
3227 5237 3241 5251 .

2249 5306 2492 5378 Epistola
2512 5306 2601 5372 95,
2626 5309 2986 5377 deprecatoria
3014 5309 3083 5363 ad
3101 5309 3413 5366 Antiochum
3432 5312 3768 5383 praefectum.

2282 5417 2324 5471 Ι.
2355 5417 2481 5473 Haec
2501 5418 2851 5475 deAntiocho
2867 5420 2921 5475 in
2947 5423 3412 5493 prosopographia
3440 5427 3613 5482 semel
3635 5436 3808 5498 atque

2220 5511 2421 5566 iterum
2458 5511 2697 5568 laudata.
2722 5513 2847 5569 Fuit
2879 5513 2983 5569 sub
3008 5514 3315 5570 Theodosio
3338 5516 3573 5575 Juniore
3603 5521 3807 5592 praefe-

1930 5665 2241 5724 SGHULZII
2280 5667 2508 5724 NOTAE.

612 5771 655 5802 ”
689 5770 808 5830 Vid.
842 5788 1027 5844 supra,
1060 5792 1114 5846 p.
1151 5778 1273 5833 329.
