3952 6294
89 434 175 498 285

89 559 192 602 ctus
215 541 478 614 prretorio
521 551 666 593 anno
711 537 813 591 427
840 577 852 601 ,
881 534 984 589 εδο
1025 543 1080 588 et
1118 534 1214 588 151
1246 551 1259 599 ;
1303 531 1492 586 consul
1530 544 1654 584 cum
1689 533 1728 587 Α

91 636 234 690 Basso
261 645 409 685 anno
453 628 576 682 451.
636 620 870 680 Multum
895 622 1209 678 contulltad
1231 621 1452 676 Codicis
1477 619 1656 673 Theo-

92 724 279 782 dosiani
317 721 644 785 editionem,
689 727 749 772 ut
774 718 1019 772 declarat
1065 716 1183 783 ipse
1218 712 1564 769 Theodosius
1602 710 1656 763 in

95 818 182 870 ﬁne
217 813 446 868 novella:
480 811 532 865 1.

146 909 204 965 11.
232 908 369 963 Sunt
421 904 516 974 qui
552 908 773 973 putent,
825 899 1054 954 indicari
1099 894 1312 951 now-ila
1362 892 1656 948 Theodosii

97 1001 170 1066 55,
203 1013 318 1069 quae
359 996 508 1051 edita
556 1009 698 1048 anno
724 992 862 1052 444,
905 988 1234 1043 Antiochum
1287 997 1412 1040 ante
1454 1000 1656 1038 annum

98 1095 182 1150 4H
224 1091 334 1145 vita
381 1087 805 1143 csscfunctum.
859 1083 1061 1136 Putant
1108 1095 1241 1135 vero
1291 1087 1516 1148 propter
1543 1075 1658 1129 haec

99 1186 279 1241 verba:
319 1203 337 1235 ‹
391 1182 450 1237 Si
499 1196 607 1251 qua
653 1177 927 1233 invocatio
969 1182 1092 1246 post
1129 1171 1658 1228 administrationem

102 1280 305 1336 illustris
321 1277 604 1332 memoriae
619 1272 876 1328 Antiochi
901 1271 1040 1324 facta
1065 1279 1167 1334 est;
1194 1287 1210 1319 ι
1243 1275 1298 1321 et
1318 1267 1420 1320 ista
1446 1284 1456 1316 :
1492 1284 1508 1314 ι
1536 1263 1660 1317 Suf-

1240 421 1336 481 DE
1378 421 1632 480 LIBRlS
1669 419 2176 480 THEODORETI.

3228 406 3333 468 286

1935 530 2176 602 Epistula
2209 528 2304 583 101
2327 569 2340 592 ,
2374 527 2443 581 ad
2465 524 2762 581 Celerinam
2786 519 3156 574 diaconissam.

1826 646 1866 699 1.
1897 643 2070 712 Hujus
2099 641 2326 711 pariter,
2350 635 2552 692 nobilis
2574 633 2763 705 procul
2786 631 2955 686 dubio
2977 629 3215 692 feminae,
3233 641 3335 697 po-

1763 738 1930 793 tentia
1965 736 2227 792 utendum
2261 733 2472 804 putavit
2511 729 2908 784 Theodoretus.
2939 724 3136 778 Mirum
3166 722 3336 785 enim,

1760 840 2024 900 quantum
2059 837 2205 882 totus
2241 827 2332 880 hic
2361 822 2790 878 diaconissarum
2825 817 2960 873 ordo
2992 825 3048 869 et
3077 814 3338 883 dignitate

1759 929 1815 976 ct
1847 918 2172 973 auctoritate
2199 917 2453 986 polleret,
2487 922 2548 968 ut
2593 913 2647 965 in
2680 912 2856 981 ipsum
2889 907 3136 976 redigere
3174 905 3339 958 vellet

1761 1012 2105 1068 Theodosius
2141 1007 2487 1065 Puleheriam
2540 1005 2839 1074 Augustam
2893 1013 3171 1060 sororem,
3231 1010 3341 1063 quo

1761 1104 2072 1158 interdictis
2103 1100 2460 1156 saecularibus
2481 1096 2652 1160 curis,
2691 1103 2806 1148 tota
2828 1098 3053 1146 vacaret
3074 1086 3342 1142 ecclesia-

1759 1199 1914 1253 sticis
1949 1205 2003 1252 et
2025 1183 2246 1251 divinis.

1829 1291 1894 1345 11.
1951 1287 2304 1344 Obscrvanda
2362 1285 2495 1339 duo.
2545 1283 2597 1335 1.
2646 1278 2955 1334 Celerinam
3011 1267 3344 1325 Theodoreti

104 1374 243 1428 ﬁcere
268 1371 526 1427 novimus
550 1366 709 1431 illud,
732 1363 877 1435 quod
903 1362 1135 1416 illustris
1163 1357 1439 1413 memoriae
1466 1354 1659 1410 Antio-

105 1467 221 1521 chus
236 1472 358 1518 ante
389 1478 447 1517 se
482 1459 738 1517 rclevatis
771 1454 987 1510 indixit.
1029 1473 1047 1505 ι

162 1556 178 1573 ‘
207 1553 289 1607 lli.
328 1552 534 1605 Verum
569 1548 752 1602 obstat
791 1540 1123 1599 Theodoreti
1175 1536 1468 1593 scribentis
1517 1550 1660 1588 anno

104 1647 187 1701 M7
211 1642 531 1698 auctoritas.
570 1639 762 1694 Obstat
806 1645 863 1691 et
903 1632 1251 1689 Marcellinus
1278 1630 1333 1682 in
1365 1627 1619 1683 Chronico
1642 1667 1656 1693 ,

106 1738 182 1791 ubi
201 1737 264 1790 ad
296 1733 646 1789 consulatum
679 1728 915 1783 Zenonis
952 1735 1006 1780 et
1035 1720 1393 1783 Postumiani,
1424 1718 1518 1788 qui
1560 1733 1658 1771 an-

105 1846 191 1885 nus
221 1829 339 1892 448,
368 1823 677 1880 Antiochus
711 1820 998 1890 praefectus
1021 1813 1276 1886 prmtorio
1312 1811 1513 1865 dicitur
1541 1818 1659 1863 tur-

108 1939 179 1978 res
203 1931 252 1977 et
282 1929 470 1991 portas
498 1917 621 1986 igne
644 1920 866 1968 exustas
894 1909 1172 1964 refecisse.

159 2015 238 2069 iV.
294 2010 632 2067 Eunuchum
665 2004 832 2060 tradit
881 2001 1109 2067 Suidas;
1165 1999 1365 2054 favisse
1418 1993 1668 2051 Nestorio

108 2105 216 2160 inde
239 2103 542 2172 colligitur,
567 2097 714 2169 quod
741 2097 860 2168 ejus
888 2108 1174 2150 sermones
1207 2092 1529 2159 litterasque
1552 2085 1673 2142 Cte-

113 2201 282 2254 lestino
309 2211 467 2267 papa:
496 2192 697 2248 detulit
723 2190 787 2243 ⁷⁸,

155 2310 380 2383 Epistula
401 2308 496 2373 96,
537 2300 903 2375 deprecaturia
940 2297 1008 2353 ad
1042 2297 1272 2352 Numam
1309 2292 1620 2364 patricium.

167 2426 236 2480 De
269 2423 444 2478 Nomo
490 2419 701 2473 dictum
734 2422 819 2470 est
849 2413 916 2468 ad
957 2411 1216 2482 epistolas
1251 2407 1318 2464 58
1352 2413 1407 2462 et
1435 2405 1524 2471 81,
1550 2403 1675 2473 qui-

115 2516 200 2572 bus
216 2514 467 2586 queritur
497 2508 904 2570 Theodoretus,
943 2519 1056 2559 non
1085 2502 1254 2557 fuisse
1299 2499 1627 2568 rescriptum
1660 2512 1674 2548 :

122 2605 248 2658 iBis
262 2604 371 2673 jam
419 2613 552 2656 cum
605 2595 945 2666 scripserim,
1004 2607 1069 2647 ac
1111 2600 1196 2645 ter
1228 2591 1416 2654 etiam,
1457 2587 1676 2658 opinor,

113 2707 410 2764 responsum
433 2706 549 2744 non
579 2687 785 2756 accepi.
817 2704 835 2737 ι

1760 1396 1988 1452 operum
2023 1381 2192 1434 fuisse
2216 1376 2519 1430 studiosam
2553 1391 2565 1426 :
2596 1370 2742 1425 unde
2763 1368 2910 1421 enim
2931 1361 3132 1430 alioqui
3161 1357 3351 1412 scivis-

1760 1482 1864 1537 sct,
1898 1488 2017 1541 qua:
2053 1472 2193 1523 foret
2222 1466 2395 1536 ipsius
2424 1478 2601 1527 mens,
2633 1459 2740 1513 nisi
2779 1464 2872 1510 aut
2896 1450 3236 1507 Antiochena
3263 1445 3347 1498 di—

1762 1575 1918 1620 catur
1939 1605 1952 1628 ,
1993 1570 2087 1616 aut
2112 1557 2417 1614 Antiochiae
2466 1554 2561 1608 diu
2586 1546 2846 1605 versata?
2876 1545 2931 1597 2.
2967 1541 3265 1609 Episcopus
3293 1549 3352 1588 se

1762 1657 1978 1711 dedisse
2009 1655 2063 1707 in
2083 1651 2249 1713 viam,
2281 1646 2480 1702 hiemis
2508 1641 2800 1713 asperitate
2835 1639 3166 1702 contempta,
3191 1635 3354 1696 atque

1763 1748 1901 1803 adeo
1942 1745 2043 1800 sub
2077 1743 2239 1796 linem
2267 1738 2393 1793 anni
2421 1737 2546 1790 447.

1701 1869 1742 1923 Β
1879 1856 2120 1931 Epistula
2162 1855 2286 1920 102,
2323 1846 2746 1920 expostulaturia
2773 1843 2842 1897 ad
2862 1837 3120 1895 Basiliam
3147 1834 3257 1904 epi—

2445 1934 2678 1989 scopum.

1843 2040 2109 2097 Seleuciae
2129 2038 2448 2109 episcopum
2468 2075 2481 2097 ,
2519 2029 2742 2086 Isauriae
2760 2027 3053 2098 primatem
3093 2016 3359 2086 intellige,

1773 2135 1841 2190 ad
1869 2149 2034 2204 quem
2055 2139 2139 2187 est
2162 2108 2394 2200 epistola
2423 2126 2512 2180 85.
2544 2122 2681 2179 Vide
2709 2134 2830 2190 qua:
2863 2115 2930 2170 ad
2970 2115 3145 2204 ipsam
3169 2108 3363 2204 obser-

1775 2194 1903 2280 vata
1973 2229 2102 2277 sunt
2148 2194 2215 2274 de
2250 2216 2474 2273 Basilio.
2509 2211 2637 2268 Fuit
2686 2210 2779 2264 ille
2820 2206 3082 2273 frequens
3126 2199 3183 2252 in
3227 2194 3364 2249 urbe

1775 2315 1942 2387 regia,
1977 2311 2359 2378 serviebatque
2386 2302 2620 2374 tempori
2652 2313 2810 2369 :qute
2834 2295 2936 2350 fuit
2959 2305 3143 2352 causa,
3173 2303 3272 2342 cur
3297 2284 3365 2338 ab

1776 2424 1843 2464 eo
1868 2422 1925 2462 se
1945 2405 2245 2466 desertum,
2272 2400 2328 2454 in
2366 2399 2471 2452 hac
2493 2393 2848 2449 inclinatione
2865 2399 3074 2447 rerum,
3113 2377 3370 2435 Theodo-

1777 2507 1930 2566 retus
1957 2501 2306 2566 quereretur.

1781 2609 2026 2684 Epistula
2053 2607 2175 2672 105,
2193 2601 2624 2659 commendatitia
2648 2595 2717 2651 ad
2747 2589 3087 2664 Apollonium
3108 2582 3368 2638 comitem.

1846 2724 1888 2778 1.
1918 2721 2046 2776 Fuit
2092 2715 2417 2788 Apollonius
2459 2723 2647 2766 comes
2696 2716 2980 2760 sacrarum
3017 2694 3370 2788 largitionum

1783 2827 1928 2866 anno
1948 2809 2072 2871 456,
2109 2779 2171 2860 ut
2193 2811 2410 2859 constat
2445 2815 2511 2854 ex
2537 2799 2576 2852 l.
2601 2797 2704 2850 ult.
2732 2793 2809 2847 De
2841 2783 3176 2856 murilegulis
3200 2823 3214 2846 ,
3243 2779 3372 2834 data

169 2921 523 2977 Consulatum
551 2916 720 2988 gessit
747 2929 892 2968 anno
915 2912 1038 2976 452,
1076 2927 1200 2966 cum
1223 2925 1368 2964 anno
1400 2907 1684 2977 superiore
1783 2899 2285 2970 Constantinopoli.

118 3015 361 3070 adfuisset
395 2971 799 3080 interujudices
846 2971 1082 3061 concilio
1110 2971 1564 3059 Chalcedonensi.
1597 2999 1680 3068 ip—
1849 2997 1915 3052 ll.
1950 2994 2031 3050 Ad
2065 2993 2243 3064 ipsum
2273 2987 2478 3053 scripta
2506 2989 2591 3035 est
2626 2974 2858 3046 epistola
2889 2971 2979 3034 75,
3002 2980 3168 3038 quam
3193 2973 3378 3080 operae

121 3053 361 3070 ,ιυηηωνυ
395 3053 536 3067 μην.
581 3053 798 3080 ru..-"
849 3053 1077 3061 μην---
1119 3053 1517 3059 νηηηηψη
1621 3053 1640 3068 ι
2085 3053 2102 3064 _

121 3106 219 3159 sius
241 3104 556 3158 hortatione
583 3100 804 3170 scripsit
835 3097 1220 3153 Theodoretus
1249 3095 1450 3148 librum
1479 3094 1686 3148 Adver-
1787 3089 2025 3160 pretium
2052 3092 2135 3139 est
2159 3088 2572 3150 recognoscere.
2601 3071 2750 3124 Inter
2774 3065 2953 3135 ipsum
2977 3067 3033 3114 et
3061 3053 3380 3111 Theodore-

121 3144 219 3159 ...ιη
242 3144 556 3158 ..ν......ν..υ
583 3144 804 3170 wn,“
843 3144 1081 3153 --------
1100 3144 1218 3150 νη-
1249 3144 1344 3148 _-_-
1364 3144 1450 3148 ____
1479 3144 1582 3148 __.--
1604 3144 1638 3146 ,_
1791 3144 1807 3160 ι
2291 3144 2315 3150 ,

121 3212 196 3251 sus
225 3201 466 3252 hereses.
502 3192 663 3258 Vide,
690 3207 813 3262 quae
851 3188 1268 3245 observavimus
1293 3186 1362 3240 ad
1395 3186 1685 3255 epistolam
1713 3204 1756 3263 α
1792 3189 1909 3234 tum
1950 3170 2263 3230 intercessit
2311 3164 2574 3227 amicitia,
2624 3161 2740 3215 sive
2785 3171 2950 3227 quam
2997 3153 3220 3213 litterte,
3262 3144 3380 3200 sive

125 3289 532 3360 supposititiam.
1715 3247 1756 3263 ν
1799 3283 1962 3340 quam
2000 3274 2327 3333 congressus
2353 3253 2627 3327 pepererit
2644 3260 2701 3306 et
2726 3247 2943 3304 foverit.

144 2807 367 2879 Epistula
399 2807 497 2870 9'7,
522 2802 889 2874 deprecatoria
933 2800 1003 2854 ad
1037 2798 1347 2868 Sporacium
1383 2797 1644 2850 camitem.

1800 3399 2041 3472 Epistula
2070 3395 2192 3459 101,
2227 3386 2591 3472 deprecaturia
2618 3383 2694 3468 ’σά
2732 3380 3049 3435 Flavianum
3075 3369 3382 3429 Constanti-

2304 3458 2508 3530 nopolis
2547 3456 2864 3526 episcopum.

1862 3584 1903 3637 1.
1937 3582 2012 3634 De
2041 3574 2307 3632 Flaviano
2336 3568 2503 3626 semel
2543 3562 2774 3634 epistola
2802 3559 2890 3623 11,
2926 3556 3126 3610 iterum
3155 3547 3388 3620 epistola

1802 3677 1869 3732 86
1901 3675 2108 3729 dictum
2135 3674 2239 3723 est.

1875 3764 1940 3819 ll.
1995 3760 2156 3816 Nunc
2206 3748 2551 3810 observanda
2580 3745 2708 3802 tria.
2758 3741 2912 3796 Hanc
2953 3734 3240 3806 epistolam
3288 3743 3385 3800 per

1802 3853 2097 3923 episcopos
2125 3847 2338 3914 legatos
2361 3839 2584 3893 missam
2612 3837 2628 3855 ‘
2659 3829 2906 3902 ejusdem
2937 3840 3057 3880 esse
3085 3817 3391 3891 argumenti

1803 3906 1966 4015 3r3'8
1991 3953 2124 3993 cum
2155 3931 2489 4001 octogesima
2531 3931 2717 3986 sexta,
2765 3918 2872 3972 nisi
2909 3914 3056 3984 quod
3093 3912 3288 3980 dogma
3324 3906 3394 3960 de

1806 4004 1915 4088 uno
1943 4030 2076 4084 Filio
2109 4021 2376 4096 prolixius
2405 4014 2720 4084 exponitur.
2752 4010 2807 4062 2.
2846 4005 2984 4060 Cum
3028 4004 3394 4054 recensentur

1805 4121 2072 4184 haeretici,
2105 4117 2199 4186 qui
2227 4113 2296 4167 de
2325 4109 2547 4165 Christo
2596 4116 2756 4156 secus
2785 4110 2947 4165 quam
2975 4097 3214 4160 oportet,
3264 4099 3394 4138 sen-

1807 4229 1949 4273 sere,
1983 4225 2095 4263 non
2121 4199 2385 4274 appellari
2415 4191 2656 4250 Nestorii
2689 4201 2913 4242 nomen.
2951 4183 3002 4235 5.
3037 4181 3168 4245 Qua:
3197 4177 3390 4230 dicun-

1810 4265 2022 4359 turi'de
2062 4265 2274 4350 ratio-ne
2324 4289 2564 4346 diversa,
2614 4294 2722 4348 qua
2755 4270 3148 4343 disputandum
3203 4274 3290 4320 est
3328 4265 3397 4319 de

271 3401 520 3476 Epistula
548 3399 639 3464 98,
673 3397 1041 3470 deprecatoria
1071 3395 1142 3448 ad
1174 3394 1555 3447 Pancharium.

175 3520 316 3575 inter
360 3519 611 3572 illustres
642 3511 916 3567 exstitisse
970 3517 1183 3562 certum
1227 3514 1338 3571 est,
1388 3505 1700 3576 insignique

129 3625 338 3666 munere
367 3607 730 3668 defunctum;
757 3601 851 3656 sed
877 3601 1003 3670 quis
1035 3599 1102 3653 de
1135 3608 1331 3653 cmtero
1363 3599 1552 3663 fuerit,
1581 3597 1701 3651 nul—

131 3702 208 3757 ius
230 3701 360 3756 seio.

132 3813 356 3887 Epistula
384 3812 478 3877 99,
509 3807 873 3930 deprccaturja
924 3803 996 3887 ad
1050 3802 1409 3858 Claudianum
1456 3802 1699 3869 antigra-

781 3891 1046 3930 martum.

781 3891 1046 3948 pltartum.

191 3979 263 4033 De
289 3975 595 4032 Claudiano
635 3971 739 4025 tria
770 3975 1066 4024 constant..
1093 3967 1142 4019 1.
1175 3963 1329 4031 Quod
1372 3963 1572 4032 saepius
1606 3979 1704 4016 au-

139 4070 323 4125 diverit
362 4067 802 4125 Theodoretum,
832 4075 954 4114 cum
997 4058 1166 4112 verba
1194 4057 1400 4111 faceret
1429 4057 1494 4109 ad
1533 4072 1706 4125 popu-

137 4162 238 4216 lum
284 4159 447 4232 337
497 4155 819 4212 Antiochiae.
873 4153 926 4205 2.
987 4150 1142 4217 Quod
1178 4165 1304 4203 cum
1356 4149 1630 4218 acciperet
1673 4164 1703 4202 a

140 4253 477 4309 Theodoreto
539 4251 791 4310 litteras,
845 4243 1014 4298 fuerit
1066 4242 1217 4295 inter'
1261 4241 1702 4296 catechumenos.

141 4345 188 4398 3.
223 4344 372 4410 Quod
421 4337 864 4410 antigrapharius
913 4334 1002 4387 ille
1035 4341 1355 4386 censeretur
1396 4331 1540 4384 inter
1584 4328 1709 4380 illii-

145 4441 276 4487 stres
310 4450 325 4484 :
363 4431 510 4485 unde
547 4425 965 4496 magnificentia:
1000 4421 1224 4498 nomine
1271 4436 1301 4474 a
1359 4418 1709 4473 Theodoreto

144 4525 517 4594 compellatur.
546 4520 674 4575 Fuit
711 4533 842 4572 vero
887 4513 1257 4584 ἀντιγραφεὺς
1291 4511 1436 4580 apud
1473 4509 1708 4569 Graecos,

145 4633 298 4686 quem
328 4616 469 4670 Galli
514 4618 716 4667 vocant
749 4607 1062 4664 Cuntruleur
1091 4602 1308 4682 général
1347 4602 1433 4655 des
1456 4599 1712 4668 ﬁnances.

145 4707 220 4762 Ad
255 4722 384 4760 eum
415 4713 545 4759 sunt
581 4702 717 4766 alite,
771 4715 890 4753 mea
923 4696 1147 4766 quidem
1203 4693 1498 4756 sententia,
1525 4691 1722 4745 litterae

149 4799 204 4853 41
233 4807 290 4852 et
323 4798 393 4851 50
415 4798 485 4848 ⁷⁷.

283 4909 529 4978 Epistula
561 4906 679 4970 100,
713 4907 782 4960 ad
803 4902 1169 4959 Alexandram
1197 4897 1567 4951 diaconissam.

214 5002 258 5056 1.
312 5002 441 5055 Haec
487 5007 571 5054 est
607 4997 936 5058 Alexandra,
981 5009 1144 5063 quam
1180 4992 1236 5044 in
1283 4990 1439 5042 obitu
1481 4985 1728 5056 conjugis

155 5095 464 5148 consolatus
527 5099 610 5147 est
665 5088 1043 5144 Theodoretus
1115 5084 1280 5153 epist.
1344 5083 1444 5144 ill,
1495 5088 1724 5148 quicque

157 5201 302 5240 more
349 5184 818 5239 nobilissimarum
848 5178 1139 5233 viduarum
1175 5175 1230 5226 in
1279 5171 1645 5225 diaconissam
1695 5183 1724 5221 a

156 5276 367 5341 Proclo,
393 5273 855 5346 quemadmodum
899 5289 929 5325 a
952 5269 1344 5339 Chrysostomo
1367 5263 1520 5334 prius
1543 5261 1726 5332 Olyin~

158 5363 290 5432 pias,
319 5365 570 5420 ordinata
596 5369 699 5418 est.

224 5456 288 5510 11.
318 5455 444 5512 Haec
472 5453 810 5511 Theodoreti
840 5461 1044 5522 partes,
1076 5459 1138 5504 ut
1159 5449 1274 5518 ipse
1304 5443 1506 5504 innuit,
1538 5439 1728 5495 defen-

161 5543 342 5611 derat,
375 5548 600 5615 suisque
634 5544 690 5597 id
728 5543 928 5597 litteris
970 5539 1378 5595 renuntiaverat
1413 5533 1581 5587 :huic
1617 5529 1728 5599 cpi—

163 5648 356 5705 scopos
387 5633 738 5690 commendat
770 5631 969 5701 opibus
994 5637 1050 5684 et
1073 5643 1208 5683 cura
1232 5621 1588 5696 adjuvandus.

1810 4389 2184 4451 incarnatione
2224 4382 2488 4437 adversus
2513 4374 2766 4428 diversos
2800 4363 3110 4424 haereticos,
3167 4357 3398 4411 totidem

1813 4489 1926 4543 fere
1956 4481 2140 4538 verbis
2183 4477 2237 4530 in
2280 4471 2526 4539 dialogo,
2557 4461 2651 4535 qui
2681 4460 2882 4516 dicitur
2915 4453 3245 4524 Inronfusus,
3271 4463 3403 4504 con-

1821 4576 2006 4635 tineri.

1823 4684 2068 4761 Epistula
2103 4679 2207 4735 105
2227 4718 2240 4744 ,
2292 4671 2592 4730 hortatoria
2647 4666 2717 4721 ad
2746 4661 3030 4731 Eulogium
3061 4666 3401 4710 a’conomum.

1899 4795 2157 4869 Ejusdem
2203 4799 2287 4845 est
2326 4778 2635 4855 argumenti
2679 4791 2804 4832 cum
2849 4765 3292 4843 praecedentibus
3318 4761 3406 4815 vi-

1825 4855 1982 4963 ginti.
2013 4888 2224 4954 Quanta
2252 4879 2418 4935 fuerit
2445 4877 2498 4930 in
2535 4871 2782 4928 Ecclesia
2805 4855 3408 4926 ConstantinOpolitana

1826 4944 1868 4963 ον
1931 4944 1935 4945 κ
2024 4944 2057 4954 ,ν

1825 4989 2236 5036 (economorum
2293 4967 2582 5040 potentia,
2641 4974 2804 5016 nemo
2863 4953 3117 5010 eruditus
3182 4944 3406 5000 nescit:

1824 5076 2030 5140 quanto
2054 5063 2276 5136 pietatis
2293 5033 2476 5114 studio
2502 5050 2911 5108 incenderetur,
2942 5049 3256 5112 quantaque
3282 5033 3410 5087 inde

1824 5178 1853 5216 a
1877 5158 2061 5214 multis
2089 5155 2256 5210 unius
2278 5159 2493 5207 natura:
2515 5139 2900 5200 defensoribus
2927 5129 3228 5189 certamina
3249 5124 3415 5180 susti-

1826 5259 1984 5309 neret
2025 5245 2311 5316 Eulogius,
2349 5237 2736 5296 Theodoretus
2761 5228 2963 5292 tradit;
2999 5221 3167 5279 tradit
3207 5216 3414 5290 pariter

1827 5343 2083 5397 edoctum
2114 5304 2316 5404 probe,
2339 5329 2454 5385 sive
2480 5327 2750 5381 librorum
2782 5316 3043 5376 lectione,
3072 5308 3219 5380 quod
3242 5304 3414 5374 magis

1826 5448 1976 5494 reor,
2011 5429 2125 5484 sive
2147 5421 2512 5480 sermonibus,
2537 5428 2660 5484 quae
2681 5410 2823 5465 foret
2866 5419 3023 5460 mens
3054 5395 3412 5459 Theodoreti,

1830 5523 1898 5577 de
1925 5488 2322 5590 quaestionibus
2360 5525 2426 5564 ca
2463 5507 2794 5573 tempestate
2819 5491 3185 5553 ferventibus,
3215 5488 3278 5540 de
3303 5499 3416 5539 una

1830 5610 2098 5667 incarnati
2123 5605 2271 5662 Verbi
2290 5611 2507 5665 natura,
2531 5596 2594 5650 de
2620 5593 2729 5648 Deo
2755 5604 2929 5662 passu,
2950 5593 3056 5639 etc.
3081 5581 3261 5649 Quare
3280 5575 3415 5631 hor-

1499 5768 1812 5829 SCliUi.Zil
1854 5765 2083 5820 NOTAE.

238 5878 280 5911 "
307 5879 507 5951 Ephes.
533 5875 759 5939 concil.,
794 5883 933 5945 part.
977 5890 1011 5927 ι.

1093 5873 1133 5901 ⁷⁷
1165 5870 1286 5927 Vid.
1337 5882 1519 5937 supra,
1555 5881 1606 5934 ι’».
1641 5861 1742 5916 ’5ἓο
1773 5870 1822 5914 et
1866 5858 1988 5913 5'25.
