3952 6294
519 328 621 392 287

1638 320 2015 384 GARNERII
2055 319 2549 382 DISSERTATIO
2586 320 2668 380 II.

3674 314 3798 378 288

520 452 669 500 tatur
699 440 767 496 ad
807 438 890 495 sui
925 435 1303 493 defensionem
1332 441 1387 488 et
1419 433 1806 503 episcoporum
1843 432 2100 488 subleva-
2132 435 2174 490 Α
2204 429 2453 485 futurum
2478 438 2620 494 erat,
2680 436 2743 484 ut
2771 443 2903 484 reus
2934 426 3091 483 ﬁeret
3130 425 3346 497 iniusta
3369 424 3605 491 alicujus
3628 426 3795 483 ordi-

520 536 748 591 tionem.

521 645 764 720 Epistola
798 644 918 709 106,
958 642 1387 698 commendatitia
1435 644 1504 697 ad
1546 642 1910 697 Abrahamum
1962 656 2096 697 ceco-

1196 730 1429 766 nomum.

593 828 854 900 Ejusdem
887 826 1113 882 omnino
1141 825 1449 896 argumenti
1473 825 1983 895 eum’przecedente.

524 941 767 1015 Epistola
794 940 915 1006 107,
944 941 1243 995 hortatoria
1270 938 1338 992 ad
1369 937 1685 992 Theodotum
1717 936 2098 1007 presbyterum.

592 1053 826 1110 Videtur
855 1060 912 1107 et
944 1053 1048 1107 iste
1072 1054 1302 1121 iquoque
1331 1048 1649 1103 Theodotus
1688 1048 1893 1121 nobilis
1931 1048 2102 1101 exsti-

526 1147 657 1201 tisse
707 1145 852 1199 inter
895 1119 1246 1215 presbyteros
1292 1141 1553 1196 Ecclesia:
1596 1119 2102 1209 Constantinopoli-

527 1247 687 1297 tunae.
715 1245 1006 1306 partesque
1027 1232 1359 1288 Theodoreti
1384 1231 1645 1285 adversus
1671 1240 2105 1301 propugnatores

530 1329 696 1383 unius
738 1337 949 1382 naturae
994 1328 1174 1397 palam
1217 1333 1273 1380 et
1313 1340 1438 1379 cum
1477 1323 1723 1392 periculo
1772 1321 2101 1376 defendisse.

527 1420 698 1491 Cujus
732 1420 987 1476 Ecclesia:
1024 1433 1121 1473 seu
1164 1418 1310 1472 tituli
1358 1416 1648 1487 presbyter
1688 1413 1877 1477 fuerit,
1919 1412 2107 1467 nullus

532 1527 669 1566 SCIO.

564 1623 805 1695 Epistula
838 1622 958 1689 108,
991 1622 1285 1677 hortatoria
1320 1620 1389 1674 ad
1413 1619 1660 1674 Acacium
1694 1617 2070 1688 presbyterum.

602 1736 988 1806 Orphanorum
1034 1736 1135 1789 iste
1168 1742 1390 1789 curator
1426 1732 1657 1786 Aeacius
1691 1750 1703 1784 :
1734 1730 2026 1785 fuitetiam
2053 1730 2106 1783 in
2142 1765 2184 1820 Β

534 1828 783 1898 partibus
822 1826 1174 1888 Theodoreti,
1220 1841 1423 1893 easque
1478 1824 1655 1893 palam
1705 1832 1761 1878 et
1796 1818 2112 1877 constanter

535 1918 918 1989 prOpugnavit.
953 1918 1216 1971 Hortatur
1242 1915 1650 1979 Theodoretus,
1678 1923 1738 1968 ut
1762 1922 2108 1983 perseveret;

534 2020 698 2082 atque
722 2010 881 2077 adeo,
911 2010 1058 2080 quod
1082 2009 1497 2080 intelligendum
1519 2050 1534 2074 ,
1567 2007 1796 2063 consilia
1822 2022 1946 2061 cum
1989 2006 2109 2075 epi-

535 2104 719 2176 scopis
744 2103 1131 2159 communicet.

536 2217 779 2284 Epistola
827 2217 949 2283 109,
993 2216 1422 2299 commendatitia
1469 2215 1540 2270 ad
1568 2214 1852 2271 Eusebium
1890 2213 2113 2286 Ancyra:

1171 2302 1489 2357 episcopum.

607 2397 650 2452 Ι.
686 2396 771 2451 Ad
794 2396 1050 2451 eumdem
1093 2396 1197 2450 fuit
1234 2396 1466 2465 epistola
1513 2394 1601 2460 82,
1634 2395 1702 2449 ad
1729 2411 1894 2466 quam
1919 2396 2112 2450 obser-

538 2486 787 2541 vavimus
819 2500 941 2556 quae
981 2486 1098 2541 visa
1132 2493 1262 2541 sunt
1290 2484 1358 2539 de
1387 2485 1627 2539 Eusebio
1656 2503 1669 2538 :
1699 2501 1852 2542 nunc
1899 2486 1967 2541 de
1992 2486 2113 2555 epi-

541 2577 700 2641 stola,
731 2593 853 2647 qua:
887 2593 1012 2633 cum
1041 2576 1478 2647 praecedentibus
1504 2577 1732 2649 reliquis
1756 2578 1879 2633 data
1909 2588 2014 2634 est.

608 2671 673 2725 ll.
702 2671 758 2724 In
778 2686 840 2726 ea
863 2672 1103 2741 primum
1131 2688 1190 2727 se
1210 2672 1589 2727 Theodoretus
1612 2670 1946 2737 consolatur,
1968 2672 2116 2743 quod

540 2769 856 2814 sanctorum
901 2760 1204 2815 calumnias
1245 2776 1532 2831 passorum
1580 2760 1828 2829 vestigiis
1870 2759 2112 2814 insistat.

539 2849 746 2908 Deinde
775 2853 937 2909 fidem
967 2868 1120 2909 suam
1144 2854 1213 2910 de
1237 2870 1350 2909 uno
1376 2854 1515 2910 Filio
1542 2854 1785 2924 exponit.
1814 2853 2010 2908 Postea
2033 2855 2117 2908 lo-

539 2940 731 3012 quitur
771 2942 840 2997 de
886 2943 1126 3014 scripto,
1162 2960 1273 3014 quo
1308 2945 1626 3014 complexus
1672 2944 1853 2998 fuerat
1893 2945 2118 2999 Patrum

539 3034 851 3089 testimonia
881 3051 981 3106 pro
1006 3051 1065 3090 se
1093 3035 1381 3103 facientia;
1415 3038 1663 3107 petitque
1696 3036 1926 3091 rescribi
1953 3037 2022 3091 ad
2058 3053 2117 3092 se

540 3126 609 3180 ab
636 3126 906 3192 Eusebio,
933 3129 1065 3198 quid
1109 3128 1235 3184 inde
1270 3129 1526 3184 senserit.
1569 3129 1815 3198 Denique
1846 3145 2120 3184 commen-

540 3214 636 3270 dat
695 3217 984 3285 episcopos
1028 3218 1243 3288 Ancyra
1303 3218 1664 3283 transituros,
1705 3218 1980 3288 traditque
2024 3234 2119 3273 eos

540 3307 723 3363 hieme
761 3308 866 3362 iter
894 3308 1092 3363 facere.
1137 3309 1275 3365 Cum
1321 3311 1470 3364 enim
1503 3319 1932 3380 tcmpestuosum
1974 3322 2120 3373 esset

541 3410 715 3460 mare,
751 3396 1100 3466 intutumque
1149 3398 1641 3469 hiemiS'tempore,
1686 3400 1792 3455 iter
1832 3403 1941 3457 illis
1975 3412 2119 3460 terra

543 3502 665 3542 esse
680 3486 892 3551 debuit,
910 3489 1056 3559 quod
1086 3498 1146 3543 ut
1163 3490 1548 3545 brevissimum
1569 3492 1921 3561 conﬁcerent,
1946 3505 2122 3552 trans-

544 3578 677 3633 ituri
718 3588 877 3634 erant
901 3579 1114 3650 Ancyra
1133 3580 1376 3647 Galatiae,
1410 3592 1465 3638 et
1485 3584 1611 3639 inde
1633 3587 1872 3642 secundo
1893 3588 2119 3645 flumine

545 3668 812 3739 Sangario
844 3670 1057 3725 devecti
1108 3672 1164 3726 in
1211 3672 1543 3744 Bithyniam,
1587 3675 1935 3735 Chalcedone
1973 3681 2118 3736 Con-

545 3758 957 3828 stantinopolim
1002 3762 1305 3831 trajecturi.
1344 3765 1704 3831 Asperitatem
1729 3768 1892 3840 339
1952 3787 2120 3840 porro

545 3845 747 3904 hiemis
768 3851 1035 3913 meminit,
1061 3852 1319 3922 quoniam
1351 3854 1517 3910 Tauri
1552 3860 1752 3914 montis
1798 3869 1962 3930 atque
2010 3860 2120 3915 An-

550 3942 733 3999 titauri
762 3943 937 4000 vicina
962 3945 1080 4000 loca
1106 3949 1442 4018 peragraturi
1477 3959 1657 4006 erant.

616 4035 703 4089 Ill.
739 4034 1035 4106 Scriptum,
1076 4040 1233 4110 cujus
1286 4042 1622 4099 mentionem
1664 4043 1814 4109 facit,
1867 4047 2119 4116 suspicor

545 4142 668 4183 esse
709 4128 1092 4199 depromptum
1120 4147 1189 4186 ex
1232 4133 1475 4188 secundo
1517 4134 1767 4205 dialogo;
1802 4152 1907 4191 nec
1943 4138 2012 4192 ab
2052 4154 2118 4194 ea

545 4218 768 4274 differre
827 4222 1267 4277 testimoniorum
1319 4224 1543 4294 sylloge,
1593 4240 1716 4295 quae
1770 4228 2119 4296 postmodum

546 4308 728 4364 addita
773 4321 858 4367 est
899 4314 1143 4383 epistolae
1198 4317 1369 4370 sancti
1415 4316 1637 4371 Leonis.

624 4422 866 4493 Epistola
893 4424 995 4479 110
1023 4427 1095 4480 ad
1122 4425 1384 4479 Damnum
1402 4427 1694 4482 Antiochia:
1724 4431 2043 4500 episcopum.

616 4515 660 4569 1.
696 4515 917 4585 Spectat
952 4518 1145 4588 procul
1180 4519 1350 4573 dubio
1383 4519 1451 4572 ad
1500 4520 1627 4573 anni
1676 4521 1776 4575 447
1824 4522 2027 4576 linem:
2067 4523 2127 4578 fit

547 4607 695 4662 enim
726 4607 781 4662 in
813 4624 878 4663 ea
922 4612 1129 4664 mentio
1166 4608 1410 4664 defuncti
1436 4610 1636 4676 Procli,
1665 4611 1759 4680 qui
1800 4612 1867 4667 ad
1898 4628 2128 4684 superos

549 4696 768 4752 transiit
799 4697 1269 4768 Constantinopoli
1304 4714 1431 4754 ann.
1464 4699 1588 4765 447,
1635 4701 1724 4757 die
1756 4702 1825 4758 24
1853 4703 2124 4760 Octobris.

620 4789 684 4843 ll.
733 4789 818 4843 Fit
860 4797 915 4843 et
955 4788 1161 4844 mentio
1200 4786 1562 4857 depositionis
1606 4791 1816 4858 lrenaei,
1858 4810 1978 4864 qua:
2001 4804 2130 4852 tunc

548 4888 647 4935 aut
685 4880 867 4935 futura
906 4878 1053 4948 vulgi
1085 4892 1305 4933 rumore
1325 4877 1622 4946 ferebatur,
1651 4891 1746 4937 aut
1777 4885 1941 4939 etiam
1971 4902 2128 4941 man-

552 4970 680 5025 dato
712 4969 1058 5039 imperatoris
1092 4968 1316 5023 decreta
1353 4977 1490 5033 erat,
1523 4972 1702 5042 reipsa
1726 4989 1856 5029 vero
1886 4986 2130 5046 postmo-

554 5062 686 5115 dum
707 5061 887 5115 edicto
911 5058 1291 5128 praefectorum
1311 5061 1587 5131 publicata
1614 5072 1720 5132 est,
1742 5066 1800 5121 in
1828 5067 2129 5124 Palmstinaa

556 5152 951 5208 monachorum
985 5151 1245 5206 Ecclesiis
1292 5168 1436 5208 anno
1476 5155 1601 5222 448,
1635 5155 1725 5212 die
1781 5157 1849 5214 18
1901 5158 2128 5229 Aprilis,

556 5260 678 5315 qua:
723 5241 829 5296 fuit
874 5241 988 5295 Νὲα
1031 5244 1290 5314 κυριακή.

630 5336 718 5391 lll.
760 5334 1022 5401 Queritur
1048 5335 1445 5403 Theodoretus,
1478 5340 1626 5395 tendi
1652 5340 1758 5396 sibi
1791 5341 2039 5406 insidias,
2067 5357 2134 5396 eo

559 5426 708 5496 quod
737 5426 938 5497 deponi
968 5427 1231 5482 Irenzeum
1256 5429 1450 5499 iubeat
1498 5432 1816 5502 imperator,
1853 5448 1957 5487 nec
1976 5448 2134 5486 man-

564 5516 657 5573 det
693 5524 872 5573 tamen
912 5518 1139 5574 alterius
1181 5518 1298 5575 fieri
1333 5522 1736 5578 ordinationem
1772 5540 1784 5575 :
1821 5522 1950 5577 hinc
1988 5523 2134 5577 enim

2200 521 2459 586 nationis,
2506 521 2621 576 sive
2672 519 2863 577 [rentei
2896 517 3297 588 depositionem
3335 517 3616 586 probaret,
3666 516 3796 572 sive

2201 612 2556 682 improbaret.
2601 611 2659 666 Si
2706 610 2855 665 enim
2887 616 3119 679 propter
3156 608 3399 663 rationes
3431 607 3501 662 ab
3545 609 3797 679 impera-

2203 710 2319 756 tore
2347 701 2614 756 adductas
2649 699 3003 769 improbaret,
3038 713 3137 752 cur
3173 697 3442 751 lrenteum
3472 697 3796 751 ordinavit?

2202 809 2300 848 cur
2347 792 2525 861 ipsum
2562 799 2788 861 propter
2823 789 2984 844 fidem
3034 799 3089 843 et
3125 796 3352 843 caeteras
3386 788 3622 842 virtutes
3666 788 3797 841 lan-

2204 883 2333 937 dat?
2370 884 2389 903 ‘
2434 882 2491 938 Si
2526 882 2810 952 probaret,
2861 893 2961 936 cur
3002 880 3214 934 Irenteo
3258 894 3640 933 successorem
3676 894 3802 933 non

2203 973 2460 1029 ordinat?

2274 1066 2363 1121 IV.
2417 1064 2718 1136 Digamiam
2777 1079 2943 1134 porro
2990 1079 3103 1117 non
3149 1063 3321 1119 fuisse
3370 1061 3799 1130 impedimento,

2206 1157 2513 1222 confirmat,
2554 1156 2792 1226 primum
2820 1156 3071 1225 exemplo
3106 1153 3398 1210 Alexandri
3433 1152 3799 1220 Antiocheni,

2206 1253 2301 1320 qui
2371 1250 2712 1319 Diogenem,
2766 1256 2822 1302 et
2874 1248 3074 1319 Praylii
3123 1246 3643 1318 Hierosolymitani,
3697 1249 3803 1316 qui

2205 1342 2560 1406 Domninum,
2611 1340 2859 1410 digamos
2906 1338 3289 1403 ordinassent;
3348 1337 3548 1391 deinde
3598 1352 3801 1391 assen-

2208 1433 2362 1488 sione
2409 1433 2612 1496 Procli,
2658 1431 3156 1501 episcoporumque
3207 1429 3448 1484 Ponticae
3486 1428 3803 1483 dimceseos

2209 1535 2265 1581 et
2303 1526 2623 1587 Pala‘stinaa,
2650 1524 2745 1593 qui
2788 1521 3189 1577 ordinationem
3227 1521 3414 1575 lrenaei
3441 1520 3799 1590 probassent.

2278 1618 2344 1673 V.
2372 1617 2567 1671 Mirum
2597 1615 2779 1669 videri
2806 1620 3007 1684 potest,
3042 1612 3188 1683 quod
3224 1612 3631 1673 Theodoretus,
3663 1628 3801 1681 par-

2211 1724 2292 1762 vm
2345 1716 2403 1761 et
2443 1714 2668 1761 remota:
2718 1705 2911 1775 procul
2969 1702 3207 1758 civitatis
3254 1702 3562 1772 episcopus,
3618 1703 3807 1772 Tyriae

2213 1799 2473 1855 Ecclesiae
2518 1798 2840 1868 episcopum
2887 1794 3185 1850 Phoenicim
3233 1794 3426 1863 primae
3469 1792 3804 1862 metropoli-

2215 1902 2403 1948 tanum
2444 1890 2832 1946 ordinaverit:
2889 1903 3011 1957 qua:
3058 1886 3204 1941 enim
3253 1885 3381 1940 facti
3426 1886 3633 1939 causa?
3686 1884 3806 1940 Cur

2213 1982 2626 2053 circumpositis
2652 1989 2732 2035 tot
2761 1979 3168 2050 provinciarum
3201 1975 3566 2040 antistitibus,
3593 1975 3807 2029 utrius—

2214 2092 2320 2146 que
2358 2074 2624 2129 nimirum
2668 2073 2837 2144 Syriae
2875 2079 2933 2126 et
2991 2069 3290 2125 Phoenicia)
3346 2066 3698 2129 Libanitidis,
3743 2066 3804 2120 id

2216 2181 2385 2222 ausus
2431 2165 2554 2220 est?
2598 2163 2680 2218 An
2723 2163 2853 2218 solis
2884 2161 3205 2218 thnicum
3242 2158 3499 2228 precibus
3526 2157 3806 2212 adductus

2217 2256 2354 2311 fuit?
2397 2255 2507 2311 Cur
2551 2269 2685 2323 ergo
2729 2253 2796 2308 de
2838 2250 3185 2322 subrogando
3231 2250 3285 2303 in
3327 2249 3509 2303 locum
3563 2246 3807 2317 depositi

2215 2350 2476 2419 episcopo
2521 2356 2630 2402 tam
2675 2343 2910 2399 sollicite
2953 2339 3293 2412 angebatur?
3342 2338 3422 2393 An
3453 2339 3654 2393 Domni
3701 2354 3804 2408 pa-

2217 2440 2469 2496 triarcha:
2492 2437 2735 2507 jussione
2758 2449 2823 2489 ac
2852 2432 3057 2487 vicaria
3084 2429 3392 2502 potestate?
3415 2428 3527 2484 Cur
3555 2429 3611 2483 id
3644 2429 3809 2484 silet?

2215 2529 2327 2585 Cur
2371 2526 2736 2583 ordinationis
2774 2524 2929 2580 factae
2957 2522 3164 2578 crimen
3194 2521 3299 2576 hac
3336 2519 3657 2575 defensione
3688 2535 3803 2574 non

2217 2619 2435 2691 repellit
2454 2619 2478 2672 ‘?

2249 2731 2495 2805 Epistola
2525 2730 2648 2797 111,
2675 2728 3003 2802 αροιοθετὶσα
3026 2726 3096 2781 ad
3117 2725 3420 2782 Anatolium
3457 2724 3761 2795 patricium.

2291 2840 2333 2894 l.
2379 2838 2517 2895 Cum
2578 2839 2789 2908 accepit
2838 2837 3122 2893 Anatolius
3167 2835 3474 2906 epistolam,
3524 2850 3649 2905 qua:
3706 2834 3803 2899 92,

2220 2932 2528 2987 rescribens
2571 2930 2977 2985 Theodoretum
3012 2928 3218 2992 docuit,
3260 2934 3493 2997 quantos
3530 2927 3809 2982 Constan-

2222 3023 2455 3093 tinopoli
2504 3024 2561 3077 in
2612 3023 2792 3092 ipsum
2839 3029 3020 3076 motus
3062 3020 3389 3075 concitasset
3427 3018 3813 3076 Osroehorum

2225 3115 2551 3170 clericorum
2594 3113 2851 3182 querela;
2899 3117 3275 3180 quantumque
3329 3106 3671 3177 impenderet
3703 3123 3808 3178 pe—

2227 3207 2486 3270 riculum,
2527 3205 2635 3260 nisi
2657 3211 3006 3258 amoveretur
3029 3219 3043 3266 ;
3070 3201 3316 3256 defendit
3341 3216 3398 3255 se
3422 3199 3814 3254 Theodoretus

2228 3299 2535 3354 rationibus
2593 3296 2835 3367 optimis,
2891 3304 2948 3350 et
2990 3294 3353 3348 nihilominus
3393 3307 3451 3347 se
3498 3292 3567 3347 ad
3609 3308 3812 3362 perpe-

2230 3389 2475 3443 ticndum
2535 3386 2839 3455 quidlibet,
2894 3383 3009 3438 sive
3055 3382 3308 3437 exsilium
3357 3382 3491 3436 illud
3547 3383 3640 3447 sit,
3689 3387 3810 3437 sive

2226 3481 2392 3534 etiam
2433 3492 2603 3540 mors,
2647 3484 2898 3544 paratum
2943 3482 3195 3527 testatur.

2295 3571 2360 3623 ll.
2394 3569 2527 3622 Data
2561 3573 2646 3621 est
2678 3566 2931 3634 epistola,
2961 3574 3085 3635 post
3129 3573 3411 3634 receptum
3453 3565 3693 3619 Anatolii
3739 3567 3812 3620 ad

2226 3660 2464 3730 priorem
2487 3671 2807 3726 responsum
2833 3655 3027 3728 {340
3044 3656 3329 3711 Anatolius
3358 3673 3467 3711 non
3495 3658 3810 3727 respondit,

2226 3753 2328 3805 nisi
2358 3757 2639 3819 postquam
2664 3748 2950 3818 epistolam
2969 3748 3209 3817 priorem
3240 3749 3307 3803 ab
3348 3749 3624 3819 episcopis
3662 3747 3815 3804 Con-

2227 3839 2633 3909 stantinOpolim
2654 3838 2895 3908 appulsis
2933 3837 3232 3906 accepisset
3255 3856 3269 3891 :
3296 3839 3568 3909 appellere
3589 3838 3667 3893 illi
3693 3854 3816 3895 non

2159 3992 2167 3999 ,
2227 3939 2678 4003 potueruntante
2701 3930 2863 3983 ﬁnem
2893 3930 3020 3984 anni
3047 3931 3170 3993 447,
3190 3938 3283 3983 aut
3298 3931 3463 3984 etiam
3490 3929 3706 3984 initium
3723 3945 3817 3985 se-

2226 4022 2481 4093 quentis;
2513 4037 2704 4092 aspera
2725 4023 2873 4076 enim
2891 4021 3072 4076 hieme
3102 4021 3393 4077 Antiochia
3417 4022 3813 4078 discesserant.

2229 4114 2564 4197 llaecxigitur
2602 4111 2876 4183 posterior
2918 4111 3146 4180 epistola
3192 4110 3318 4166 data
3368 4122 3453 4168 est
3492 4119 3616 4182 post
3669 4110 3818 4168 festa

2226 4205 2527 4272 Paschalia,
2554 4204 2776 4260 circiter
2798 4202 2962 4257 finem
2988 4202 3193 4273 Aprilis
3217 4205 3348 4259 anni
3374 4205 3499 4260 448.

2288 4318 2531 4391 Epistula
2569 4318 2693 4383 112,
2726 4318 2796 4372 ad
2819 4317 3087 4409 Damnum
3116 4318 3407 4373 Antiochia:
3427 4319 3751 4389 episcopum.

2146 4449 2191 4504 ι)
2288 4435 2332 4488 1.
2363 4433 2680 4489 Certissima
2707 4439 2791 4486 est
2827 4430 3092 4501 temporis
3133 4438 3300 4485 nota:
3337 4431 3398 4485 lit
3446 4431 3595 4487 enim
3647 4431 3706 4486 in
3744 4446 3811 4488 ea

2233 4528 2442 4584 mentio
2468 4524 2795 4581 evocatoriae
2816 4522 2980 4594 regiae
3013 4523 3082 4576 ad
3129 4523 3428 4577 secundam
3476 4524 3812 4593 Ephesinam

2232 4618 2537 4693 synodum;
2564 4627 2620 4671 et
2640 4616 2805 4670 datur
2831 4630 2862 4668 a
2889 4614 3240 4669 Theodoreto
3269 4614 3565 4668 consilium
3599 4615 3811 4669 Domno

2234 4712 2303 4768 de
2334 4711 2502 4767 rebus
2523 4710 2581 4764 in
2602 4709 2809 4780 synodo
2839 4707 3085 4778 agendis,
3115 4706 3518 4778 eligendisque,
3555 4722 3697 4764 auos
3723 4720 3810 4762 se-

2234 4820 2360 4860 cum
2395 4803 2643 4865 duceret,
2673 4800 3042 4870 metropolitis
3067 4797 3136 4853 ⁷⁸.

2299 4894 2365 4948 ΙΙ.
2407 4893 2543 4946 Data
2580 4898 2666 4945 est
2700 4889 2888 4959 igitur,
2916 4897 3209 4959 postquam
3238 4888 3587 4958 pervenisset
3618 4886 3813 4943 Antio-

2234 4983 2415 5038 chiam
2447 4977 2779 5042 evocatoria,
2803 4985 2859 5031 et
2894 4986 3188 5045 antequam
3216 4977 3460 5030 Domnus
3498 4974 3813 5045 proﬁcisce-

2236 5082 2391 5129 retur
2420 5070 2721 5140 Ephesum.
2756 5067 2893 5123 Cum
2946 5082 3078 5137 ergo
3110 5066 3420 5122 evocatoria
3455 5066 3812 5135 consignatur

2228 5165 2535 5232 Protogene
2563 5168 2621 5214 et
2653 5157 2866 5212 Asterie
2891 5171 3033 5211 coss.
3063 5156 3097 5210 5
3137 5156 3253 5211 Kal.
3299 5154 3525 5224 Aprilis,
3558 5153 3811 5224 foretquc

2233 5252 2290 5306 in
2327 5267 2392 5306 ea
2417 5248 2737 5305 condictum
2766 5246 3023 5301 Patribus
3052 5246 3118 5300 ad
3141 5244 3411 5300 Kalendas
3428 5244 3687 5314 Augusti,
3727 5251 3810 5297 at-

2233 5356 2340 5410 que
2365 5341 2594 5394 distaret
2622 5337 2916 5393 Antiochia
2939 5337 3190 5407 Ephesus
3223 5336 3422 5391 itinere
3455 5335 3676 5390 dierum
3718 5331 3813 5386 tri-

2236 5432 2386 5502 ginta
2437 5439 2494 5485 et
2533 5429 2790 5500 amplius,
2841 5440 2897 5485 et
2943 5429 3181 5483 necdum
3241 5426 3496 5497 elegisset
3540 5426 3805 5488 Domnus,

2239 5538 2378 5593 quos
2403 5536 2589 5577 secum
2626 5522 2874 5586 duceret,
2903 5520 3310 5590 metropolitas;
3349 5532 3577 5573 necesse
3609 5525 3727 5583 est,
3753 5520 3811 5569 ut

1920 5677 2226 5734 StillUllll
2269 5675 2491 5732 ΝΟΤᾸΞ.

637 5742 679 5775 ⁷⁸
715 5746 833 5802 Vid.
877 5762 1059 5819 supra,
1110 5762 1164 5816 p.
1207 5746 1320 5800 l82.
