3952 6294
540 139 644 205 291

1636 136 2013 198 GARNERII
2052 131 2544 195 DISSERTATIO
2586 130 2663 189 II.

3686 113 3843 175 29?.

543 265 736 307 omnes
774 248 1003 305 Romam
1043 250 1364 313 mittuntur,
1397 248 1466 304 ad
1506 249 1782 312 Leonem,
1829 249 2119 309 Renatum,
2153 257 2191 309 Α
2224 247 2411 299 cilium
2450 244 2709 297 defuncto
2733 239 3022 293 suﬂ‘cctum
3062 233 3233 303 fingit.
3262 229 3369 286 Sed
3400 242 3616 291 vereor,
3647 237 3715 282 ut
3758 227 3839 282 id

545 340 816 413 synodum
839 341 1160 405 Romanam,
1189 348 1246 394 et
1273 339 1719 394 archidiaconum
1747 338 1955 393 Roma).

691 451 935 522 Epistola
969 451 1099 515 115,
1140 450 1573 503 commendatitia
1616 448 1686 503 ad
1718 446 1981 519 Apellam.

620 564 828 618 Eodem
866 571 1149 630 tempore,
1182 559 1379 614 eodem
1425 569 1785 630 argumento:
1828 558 1921 613 hic
1957 558 2124 612 etiam

547 655 737 724 Apella
769 651 1183 722 magnificentiae
1201 651 1424 704 nomine
1448 649 1775 720 appellatur.

618 763 861 836 Epistola
890 763 1014 827 116,
1064 762 1496 836 commendatitia
1526 761 1596 816 ad
1635 761 1901 816 Renatum
1940 775 2058 830 pre-

1199 833 1486 902 sbyterum.

620 947 663 1001 Ι.
697 920 832 1000 Data
862 960 988 999 cum
1019 944 1221 999 litteris
1243 943 1310 998 ad
1346 951 1599 999 sanctum
1623 943 1887 999 Leonem.

617 1039 683 1093 ll.
718 1039 963 1091 Renatus
986 1038 1275 1108 presbyter
1306 1035 1415 1091 fuit
1433 1051 1576 1090 unus
1597 1036 1665 1091 de
1694 1035 1887 1106 legatis
1902 1052 1933 1089 a
1948 1035 2131 1090 Leone

550 1132 739 1189 missis
761 1130 829 1184 ad
849 1122 1184 1200 Ephesinam
1210 1127 1503 1199 synodum,
1527 1127 1831 1181 secundum
1851 1127 2013 1196 epist.
2034 1125 2129 1179 10:

559 1245 576 1276 α
607 1223 687 1278 Ad
718 1237 939 1277 omnem
970 1236 1193 1276 causam
1240 1221 1330 1289 pie
1360 1235 1425 1274 ac
1459 1219 1698 1274 fideliter
1727 1217 2132 1288 exsequendam

551 1317 755 1369 fratres
776 1322 996 1368 nostros
1019 1312 1226 1367 Julium
1255 1311 1594 1381 episcopum,
1623 1318 1679 1364 et
1708 1309 1976 1365 Renatum
2005 1322 2134 1378 pre-

553 1407 835 1476 sbyterum
885 1403 1032 1458 tituli
1091 1388 1267 1457 sancti
1316 1402 1657 1468 Clementis,
1710 1401 1807 1456 sed
1859 1409 1916 1456 et
1964 1399 2135 1453 filium

555 1511 740 1550 meum
768 1493 1017 1548 Hilarum
1044 1493 1358 1547 diaconum.
1397 1511 1417 1543 ι

2222 333 2522 390 commenti
2554 329 2885 401 persuadere
2915 325 3088 395 possit
3115 322 3279 378 alicui
3314 336 3498 375 rerum
3525 318 3839 389 ejusmodi

2223 441 2334 479 non
2352 423 2646 477 rudissimo
2670 437 2684 473 :
2713 435 2837 474 nam
2862 418 3048 487 plures
3076 421 3204 469 sunt
3229 410 3433 467 Juliani
3473 408 3703 465 Coensis
3741 406 3838 463 ad

2224 518 2461 572 Leonem
2489 512 2754 584 epistola),
2780 511 2969 579 plures
3009 507 3209 561 Leonis
3235 505 3303 560 ad
3336 504 3641 568 Coensem;
3680 502 3839 557 nul-

2225 608 2341 662 lum
2384 614 2563 659 tamen
2591 603 2645 656 in
2669 603 2779 655 ulla
2813 601 2875 655 fit
2905 599 3136 653 verbum
3170 596 3238 650 de
3270 595 3560 666 praesentia
3591 594 3836 665 synodo

2226 695 2490 752 exhibita.
2518 692 2727 747 Deinde
2762 691 2807 746 si
2849 691 3098 747 Julianus
3121 698 3247 742 ante
3283 686 3594 740 inchoatam
3637 701 3833 757 syno-

2228 789 2360 843 dum
2395 786 2689 842 defunctus
2715 784 2808 847 sit,
2842 782 3199 850 Julianusqne
3226 780 3454 834 Coensis
3490 780 3562 833 sit
3598 779 3655 832 in
3686 779 3835 849 ejus

2229 883 2409 937 locum
2444 878 2727 940 sulTectus,
2768 874 3045 946 quomodo
3085 872 3236 943 nulla
3268 871 3407 926 facta
3450 878 3536 925 est
3570 870 3625 924 in
3654 869 3838 924 Actis

2231 970 2643 1043 substitutionis
2667 967 2892 1030 mentio,
2928 980 3054 1020 cum
3083 978 3277 1018 omnes
3296 961 3361 1015 ad
3394 962 3837 1030 imperatorem,

2231 1067 2298 1122 ad
2328 1066 2626 1136 Augustam
2655 1059 3036 1134 synodumque
3073 1066 3128 1111 et
3164 1056 3301 1110 alios
3320 1054 3516 1108 litterae
3545 1052 3678 1107 Julii
3710 1067 3838 1106 ex-

2233 1173 2423 1229 presse
2479 1153 2862 1216 meminerint,
2915 1150 3222 1218 debeatque
3282 1148 3711 1201 instrumentum
3760 1151 3839 1198 ut

2234 1246 2382 1317 quod
2436 1246 2672 1299 maxime
2732 1241 3109 1296 authenticum
3156 1236 3426 1308 proferri,
3485 1235 3532 1289 si
3586 1235 3836 1305 quando

2235 1338 2506 1409 quispiam
2536 1335 2742 1390 vicario
2772 1333 3035 1387 duntaxat
3071 1331 3195 1399 jure
3238 1328 3436 1383 debeat
3461 1327 3672 1398 synodo
3702 1340 3839 1395 pra

2236 1430 2598 1484 maximarum
2627 1426 2840 1481 sedium
2873 1422 3213 1477 antistitibus
3244 1419 3576 1490 praesidere?
3614 1419 3835 1472 Fateor

2237 1513 3011 1589 equidem,implicatissimam
3038 1526 3157 1566 esse
3179 1509 3464 1565 historiam
3494 1508 3645 1563 Julii.
3669 1507 3837 1574 Quid

634 1587 720 1640 ΠΙ·
757 1585 1110 1641 observanda
1163 1584 1280 1639 ham
1309 1584 1477 1639 verba
1499 1601 1565 1676 3‘
1597 1582 1723 1637 “ac
1759 1581 1997 1676 quidem
2025 1581 2139 1652 θεῆ
2172 1608 2210 1663 Β
2238 1581 2386 1668 enim
2425 1581 2510 1666 eoi
2534 1581 2737 1665 factum
2788 1607 2860 1661 sit
2896 1613 3019 1676 post
3050 1601 3401 1657 latrocinium
3449 1600 3832 1669 Ephesinum,

556 1678 735 1747 pietas
788 1685 921 1740 tua,
989 1692 1115 1730 cum
1159 1676 1376 1729 unicam
1420 1675 1623 1730 cmdem
1662 1676 1709 1707 ⁸³
1742 1673 2136 1745 conspexisset.

557 1767 714 1833 Quod
739 1767 785 1821 si
815 1774 1040 1820 caeteras
1084 1765 1250 1819 etiam
1272 1805 1286 1829 ,
1311 1781 1432 1834 quae
1469 1774 1593 1835 post
1636 1765 1941 1820 discessum
1983 1774 2140 1819 tuum

559 1868 788 1930 patratae
818 1867 981 1921 sunt,
1036 1856 1302 1911 Phineem
1377 1858 1532 1911 illum
1599 1857 1834 1912 fortasse
1896 1858 2142 1911 imitatus

558 1966 728 2006 esses.
762 1970 781 2002 ›
816 1949 948 2004 Inde
991 1948 1140 2003 enim
1189 1948 1413 2004 videtur
1442 1964 1601 2020 posse
1626 1949 1830 2021 colligi,
1863 1950 1948 2003 vel
1992 1951 2142 2019 lcga-

563 2051 650 2098 tos
692 2043 840 2098 sedis
883 2041 1195 2112 apostolicae
1230 2057 1340 2096 non
1382 2041 1696 2097 interfuisse
1744 2041 1974 2113 synodo,
2021 2047 2146 2110 post

562 2134 871 2205 depositum
896 2133 1217 2188 Flavianum
1245 2151 1259 2200 ;
1287 2134 1375 2189 vel
1401 2149 1431 2189 a
1460 2132 1829 2199 Theodoreto,
1860 2133 1974 2188 sive
1997 2131 2142 2205 quod

564 2241 593 2279 a
615 2226 825 2281 nuntiis
860 2226 1124 2294 deceptus
1146 2233 1312 2290 esset,
1328 2226 1444 2280 sive
1468 2226 1612 2296 quod
1637 2227 1904 2280 memoria
1937 2226 2143 2295 lapsus,

567 2318 839 2371 Renatum
882 2316 1269 2387 presbyterum
1311 2316 1573 2371 confundi
1604 2331 1730 2373 cum
1753 2316 1963 2380 Hilaro,
2010 2315 2145 2385 qui‘

569 2407 696 2477 fuga
721 2422 778 2461 se
803 2407 1098 2476 proripuit.

638 2500 729 2555 IV.
770 2497 1124 2553 Observanda
1149 2498 1356 2569 pariter
1389 2498 1525 2552 ista:
1571 2517 1589 2549 ‹
1623 2498 1796 2565 Quam
1828 2498 1897 2552 ob
1929 2513 2148 2552 causam
2234 2543 2239 2548 .

577 2606 675 2646 oro
702 2592 872 2645 sancti
883 2598 1047 2646 tatem
1066 2598 1237 2656 tuam,
1257 2589 1609 2645 sanctissimo
1634 2599 1690 2645 et
1722 2591 2038 2645 beatissimo
2061 2606 2152 2644 ar-

580 2683 934 2754 chiepiscopo
960 2682 1312 2752 persuadeat,
1340 2689 1400 2735 ut
1419 2681 1719 2753 apostolica
1740 2689 2008 2751 potestate
2028 2689 2151 2735 uta-

575 2785 687 2841 tur,
714 2782 771 2829 et
803 2775 870 2829 ad
915 2774 1209 2829 concilium
1254 2782 1498 2827 vestrum
1549 2772 1803 2826 advolare
1835 2771 2151 2841 praecipiat:

575 2865 743 2920 habet
763 2864 909 2919 enim
939 2863 1285 2919 sanctissima
1321 2862 1411 2916 illa
1431 2861 1590 2917 sedes
1612 2861 2002 2924 Ecclesiarum,
2035 2876 2156 2928 quae

2239 1704 2446 1767 nullus,
2494 1700 2643 1772 quod
2696 1698 2886 1762 sciam,
2944 1696 3144 1761 tradit,
3196 1694 3383 1749 nullus
3436 1694 3639 1756 etiam,
3681 1690 3838 1762 quid

2241 1792 2445 1863 Ephesi
2474 1791 2667 1860 egerit.
2704 1790 2902 1844 Verum
2939 1787 3209 1841 Renatum
3248 1783 3303 1838 in
3345 1783 3523 1838 insula
3554 1783 3690 1838 Delo
3719 1783 3836 1837 de—

2243 1884 2491 1938 functum
2537 1896 2688 1945 esse,
2725 1894 2849 1933 cum
2884 1876 3160 1947 Ephesum
3187 1880 3423 1945 peteret,
3451 1882 3839 1943 praeterquam

2244 1973 2391 2043 quod
2415 1971 2565 2027 Felix
2589 1970 2800 2034 scribit,
2827 1968 3167 2023 demonstrat
3192 1980 3314 2019 mea
3339 1962 3559 2034 quidem
3592 1971 3837 2018 senten-

2246 2063 2321 2118 tia
2353 2062 2557 2116 invicte
2577 2101 2591 2125 ,
2623 2058 2770 2129 quod
2805 2058 2860 2111 in
2890 2056 3042 2112 Actis
3080 2053 3371 2124 Ephesinis
3408 2068 3611 2107 nomen
3647 2052 3840 2122 ipsius

2245 2170 2356 2212 non
2400 2161 2707 2216 censeatur,
2748 2151 2844 2205 ubi
2876 2164 2988 2204 non
3031 2148 3228 2203 siletur
3259 2145 3328 2201 de
3360 2143 3565 2199 Hilario
3588 2144 3837 2198 diacono

2247 2257 2303 2303 et
2325 2244 2560 2301 Dulcitio
2588 2243 2820 2299 notario.

2323 2335 2672 2393 Observanda
2713 2333 2951 2402 denique
2994 2330 3245 2386 recensio
3283 2329 3573 2391 librorum,
3613 2325 3685 2380 de
3716 2341 3837 2396 qua

2249 2427 2455 2497 egimus
2500 2424 2556 2478 in
2586 2439 2704 2492 cap.
2735 2422 2788 2474 2.

2251 2536 2495 2609 Epistola
2521 2536 2643 2598 117,
2665 2534 3026 2657 dffrecatoria
3054 2532 3123 2586 ad
3151 2529 3475 2585 Florentium
3509 2528 3837 2599 episcopum,

2344 2606 2425 2657 uel
2456 2609 2626 2657 potius
2667 2623 2696 2657 α
2763 2603 2961 2657 clerum
2991 2612 3085 2656 aut
3111 2599 3390 2655 concilium
3412 2598 3738 2652 Romanum.

2344 2606 2425 2661 vel
2456 2609 2626 2677 potius
2667 2598 2738 2657 ad
2763 2603 2961 2657 clerum
2991 2612 3085 2656 aut
3111 2599 3390 2655 concilium
3412 2598 3738 2652 Romanum.

2324 2697 2366 2751 1.
2398 2696 2597 2750 Notum
2627 2703 2862 2764 tempus,
2888 2709 2997 2764 quo
3017 2694 3143 2748 data
3174 2700 3260 2748 est
3288 2710 3301 2745 :
3328 2692 3470 2746 hanc
3492 2690 3644 2745 enim
3675 2688 3845 2744 detu-

2256 2786 2438 2840 lerunt
2459 2784 2618 2855 legati
2645 2801 2675 2839 a
2703 2783 3050 2839 Theodoreto
3078 2781 3230 2837 missi
3262 2782 3524 2844 Romam;
3561 2780 3839 2850 ignotum,

2259 2876 2347 2931 cui
2377 2875 2583 2945 scripta
2611 2875 2701 2929 sit.
2729 2874 2787 2928 In
2821 2873 3106 2929 codicibus
3130 2872 3368 2942 vulgatis
3386 2878 3690 2939 nostroque
3723 2884 3846 2923 ma-

577 2959 635 3013 in
669 2965 785 3014 toto
816 2965 945 3012 sunt
965 2956 1120 3020 orbe,
1158 2954 1528 3024 principatum
1583 2952 1772 3007 multis
1812 2950 2150 3014 nominibus,

2258 2968 2543 3036 nuscripto
2585 2966 2905 3021 inscribitur
2948 2964 3224 3021 Florentio
3254 2963 3544 3033 episcopo;
3576 2962 3673 3017 sed
3718 2963 3842 3032 epi-

575 3059 740 3123 atque
767 3052 872 3105 hoc
903 3055 1030 3104 ante
1052 3046 1255 3105 omnia.
1275 3045 1423 3116 quod
1453 3044 1520 3098 ab
1561 3043 1814 3098 haeretica
1847 3042 1969 3097 tabe
1995 3040 2155 3112 343

577 3141 839 3197 immunis
862 3139 1083 3202 mansit,
1118 3151 1224 3192 nec
1242 3137 1401 3189 ullus
1429 3132 1701 3189 contraria
1738 3132 1983 3186 sentiens
2007 3130 2063 3183 in
2091 3144 2158 3183 ea

579 3234 745 3297 sedit,
783 3231 879 3286 sed
905 3229 1258 3299 apostolicam
1289 3225 1518 3297 gratiam
1559 3224 1827 3293 integram
1864 3236 2158 3279 conserva-

580 3324 678 3376 vit.
710 3320 843 3388 Quae
873 3335 903 3372 a
925 3318 1083 3371 vobis
1104 3315 1313 3370 fuerint
1337 3313 1602 3384 judicata,
1630 3312 1688 3367 in
1715 3310 1805 3376 iis,
1831 3310 2158 3380 qualiacun-

583 3427 695 3483 que
715 3418 900 3473 erunt,
934 3405 1129 3479 judicii
1176 3404 1346 3459 vestri
1390 3400 1634 3472 aequitati
1688 3399 2029 3456 confidentes
2068 3416 2163 3455 ac-

584 3504 954 3574 quiescemus,
984 3506 1041 3553 et
1088 3510 1365 3567 rogamus,
1405 3504 1466 3548 ut
1513 3492 1783 3566 judicium
1836 3508 1904 3548 ex
1941 3491 2163 3563 scriptis

584 3593 974 3650 constituatur.
1008 3609 1026 3640 ι
1063 3587 1307 3643 Probant
1351 3585 1623 3655 siquidem
1654 3592 1876 3657 aperte,
1911 3601 2024 3640 non
2059 3585 2163 3639 im-

587 3689 861 3758 ploratum
892 3684 1155 3738 duntaxat
1182 3679 1383 3735 Leonis
1407 3678 1808 3750 patrocinium,
1850 3678 1947 3735 sed
1977 3678 2160 3748 appel-

587 3779 757 3832 latum
793 3790 822 3828 a
852 3772 1199 3865 Theodoreto
1219 3770 1365 3827 sedis
1389 3771 1703 3841 apostolicae
1734 3769 1995 3824 tribunal.

656 3867 723 3922 V.
756 3857 1171 3922 Observandum
1200 3863 1385 3925 tertio,
1420 3861 1829 3917 Theodoretum
1873 3874 1986 3913 non
2030 3857 2166 3913 satis

590 3955 759 4012 fuisse
799 3956 1054 4011 edoctum
1097 3954 1166 4009 de
1210 3954 1375 4010 rebus
1404 3953 1741 4025 legatorum;
1788 3948 1985 4006 scribit
2016 3946 2165 4001 enim

591 4046 659 4102 ad
687 4046 978 4110 Renatum,
1010 4044 1164 4115 quasi
1205 4030 1543 4100 interfuisset
1585 4040 1893 4098 latrocinali
1935 4037 2166 4110 synodo,

591 4150 647 4196 et
688 4140 814 4195 inde
848 4140 1077 4194 Romam
1115 4138 1457 4203 revertisset,
1490 4151 1617 4191 cum
1663 4143 1845 4189 tamen
1887 4147 1917 4186 a
1955 4130 2165 4196 Felice,

596 4234 853 4287 Actorum
895 4231 963 4285 de
1004 4229 1228 4285 nomine
1260 4228 1466 4295 Acacii,
1505 4242 1603 4282 seu
1636 4223 1900 4281 Breviarii
1940 4222 2168 4278 hteresis

596 4323 949 4394 Eutychiana:
974 4330 1221 4381 auctore,
1255 4320 1472 4375 dicatur
1505 4319 1564 4373 in
1598 4317 1775 4372 insula
1808 4314 1940 4370 Deio
1971 4314 2168 4369 defun-

596 4424 717 4470 ctus
740 4415 796 4467 in
826 4414 914 4468 via
944 4412 1011 4467 ad
1037 4412 1376 4482 Ephesinum
1405 4409 1720 4466 concilium.
1753 4406 1844 4462 Sic
1866 4405 2013 4460 enim
2035 4405 2169 4474 legi-

598 4515 689 4560 tur
730 4522 743 4557 :
792 4523 810 4554 ‹
860 4502 1231 4558 lnterfuerunt
1281 4501 1449 4555 etiam
1498 4497 1689 4552 vicarii
1740 4496 1808 4550 ab
1870 4495 2169 4564 apostolica

601 4596 730 4650 sede
765 4595 981 4656 directi,
1015 4594 1193 4649 Julius
1223 4591 1556 4646 Puteolanus
1586 4588 1897 4657 episcopus,
1925 4593 1981 4640 et
2018 4585 2169 4638 Hila-

603 4685 718 4740 rius
749 4684 1186 4745 archidiaconus,
1219 4681 1345 4749 quia
1378 4677 1667 4749 presbyter
1692 4676 1939 4731 Renatus
1961 4675 2016 4729 in
2036 4674 2170 4729 Delo

604 4775 782 4831 insula
812 4783 986 4830 morte
1017 4780 1344 4843 praeventus,
1374 4788 1393 4820 ι
1422 4777 1531 4823 etc.

673 4888 847 4955 Quem
887 4885 1092 4941 Julium
1124 4881 1277 4936 Felix
1312 4889 1491 4945 vocat,
1521 4880 1798 4936 Julianum
1828 4878 1963 4935 Acta
1999 4880 2157 4935 latro.

603 4977 798 5035 emalis
831 4973 1024 5047 synodi
1056 4970 1346 5026 nominant
1382 4987 1406 5024 ι
1433 4970 1510 5042 ibi
1547 4970 1696 5024 enim
1730 4978 1852 5039 post
1885 4969 2171 5039 prtesidem

604 5072 926 5126 Dioscorum
962 5079 1087 5118 mox
1126 5062 1273 5117 sedis
1308 5063 1620 5133 apostolica:
1665 5063 1876 5134 legatus
1923 5062 2174 5118 Julianus

603 5161 894 5230 episcopus
948 5161 1237 5219 censetur;
1291 5168 1526 5224 cumque
1583 5162 1857 5217 censetur,
1906 5151 2172 5208 Coensem

605 5249 862 5318 opinatur
881 5243 1230 5312 Quesnelius,
1265 5260 1428 5316 quem
1466 5245 1611 5300 Julio
1638 5244 1694 5298 in
1732 5243 1930 5299 itinere
1954 5242 2021 5297 ad
2045 5256 2179 5295 con-

2259 3058 2398 3140 stola
2427 3058 2645 3112 titulum
2679 3058 2798 3112 falsi
2826 3057 3024 3127 arguit.

2328 3148 2513 3220 3M.
2558 3149 2623 3203 l-l.
2658 3149 2903 3204 Fuerunt
2945 3164 3007 3202 ea
3055 3155 3375 3218 tempestate
3419 3145 3685 3201 Florentii
3734 3145 3844 3200 duo

2261 3239 2558 3295 admodum
2581 3240 2856 3303 celebres;
2900 3254 3042 3293 unus
3070 3238 3322 3293 Sardium
3347 3237 3663 3306 episcopus,
3704 3237 3845 3291 alter

2263 3331 2529 3401 patricius
2566 3330 2816 3385 doctrina
2838 3329 3086 3400 insignis.
3119 3328 3388 3399 Scriptam
3425 3328 3659 3397 fortasse
3693 3328 3847 3397 quis-

2264 3422 2410 3492 piam
2458 3421 2712 3492 conjiciat
2757 3420 2825 3474 ad
2874 3419 3129 3474 Sardium
3188 3420 3505 3488 episc0pum
3553 3436 3566 3471 :
3614 3434 3750 3472 nam
3792 3423 3848 3470 et

2268 3510 2554 3581 inscriptio
2591 3509 2832 3578 epistola:
2868 3508 3189 3578 episcopum
3213 3506 3365 3569 dicit,
3387 3513 3442 3560 et
3464 3505 3637 3559 verba
3669 3504 3847 3558 Theo-

2269 3600 2445 3655 doretl
2482 3614 2608 3654 eum
2633 3638 2647 3663 ,
2677 3598 2764 3653 cui
2807 3597 3088 3661 scribitur,
3125 3611 3334 3666 magnas
3379 3594 3594 3649 cuidam
3634 3591 3847 3648 civitati

2267 3691 2610 3764 prmsedisse,
2645 3704 2971 3759 morumque
3008 3688 3295 3743 sanctitate
3333 3701 3400 3741 ac
3440 3683 3699 3740 doctrina
3742 3685 3850 3738 cla-

2269 3783 2445 3841 ruisse
2488 3779 2829 3852 signiﬁcant;
2873 3779 2953 3832 sic
2996 3778 3143 3833 enim
3184 3792 3243 3831 se
3283 3776 3530 3830 habent:
3579 3794 3598 3825 ι
3643 3774 3850 3829 Huma-

2267 3889 2400 3929 num
2426 3887 2598 3943 genus
2625 3871 2720 3926 Dei
2746 3886 2809 3925 ac
2839 3868 3137 3924 Salvatoris
3173 3867 3349 3920 nostri
3381 3864 3554 3935 gratia
3592 3862 3749 3917 omni
3783 3877 3848 3915 ex

2267 3973 2424 4038 parte
2466 3979 2578 4018 non
2622 3961 2891 4025 destituit,
2920 3959 3015 4015 sed
3060 3957 3282 4027 reliquit
3307 3956 3468 4010 nobis
3496 3969 3689 4009 semen
3721 3968 3847 4008 san-

2270 4057 2516 4112 ctitatem
2558 4063 2706 4109 tuam
2727 4053 2794 4118 ⁸³,
2825 4068 2896 4107 ne
2928 4051 3124 4106 fiamus
3163 4050 3305 4105 sicut
3343 4047 3600 4111 Sodoma,
3636 4057 3699 4101 et
3739 4045 3846 4100 Go-

2271 4147 2507 4202 morrha:
2547 4145 2754 4200 similes
2779 4158 2849 4197 ne
2880 4143 3071 4198 simus.
3115 4140 3229 4195 Hoc
3265 4155 3365 4194 nos
3403 4137 3588 4191 animo
3623 4136 3848 4206 penitus

2273 4240 2510 4296 deiicere
2543 4253 2651 4293 non
2689 4236 2842 4298 sinit,
2867 4233 2963 4288 sed
2994 4233 3235 4287 molestae
3269 4229 3609 4300 tempestatis
3638 4229 3844 4283 exitum

2271 4328 2512 4401 opperiri
2536 4342 2639 4382 nos
2665 4326 2837 4397 jubet.
2870 4325 2986 4379 Hoc
3005 4339 3107 4378 nos
3138 4324 3192 4378 in
3222 4323 3423 4377 bonam
3447 4336 3601 4391 spem
3633 4320 3798 4390 erigit
3830 4334 3843 4371 :

2272 4429 2558 4491 propterea
2597 4417 2760 4472 etiam
2790 4413 3235 4485 religiosissimos
3272 4411 3625 4483 presbyteros
3674 4410 3846 4480 Hypa-

2275 4512 2409 4564 tium
2439 4516 2495 4563 et
2527 4506 2847 4562 Abramium
2876 4505 3298 4575 chorepiscopos
3320 4542 3336 4569 ,
3370 4512 3428 4558 et
3450 4502 3709 4573 Alypium
3739 4516 3848 4555 mo-

2274 4599 2575 4654 nachorum
2614 4595 2760 4665 apud
2793 4590 2909 4650 nos'
2931 4594 3229 4649 exarchum
3272 4592 3340 4647 ad
3371 4591 3722 4647 sanctitatem
3756 4603 3846 4644 ve-

2277 4700 2443 4746 stram
2497 4689 2783 4751 misimus,
2834 4695 2896 4740 ut
2954 4683 3320 4739 calamitatem
3374 4682 3692 4752 depellatis,
3736 4693 3846 4751 quae

2278 4783 2520 4841 Orientis
2557 4779 2835 4836 Ecclesias
2868 4776 3176 4848 occupavit.
3213 4796 3232 4828 ι
3271 4777 3339 4831 Et
3360 4784 3550 4846 postea
3581 4790 3596 4827 :
3629 4792 3651 4825 ι
3692 4775 3848 4828 Decet

2279 4891 2447 4947 porro
2479 4872 2824 4929 sanctitatem
2865 4877 3128 4932 vestram,
3173 4865 3364 4922 eadem
3407 4865 3699 4919 nobiscum
3732 4874 3849 4916 sen—

2279 4965 2478 5020 tientes
2501 4976 2599 5031 per
2619 4957 2875 5030 injuriam
2897 4956 3084 5026 pulsos
3114 4970 3224 5010 non
3246 4952 3560 5024 despicere;
3588 4951 3688 5006 sed
3709 4953 3848 5021 justo

2280 5054 2528 5111 subsidio
2583 5050 2838 5122 injuriam
2883 5048 3221 5119 reprimere,
3265 5062 3329 5101 ac
3371 5047 3660 5101 veritatem
3709 5053 3846 5112 pne-

2279 5148 2451 5202 fracte
2483 5146 2866 5213 impugnantes
2897 5142 3119 5207 docere,
3142 5155 3253 5195 non
3287 5139 3469 5194 omnia
3506 5134 3735 5205 exsequi
3761 5142 3850 5188 eos

2280 5252 2462 5307 posse,
2490 5234 2583 5305 qui
2610 5234 2842 5288 licenter
2865 5231 3139 5302 quidlibet
3170 5229 3391 5302 aggredi
3416 5234 3715 5283 conantur.
3748 5241 3773 5276 ›

1948 5395 2261 5451 δείιυιλλιι
2315 5393 2543 5447 NOTAE.

681 5544 725 5575 ⁶²
751 5541 971 5599 Ca’dem.
1010 5543 1155 5597 Edit.
1198 5543 1347 5611 prior
1396 5543 1632 5598 habebat
1665 5541 1861 5593 sedem.
1939 5538 1983 5568 ⁸³
2011 5536 2193 5590 Tuam.
2235 5534 2422 5589 Potius
2460 5541 2711 5587 vestram.
2741 5542 2800 5585 ut
2835 5531 2862 5601 ᾗ
2892 5533 2945 5599 6,
2994 5529 3248 5602 legimus.
