3952 6294
139 177 245 240 293

1308 190 1402 250 DE
1442 192 1696 251 LIBRIS
1731 191 2241 261 THEODORETI.

3286 213 3391 277 294

215 292 301 348 lll.
339 291 466 346 Fuit
506 308 638 348 vero
674 292 934 392 §ardium
959 297 1248 392 episcopus
1276 301 1458 374 Lydia:
1485 304 1719 373 primas,
1751 307 1797 364 Α
1899 308 2010 363 Vll.
2041 310 2246 369 Indicia
2274 329 2370 371 sex
2393 314 2517 381 ista,
2550 316 2656 371 nisi
2693 317 3084 375 occidentalem
3123 327 3389 392 synodum

140 399 460 455 naagnmque
485 383 863 452 auctoritatis;
911 386 1014 442 fuit
1034 400 1089 445 et
1117 390 1427 447 Florentius
1451 395 1719 463 patricius

137 473 394 527 doctrina
422 482 477 528 et
503 490 717 529 morum
740 476 1051 547 integritate
1076 479 1294 544 nobilis,
1330 481 1397 535 de
1425 498 1535 551 quo
1561 491 1720 537 antea

138 564 347 618 dictum
377 575 483 620 est.

211 657 300 713 ιν.
326 657 532 712 Verum
557 658 837 727 quomodo
860 662 1187 717 conveniant
1212 663 1456 733 epistola:
1483 665 1627 720 dicta
1663 666 1721 725 in

137 750 482 820 episcopum,
526 749 621 819 qui
669 750 1089 807 haeresiarcham
1142 754 1424 825 Eutychen
1461 756 1716 821 absolvit,

140 849 501 909 sanctumque
532 839 851 895 Flavianum
893 840 1173 896 damnavit
1201 844 1255 897 in
1285 846 1520 899 concilio
1554 846 1719 900 Iatro-

140 931 323 996 cinali,
355 930 563 999 quique
591 930 860 1001 indulgeri
893 930 999 987 sibi
1022 940 1130 987 tam
1164 934 1399 1003 grande‘
1431 944 1715 1005 peccatum

141 1021 392 1090 poposcit
418 1020 789 1086 Chalcedone,
817 1023 966 1092 quod
994 1022 1125 1079 fecit
1152 1024 1492 1094 Florentius;
1532 1028 1716 1085 nullus

140 1110 319 1162 video.

207 1200 267 1252 ν.
308 1198 468 1263 Quod
493 1198 539 1252 si
573 1196 697 1268 quis
728 1197 1023 1254 delendum
1053 1210 1208 1271 putet
1229 1201 1471 1272 episcopi
1515 1218 1715 1258 nomen

138 1304 201 1342 ex
232 1289 599 1359 inscriptione
623 1331 637 1354 ,
671 1291 1047 1362 scriptumque
1077 1292 1335 1363 conjiciat
1378 1294 1445 1348 ad
1490 1294 1715 1349 Floren-

139 1381 271 1435 tium
301 1380 598 1450 patricium
620 1397 732 1437 suae
751 1382 928 1437 aetatis
965 1383 1428 1452 potentissimum,
1460 1383 1717 1439 doetissi-

140 1487 401 1541 mumque
428 1488 492 1526 ac
517 1473 964 1542 integerrimum;
1002 1474 1227 1529 habebit
1256 1476 1568 1546 conjectura
1593 1476 1715 1545 plus

137 1562 341 1632 aliquid
393 1563 797 1631 probabilitatis
844 1573 901 1619 et
952 1567 1323 1636 congruentia:
1369 1582 1495 1620 cum
1549 1567 1712 1623 dictis

136 1654 492 1710 Theodoreti.
520 1656 724 1711 Verum
749 1656 949 1722 obstat,
980 1658 1128 1727 quod
1168 1666 1224 1713 et
1264 1659 1572 1714 sanctitatis
1613 1674 1714 1713 no-

133 1744 275 1800 mine
311 1745 674 1814 compelletur
700 1745 747 1800 is
788 1744 855 1800 ad
885 1761 1048 1816 quem
1079 1746 1358 1810 scribitur,
1386 1756 1443 1802 et
1466 1748 1521 1802 in
1550 1747 1710 1803 Occi-

131 1834 294 1890 dente
326 1836 543 1906 positus
575 1852 685 1891 non
719 1836 953 1893 obscure
994 1837 1276 1892 innuatur.
1305 1837 1548 1892 Primum
1577 1853 1709 1893 vero

130 1926 379 1980 saeculari
432 1926 665 1991 homini,
709 1928 940 1982 alterum
981 1927 1214 1996 patricio
1239 1928 1709 1999 Constantinopoli

129 2018 312 2073 sedem
339 2016 591 2080 ha‘benti,
623 2034 731 2072 non
760 2019 1034 2074 convenit.
1055 2018 1111 2073 Si
1150 2019 1279 2074 licet
1308 2020 1364 2073 in
1392 2035 1451 2074 re
1483 2028 1590 2075 tam
1615 2021 1710 2075 ob-

128 2124 287 2164 scura
312 2109 645 2164 sententiam
679 2109 881 2174 dicere,
923 2111 1119 2180 opinor
1155 2111 1440 2180 irrepsisse
1461 2126 1705 2166 errorem

128 2201 182 2256 in
216 2202 441 2257 titulum
462 2244 475 2267 ,
508 2210 789 2272 totamque
831 2203 1119 2272 epistolam
1157 2218 1279 2258 esse
1318 2204 1584 2259 directam
1618 2206 1704 2259 vel

125 2293 188 2347 ad
231 2294 445 2347 clerum
481 2294 808 2355 Romanum,
827 2293 974 2363 quod
1003 2293 1184 2347 minus
1208 2293 1494 2357 allirmem,
1520 2295 1605 2350 vel
1637 2295 1703 2349 ad

110 2380 417 2450 episcopos
452 2381 713 2436 Romanae
756 2382 871 2436 sive
913 2382 1269 2437 occidentalis
1308 2385 1521 2455 synodi,
1556 2386 1702 2456 quod

122 2472 469 2541 probabilius
490 2472 727 2527 videtur.

192 2584 282 2638 Vl.
309 2585 368 2638 In
409 2584 552 2640 hanc
583 2585 897 2655 opinionem
928 2586 1128 2641 indicia
1156 2602 1251 2642 sex
1290 2605 1375 2643 me
1401 2589 1699 2645 adducunt.

123 2674 175 2728 l.
229 2673 389 2739 Quod
447 2674 829 2730 Theodoretus
876 2676 945 2730 ad
1007 2677 1194 2746 plures
1244 2677 1483 2744 scribat;
1529 2680 1703 2734 utitur

120 2765 271 2821 enim
300 2779 520 2834 semper
555 2781 787 2821 numero
813 2766 1203 2834 multitudinis,
1237 2768 1433 2824 solitus
1460 2769 1703 2840 singula-

119 2871 213 2910 res
267 2871 664 2925 quoscunque,
713 2856 879 2911 etiam
933 2873 1209 2912 summum
1266 2859 1601 2928 pontificem,
1645 2869 1703 2915 et

118 2947 426 3018 Augustam
443 2948 789 3003 Pulcheriam
815 2949 1080 3019 singulari
1107 2949 1328 3042 nomine
1349 2951 1695 3020 compellare.
1725 2986 1768 3042 ο

118 3038 281 3105 Quod
338 3046 525 3092 autem
581 3039 853 3109 interpres
898 3039 1104 3109 posuit,
1144 3035 1479 3095 sanctitatem
1526 3050 1696 3105 tuam,

119 3145 237 3185 non
265 3139 534 3185 consonat
554 3129 764 3194 Graeco,
790 3131 1060 3201 ὑμετέραν
1094 3130 1458 3202 ἁγιωσύνηνδδ
1484 3148 1499 3184 :
1535 3129 1699 3201 35.5

120 3222 590 3293 quemadmodum
608 3238 712 3277 nec
731 3222 876 3292 quod
891 3222 1139 3287 dixit,vir
1150 3226 1495 3288 sanctissime;
1514 3222 1700 3277 Graece

124 3315 279 3370 enim
330 3314 536 3385 legitur
595 3313 907 3380 ἁγιώτατοι.
949 3313 1003 3368 2.
1050 3312 1206 3380 Quod
1266 3314 1450 3384 plures
1487 3314 1586 3377 illi,
1631 3314 1697 3368 ad

118 3422 263 3479 quos
292 3407 581 3472 scribitur,
617 3406 800 3461 forent
830 3404 1260 3461 Occidentalium
1305 3406 1568 3476 partium;
1601 3420 1700 3475 op—

116 3499 279 3569 ponit
318 3496 593 3567 siquidem
634 3494 1026 3550 Orientalibus.
1069 3494 1122 3549 5.
1181 3494 1337 3561 Quod
1382 3494 1569 3564 plures
1618 3493 1697 3551 illi

115 3606 342 3661 quoque
363 3588 741 3645 Occidentales
777 3586 984 3642 fuerint
1013 3586 1286 3657 episc0pi;
1330 3593 1694 3656 prteterquam

115 3681 267 3751 quod
309 3680 460 3735 enim
495 3679 550 3733 id
599 3678 793 3734 titulus
832 3678 1057 3743 indicat,
1093 3676 1435 3732 demonstrat
1474 3678 1697 3748 insuper

112 3787 225 3826 vox
272 3772 574 3825 sanctitatis
617 3777 822 3834 castra,
866 3769 1089 3824 tertium
1139 3768 1406 3823 adhibita.
1441 3769 1496 3822 4.
1538 3767 1694 3835 Quod

111 3864 365 3937 episcopi
397 3864 487 3919 isti
516 3879 625 3918 non
652 3862 957 3919 defecerint
997 3877 1027 3916 a
1077 3861 1203 3926 fide,
1230 3861 1469 3916 Orientis
1501 3862 1693 3916 Eccle-

112 3957 217 4011 siis
256 3969 603 4009 communem
637 3953 1000 4008 calamitatem
1034 3951 1228 4021 passis,
1257 3959 1419 4020 atque
1465 3951 1539 4004 ita
1565 3950 1693 4005 inde

114 4063 245 4118 spes
292 4046 459 4100 fuerit
511 4044 865 4099 restituenda;
892 4044 972 4098 rei
1007 4061 1020 4097 :
1055 4062 1072 4093 ‹
1109 4043 1205 4097 Dei
1250 4042 1425 4113 gratia
1469 4042 1693 4111 reliquit

112 4138 280 4193 nobis
311 4153 500 4192 semen
539 4135 885 4190 sanctitatem
918 4141 1152 4189 vestram
1177 4174 1190 4197 ,
1215 4149 1284 4187 ne
1321 4132 1513 4187 ﬁamus
1550 4133 1693 4187 sicut

113 4227 377 4289 Sodoma,
418 4246 436 4276 ι
466 4233 572 4279 etc.
604 4225 655 4279 5.
699 4223 855 4289 Quod
884 4231 1044 4276 tantae
1075 4222 1152 4275 illi
1184 4222 1363 4276 forent
1390 4221 1689 4275 auctorita-

1824 398 2222 469 demonstrent,
2263 422 2372 461 non
2395 407 2555 463 video
2598 424 2719 478 quae
2761 410 2870 466 alia
2911 422 3122 481 possint
3165 417 3389 475 clarius.

1819 489 1972 545 Adde
2000 495 2146 563 quod
2186 511 2255 550 ex
2288 498 2519 567 epistola
2552 499 2654 553 116
2686 509 2921 565 constet,
2967 513 3183 573 optasse
3213 507 3394 564 Theo-

1819 581 2093 651 doretum,
2123 601 2341 642 causam
2367 604 2520 644 suam
2549 592 2635 661 agi
2674 592 2731 649 in
2755 593 3080 650 occidentali
3109 599 3344 655 concilio
3371 618 3386 655 :

1828 689 1845 722 ι
1897 672 2229 729 Persuadeat
2281 680 2545 733 sanctitas
2591 691 2680 745 tua
2733 685 3081 739 sanctissimo
3121 689 3392 760 archiepi-

1817 777 2003 832 scopo,
2036 774 2097 819 ut
2121 770 2421 836 apostolica
2453 773 2782 828 auctoritate
2816 784 3027 841 utatur,
3060 784 3117 832 et
3141 780 3213 834 ad
3256 796 3389 836 con-

1818 852 2008 907 cilium
2029 863 2270 910 vestrum
2308 859 2560 914 advolare
2591 862 2889 931 prmcipiat.
2924 882 2942 914 ι
2975 864 3033 918 ld
3063 866 3238 936 ipsum
3266 885 3390 938 pre-

1817 941 1973 1005 cibus
2013 944 2250 1001 Anatolii
2279 948 2346 1001 ab
2370 949 2700 1019 imperatore
2727 953 3081 1010 obtenturum
3115 972 3172 1012 se
3197 975 3385 1030 spera-

1816 1044 1971 1089 verat
2021 1038 2182 1106 epist.
2214 1039 2356 1093 ll9:
2395 1060 2414 1091 ‹
2473 1042 2899 1112 Magnitudinem
2946 1055 3094 1101 tuam
3144 1050 3387 1105 obtestor

1817 1123 1958 1179 hanc
1983 1140 2013 1178 a
2038 1126 2244 1182 victore
2279 1128 2523 1200 Augusto
2566 1133 2795 1202 gratiam
2832 1143 3002 1204 petat,
3041 1148 3102 1192 ut
3141 1139 3196 1192 in
3229 1139 3386 1195 Occi-

1815 1215 2035 1270 dentem
2067 1218 2303 1284 veniam,
2337 1220 2524 1291 ibiqne
2545 1238 2575 1276 a
2600 1224 2713 1278 Deo
2740 1225 3076 1282 cbarissimis
3101 1230 3382 1285 sanctissi-

1815 1308 2029 1378 misque
2063 1310 2337 1380 episcopis
2356 1314 2592 1383 judieer.
2635 1332 2653 1364 ι

1884 1401 2020 1454 V’lll.
2053 1400 2179 1457 Hrec
2207 1413 2389 1458 autem
2420 1404 2465 1457 si
2494 1405 2566 1458 ita
2605 1419 2663 1458 se
2694 1405 2915 1471 habent,
2945 1419 3006 1462 ut
3030 1408 3234 1464 habent
3259 1426 3385 1481 pro-

1813 1491 1901 1545 cul
1925 1491 2112 1557 dubio,
2137 1495 2313 1549 lucem
2335 1495 2572 1549 aﬂ’erunt
2597 1496 2848 1552 obscuris
2873 1499 2927 1553 in
2948 1498 3180 1555 historia
3205 1518 3380 1571 quaes-

1816 1584 2062 1639 tionibus
2087 1626 2100 1648 ,
2157 1595 2217 1640 ut
2250 1595 2380 1656 puta
2427 1587 2494 1641 de
2541 1590 2905 1658 appellatione
2947 1592 3276 1650 Theodoreti
3313 1596 3380 1651 ad

1813 1692 2087 1731 summum
2124 1680 2439 1748 pontiﬁcem
2477 1688 2533 1735 et
2576 1683 2697 1752 ejus
2736 1686 3025 1754 synodum,
3049 1685 3117 1741 de
3145 1689 3384 1758 appella-

1813 1767 1979 1821 tionis
2008 1768 2191 1832 modo,
2220 1768 2288 1824 de
2306 1770 2531 1840 judiciis
2567 1787 2905 1830 summorum
2945 1778 3263 1847 pontificum
3289 1778 3380 1834 illa

1810 1864 2154 1929 tempestate,
2178 1868 2286 1915 etc.

2004 1976 2250 2046 Epistola
2280 1977 2402 2044 118,
2433 1994 2503 2032 aa
2527 1979 2954 2032 archidiaconum
2974 1978 3175 2037 Romw.

1875 2087 1917 2142 1.
1946 2088 2204 2159 Ejusdem
2247 2092 2510 2161 temporis
2546 2100 2709 2162 atque
2758 2090 3066 2160 argumenti
3096 2108 3222 2147 cum
3252 2095 3373 2151 116.

1805 2177 2066 2245 Qucritur
2094 2182 2240 2237 enim
2262 2183 2471 2238 'factam
2501 2184 2605 2238 sibi
2648 2184 2909 2255 iniuriam
2950 2186 3171 2256 Ephesi,
3198 2197 3377 2259 rogat-

1804 2285 1911 2339 que
1954 2286 2106 2326 suam
2146 2281 2202 2327 et
2246 2274 2617 2329 Ecclesiarum
2662 2290 2880 2330 causam
2922 2276 3066 2346 apud
3100 2293 3373 2333 summum

1804 2361 2116 2429 pontiﬁcem
2147 2362 2480 2431 promoveri.

1873 2452 1939 2506 11.
1984 2451 2118 2518 Quis
2166 2462 2347 2508 autem
2391 2454 2484 2508 ille
2532 2454 2989 2511 archidiaconus?
3029 2454 3270 2522 Hilarus,
3303 2471 3375 2513 an

1802 2543 1985 2598 alter?
2008 2544 2195 2599 llilaro
2228 2553 2378 2600 certe
2412 2561 2522 2600 non
2552 2546 2845 2602 admodum
2871 2547 3224 2613 conveniunt,
3254 2564 3376 2619 qua:

1801 2633 2084 2688 dicuntur.
2116 2635 2500 2690 Verumtamen
2538 2634 2658 2690 fieri
2692 2638 2893 2707 potuit,
2928 2638 3074 2708 quod
3102 2639 3157 2691 in
3182 2653 3377 2709 repen-

1802 2724 1936 2779 tinis
1963 2725 2180 2779 casibus
2215 2726 2374 2789 solet,
2408 2735 2468 2780 ut
2500 2726 2898 2793 Theodoretus,
2927 2743 3052 2783 eum
3084 2728 3371 2794 scriberet,

1800 2816 2043 2870 nondum
2079 2816 2211 2871 satis
2230 2815 2458 2871 edoctus
2486 2816 2651 2870 fuerit
2676 2816 2744 2871 de
2777 2818 2942 2873 rebus
2972 2819 3039 2873 ab
3075 2818 3260 2873 Hilaro
3283 2834 3371 2889 ge-

1801 2907 1899 2960 stis
1950 2907 2174 2976 Ephesi,
2216 2907 2661 2976 quandoquidem
2714 2908 2926 2963 Renato
2984 2908 3213 2973 tribuit,
3253 2924 3375 2978 qua:

1802 2995 1973 3050 Hilari
1995 3003 2145 3060 sunt,
2183 3003 2241 3050 et
2266 2997 2487 3050 sciverit
2518 3005 2699 3051 tamen
2724 3006 2904 3061 antea,
2927 3007 3129 3067 quanta
3155 2999 3375 3054 Hilarus

1798 3088 2029 3157 polleret
2061 3088 2248 3142 Romae
2275 3087 2755 3152 auctoritate,tum
2790 3097 3017 3158 propter
3051 3088 3373 3160 dignitatem

1798 3178 1962 3250 346
1991 3177 2399 3245 archidiaconi,
2427 3179 2585 3249 cujus
2633 3188 2751 3233 erat
2790 3194 2982 3233 causas
3020 3195 3213 3250 agere;
3255 3189 3373 3236 tum

1797 3278 2023 3339 propter
2044 3270 2415 3339 praestantiam
2438 3270 2566 3335 viri,
2590 3270 2685 3340 qui
2717 3270 2915 3326 merito
2951 3279 3139 3341 postea
3162 3272 3371 3328 electus

1796 3372 1881 3417 est
1906 3361 1961 3415 in
1995 3361 2198 3417 Leonis
2227 3377 2640 3417 successorem:
2672 3376 2841 3432 quare
2872 3378 3001 3417 suas
3041 3362 3144 3433 ipsi
3180 3379 3372 3434 preces

1795 3450 2013 3505 obtulit.

1794 3563 2037 3635 Epistula
2074 3564 2193 3630 119,
2227 3565 2589 3635 deprecatoria
2621 3564 2691 3618 ad
2726 3564 3035 3619 Anatolium
3067 3566 3367 3635 patricium.

1862 3678 1905 3733 l.
1946 3677 2154 3734 Eodem
2200 3687 2466 3749 tempore,
2498 3693 2621 3734 eum
2659 3678 2904 3735 nondum
2936 3696 3190 3751 egressus
3228 3681 3370 3745 foret

1791 3770 1952 3843 Cyro,
1993 3772 2090 3826 sed
2141 3772 2445 3842 ejiciendus
2490 3771 2826 3827 crederetur.
2878 3792 2896 3824 ι
2946 3772 3073 3828 llaec
3124 3783 3187 3829 ut
3221 3790 3370 3831 nunc

1792 3863 2113 3928 scriberem,
2155 3879 2222 3919 eo
2268 3878 2387 3917 sum
2431 3863 2675 3927 adactus,
2723 3863 2869 3933 quod
2904 3872 2966 3917 ut
3012 3864 3141 3918 hinc
3170 3865 3368 3934 jubear

1791 3953 1965 4015 abire,
1992 3952 2171 4007 moliri
2201 3951 2467 4021 quosdam
2492 3952 2863 4021 cognoverim.
2896 3969 2915 4001 ι

1861 4043 1925 4097 11.
1962 4042 2223 4109 Qucritur
2243 4042 2309 4105 ⁸⁵,
2338 4057 2396 4095 se
2440 4050 2630 4095 contra
2673 4042 2765 4110 jus
2807 4040 2997 4109 fasque
3030 4039 3363 4109 depositum,

1790 4131 2159 4202 efllagitatque
2185 4130 2627 4193 lamentabiliter,
2653 4129 2757 4182 sibi
2792 4129 2861 4182 ab
2890 4128 3219 4197 imperatore
3245 4129 3363 4182 fieri

1792 4221 2111 4277 alterutram
2130 4229 2477 4290 potestatem,
2510 4228 2605 4272 aut
2633 4218 2700 4272 ad
2725 4218 2996 4287 judicium
3030 4219 3200 4272 sancti
3225 4218 3367 4275 Leo-

114 4321 207 4382 tis,
249 4338 267 4369 ι
304 4326 367 4371 ιιι
398 4324 621 4387 possent
642 4314 917 4383 depellere
941 4312 1185 4367 Orientis
1208 4311 1576 4365 Eerlcsiarum
1599 4325 1690 4363 ca—
1720 4317 1763 4371 D
1792 4314 1878 4367 nis
1903 4312 2106 4367 eundi:
2142 4331 2160 4363 ‹
2198 4311 2621 4381 Magnitudinem
2670 4318 2816 4363 tuam
2850 4308 3116 4374 obtestor,
3144 4310 3288 4365 hanc
3333 4327 3365 4367 a

110 4410 438 4471 lamitatem,
476 4414 723 4461 exortam
755 4404 988 4459 haeresin
1034 4402 1380 4473 proscribere
1404 4443 1417 4467 ,
1456 4416 1552 4456 eos
1591 4400 1685 4471 qui

110 4499 508 4557 incarnationis
527 4499 833 4553 doctrinam
858 4498 1168 4552 adulterare
1188 4495 1305 4550 ausi
1336 4501 1484 4557 sunt,
1500 4502 1686 4565 aperte

109 4591 469 4658 redarguere,
500 4587 718 4641 illorum
771 4586 863 4656 qui
913 4585 1131 4655 pietatis
1183 4599 1349 4639 causa
1397 4591 1683 4648 vexantur,

108 4677 480 4749 patrocinium
495 4685 553 4732 et
577 4675 949 4746 defensionem
983 4668 1284 4744 suscipere,
1312 4689 1409 4743 per
1432 4673 1686 4745 injuriam

106 4768 304 4839 pulsos
335 4780 451 4818 non
496 4764 780 4834 despicere
803 4805 817 4829 ,
845 4764 941 4820 sed
980 4765 1129 4835 justo
1155 4762 1402 4818 subsidio
1435 4762 1688 4833 injuriam

108 4859 440 4929 reprimere,
471 4870 534 4910 ac
559 4856 845 4910 veritatem
872 4855 1157 4925 praefracte
1186 4854 1568 4924 impngnantes
1591 4853 1689 4907 do-

106 4965 261 5014 cere,
305 4964 417 5004 non
464 4952 645 5004 omnia
696 4965 791 5005 eos
839 4963 998 5019 posse
1038 4945 1284 5015 exsequi,
1327 4945 1420 5014 qui
1459 4945 1689 5000 licenter

105 5041 388 5113 quidlibet
415 5041 637 5112 aggredi
665 5050 953 5097 conantur.
990 5059 1010 5091 ι
1050 5037 1104 5093 6.
1141 5037 1296 5106 Quod
1325 5035 1394 5091 ad
1420 5051 1515 5091 eos
1534 5036 1688 5091 missi

105 5133 223 5187 sint
274 5130 475 5198 legati:
504 5148 552 5181 ιι
597 5129 1059 5199 Religiosissimos
1104 5127 1459 5198 presbyteros
1510 5124 1688 5196 Hypa-

106 5218 249 5271 tium
282 5224 340 5271 et
367 5216 688 5271 Abramium
731 5216 1176 5287 chorepiscopos,
1201 5223 1258 5270 et
1287 5215 1540 5286 Alypium
1573 5229 1692 5268 mo-

105 5307 412 5363 nachorum
440 5309 587 5379 apud
635 5325 737 5364 nos
779 5309 1076 5365 exarebum
1113 5307 1180 5362 ad
1227 5307 1571 5362 sanctitatem
1599 5319 1692 5360 ve-

104 5411 279 5456 stram
305 5402 582 5457 misimus.
619 5421 637 5453 ι

1790 4402 1997 4455 victore
2039 4400 2284 4469 Augusto
2330 4405 2482 4467 petat
2528 4397 2776 4467 gratiam,
2805 4404 2864 4451 ut
2907 4397 2962 4450 in
3009 4397 3363 4453 Occidentem

1790 4493 2029 4555 veniam,
2064 4491 2251 4559 ibique
2290 4504 2320 4543 a
2362 4489 2476 4543 Deo
2521 4487 2860 4543 cbarissimis
2893 4489 3364 4559 sanctissimisque

1790 4583 2066 4655 episcOpis
2107 4580 2362 4651 judicer:
2395 4594 2460 4634 ae
2494 4580 2538 4634 si
2578 4580 2667 4634 vel
2698 4579 2989 4636 minimum
3019 4598 3050 4636 a
3071 4585 3085 4600 ⁹
3111 4581 3237 4636 ﬁdei
3272 4597 3363 4637 re-

1792 4675 1915 4745 gula
1964 4672 2253 4728 deflectere
2297 4670 2504 4734 videar,
2543 4671 2599 4725 in
2641 4670 2885 4725 medium
2928 4672 3097 4725 maris
3142 4669 3366 4741 profun-

1794 4760 1923 4819 dum
1967 4761 2220 4833 dejiciar;
2259 4779 2278 4811 ι
2336 4768 2432 4814 aut
2485 4760 2540 4813 in
2578 4763 2975 4817 monasterium
3032 4760 3364 4815 secedendi:

1801 4875 1819 4907 ι
1857 4853 2014 4922 Quod
2034 4853 2080 4907 si
2109 4852 2195 4907 his
2225 4850 2482 4921 precibus
2504 4850 2703 4905 vestris
2749 4870 2860 4909 non
2900 4851 3090 4915 cedet,
3114 4850 3365 4904 habitare

1795 4963 1884 5002 me
1927 4945 2121 5001 saltem
2159 4943 2350 5013 jubeat
2390 4942 2445 4995 in
2471 4944 2807 4998 monasterio
2833 4950 3042 5007 nostro,
3068 4939 3214 5010 quod
3240 4939 3365 5007 qui-

1791 5038 1915 5093 dem
1938 5053 1969 5093 a
1987 5036 2265 5108 Cyrestica
2291 5033 2624 5115 milliaribus
2644 5037 2799 5091 abest
2828 5042 3048 5089 centum
3072 5041 3127 5087 et
3148 5030 3362 5101 viginti,

1790 5129 1859 5183 ab
1893 5127 2237 5183 Antiochena
2282 5126 2528 5196 quinque
2554 5134 2615 5182 et
2639 5124 3011 5196 septuaginta;
3058 5121 3235 5177 tribus
3260 5136 3363 5175 au~

1791 5228 1899 5275 tem
1922 5217 2255 5273 milliaribus
2278 5217 2445 5272 distat
2467 5217 2531 5274 ab
2561 5219 2700 5273 urbe
2730 5215 3024 5287 Apameae.
3065 5233 3084 5264 ι

1860 5310 1947 5365 111.
1974 5307 2411 5373 Observandum,
2451 5308 2598 5377 quod
2640 5309 2718 5364 ait
2757 5307 2825 5361 de
2864 5320 2964 5362 suo
3008 5304 3361 5367 monasterio.

1791 5402 1949 5471 cujus
1972 5401 2140 5455 situm
2171 5399 2437 5455 describit
2467 5418 2481 5455 :
2514 5400 2641 5455 inde
2670 5398 2817 5455 enim
2844 5396 3052 5468 liquet,
3078 5395 3135 5451 in
3172 5410 3364 5451 mona-

1454 5532 1771 5590 SCHULle
1808 5532 2038 5590 ΝΟΤᾸΞ.

174 5631 225 5665 ⁸⁸
250 5630 378 5704 Legi
409 5632 551 5688 solet
581 5629 863 5699 ἁγιότητα.
904 5627 1027 5685 Vid.
1061 5638 1100 5683 t.
1131 5628 1218 5695 IV,
1250 5644 1303 5697 p.
1336 5627 1487 5682 “99.
1563 5626 1609 5658 "
1638 5626 1699 5681 Vi

1811 5643 1970 5696 .upra,
2000 5642 2054 5696 p.
2090 5625 2206 5679 l85.
