3952 6294
556 189 660 250 295

1691 197 2068 260 GARNERII
2108 165 2605 269 DISSERTAT’iO
2648 212 2726 271 η.

3721 222 3840 286 296

558 298 727 355 sterio
764 299 1025 370 Euprepii
1064 302 1380 357 exercuisse
1414 319 1473 358 se
1509 304 1750 373 primum
1777 347 1791 369 ,
1825 307 1958 362 dum
1988 310 2140 367 vivc-
2173 321 2216 375 Α
2315 316 2404 370 lll.
2436 318 2672 375 Uranius
2702 337 2862 391 porro
2889 323 3098 379 Emesa:
3130 324 3185 379 in
3209 325 3488 382 thnicia
3515 329 3840 388 Liba'nitioe

557 398 685 446 rent
710 400 967 460 parentes
993 411 1005 446 :
1028 408 1151 447 cum
1178 402 1360 448 autem
1386 394 1674 460 vixissent,
1712 398 1768 451 in
1798 398 2140 469 Apamenum

557 483 776 538 venisse
799 525 814 549 ,
843 485 940 539 sed
986 495 1303 540 revocatum
1336 486 1393 540 in
1426 487 1667 556 priorem
1681 490 1896 557 1ocum,
1922 494 2142 563 quando

558 573 789 630 allectus
807 583 892 629 est
932 575 1002 629 ab
1039 575 1350 632 Alexandro
1371 579 1632 649 episcopo
1656 580 1712 634 in
1738 582 2139 639 Antiochenam

558 666 785 721 clerum.

720 778 965 848 Epistola
993 781 1111 850 120,
1134 783 1487 840 consolatoria
1530 785 1600 839 ad
1634 785 1962 859 Lupicinum.

627 893 667 948 Ι.
703 893 909 951 Eodem
939 907 1187 970 tempore
1214 906 1270 955 et
1302 900 1496 956 eadem
1522 902 1832 956 occasione.

624 986 690 1041 ll.
724 989 1156 1049 Emendavimus
1191 996 1546 1066 scriptionem
1573 1038 1586 1061 ,
1628 1012 1749 1066 qua:
1775 999 1940 1068 vulgo
1975 998 2136 1054 habet

555 1076 844 1148 Lupicium
876 1101 888 1137 :
919 1101 987 1138 ex
1030 1086 1308 1157 adiunctis
1350 1086 1497 1141 enim
1543 1098 1791 1158 apertum
1838 1097 1945 1154 est,
1987 1105 2136 1155 eum,

554 1171 621 1224 ad
652 1189 814 1242 quem
860 1177 1145 1242 scribitur,
1170 1194 1282 1233 non
1324 1194 1445 1233 esse
1477 1179 1665 1245 alium,
1706 1196 1868 1249 quam
1900 1182 1987 1236 cui
2014 1182 2138 1237 data

552 1270 638 1316 est
683 1266 915 1333 epistola
954 1269 1061 1335 90;
1104 1286 1269 1340 quam
1308 1270 1433 1325 vide
1455 1311 1469 1337 ,
1503 1281 1562 1325 ut
1597 1273 1665 1327 de
1699 1274 1970 1344 Lupicino
2001 1274 2136 1328 edo-

552 1367 749 1409 ccarts.

626 1448 713 1502 ΙΙΙ.
739 1447 1156 1507 Observandum
1195 1464 1400 1521 autem,
1433 1457 1580 1527 quod
1605 1457 1907 1527 Lupicinus
1933 1458 2137 1513 dicitur

556 1535 894 1593 alumnarum
936 1543 1143 1612 pietatis
1173 1545 1436 1616 princeps,
1470 1545 1522 1599 id
1554 1557 1659 1611 est,
1689 1546 1927 1615 partium
1952 1546 2136 1602 Theo-

554 1629 732 1685 doreti
772 1631 1069 1687 studiosus.

761 1743 1003 1814 Epistola
1036 1746 1155 1813 121,
1189 1748 1259 1801 ad
1284 1748 1589 1804 Anatolium
1632 1753 1933 1822 patricium.

620 1856 664 1911 l.
686 1858 818 1912 Data
841 1868 924 1914 est
948 1862 1111 1928 paulo
1147 1871 1269 1931 post
1303 1865 1592 1933 epistolam
1635 1867 1755 1931 119,
1783 1882 1907 1921 cum
1936 1884 2134 1938 nempe

545 1945 657 2015 jam
697 1949 998 2017 accepisset
1029 1940 1433 2022 antigraphum,
1465 1963 1561 2009 aut
1592 1955 1853 2011 Actorum
1900 1958 2133 2027 Ephesi-

550 2052 771 2103 norum,
808 2049 903 2093 aut
943 2041 1135 2095 saltem
1175 2042 1509 2109 litterarum,
1536 2047 1651 2101 sive
1684 2064 1820 2117 quas
1849 2049 2130 2113 Flaviano,

550 2125 665 2182 sive
689 2144 824 2198 quas
850 2128 1052 2199 Ephesi
1077 2134 1422 2204 congregatis
1447 2136 1721 2206 episcopis
1763 2145 1986 2192 sanctus
2023 2138 2133 2191 Leo

551 2218 864 2287 scripserat.
889 2220 1205 2277 Gratulatus
1243 2225 1388 2279 enim
1438 2227 1541 2280 sibi
1586 2227 1850 2282 doctrinae
1897 2244 2132 2283 censen--

550 2309 760 2364 sionem
806 2328 930 2365 cum
978 2325 1167 2369 sancto
1212 2314 1426 2381 Leone,
1463 2335 1624 2388 quem
1650 2320 1815 2389 facem
1843 2321 2133 2374 maximam

549 2404 706 2455 totius
728 2404 865 2456 orbis
892 2412 1160 2461 terrarum
1182 2418 1378 2474 vocat,
1415 2411 1701 2466 continere
1737 2427 1858 2467 sese
1885 2428 1995 2467 non
2035 2429 2129 2483 po-

552 2491 674 2556 tuit,
697 2493 830 2560 quin
860 2493 987 2549 inde
1015 2497 1160 2566 apud
1185 2499 1422 2554 amicum
1461 2501 1906 2570 potentissimum
1940 2505 2129 2574 apolo-

547 2580 690 2651 giam
728 2583 830 2637 sibi
867 2586 1186 2653 conﬁceret,
1216 2604 1446 2660 eamque
1471 2593 1618 2647 omni
1658 2595 2009 2648 accusatione
2040 2610 2132 2650 su-

548 2673 864 2743 periorem,
925 2679 970 2732 si
1035 2680 1199 2735 modo
1253 2684 1569 2738 conferatur
1631 2687 1864 2755 epistola
1929 2693 2127 2744 summi

548 2763 825 2832 pontiﬁcis
853 2782 977 2821 cum
1004 2768 1122 2833 his,
1150 2786 1271 2839 quae
1306 2772 1591 2829 Anatolius
1630 2775 1746 2844 ipse
1780 2775 2128 2833 Theodoreto

547 2854 842 2910 conciones
868 2857 1106 2914 habente
1132 2860 1434 2917 audivisset
1457 2862 1525 2918 ⁸⁸.

614 2945 679 3000 ll.
723 2945 1078 3004 Observanda
1119 2952 1423 3023 ὁρθοδοξίας
1464 2955 1781 3026 plenissima
1809 2957 2080 3028 professio
2109 2977 2122 3013 :
2154 2995 2194 3050 Ο

551 3056 568 3088 ι
605 3036 735 3103 Quae
755 3055 786 3092 a
809 3041 1014 3096 sanctis
1039 3042 1323 3114 beatisque
1359 3047 1640 3118 prophetis
1672 3058 1729 3103 et
1764 3050 2044 3118 apostolis,
2070 3060 2128 3105 et

540 3127 700 3199 347
733 3129 800 3183 ab
823 3129 913 3195 iis,
943 3131 1034 3201 qui
1064 3140 1187 3202 post
1206 3133 1329 3189 illos
1357 3136 1715 3207 Evangelium
1736 3137 2122 3207 praedicarunt,

541 3232 771 3287 qumque
820 3235 849 3273 a
883 3222 1089 3276 sanctis
1132 3223 1387 3278 Patribus
1415 3225 1607 3280 Nicaea:
1637 3228 1978 3298 congregatis
2015 3236 2125 3284 tra-

542 3307 653 3361 dita
689 3318 835 3373 sunt,
872 3311 1063 3364 eadem
1096 3313 1151 3365 in
1177 3313 1263 3367 his
1285 3314 1486 3368 litteris
1510 3316 1653 3370 nacti
1689 3332 1897 3381 sumus,
1923 3319 2123 3389 quibus

541 3404 598 3451 et
630 3413 733 3452 nos
777 3399 1030 3454 insistere
1065 3402 1408 3469 proﬁtemur,
1445 3415 1501 3459 et
1533 3421 1649 3471 eos,
1679 3407 1773 3475 qui
1812 3408 1880 3462 ab
1910 3409 1996 3464 his
2035 3410 2122 3465 di-

540 3501 701 3541 versa
733 3486 997 3552 sentiunt,
1029 3489 1327 3559 impietatis
1361 3493 1703 3553 damnamus,
1740 3515 1757 3547 ι
1804 3534 1813 3541 η

611 3578 701 3632 lll.
742 3578 847 3633 Sed
890 3579 1293 3637 observandum
1328 3585 1492 3639 etiam
1525 3586 1805 3641 silentium
1839 3590 1907 3645 de
1936 3591 2119 3667 Ephe-

541 3672 659 3725 sina
713 3674 922 3743 synodo
966 3676 1341 3741 oecumenica,
1376 3676 1430 3730 in
1478 3693 1585 3747 qua
1630 3679 1919 3736 Nestorius
1954 3696 2118 3754 atque

538 3760 702 3816 etiam
731 3763 1053 3818 Theodorus
1079 3765 1135 3819 in
1166 3782 1267 3820 suo
1298 3767 1545 3838 symbolo
1576 3768 1865 3826 damnatus
1889 3784 1992 3829 est.

642 3887 884 3960 Epistola
919 3891 1020 3946 1‘22
1062 3892 1280 3964 etpl‘25,
1314 3895 1605 3964 familiares
1641 3900 1711 3954 ad
1752 3900 2009 3959 Uranium

1052 3962 1347 4037 episwpum
1375 3965 1598 4023 Emesw.

607 4069 644 4128 l.
678 4070 882 4126 Scribit
923 4088 955 4128 e
986 4088 1226 4137 secessu,
1257 4075 1312 4131 in
1347 4093 1510 4147 quem
1549 4095 1608 4135 se
1634 4093 1935 4152 receperat,
1973 4084 2113 4156 Cyro

535 4164 726 4232 pulsus
771 4180 785 4217 :
844 4180 1013 4234 quare
1059 4167 1289 4236 epistola
1341 4170 1493 4239 prior
1531 4172 1751 4227 videtur
1798 4174 1923 4230 data
1964 4178 2110 4234 circa

535 4250 698 4307 ﬁnem
725 4254 853 4307 anni
879 4256 1001 4320 449,
1035 4258 1307 4325 posterior
1340 4258 1496 4312 initio
1525 4262 1824 4329 sequentis.

603 4343 669 4398 ll.
716 4343 1064 4400 Observanda
1114 4349 1229 4403 hinc
1269 4351 1592 4418 posterioris
1643 4353 1809 4407 verba
1856 4372 1867 4406 :
1924 4374 1941 4406 ι
1993 4356 2108 4413 Hoc

533 4435 754 4504 quidem
779 4475 793 4499 ,
824 4436 1045 4492 domine
1070 4479 1085 4502 ,
1122 4439 1202 4495 sic
1229 4440 1462 4505 habeto,
1493 4443 1726 4499 aliorum
1760 4460 1848 4499 me
1884 4445 1996 4501 Deo
2019 4447 2106 4501 di-

531 4524 953 4582 lectissimorum
994 4530 1379 4600 episeoporum
1418 4532 1662 4601 eulogias
1690 4533 1756 4586 ad
1797 4550 1883 4589 me
1914 4537 2107 4594 missas

529 4631 642 4682 non
673 4619 947 4688 accepisse
977 4637 989 4674 :
1025 4636 1135 4674 non
1186 4620 1332 4689 quod
1366 4636 1463 4675 eos
1503 4622 1596 4690 qui
1645 4623 1945 4692 miserant,
1975 4643 2106 4683 con-

529 4715 852 4774 temnerem,
892 4711 1065 4765 absit!
1099 4711 1196 4765 sed
1231 4711 1377 4779 quod
1404 4714 1776 4771 necessarium
1801 4718 2004 4773 victum
2034 4721 2102 4776 ab

527 4799 839 4856 eointerea
864 4817 1136 4857 sumerem
1166 4842 1181 4866 ,
1211 4802 1305 4869 qui
1337 4801 1485 4855 hunc
1510 4804 1675 4857 etiam
1717 4809 1897 4863 corvis
1922 4811 2101 4866 abun-

526 4889 723 4945 danter
765 4893 1096 4962 suppeditat.
1142 4891 1283 4960 Erga
1318 4907 1448 4947 vero
1493 4902 1639 4947 tuam
1683 4898 1942 4966 pietatem
1994 4905 2098 4960 tale

523 4975 660 5032 nihil
704 4979 985 5049 egi:vicit
1026 4978 1172 5032 enim
1221 4994 1410 5032 revera
1468 4979 1752 5038 charitatis
1803 4988 1987 5055 ardor,
2043 4993 2097 5045 id

523 5069 661 5139 quod
708 5070 833 5122 mihi
895 5067 1098 5122 tamdiu
1142 5070 1465 5139 propositum
1521 5073 1696 5142 fuerat
1719 5076 1785 5131 ⁸⁷,
1824 5098 1842 5129 ι
1886 5080 1965 5136 Ex
2010 5082 2097 5139 his

519 5161 667 5215 enim
700 5168 934 5225 constat,
962 5160 1367 5217 Theodoretum
1400 5165 1486 5219 vel
1518 5175 1742 5223 exutum
1769 5185 1889 5227 esse
1913 5171 2092 5241 bonis,

518 5267 643 5305 cum
671 5250 814 5321 Cyro
842 5251 1231 5320 expelleretur,
1257 5255 1344 5310 vel
1380 5257 1578 5327 spretis
1599 5260 1819 5329 penitus
1839 5265 2095 5321 omnibus

515 5341 583 5395 ad
611 5348 1003 5398 monasterium
1023 5358 1082 5400 se
1106 5345 1426 5402 contulisse.

2243 409 2535 480 episcopus
2589 413 2692 466 sub
2744 414 3076 470 Damasceno
3130 422 3513 490 metropolita,
3581 422 3840 480 interfuit

2243 500 2464 571 utrique
2489 503 2701 572 judicio
2728 502 2792 559 de
2813 506 2937 560 lba:
2963 508 3091 578 Tyri
3124 525 3344 579 nempe,
3375 528 3568 567 mense
3592 515 3840 571 Februa-

2243 591 2347 658 rio,
2378 604 2433 649 et
2458 594 2661 668 Beryti,
2697 613 2887 652 mense
2913 600 3225 668 Septembri
3252 618 3395 658 anno
3418 605 3539 659 448.
3580 607 3839 665 Interfuit

2241 693 2299 738 et
2329 687 2563 741 concilio
2592 688 3026 745 Chalcedonensi
3056 708 3199 747 anno
3220 695 3344 760 451,
3371 704 3426 749 et
3459 699 3739 767 synodicae
3763 701 3833 755 ad

2244 775 2483 831 Leonem
2519 779 2906 849 imperatorem
2928 781 3255 853 subscripsit
3281 801 3426 842 anno
3449 789 3571 842 458~

2242 916 2484 987 Epistola
2515 919 2649 983 124,
2684 919 2972 989 familiaris
3003 922 3073 977 ad
3112 922 3397 979 Maranam
3435 928 3829 985 scholasticam.

2313 1051 2527 1123 Scripta
2558 1064 2642 1111 est
2673 1072 2703 1111 e
2733 1056 2875 1120 loco,
2904 1056 2957 1111 in
3001 1074 3164 1128 quem
3203 1060 3525 1132 confugerat
3564 1066 3834 1136 expulsus

2239 1142 2400 1214 Cyro,
2425 1152 2481 1199 et
2500 1146 2593 1199 ubi
2628 1148 2782 1202 iratis
2811 1148 3144 1205 adversariis
3177 1151 3481 1219 fruebatur,
3508 1157 3707 1225 procul
3740 1167 3831 1213 tu-

2239 1234 2524 1289 multibus.
2548 1236 2622 1291 De
2649 1237 2865 1292 Marana
2888 1239 3097 1294 dictum
3116 1248 3200 1294 est
3231 1241 3298 1294 ad
3332 1242 3617 1312 epistolam
3647 1244 3741 1300 67.

2240 1374 2484 1445 Epistula
2522 1376 2644 1441 125,
2680 1376 2979 1447 dogmatica
3017 1379 3088 1501 at:
3116 1381 3493 1462 magistratum
3534 1383 3831 1456 Zeugmate

2901 1464 3059 1501 aeren
3088 1466 3161 1501 es.

2900 1464 3161 1519 gerentes.

2308 1579 2348 1633 l.
2392 1578 2622 1650 Scripsit
2669 1580 3054 1637 Theodoretus
3106 1600 3174 1638 ex
3216 1586 3408 1641 eodem
3458 1587 3602 1655 loco,
3653 1589 3825 1660 idque

2166 1660 2209 1715 Β
2237 1670 2365 1725 inde
2391 1680 2624 1736 constat,
2670 1673 2839 1741 quod,
2881 1683 2941 1728 ut
2983 1675 3270 1742 scriberet,
3296 1687 3515 1748 rogatus
3538 1681 3609 1734 sit
3636 1682 3709 1736 ab
3737 1698 3828 1737 ar-

2236 1762 2623 1827 chimandrita,
2653 1766 2745 1833 qui
2772 1765 3064 1837 Zeugmate
3097 1767 3164 1821 ad
3193 1770 3367 1839 ipsum
3396 1782 3622 1827 venerat
3658 1773 3826 1847 longo

2236 1852 2430 1907 itinere
2465 1871 2477 1906 :
2511 1870 2619 1907 non
2671 1854 2865 1910 fuisset
2915 1865 3099 1912 autem
3145 1859 3251 1914 iter
3278 1861 3437 1917 valde
3476 1863 3725 1934 longum,
3773 1867 3825 1921 si

2236 1954 2368 2000 tunc
2415 1945 2540 2017 Cyri
2592 1947 2959 2013 constitisset;
3003 1949 3108 2003 fuit
3142 1966 3312 2016 vero,
3357 1952 3402 2007 si
3448 1970 3623 2026 prope
3680 1958 3828 2028 Apa-

2234 2051 2409 2090 meam
2439 2054 2451 2090 :
2482 2038 2537 2090 in
2575 2038 2842 2093 alterutro
2878 2049 3060 2094 autem
3111 2044 3426 2099 constitisse
3456 2060 3682 2104 necesse
3713 2062 3819 2106 est.

2304 2128 2369 2181 ll.
2396 2126 2748 2183 Observanda
2773 2145 2939 2199 porro
2969 2141 3160 2187 exacta
3184 2133 3454 2204 dogmatis
3477 2137 3545 2192 de
3568 2139 3825 2195 incarna-

2237 2217 2384 2272 tione
2416 2220 2706 2288 expositio,
2729 2220 2832 2274 nisi
2859 2222 3005 2291 quod
3033 2221 3100 2277 de
3124 2223 3313 2278 ἑνώσει
3339 2225 3462 2280 καθ’
3493 2228 3816 2299 ὑπόστασιν,

2235 2325 2331 2366 seu
2363 2316 2586 2384 φυσικῇ,
2616 2323 2780 2367 tacet.

2365 2455 2380 2472 ‘
2411 2452 2654 2519 Epistola
2686 2453 2807 2518 126,
2844 2456 3204 2537 increpatoria
3238 2459 3310 2513 ad
3329 2457 3684 2517 Sabinianum

2867 2540 3189 2598 episcopum.

2301 2657 2343 2711 l.
2369 2657 2494 2712 Htec
2520 2658 2685 2713 etiam
2709 2674 2777 2713 ex
2809 2659 3004 2714 eodem
3029 2661 3152 2716 loco
3178 2662 3306 2719 data
3340 2673 3425 2721 est
3450 2682 3593 2722 anno
3615 2669 3741 2726 450.

2300 2749 2365 2803 ll.
2394 2749 2724 2805 Sabinianus
2764 2766 2888 2805 cum
2914 2752 3238 2809 Perrhensis
3264 2755 3521 2814 Ecclesiae
3545 2758 3730 2815 sedem
3755 2762 3816 2817 in

2230 2839 2505 2910 Ephesina
2536 2841 2779 2895 Dioscori
2812 2843 3021 2913 synodo
3050 2846 3342 2913 amisisset,
3359 2857 3666 2905 tentaverat
3688 2867 3815 2907 eam

2231 2930 2499 2986 redimere
2522 2933 2728 3002 abjecta
2754 2935 2987 3003 quadam
3017 2937 3103 2991 vel
3129 2953 3293 3008 prece
3313 2941 3397 2995 vel
3420 2945 3729 2998 meonomia
3744 2944 3811 2998 ⁸⁸.

2228 3022 2420 3093 Arguit
2450 3032 2749 3079 tentantem
2780 3025 2945 3097 348
2971 3027 3356 3087 Theodoretus
3379 3074 3393 3096 ,
3418 3049 3655 3105 cumque
3680 3052 3812 3095 eum

2228 3113 2533 3170 induxisset
2556 3116 2833 3174 dicentem
2867 3137 2879 3174 :
2914 3140 2933 3172 ι
2966 3120 3107 3187 Quid
3137 3122 3306 3193 igitur
3332 3125 3479 3181 facto
3515 3142 3656 3198 opus
3699 3140 3808 3196 est,

2228 3203 2297 3258 iis
2318 3205 2412 3273 qui
2453 3205 2554 3260 ista
2578 3206 2964 3264 detestantur?
2995 3231 3013 3263 ι
3052 3213 3326 3284 (dogmata
3355 3216 3565 3272 scilicet
3593 3217 3661 3272 de
3700 3235 3813 3274 una

2226 3304 2421 3352 natura
2457 3306 2514 3351 et
2546 3298 2658 3353 Deo
2698 3302 2912 3374 passo);
2954 3305 3250 3374 respondet
3287 3308 3655 3376 praestandum
3684 3325 3811 3366 esse

2232 3405 2250 3437 ε
2287 3387 2518 3443 duorum
2572 3391 2805 3446 alterum
2842 3411 2855 3447 :
2885 3410 3103 3464 nempe,
3135 3405 3197 3451 ut
3234 3405 3330 3452 aut
3370 3400 3555 3468 potius
3584 3415 3808 3456 manum

2222 3487 2534 3542 conserant,
2577 3487 2633 3548 et
2683 3480 2998 3552 dogmatum
3044 3485 3339 3541 falsitatem
3387 3488 3662 3555 refellant,
3709 3501 3811 3546 aut

2220 3568 2432 3639 fugiant
2456 3580 2716 3639 tanquam
2747 3584 2937 3643 aperte
2961 3575 3255 3646 impiorum
3276 3580 3746 3638 communionem.
3778 3601 3798 3634 ι

2290 3658 2378 3713 lll.
2413 3660 2715 3727 Sabiniani,
2741 3672 3030 3734 postquam
3055 3666 3192 3721 dixit
3211 3669 3500 3724 anathema
3524 3670 3800 3739 Nestor-io,

2219 3764 2383 3806 causa
2404 3751 2669 3806 adversus
2697 3754 3058 3811 Athanasium
3092 3757 3161 3813 de
3183 3759 3312 3814 sede
3342 3760 3668 3817 Perrhensis
3690 3761 3804 3818 Ec—

2217 3841 2396 3896 clesiae
2433 3859 2533 3912 per
2561 3851 2732 3897 totam
2778 3844 3046 3902 decimam
3083 3859 3336 3919 quartam
3372 3852 3594 3908 concilii
3630 3852 3800 3909 Chal-

2216 3931 2541 3987 cedonensis
2567 3936 2837 3990 actionem
2863 3938 3066 4007 agitata
3095 3949 3199 3995 est.
3399 4010 3413 4036 ›

2215 4069 2455 4142 Epistula
2502 4073 2622 4137 127,
2662 4073 3019 4155 gratulatoria
3062 4077 3387 4155 a_d_Jobium
3436 4082 3796 4155 presbyterum

2712 4152 2759 4196 et
2793 4147 3288 4203 archimandritam.

2280 4276 2320 4330 ι.
2371 4275 2687 4332 Gratulatur
2714 4279 2872 4335 Jobio
2912 4281 2980 4335 de
3023 4298 3288 4353 generosa
3329 4285 3570 4354 pietatis,
3597 4288 3654 4342 id
3681 4298 3789 4355 est,

2212 4364 2445 4419 duarum
2471 4376 2791 4422 naturarum
2826 4369 3167 4429 defensione.

2280 4456 2346 4511 ll.
2377 4457 2511 4523 Quis
2537 4458 2703 4513 fuerit
2743 4476 2911 4516 senex
2944 4463 3063 4528 ille,
3104 4474 3161 4520 et
3205 4466 3294 4521 cui
3331 4469 3574 4525 mandra:
3601 4469 3790 4540 praefe—

2211 4553 2353 4613 ctus,
2392 4548 2663 4604 incertum
2692 4552 2826 4609 mibi
2864 4563 2984 4609 est:
3013 4571 3192 4627 neque
3220 4560 3369 4614 enim
3398 4561 3540 4615 ratio
3572 4571 3788 4631 tempo-

2211 4653 2331 4694 rum
2360 4638 2509 4704 sinit,
2549 4652 2607 4697 ut
2638 4643 2856 4699 dicatur
2893 4662 3013 4703 esse
3050 4650 3246 4705 Jobius
3273 4652 3387 4716 ille,
3416 4669 3580 4723 quem
3604 4654 3791 4712 laudat

2208 4724 2456 4791 Photius,
2504 4729 2777 4800 traditque
2816 4733 3079 4793 adversus
3110 4736 3377 4795 Severum
3422 4742 3492 4796 de
3535 4738 3789 4801 inﬁma.

2206 4819 2356 4873 tione
2379 4822 2686 4891 scripsisse.

2274 4911 2363 4965 lll.
2410 4912 2542 4967 Data
2586 4921 2672 4967 est
2722 4916 2953 4985 epistola
3002 4928 3128 4976 ante
3168 4922 3522 4989 latrocinium
3553 4924 3786 4994 Ephesi.

2202 5013 2357 5064 num,
2384 5015 2494 5068 quo
2530 5009 2774 5072 tempore
2814 5003 3165 5064 detinebatur
3198 5011 3344 5084 Cyri.
3386 5032 3404 5064 ι
3439 5012 3783 5083 Amplexari,

2198 5088 2410 5158 inquit,
2438 5092 2965 5152 venerandissimam
3013 5101 3272 5156 canitiem
3308 5111 3487 5168 tuam,
3515 5104 3616 5159 sed
3653 5104 3785 5174 quia

2197 5179 2301 5235 hoc
2335 5181 2516 5237 facere
2551 5200 2762 5253 nequeo
2786 5226 2800 5253 ,
2829 5204 2896 5243 eo
2935 5192 3082 5260 quod
3123 5195 3386 5265 pietatem
3428 5205 3580 5252 tuam
3631 5197 3785 5251 domi

2195 5282 2450 5327 senectus
2501 5276 2737 5344 retinet;
2790 5294 2877 5335 me
2927 5297 3061 5337 vero
3121 5284 3209 5340 lex
3271 5286 3420 5357 regia
3472 5288 3563 5344 hic
3627 5301 3786 5343 coer-

2195 5369 2304 5425 cet,
2338 5380 2354 5410 ι
2387 5371 2495 5417 etc.

3472 5420 3509 5435 ς

1844 5467 2154 5525 SCHULZII
2197 5471 2426 5528 NOTAE}.

416 5578 423 5581 _
512 5541 632 5667 is;
657 5542 779 5599 Via,
829 5562 1010 5619 supra,
1047 5568 1167 5624 pag,
1215 5553 1337 5612 188,
1413 5558 1459 5589 ⁸⁷
1482 5557 1582 5613 Ed.
1620 5560 1791 5628 prior,
1824 5560 1878 5613 id
1936 5562 2073 5630 quod
2113 5565 2236 5618 mihi
2274 5568 2594 5641 propositum
2635 5577 2848 5629 tandem
2888 5577 3084 5645 fuerat.
3163 5579 3207 5611 ³⁸
3254 5580 3377 5637 Vid.
3426 5597 3620 5660 supra,
3654 5600 3780 5663 pag.
