  <div class='ocr_page' id='page_1' title='image "/cluster/home/n/w/nwhite01/storage/ocr_20150623/84/pst.000005712830/156.png"; bbox 0 0 3952 6294; ppageno 0'>
   <div class='ocr_carea' id='block_1_1' title="bbox 200 280 305 344">
    <p class='ocr_par' dir='ltr' id='par_1_1' title="bbox 200 280 305 344">
     <span class='ocr_line' id='line_1_1' title="bbox 200 280 305 344; baseline -0.019 0"><span class='ocrx_word' id='word_1_1' title='bbox 200 280 305 344; x_wconf 74' lang='lat'><strong>297</strong></span> 
     </span>
    </p>
   </div>
   <div class='ocr_carea' id='block_1_2' title="bbox 1380 258 2313 330">
    <p class='ocr_par' dir='ltr' id='par_1_2' title="bbox 1380 258 2313 330">
     <span class='ocr_line' id='line_1_2' title="bbox 1380 258 2313 330; baseline -0.015 0"><span class='ocrx_word' id='word_1_2' title='bbox 1380 269 1478 330; x_wconf 83' lang='lat' dir='ltr'><strong>DE</strong></span> <span class='ocrx_word' id='word_1_3' title='bbox 1517 262 1770 326; x_wconf 74' lang='lat' dir='ltr'><strong>LIBRIS</strong></span> <span class='ocrx_word' id='word_1_4' title='bbox 1805 258 2313 320; x_wconf 79' lang='lat' dir='ltr'><strong>THEODORETI.</strong></span> 
     </span>
    </p>
   </div>
   <div class='ocr_carea' id='block_1_3' title="bbox 3357 259 3465 323">
    <p class='ocr_par' dir='ltr' id='par_1_3' title="bbox 3357 259 3465 323">
     <span class='ocr_line' id='line_1_3' title="bbox 3357 259 3465 323; baseline 0.009 -1"><span class='ocrx_word' id='word_1_5' title='bbox 3357 259 3465 323; x_wconf 73' lang='lat'><strong>998</strong></span> 
     </span>
    </p>
   </div>
   <div class='ocr_carea' id='block_1_4' title="bbox 213 367 3468 470">
    <p class='ocr_par' dir='ltr' id='par_1_4' title="bbox 213 367 3468 470">
     <span class='ocr_line' id='line_1_4' title="bbox 213 367 3468 470; baseline -0.009 -17"><span class='ocrx_word' id='word_1_6' title='bbox 213 395 452 470; x_wconf 67' lang='lat' dir='ltr'><strong>Epistolis</strong></span> <span class='ocrx_word' id='word_1_7' title='bbox 493 394 627 458; x_wconf 68' lang='lat' dir='ltr'><strong>HS,</strong></span> <span class='ocrx_word' id='word_1_8' title='bbox 656 391 950 470; x_wconf 58' lang='lat' dir='ltr'><strong>senatoria</strong></span> <span class='ocrx_word' id='word_1_9' title='bbox 994 389 1064 443; x_wconf 78' lang='lat' dir='ltr'><strong>ad</strong></span> <span class='ocrx_word' id='word_1_10' title='bbox 1089 387 1392 470; x_wconf 39' lang='lat' dir='ltr'><strong>ICandidum</strong></span> <span class='ocrx_word' id='word_1_11' title='bbox 1437 379 1795 454; x_wconf 71' lang='lat' dir='ltr'><strong>presbyterum</strong></span> <span class='ocrx_word' id='word_1_12' title='bbox 1826 375 1864 432; x_wconf 80' lang='grc' dir='ltr'><strong>Α</strong></span> <span class='ocrx_word' id='word_1_13' title='bbox 1896 383 2142 470; x_wconf 62' lang='lat' dir='ltr'><strong>suorum</strong></span> <span class='ocrx_word' id='word_1_14' title='bbox 2174 367 2472 470; x_wconf 74' lang='lat' dir='ltr'><strong>sententias</strong></span> <span class='ocrx_word' id='word_1_15' title='bbox 2499 381 2592 423; x_wconf 81' lang='lat' dir='ltr'><strong>eas</strong></span> <span class='ocrx_word' id='word_1_16' title='bbox 2639 367 2784 438; x_wconf 85' lang='lat' dir='ltr'><strong>ipsas</strong></span> <span class='ocrx_word' id='word_1_17' title='bbox 2823 381 2962 430; x_wconf 81' lang='lat' dir='ltr'><strong>esse,</strong></span> <span class='ocrx_word' id='word_1_18' title='bbox 2991 381 3111 438; x_wconf 69' lang='lat' dir='ltr'><strong>qua:</strong></span> <span class='ocrx_word' id='word_1_19' title='bbox 3152 375 3206 422; x_wconf 88' lang='lat' dir='ltr'><strong>et</strong></span> <span class='ocrx_word' id='word_1_20' title='bbox 3227 374 3468 428; x_wconf 78' lang='lat' dir='ltr'><strong>secundo</strong></span> 
     </span>
    </p>
   </div>
   <div class='ocr_carea' id='block_1_5' title="bbox 703 460 1283 516">
    <p class='ocr_par' dir='ltr' id='par_1_5' title="bbox 703 460 1283 516">
     <span class='ocr_line' id='line_1_5' title="bbox 703 460 1283 516; baseline -0.014 0"><span class='ocrx_word' id='word_1_21' title='bbox 703 471 753 516; x_wconf 86' lang='lat' dir='ltr'><strong>et</strong></span> <span class='ocrx_word' id='word_1_22' title='bbox 785 460 1283 516; x_wconf 84' lang='lat' dir='ltr'><strong>archimandritam.</strong></span> 
     </span>
    </p>
   </div>
   <div class='ocr_carea' id='block_1_6' title="bbox 281 562 1790 649">
    <p class='ocr_par' dir='ltr' id='par_1_6' title="bbox 281 562 1790 649">
     <span class='ocr_line' id='line_1_6' title="bbox 281 562 1790 649; baseline -0.015 -11"><span class='ocrx_word' id='word_1_23' title='bbox 281 582 558 638; x_wconf 72' lang='lat' dir='ltr'><strong>Videntur</strong></span> <span class='ocrx_word' id='word_1_24' title='bbox 598 578 770 649; x_wconf 78' lang='lat' dir='ltr'><strong>magis</strong></span> <span class='ocrx_word' id='word_1_25' title='bbox 811 574 1044 632; x_wconf 84' lang='lat' dir='ltr'><strong>indicari</strong></span> <span class='ocrx_word' id='word_1_26' title='bbox 1090 582 1336 643; x_wconf 78' lang='lat' dir='ltr'><strong>tempora</strong></span> <span class='ocrx_word' id='word_1_27' title='bbox 1376 567 1558 638; x_wconf 81' lang='lat' dir='ltr'><strong>priora</strong></span> <span class='ocrx_word' id='word_1_28' title='bbox 1583 562 1790 635; x_wconf 82' lang='lat' dir='ltr'><strong>synodo</strong></span> 
     </span>
    </p>
   </div>
   <div class='ocr_carea' id='block_1_7' title="bbox 212 653 1794 739">
    <p class='ocr_par' dir='ltr' id='par_1_7' title="bbox 212 653 1794 739">
     <span class='ocr_line' id='line_1_7' title="bbox 212 653 1794 739; baseline -0.017 -5"><span class='ocrx_word' id='word_1_29' title='bbox 212 672 680 736; x_wconf 78' lang='lat' dir='ltr'><strong>Chalcedonensi.</strong></span> <span class='ocrx_word' id='word_1_30' title='bbox 707 684 872 739; x_wconf 87' lang='lat' dir='ltr'><strong>quam</strong></span> <span class='ocrx_word' id='word_1_31' title='bbox 913 663 1324 736; x_wconf 70' lang='lat' dir='ltr'><strong>consequentia.</strong></span> <span class='ocrx_word' id='word_1_32' title='bbox 1349 659 1486 726; x_wconf 81' lang='lat' dir='ltr'><strong>Quis</strong></span> <span class='ocrx_word' id='word_1_33' title='bbox 1526 657 1616 711; x_wconf 92' lang='lat' dir='ltr'><strong>ille</strong></span> <span class='ocrx_word' id='word_1_34' title='bbox 1651 653 1794 708; x_wconf 86' lang='lat' dir='ltr'><strong>Can-</strong></span> 
     </span>
    </p>
   </div>
   <div class='ocr_carea' id='block_1_8' title="bbox 215 747 1794 830">
    <p class='ocr_par' dir='ltr' id='par_1_8' title="bbox 215 747 1794 830">
     <span class='ocr_line' id='line_1_8' title="bbox 215 747 1794 830; baseline -0.014 -11"><span class='ocrx_word' id='word_1_35' title='bbox 215 763 379 818; x_wconf 80' lang='lat' dir='ltr'><strong>didus</strong></span> <span class='ocrx_word' id='word_1_36' title='bbox 405 761 609 824; x_wconf 86' lang='lat' dir='ltr'><strong>fuerit,</strong></span> <span class='ocrx_word' id='word_1_37' title='bbox 636 760 881 830; x_wconf 84' lang='lat' dir='ltr'><strong>ignotum</strong></span> <span class='ocrx_word' id='word_1_38' title='bbox 904 768 990 812; x_wconf 87' lang='lat' dir='ltr'><strong>est</strong></span> <span class='ocrx_word' id='word_1_39' title='bbox 1015 774 1028 809; x_wconf 88' lang='lat'><strong>:</strong></span> <span class='ocrx_word' id='word_1_40' title='bbox 1053 757 1203 809; x_wconf 87' lang='lat' dir='ltr'><strong>hunc</strong></span> <span class='ocrx_word' id='word_1_41' title='bbox 1237 753 1490 806; x_wconf 79' lang='lat' dir='ltr'><strong>hortatur</strong></span> <span class='ocrx_word' id='word_1_42' title='bbox 1520 747 1590 801; x_wconf 88' lang='lat' dir='ltr'><strong>ad</strong></span> <span class='ocrx_word' id='word_1_43' title='bbox 1632 761 1794 800; x_wconf 85' lang='lat' dir='ltr'><strong>oran-</strong></span> 
     </span>
    </p>
   </div>
   <div class='ocr_carea' id='block_1_9' title="bbox 215 841 1529 923">
    <p class='ocr_par' dir='ltr' id='par_1_9' title="bbox 215 841 1529 923">
     <span class='ocr_line' id='line_1_9' title="bbox 215 841 1529 923; baseline -0.013 -13"><span class='ocrx_word' id='word_1_44' title='bbox 215 855 343 909; x_wconf 85' lang='lat' dir='ltr'><strong>dum</strong></span> <span class='ocrx_word' id='word_1_45' title='bbox 368 867 472 923; x_wconf 85' lang='lat' dir='ltr'><strong>pro</strong></span> <span class='ocrx_word' id='word_1_46' title='bbox 496 849 718 922; x_wconf 82' lang='lat' dir='ltr'><strong>pietatis</strong></span> <span class='ocrx_word' id='word_1_47' title='bbox 744 847 1151 910; x_wconf 76' lang='lat' dir='ltr'><strong>defensoribus,</strong></span> <span class='ocrx_word' id='word_1_48' title='bbox 1179 844 1234 899; x_wconf 88' lang='lat' dir='ltr'><strong>id</strong></span> <span class='ocrx_word' id='word_1_49' title='bbox 1263 852 1369 907; x_wconf 87' lang='lat' dir='ltr'><strong>est,</strong></span> <span class='ocrx_word' id='word_1_50' title='bbox 1395 841 1529 896; x_wconf 88' lang='lat' dir='ltr'><strong>suis.</strong></span> 
     </span>
    </p>
   </div>
   <div class='ocr_carea' id='block_1_10' title="bbox 215 951 1792 1036">
    <p class='ocr_par' dir='ltr' id='par_1_10' title="bbox 215 951 1792 1036">
     <span class='ocr_line' id='line_1_10' title="bbox 215 951 1792 1036; baseline -0.012 -15"><span class='ocrx_word' id='word_1_51' title='bbox 215 963 457 1036; x_wconf 76' lang='lat' dir='ltr'><strong>Epistola</strong></span> <span class='ocrx_word' id='word_1_52' title='bbox 503 957 1040 1036; x_wconf 71' lang='lat' dir='ltr'><strong>129,_e:thortatoria</strong></span> <span class='ocrx_word' id='word_1_53' title='bbox 1078 957 1148 1036; x_wconf 68' lang='lat' dir='ltr'><strong>ad</strong></span> <span class='ocrx_word' id='word_1_54' title='bbox 1186 955 1440 1036; x_wconf 63' lang='lat' dir='ltr'><strong>Magnum</strong></span> <span class='ocrx_word' id='word_1_55' title='bbox 1468 951 1792 1006; x_wconf 78' lang='lat' dir='ltr'><strong>Antoninum</strong></span> 
     </span>
    </p>
   </div>
   <div class='ocr_carea' id='block_1_11' title="bbox 525 1026 1488 1102">
    <p class='ocr_par' dir='ltr' id='par_1_11' title="bbox 525 1026 1488 1102">
     <span class='ocr_line' id='line_1_11' title="bbox 525 1026 1488 1102; baseline -0.01 -16"><span class='ocrx_word' id='word_1_56' title='bbox 525 1030 886 1102; x_wconf 74' lang='lat' dir='ltr'><strong>presbyterum</strong></span> <span class='ocrx_word' id='word_1_57' title='bbox 915 1037 963 1083; x_wconf 77' lang='lat' dir='ltr'><strong>et</strong></span> <span class='ocrx_word' id='word_1_58' title='bbox 995 1026 1488 1082; x_wconf 80' lang='lat' dir='ltr'><strong>archimandritam.</strong></span> 
     </span>
    </p>
   </div>
   <div class='ocr_carea' id='block_1_12' title="bbox 279 1132 1793 1210">
    <p class='ocr_par' dir='ltr' id='par_1_12' title="bbox 279 1132 1793 1210">
     <span class='ocr_line' id='line_1_12' title="bbox 279 1132 1793 1210; baseline -0.011 -8"><span class='ocrx_word' id='word_1_59' title='bbox 279 1147 324 1203; x_wconf 92' lang='lat' dir='ltr'><strong>I.</strong></span> <span class='ocrx_word' id='word_1_60' title='bbox 355 1146 507 1202; x_wconf 89' lang='lat' dir='ltr'><strong>Idem</strong></span> <span class='ocrx_word' id='word_1_61' title='bbox 533 1143 821 1199; x_wconf 87' lang='lat' dir='ltr'><strong>ferendum</strong></span> <span class='ocrx_word' id='word_1_62' title='bbox 855 1141 922 1196; x_wconf 90' lang='lat' dir='ltr'><strong>de</strong></span> <span class='ocrx_word' id='word_1_63' title='bbox 953 1141 1057 1196; x_wconf 84' lang='lat' dir='ltr'><strong>hac</strong></span> <span class='ocrx_word' id='word_1_64' title='bbox 1081 1137 1370 1210; x_wconf 72' lang='lat' dir='ltr'><strong>judicium,</strong></span> <span class='ocrx_word' id='word_1_65' title='bbox 1405 1149 1469 1189; x_wconf 88' lang='lat' dir='ltr'><strong>ac</strong></span> <span class='ocrx_word' id='word_1_66' title='bbox 1490 1132 1559 1188; x_wconf 89' lang='lat' dir='ltr'><strong>de</strong></span> <span class='ocrx_word' id='word_1_67' title='bbox 1589 1146 1793 1202; x_wconf 80' lang='lat' dir='ltr'><strong>praece-</strong></span> 
     </span>
    </p>
   </div>
   <div class='ocr_carea' id='block_1_13' title="bbox 213 1228 1794 1303">
    <p class='ocr_par' dir='ltr' id='par_1_13' title="bbox 213 1228 1794 1303">
     <span class='ocr_line' id='line_1_13' title="bbox 213 1228 1794 1303; baseline -0.013 -5"><span class='ocrx_word' id='word_1_68' title='bbox 213 1243 401 1299; x_wconf 83' lang='lat' dir='ltr'><strong>dente.</strong></span> <span class='ocrx_word' id='word_1_69' title='bbox 435 1238 851 1296; x_wconf 74' lang='lat' dir='ltr'><strong>Observandum</strong></span> <span class='ocrx_word' id='word_1_70' title='bbox 873 1251 1028 1299; x_wconf 88' lang='lat' dir='ltr'><strong>vero,</strong></span> <span class='ocrx_word' id='word_1_71' title='bbox 1064 1240 1270 1303; x_wconf 84' lang='lat' dir='ltr'><strong>quanta</strong></span> <span class='ocrx_word' id='word_1_72' title='bbox 1292 1228 1573 1300; x_wconf 78' lang='lat' dir='ltr'><strong>diligentia</strong></span> <span class='ocrx_word' id='word_1_73' title='bbox 1601 1240 1794 1279; x_wconf 88' lang='lat' dir='ltr'><strong>mona-</strong></span> 
     </span>
    </p>
   </div>
   <div class='ocr_carea' id='block_1_14' title="bbox 215 1320 1794 1392">
    <p class='ocr_par' dir='ltr' id='par_1_14' title="bbox 215 1320 1794 1392">
     <span class='ocr_line' id='line_1_14' title="bbox 215 1320 1794 1392; baseline -0.015 -1"><span class='ocrx_word' id='word_1_74' title='bbox 215 1334 511 1392; x_wconf 86' lang='lat' dir='ltr'><strong>steriorum</strong></span> <span class='ocrx_word' id='word_1_75' title='bbox 557 1329 857 1385; x_wconf 85' lang='lat' dir='ltr'><strong>amicitiam</strong></span> <span class='ocrx_word' id='word_1_76' title='bbox 897 1325 1280 1380; x_wconf 84' lang='lat' dir='ltr'><strong>Theodoretus</strong></span> <span class='ocrx_word' id='word_1_77' title='bbox 1316 1320 1555 1383; x_wconf 77' lang='lat' dir='ltr'><strong>foveret;</strong></span> <span class='ocrx_word' id='word_1_78' title='bbox 1589 1323 1794 1386; x_wconf 88' lang='lat' dir='ltr'><strong>quanta</strong></span> 
     </span>
    </p>
   </div>
   <div class='ocr_carea' id='block_1_15' title="bbox 215 1417 1375 1480">
    <p class='ocr_par' dir='ltr' id='par_1_15' title="bbox 215 1417 1375 1480">
     <span class='ocr_line' id='line_1_15' title="bbox 215 1417 1375 1480; baseline -0.012 0"><span class='ocrx_word' id='word_1_79' title='bbox 215 1425 462 1480; x_wconf 77' lang='lat' dir='ltr'><strong>vicissim</strong></span> <span class='ocrx_word' id='word_1_80' title='bbox 497 1422 566 1476; x_wconf 87' lang='lat' dir='ltr'><strong>ab</strong></span> <span class='ocrx_word' id='word_1_81' title='bbox 604 1421 674 1474; x_wconf 89' lang='lat' dir='ltr'><strong>iis</strong></span> <span class='ocrx_word' id='word_1_82' title='bbox 698 1417 1048 1474; x_wconf 81' lang='lat' dir='ltr'><strong>observantia</strong></span> <span class='ocrx_word' id='word_1_83' title='bbox 1071 1417 1375 1473; x_wconf 86' lang='lat' dir='ltr'><strong>coleretur.</strong></span> 
     </span>
    </p>
   </div>
   <div class='ocr_carea' id='block_1_16' title="bbox 287 1497 1795 1579">
    <p class='ocr_par' dir='ltr' id='par_1_16' title="bbox 287 1497 1795 1579">
     <span class='ocr_line' id='line_1_16' title="bbox 287 1497 1795 1579; baseline -0.013 -11"><span class='ocrx_word' id='word_1_84' title='bbox 287 1515 352 1570; x_wconf 90' lang='lat' dir='ltr'><strong>II.</strong></span> <span class='ocrx_word' id='word_1_85' title='bbox 395 1513 519 1568; x_wconf 86' lang='lat' dir='ltr'><strong>Fuit</strong></span> <span class='ocrx_word' id='word_1_86' title='bbox 559 1511 646 1565; x_wconf 85' lang='lat' dir='ltr'><strong>his</strong></span> <span class='ocrx_word' id='word_1_87' title='bbox 673 1509 1017 1579; x_wconf 77' lang='lat' dir='ltr'><strong>temporibus</strong></span> <span class='ocrx_word' id='word_1_88' title='bbox 1043 1505 1279 1562; x_wconf 85' lang='lat' dir='ltr'><strong>celebris</strong></span> <span class='ocrx_word' id='word_1_89' title='bbox 1313 1501 1536 1572; x_wconf 86' lang='lat' dir='ltr'><strong>quidam</strong></span> <span class='ocrx_word' id='word_1_90' title='bbox 1561 1497 1795 1553; x_wconf 81' lang='lat' dir='ltr'><strong>Antoni-</strong></span> 
     </span>
    </p>
   </div>
   <div class='ocr_carea' id='block_1_17' title="bbox 217 1589 1798 1676">
    <p class='ocr_par' dir='ltr' id='par_1_17' title="bbox 217 1589 1798 1676">
     <span class='ocr_line' id='line_1_17' title="bbox 217 1589 1798 1676; baseline -0.014 -14"><span class='ocrx_word' id='word_1_91' title='bbox 217 1622 344 1672; x_wconf 87' lang='lat' dir='ltr'><strong>nus,</strong></span> <span class='ocrx_word' id='word_1_92' title='bbox 379 1607 536 1676; x_wconf 84' lang='lat' dir='ltr'><strong>cujus</strong></span> <span class='ocrx_word' id='word_1_93' title='bbox 561 1603 809 1658; x_wconf 86' lang='lat' dir='ltr'><strong>meminit</strong></span> <span class='ocrx_word' id='word_1_94' title='bbox 833 1609 1089 1670; x_wconf 77' lang='lat' dir='ltr'><strong>tanquam</strong></span> <span class='ocrx_word' id='word_1_95' title='bbox 1115 1594 1431 1651; x_wconf 87' lang='lat' dir='ltr'><strong>exsistentis</strong></span> <span class='ocrx_word' id='word_1_96' title='bbox 1471 1591 1613 1645; x_wconf 88' lang='lat' dir='ltr'><strong>inter</strong></span> <span class='ocrx_word' id='word_1_97' title='bbox 1643 1589 1798 1643; x_wconf 85' lang='lat' dir='ltr'><strong>vivos</strong></span> 
     </span>
    </p>
   </div>
   <div class='ocr_carea' id='block_1_18' title="bbox 1891 457 3469 530">
    <p class='ocr_par' dir='ltr' id='par_1_18' title="bbox 1891 457 3469 530">
     <span class='ocr_line' id='line_1_18' title="bbox 1891 457 3469 530; baseline 0 -16"><span class='ocrx_word' id='word_1_98' title='bbox 1891 460 2160 514; x_wconf 65' lang='lat' dir='ltr'><strong>Eranista:</strong></span> <span class='ocrx_word' id='word_1_99' title='bbox 2185 459 2422 530; x_wconf 77' lang='lat' dir='ltr'><strong>dialogo,</strong></span> <span class='ocrx_word' id='word_1_100' title='bbox 2449 468 2506 516; x_wconf 88' lang='lat' dir='ltr'><strong>et</strong></span> <span class='ocrx_word' id='word_1_101' title='bbox 2528 458 2728 514; x_wconf 85' lang='lat' dir='ltr'><strong>litteris</strong></span> <span class='ocrx_word' id='word_1_102' title='bbox 2748 458 2921 514; x_wconf 88' lang='lat' dir='ltr'><strong>sancti</strong></span> <span class='ocrx_word' id='word_1_103' title='bbox 2943 457 3143 512; x_wconf 89' lang='lat' dir='ltr'><strong>Leonis</strong></span> <span class='ocrx_word' id='word_1_104' title='bbox 3165 458 3469 528; x_wconf 66' lang='lat' dir='ltr'><strong>subiuncta)</strong></span> 
     </span>
    </p>
   </div>
   <div class='ocr_carea' id='block_1_19' title="bbox 1891 563 2041 610">
    <p class='ocr_par' dir='ltr' id='par_1_19' title="bbox 1891 563 2041 610">
     <span class='ocr_line' id='line_1_19' title="bbox 1891 563 2041 610; baseline -0.013 0"><span class='ocrx_word' id='word_1_105' title='bbox 1891 563 2041 610; x_wconf 81' lang='lat' dir='ltr'><strong>sunt.</strong></span> 
     </span>
    </p>
   </div>
   <div class='ocr_carea' id='block_1_20' title="bbox 1892 661 3469 736">
    <p class='ocr_par' dir='ltr' id='par_1_20' title="bbox 1892 661 3469 736">
     <span class='ocr_line' id='line_1_20' title="bbox 1892 661 3469 736; baseline -0.003 -16"><span class='ocrx_word' id='word_1_106' title='bbox 1892 665 2136 736; x_wconf 77' lang='lat' dir='ltr'><strong>Epistola</strong></span> <span class='ocrx_word' id='word_1_107' title='bbox 2169 665 2262 718; x_wconf 72' lang='grc'><strong>151</strong></span> <span class='ocrx_word' id='word_1_108' title='bbox 2293 705 2308 729; x_wconf 95' lang='grc'><strong>,</strong></span> <span class='ocrx_word' id='word_1_109' title='bbox 2338 663 2698 736; x_wconf 61' lang='lat' dir='ltr'><strong>eucharisticq</strong></span> <span class='ocrx_word' id='word_1_110' title='bbox 2715 663 2785 736; x_wconf 72' lang='lat' dir='ltr'><strong>ad</strong></span> <span class='ocrx_word' id='word_1_111' title='bbox 2827 661 3132 736; x_wconf 76' lang='lat' dir='ltr'><strong>Longinum</strong></span> <span class='ocrx_word' id='word_1_112' title='bbox 3170 665 3469 718; x_wconf 55' lang='lat' dir='ltr'><strong>ara/timuit.</strong></span> 
     </span>
    </p>
   </div>
   <div class='ocr_carea' id='block_1_21' title="bbox 2421 733 2923 788">
    <p class='ocr_par' dir='ltr' id='par_1_21' title="bbox 2421 733 2923 788">
     <span class='ocr_line' id='line_1_21' title="bbox 2421 733 2923 788; baseline -0.004 -1"><span class='ocrx_word' id='word_1_113' title='bbox 2421 735 2621 788; x_wconf 85' lang='lat' dir='ltr'><strong>dritam</strong></span> <span class='ocrx_word' id='word_1_114' title='bbox 2661 733 2923 786; x_wconf 84' lang='lat' dir='ltr'><strong>Doliches.</strong></span> 
     </span>
    </p>
   </div>
   <div class='ocr_carea' id='block_1_22' title="bbox 1966 843 3469 916">
    <p class='ocr_par' dir='ltr' id='par_1_22' title="bbox 1966 843 3469 916">
     <span class='ocr_line' id='line_1_22' title="bbox 1966 843 3469 916; baseline -0.001 -12"><span class='ocrx_word' id='word_1_115' title='bbox 1966 849 2006 904; x_wconf 94' lang='lat' dir='ltr'><strong>l.</strong></span> <span class='ocrx_word' id='word_1_116' title='bbox 2049 849 2211 904; x_wconf 89' lang='lat' dir='ltr'><strong>Missa</strong></span> <span class='ocrx_word' id='word_1_117' title='bbox 2240 856 2326 904; x_wconf 91' lang='lat' dir='ltr'><strong>est</strong></span> <span class='ocrx_word' id='word_1_118' title='bbox 2363 862 2489 903; x_wconf 90' lang='lat' dir='ltr'><strong>cum</strong></span> <span class='ocrx_word' id='word_1_119' title='bbox 2535 845 2839 916; x_wconf 86' lang='lat' dir='ltr'><strong>superiore,</strong></span> <span class='ocrx_word' id='word_1_120' title='bbox 2879 858 2948 898; x_wconf 86' lang='lat' dir='ltr'><strong>ex</strong></span> <span class='ocrx_word' id='word_1_121' title='bbox 2977 843 3172 898; x_wconf 87' lang='lat' dir='ltr'><strong>eodem</strong></span> <span class='ocrx_word' id='word_1_122' title='bbox 3212 845 3354 911; x_wconf 86' lang='lat' dir='ltr'><strong>loco,</strong></span> <span class='ocrx_word' id='word_1_123' title='bbox 3401 847 3469 901; x_wconf 88' lang='lat' dir='ltr'><strong>ad</strong></span> 
     </span>
    </p>
   </div>
   <div class='ocr_carea' id='block_1_23' title="bbox 1893 939 2468 996">
    <p class='ocr_par' dir='ltr' id='par_1_23' title="bbox 1893 939 2468 996">
     <span class='ocr_line' id='line_1_23' title="bbox 1893 939 2468 996; baseline -0.007 0"><span class='ocrx_word' id='word_1_124' title='bbox 1893 939 2144 996; x_wconf 80' lang='lat' dir='ltr'><strong>eamdem</strong></span> <span class='ocrx_word' id='word_1_125' title='bbox 2165 939 2468 994; x_wconf 86' lang='lat' dir='ltr'><strong>civitatem.</strong></span> 
     </span>
    </p>
   </div>
   <div class='ocr_carea' id='block_1_24' title="bbox 1966 1031 3470 1103">
    <p class='ocr_par' dir='ltr' id='par_1_24' title="bbox 1966 1031 3470 1103">
     <span class='ocr_line' id='line_1_24' title="bbox 1966 1031 3470 1103; baseline 0.002 -17"><span class='ocrx_word' id='word_1_126' title='bbox 1966 1033 2030 1086; x_wconf 88' lang='lat' dir='ltr'><strong>Il.</strong></span> <span class='ocrx_word' id='word_1_127' title='bbox 2079 1033 2154 1086; x_wconf 91' lang='lat' dir='ltr'><strong>De</strong></span> <span class='ocrx_word' id='word_1_128' title='bbox 2207 1032 2456 1103; x_wconf 81' lang='lat' dir='ltr'><strong>Longino</strong></span> <span class='ocrx_word' id='word_1_129' title='bbox 2509 1032 2644 1086; x_wconf 88' lang='lat' dir='ltr'><strong>nihil</strong></span> <span class='ocrx_word' id='word_1_130' title='bbox 2672 1031 2966 1089; x_wconf 88' lang='lat' dir='ltr'><strong>admodum</strong></span> <span class='ocrx_word' id='word_1_131' title='bbox 3005 1043 3346 1102; x_wconf 90' lang='lat' dir='ltr'><strong>compertum</strong></span> <span class='ocrx_word' id='word_1_132' title='bbox 3367 1045 3470 1101; x_wconf 80' lang='lat' dir='ltr'><strong>est,</strong></span> 
     </span>
    </p>
   </div>
   <div class='ocr_carea' id='block_1_25' title="bbox 1896 1123 3474 1194">
    <p class='ocr_par' dir='ltr' id='par_1_25' title="bbox 1896 1123 3474 1194">
     <span class='ocr_line' id='line_1_25' title="bbox 1896 1123 3474 1194; baseline 0.003 -17"><span class='ocrx_word' id='word_1_133' title='bbox 1896 1123 2001 1178; x_wconf 91' lang='lat' dir='ltr'><strong>nisi</strong></span> <span class='ocrx_word' id='word_1_134' title='bbox 2023 1123 2168 1194; x_wconf 92' lang='lat' dir='ltr'><strong>quod</strong></span> <span class='ocrx_word' id='word_1_135' title='bbox 2179 1123 2248 1178; x_wconf 87' lang='lat' dir='ltr'><strong>ad</strong></span> <span class='ocrx_word' id='word_1_136' title='bbox 2265 1123 2673 1179; x_wconf 80' lang='lat' dir='ltr'><strong>Theodoretum</strong></span> <span class='ocrx_word' id='word_1_137' title='bbox 2685 1125 2946 1180; x_wconf 76' lang='lat' dir='ltr'><strong>invisend</strong></span> <span class='ocrx_word' id='word_1_138' title='bbox 2955 1142 3042 1180; x_wconf 87' lang='lat' dir='ltr'><strong>um</strong></span> <span class='ocrx_word' id='word_1_139' title='bbox 3061 1127 3321 1182; x_wconf 84' lang='lat' dir='ltr'><strong>diaconos</strong></span> <span class='ocrx_word' id='word_1_140' title='bbox 3335 1127 3474 1182; x_wconf 81' lang='lat' dir='ltr'><strong>duos</strong></span> 
     </span>
    </p>
   </div>
   <div class='ocr_carea' id='block_1_26' title="bbox 1897 1217 3472 1289">
    <p class='ocr_par' dir='ltr' id='par_1_26' title="bbox 1897 1217 3472 1289">
     <span class='ocr_line' id='line_1_26' title="bbox 1897 1217 3472 1289; baseline -0.001 -16"><span class='ocrx_word' id='word_1_141' title='bbox 1897 1219 2130 1282; x_wconf 86' lang='lat' dir='ltr'><strong>miserit,</strong></span> <span class='ocrx_word' id='word_1_142' title='bbox 2153 1218 2412 1289; x_wconf 84' lang='lat' dir='ltr'><strong>quodque</strong></span> <span class='ocrx_word' id='word_1_143' title='bbox 2425 1217 2645 1288; x_wconf 86' lang='lat' dir='ltr'><strong>pietatis</strong></span> <span class='ocrx_word' id='word_1_144' title='bbox 2672 1217 2855 1272; x_wconf 87' lang='lat' dir='ltr'><strong>studio</strong></span> <span class='ocrx_word' id='word_1_145' title='bbox 2877 1227 2932 1273; x_wconf 88' lang='lat' dir='ltr'><strong>et</strong></span> <span class='ocrx_word' id='word_1_146' title='bbox 2949 1217 3237 1272; x_wconf 83' lang='lat' dir='ltr'><strong>sanctitate</strong></span> <span class='ocrx_word' id='word_1_147' title='bbox 3258 1233 3472 1272; x_wconf 89' lang='lat' dir='ltr'><strong>morum</strong></span> 
     </span>
    </p>
   </div>
   <div class='ocr_carea' id='block_1_27' title="bbox 1896 1309 2152 1364">
    <p class='ocr_par' dir='ltr' id='par_1_27' title="bbox 1896 1309 2152 1364">
     <span class='ocr_line' id='line_1_27' title="bbox 1896 1309 2152 1364; baseline -0.008 0"><span class='ocrx_word' id='word_1_148' title='bbox 1896 1309 2152 1364; x_wconf 88' lang='lat' dir='ltr'><strong>eluxerit.</strong></span> 
     </span>
    </p>
   </div>
   <div class='ocr_carea' id='block_1_28' title="bbox 1900 1418 3476 1491">
    <p class='ocr_par' dir='ltr' id='par_1_28' title="bbox 1900 1418 3476 1491">
     <span class='ocr_line' id='line_1_28' title="bbox 1900 1418 3476 1491; baseline 0.003 -19"><span class='ocrx_word' id='word_1_149' title='bbox 1900 1418 2141 1488; x_wconf 79' lang='lat' dir='ltr'><strong>Epistola</strong></span> <span class='ocrx_word' id='word_1_150' title='bbox 2181 1419 2302 1483; x_wconf 66' lang='grc'><strong>152,</strong></span> <span class='ocrx_word' id='word_1_151' title='bbox 2331 1419 2686 1474; x_wconf 70' lang='lat' dir='ltr'><strong>consolatorie</strong></span> <span class='ocrx_word' id='word_1_152' title='bbox 2722 1418 2792 1472; x_wconf 84' lang='lat' dir='ltr'><strong>ad</strong></span> <span class='ocrx_word' id='word_1_153' title='bbox 2834 1419 2986 1473; x_wconf 74' lang='lat' dir='ltr'><strong>Ibam</strong></span> <span class='ocrx_word' id='word_1_154' title='bbox 3021 1421 3236 1474; x_wconf 72' lang='lat' dir='ltr'><strong>Edessa:</strong></span> <span class='ocrx_word' id='word_1_155' title='bbox 3281 1421 3476 1491; x_wconf 77' lang='lat' dir='ltr'><strong>episco-</strong></span> 
     </span>
    </p>
   </div>
   <div class='ocr_carea' id='block_1_29' title="bbox 2612 1506 2758 1558">
    <p class='ocr_par' dir='ltr' id='par_1_29' title="bbox 2612 1506 2758 1558">
     <span class='ocr_line' id='line_1_29' title="bbox 2612 1506 2758 1558; baseline 0.014 -18"><span class='ocrx_word' id='word_1_156' title='bbox 2612 1506 2758 1558; x_wconf 83' lang='lat' dir='ltr'><strong>pum.</strong></span> 
     </span>
    </p>
   </div>
   <div class='ocr_carea' id='block_1_30' title="bbox 1971 1599 3476 1670">
    <p class='ocr_par' dir='ltr' id='par_1_30' title="bbox 1971 1599 3476 1670">
     <span class='ocr_line' id='line_1_30' title="bbox 1971 1599 3476 1670; baseline 0.003 -16"><span class='ocrx_word' id='word_1_157' title='bbox 1971 1600 2012 1654; x_wconf 92' lang='lat' dir='ltr'><strong>l.</strong></span> <span class='ocrx_word' id='word_1_158' title='bbox 2041 1601 2122 1654; x_wconf 87' lang='lat' dir='ltr'><strong>Ex</strong></span> <span class='ocrx_word' id='word_1_159' title='bbox 2151 1599 2346 1656; x_wconf 87' lang='lat' dir='ltr'><strong>eodem</strong></span> <span class='ocrx_word' id='word_1_160' title='bbox 2391 1600 2535 1666; x_wconf 91' lang='lat' dir='ltr'><strong>loco,</strong></span> <span class='ocrx_word' id='word_1_161' title='bbox 2567 1600 2635 1655; x_wconf 89' lang='lat' dir='ltr'><strong>ad</strong></span> <span class='ocrx_word' id='word_1_162' title='bbox 2694 1600 2867 1666; x_wconf 82' lang='lat' dir='ltr'><strong>Ibam,</strong></span> <span class='ocrx_word' id='word_1_163' title='bbox 2921 1601 3040 1670; x_wconf 90' lang='lat' dir='ltr'><strong>pari</strong></span> <span class='ocrx_word' id='word_1_164' title='bbox 3095 1617 3280 1658; x_wconf 89' lang='lat' dir='ltr'><strong>secum</strong></span> <span class='ocrx_word' id='word_1_165' title='bbox 3335 1603 3476 1660; x_wconf 86' lang='lat' dir='ltr'><strong>forte</strong></span> 
     </span>
    </p>
   </div>
   <div class='ocr_carea' id='block_1_31' title="bbox 220 1681 3478 1764">
    <p class='ocr_par' dir='ltr' id='par_1_31' title="bbox 220 1681 3478 1764">
     <span class='ocr_line' id='line_1_31' title="bbox 220 1681 3478 1764; baseline 0.002 -19"><span class='ocrx_word' id='word_1_166' title='bbox 220 1698 606 1754; x_wconf 77' lang='lat' dir='ltr'><strong>Theodoretus</strong></span> <span class='ocrx_word' id='word_1_167' title='bbox 638 1710 758 1764; x_wconf 83' lang='lat' dir='ltr'><strong>cap.</strong></span> <span class='ocrx_word' id='word_1_168' title='bbox 789 1694 888 1748; x_wconf 72' lang='grc'><strong>251</strong></span> <span class='ocrx_word' id='word_1_169' title='bbox 936 1691 1186 1746; x_wconf 72' lang='lat' dir='ltr'><strong>Historia:</strong></span> <span class='ocrx_word' id='word_1_170' title='bbox 1213 1687 1471 1758; x_wconf 62' lang='lat' dir='ltr'><strong>religiose</strong></span> <span class='ocrx_word' id='word_1_171' title='bbox 1499 1701 1515 1738; x_wconf 75' lang='grc' dir='ltr'><strong><em>ε</em></strong></span> <span class='ocrx_word' id='word_1_172' title='bbox 1549 1681 1643 1737; x_wconf 78' lang='lat' dir='ltr'><strong>sed</strong></span> <span class='ocrx_word' id='word_1_173' title='bbox 1669 1681 1800 1736; x_wconf 73' lang='grc' dir='ltr'>εοιί-</span> <span class='ocrx_word' id='word_1_174' title='bbox 1833 1710 1873 1762; x_wconf 72' lang='grc' dir='ltr'>Β</span> <span class='ocrx_word' id='word_1_175' title='bbox 1904 1692 2214 1761; x_wconf 86' lang='lat' dir='ltr'><strong>depositum</strong></span> <span class='ocrx_word' id='word_1_176' title='bbox 2251 1693 2306 1746; x_wconf 91' lang='lat' dir='ltr'><strong>in</strong></span> <span class='ocrx_word' id='word_1_177' title='bbox 2339 1691 2576 1748; x_wconf 88' lang='lat' dir='ltr'><strong>concilio</strong></span> <span class='ocrx_word' id='word_1_178' title='bbox 2597 1692 2847 1747; x_wconf 88' lang='lat' dir='ltr'><strong>Dioscori</strong></span> <span class='ocrx_word' id='word_1_179' title='bbox 2883 1711 2895 1746; x_wconf 88' lang='lat'><strong>:</strong></span> <span class='ocrx_word' id='word_1_180' title='bbox 2933 1703 3166 1764; x_wconf 88' lang='lat' dir='ltr'><strong>uterque</strong></span> <span class='ocrx_word' id='word_1_181' title='bbox 3192 1697 3340 1751; x_wconf 87' lang='lat' dir='ltr'><strong>enim</strong></span> <span class='ocrx_word' id='word_1_182' title='bbox 3383 1699 3478 1753; x_wconf 87' lang='lat' dir='ltr'><strong>ab-</strong></span> 
     </span>
    </p>
   </div>
   <div class='ocr_carea' id='block_1_32' title="bbox 217 1772 1798 1849">
    <p class='ocr_par' dir='ltr' id='par_1_32' title="bbox 217 1772 1798 1849">
     <span class='ocr_line' id='line_1_32' title="bbox 217 1772 1798 1849; baseline -0.013 -3"><span class='ocrx_word' id='word_1_183' title='bbox 217 1790 398 1845; x_wconf 76' lang='lat' dir='ltr'><strong>tarius</strong></span> <span class='ocrx_word' id='word_1_184' title='bbox 436 1789 606 1843; x_wconf 79' lang='lat' dir='ltr'><strong>fuisse</strong></span> <span class='ocrx_word' id='word_1_185' title='bbox 647 1785 889 1849; x_wconf 88' lang='lat' dir='ltr'><strong>videtur,</strong></span> <span class='ocrx_word' id='word_1_186' title='bbox 922 1799 1032 1838; x_wconf 87' lang='lat' dir='ltr'><strong>non</strong></span> <span class='ocrx_word' id='word_1_187' title='bbox 1071 1783 1202 1836; x_wconf 85' lang='lat' dir='ltr'><strong>item</strong></span> <span class='ocrx_word' id='word_1_188' title='bbox 1245 1773 1678 1834; x_wconf 80' lang='lat' dir='ltr'><strong>archimandrita</strong></span> <span class='ocrx_word' id='word_1_189' title='bbox 1713 1772 1798 1827; x_wconf 81' lang='lat' dir='ltr'><strong>vel</strong></span> 
     </span>
    </p>
   </div>
   <div class='ocr_carea' id='block_1_33' title="bbox 215 1865 1800 1953">
    <p class='ocr_par' dir='ltr' id='par_1_33' title="bbox 215 1865 1800 1953">
     <span class='ocr_line' id='line_1_33' title="bbox 215 1865 1800 1953; baseline -0.013 -15"><span class='ocrx_word' id='word_1_190' title='bbox 215 1881 536 1953; x_wconf 75' lang='lat' dir='ltr'><strong>presbyter,</strong></span> <span class='ocrx_word' id='word_1_191' title='bbox 572 1879 680 1934; x_wconf 84' lang='lat' dir='ltr'><strong>nisi</strong></span> <span class='ocrx_word' id='word_1_192' title='bbox 707 1877 882 1932; x_wconf 78' lang='lat' dir='ltr'><strong>factus</strong></span> <span class='ocrx_word' id='word_1_193' title='bbox 901 1875 976 1930; x_wconf 89' lang='lat' dir='ltr'><strong>sit</strong></span> <span class='ocrx_word' id='word_1_194' title='bbox 1009 1884 1133 1945; x_wconf 88' lang='lat' dir='ltr'><strong>post</strong></span> <span class='ocrx_word' id='word_1_195' title='bbox 1159 1885 1366 1928; x_wconf 88' lang='lat' dir='ltr'><strong>annum</strong></span> <span class='ocrx_word' id='word_1_196' title='bbox 1396 1869 1521 1933; x_wconf 68' lang='grc'><strong>445,</strong></span> <span class='ocrx_word' id='word_1_197' title='bbox 1558 1881 1669 1938; x_wconf 89' lang='lat' dir='ltr'><strong>quo</strong></span> <span class='ocrx_word' id='word_1_198' title='bbox 1700 1865 1800 1919; x_wconf 82' lang='lat' dir='ltr'><strong>Hi-</strong></span> 
     </span>
    </p>
   </div>
   <div class='ocr_carea' id='block_1_34' title="bbox 217 1969 1117 2042">
    <p class='ocr_par' dir='ltr' id='par_1_34' title="bbox 217 1969 1117 2042">
     <span class='ocr_line' id='line_1_34' title="bbox 217 1969 1117 2042; baseline -0.011 -14"><span class='ocrx_word' id='word_1_199' title='bbox 217 1975 386 2028; x_wconf 78' lang='lat' dir='ltr'><strong>storia</strong></span> <span class='ocrx_word' id='word_1_200' title='bbox 413 1971 663 2042; x_wconf 70' lang='lat' dir='ltr'><strong>religiosa</strong></span> <span class='ocrx_word' id='word_1_201' title='bbox 683 1969 992 2038; x_wconf 80' lang='lat' dir='ltr'><strong>composita</strong></span> <span class='ocrx_word' id='word_1_202' title='bbox 1012 1972 1117 2021; x_wconf 85' lang='lat' dir='ltr'><strong>est.</strong></span> 
     </span>
    </p>
   </div>
   <div class='ocr_carea' id='block_1_35' title="bbox 221 2079 1796 2159">
    <p class='ocr_par' dir='ltr' id='par_1_35' title="bbox 221 2079 1796 2159">
     <span class='ocr_line' id='line_1_35' title="bbox 221 2079 1796 2159; baseline -0.009 -17"><span class='ocrx_word' id='word_1_203' title='bbox 221 2085 467 2159; x_wconf 79' lang='lat' dir='ltr'><strong>Epistola</strong></span> <span class='ocrx_word' id='word_1_204' title='bbox 504 2084 625 2148; x_wconf 75' lang='grc'><strong>150,</strong></span> <span class='ocrx_word' id='word_1_205' title='bbox 650 2082 952 2154; x_wconf 80' lang='lat' dir='ltr'><strong>degmatica</strong></span> <span class='ocrx_word' id='word_1_206' title='bbox 991 2081 1061 2134; x_wconf 79' lang='lat' dir='ltr'><strong>ad</strong></span> <span class='ocrx_word' id='word_1_207' title='bbox 1105 2079 1430 2134; x_wconf 74' lang='lat' dir='ltr'><strong>Timotheum</strong></span> <span class='ocrx_word' id='word_1_208' title='bbox 1475 2079 1796 2148; x_wconf 74' lang='lat' dir='ltr'><strong>episcopum.</strong></span> 
     </span>
    </p>
   </div>
   <div class='ocr_carea' id='block_1_36' title="bbox 289 2188 1801 2270">
    <p class='ocr_par' dir='ltr' id='par_1_36' title="bbox 289 2188 1801 2270">
     <span class='ocr_line' id='line_1_36' title="bbox 289 2188 1801 2270; baseline -0.011 -15"><span class='ocrx_word' id='word_1_209' title='bbox 289 2201 333 2256; x_wconf 89' lang='grc' dir='ltr'><strong>ι.</strong></span> <span class='ocrx_word' id='word_1_210' title='bbox 367 2199 582 2270; x_wconf 87' lang='lat' dir='ltr'><strong>Scripta</strong></span> <span class='ocrx_word' id='word_1_211' title='bbox 622 2210 766 2251; x_wconf 89' lang='lat' dir='ltr'><strong>anno</strong></span> <span class='ocrx_word' id='word_1_212' title='bbox 787 2193 893 2249; x_wconf 59' lang='grc' dir='ltr'><strong>ὁδί)</strong></span> <span class='ocrx_word' id='word_1_213' title='bbox 915 2209 979 2247; x_wconf 89' lang='lat' dir='ltr'><strong>ex</strong></span> <span class='ocrx_word' id='word_1_214' title='bbox 1017 2192 1140 2246; x_wconf 91' lang='lat' dir='ltr'><strong>loco</strong></span> <span class='ocrx_word' id='word_1_215' title='bbox 1164 2189 1364 2254; x_wconf 85' lang='lat' dir='ltr'><strong>exsilii,</strong></span> <span class='ocrx_word' id='word_1_216' title='bbox 1397 2188 1452 2242; x_wconf 91' lang='lat' dir='ltr'><strong>id</strong></span> <span class='ocrx_word' id='word_1_217' title='bbox 1483 2193 1590 2252; x_wconf 92' lang='lat' dir='ltr'><strong>est,</strong></span> <span class='ocrx_word' id='word_1_218' title='bbox 1620 2202 1651 2240; x_wconf 92' lang='lat' dir='ltr'><strong>e</strong></span> <span class='ocrx_word' id='word_1_219' title='bbox 1680 2199 1801 2239; x_wconf 84' lang='lat' dir='ltr'><strong>mo—</strong></span> 
     </span>
    </p>
   </div>
   <div class='ocr_carea' id='block_1_37' title="bbox 219 2277 1800 2349">
    <p class='ocr_par' dir='ltr' id='par_1_37' title="bbox 219 2277 1800 2349">
     <span class='ocr_line' id='line_1_37' title="bbox 219 2277 1800 2349; baseline -0.013 0"><span class='ocrx_word' id='word_1_220' title='bbox 219 2291 464 2349; x_wconf 89' lang='lat' dir='ltr'><strong>nasterio</strong></span> <span class='ocrx_word' id='word_1_221' title='bbox 494 2290 673 2344; x_wconf 90' lang='lat' dir='ltr'><strong>tribus</strong></span> <span class='ocrx_word' id='word_1_222' title='bbox 711 2285 1039 2341; x_wconf 90' lang='lat' dir='ltr'><strong>milliaribus</strong></span> <span class='ocrx_word' id='word_1_223' title='bbox 1066 2283 1302 2337; x_wconf 84' lang='lat' dir='ltr'><strong>distante</strong></span> <span class='ocrx_word' id='word_1_224' title='bbox 1330 2295 1359 2334; x_wconf 90' lang='lat' dir='ltr'><strong>a</strong></span> <span class='ocrx_word' id='word_1_225' title='bbox 1393 2279 1616 2334; x_wconf 80' lang='lat' dir='ltr'><strong>civitate</strong></span> <span class='ocrx_word' id='word_1_226' title='bbox 1657 2277 1800 2346; x_wconf 86' lang='lat' dir='ltr'><strong>Apa-</strong></span> 
     </span>
    </p>
   </div>
   <div class='ocr_carea' id='block_1_38' title="bbox 222 2399 404 2439">
    <p class='ocr_par' dir='ltr' id='par_1_38' title="bbox 222 2399 404 2439">
     <span class='ocr_line' id='line_1_38' title="bbox 222 2399 404 2439; baseline -0.016 0"><span class='ocrx_word' id='word_1_227' title='bbox 222 2399 404 2439; x_wconf 87' lang='lat' dir='ltr'><strong>mena.</strong></span> 
     </span>
    </p>
   </div>
   <div class='ocr_carea' id='block_1_39' title="bbox 291 2461 1802 2538">
    <p class='ocr_par' dir='ltr' id='par_1_39' title="bbox 291 2461 1802 2538">
     <span class='ocr_line' id='line_1_39' title="bbox 291 2461 1802 2538; baseline -0.013 -7"><span class='ocrx_word' id='word_1_228' title='bbox 291 2476 358 2532; x_wconf 89' lang='lat' dir='ltr'><strong>II.</strong></span> <span class='ocrx_word' id='word_1_229' title='bbox 399 2474 725 2530; x_wconf 84' lang='lat' dir='ltr'><strong>Timotheus</strong></span> <span class='ocrx_word' id='word_1_230' title='bbox 764 2471 856 2526; x_wconf 89' lang='lat' dir='ltr'><strong>ille</strong></span> <span class='ocrx_word' id='word_1_231' title='bbox 891 2469 996 2524; x_wconf 89' lang='lat' dir='ltr'><strong>fuit</strong></span> <span class='ocrx_word' id='word_1_232' title='bbox 1021 2466 1314 2538; x_wconf 87' lang='lat' dir='ltr'><strong>episcopus</strong></span> <span class='ocrx_word' id='word_1_233' title='bbox 1353 2461 1608 2518; x_wconf 89' lang='lat' dir='ltr'><strong>Doliches</strong></span> <span class='ocrx_word' id='word_1_234' title='bbox 1636 2478 1648 2512; x_wconf 91' lang='lat'><strong>:</strong></span> <span class='ocrx_word' id='word_1_235' title='bbox 1681 2473 1802 2527; x_wconf 67' lang='lat' dir='ltr'><strong>qua:</strong></span> 
     </span>
    </p>
   </div>
   <div class='ocr_carea' id='block_1_40' title="bbox 221 2547 1800 2634">
    <p class='ocr_par' dir='ltr' id='par_1_40' title="bbox 221 2547 1800 2634">
     <span class='ocr_line' id='line_1_40' title="bbox 221 2547 1800 2634; baseline -0.015 -11"><span class='ocrx_word' id='word_1_236' title='bbox 221 2569 418 2623; x_wconf 84' lang='lat' dir='ltr'><strong>civitas</strong></span> <span class='ocrx_word' id='word_1_237' title='bbox 443 2566 500 2620; x_wconf 94' lang='lat' dir='ltr'><strong>in</strong></span> <span class='ocrx_word' id='word_1_238' title='bbox 531 2561 892 2634; x_wconf 82' lang='lat' dir='ltr'><strong>Euphratesia</strong></span> <span class='ocrx_word' id='word_1_239' title='bbox 916 2556 1216 2629; x_wconf 83' lang='lat' dir='ltr'><strong>provincia,</strong></span> <span class='ocrx_word' id='word_1_240' title='bbox 1247 2569 1360 2608; x_wconf 90' lang='lat' dir='ltr'><strong>non</strong></span> <span class='ocrx_word' id='word_1_241' title='bbox 1390 2551 1582 2622; x_wconf 87' lang='lat' dir='ltr'><strong>procul</strong></span> <span class='ocrx_word' id='word_1_242' title='bbox 1609 2565 1639 2603; x_wconf 93' lang='lat' dir='ltr'><strong>a</strong></span> <span class='ocrx_word' id='word_1_243' title='bbox 1662 2547 1800 2602; x_wconf 80' lang='lat' dir='ltr'><strong>civi-</strong></span> 
     </span>
    </p>
   </div>
   <div class='ocr_carea' id='block_1_41' title="bbox 225 2641 1802 2732">
    <p class='ocr_par' dir='ltr' id='par_1_41' title="bbox 225 2641 1802 2732">
     <span class='ocr_line' id='line_1_41' title="bbox 225 2641 1802 2732; baseline -0.015 -14"><span class='ocrx_word' id='word_1_244' title='bbox 225 2671 337 2718; x_wconf 86' lang='lat' dir='ltr'><strong>tate</strong></span> <span class='ocrx_word' id='word_1_245' title='bbox 372 2661 549 2732; x_wconf 83' lang='lat' dir='ltr'><strong>Cyro,</strong></span> <span class='ocrx_word' id='word_1_246' title='bbox 578 2657 680 2712; x_wconf 91' lang='lat' dir='ltr'><strong>sub</strong></span> <span class='ocrx_word' id='word_1_247' title='bbox 713 2655 906 2710; x_wconf 89' lang='lat' dir='ltr'><strong>eadem</strong></span> <span class='ocrx_word' id='word_1_248' title='bbox 939 2649 1232 2720; x_wconf 86' lang='lat' dir='ltr'><strong>metropoli</strong></span> <span class='ocrx_word' id='word_1_249' title='bbox 1259 2689 1272 2712; x_wconf 93' lang='lat'><strong>,</strong></span> <span class='ocrx_word' id='word_1_250' title='bbox 1309 2646 1572 2701; x_wconf 90' lang='lat' dir='ltr'><strong>nimirum</strong></span> <span class='ocrx_word' id='word_1_251' title='bbox 1606 2641 1802 2697; x_wconf 79' lang='lat' dir='ltr'><strong>Hiera-</strong></span> 
     </span>
    </p>
   </div>
   <div class='ocr_carea' id='block_1_42' title="bbox 223 2738 1379 2826">
    <p class='ocr_par' dir='ltr' id='par_1_42' title="bbox 223 2738 1379 2826">
     <span class='ocr_line' id='line_1_42' title="bbox 223 2738 1379 2826; baseline -0.016 -18"><span class='ocrx_word' id='word_1_252' title='bbox 223 2753 358 2826; x_wconf 88' lang='lat' dir='ltr'><strong>poli.</strong></span> <span class='ocrx_word' id='word_1_253' title='bbox 386 2750 640 2807; x_wconf 86' lang='lat' dir='ltr'><strong>Interfuit</strong></span> <span class='ocrx_word' id='word_1_254' title='bbox 665 2746 902 2804; x_wconf 88' lang='lat' dir='ltr'><strong>concilio</strong></span> <span class='ocrx_word' id='word_1_255' title='bbox 924 2738 1379 2800; x_wconf 88' lang='lat' dir='ltr'><strong>Chalcedonensi.</strong></span> 
     </span>
    </p>
   </div>
   <div class='ocr_carea' id='block_1_43' title="bbox 295 2823 1804 2905">
    <p class='ocr_par' dir='ltr' id='par_1_43' title="bbox 295 2823 1804 2905">
     <span class='ocr_line' id='line_1_43' title="bbox 295 2823 1804 2905; baseline -0.015 -5"><span class='ocrx_word' id='word_1_256' title='bbox 295 2844 387 2900; x_wconf 88' lang='lat' dir='ltr'><strong>III.</strong></span> <span class='ocrx_word' id='word_1_257' title='bbox 416 2841 656 2898; x_wconf 82' lang='lat' dir='ltr'><strong>Petierat</strong></span> <span class='ocrx_word' id='word_1_258' title='bbox 676 2881 690 2905; x_wconf 95' lang='lat'><strong>,</strong></span> <span class='ocrx_word' id='word_1_259' title='bbox 715 2850 778 2893; x_wconf 89' lang='lat' dir='ltr'><strong>ut</strong></span> <span class='ocrx_word' id='word_1_260' title='bbox 805 2836 1033 2892; x_wconf 87' lang='lat' dir='ltr'><strong>ardebat</strong></span> <span class='ocrx_word' id='word_1_261' title='bbox 1058 2831 1241 2890; x_wconf 84' lang='lat' dir='ltr'><strong>studio</strong></span> <span class='ocrx_word' id='word_1_262' title='bbox 1265 2823 1596 2885; x_wconf 78' lang='lat' dir='ltr'><strong>defendendi</strong></span> <span class='ocrx_word' id='word_1_263' title='bbox 1621 2837 1804 2896; x_wconf 83' lang='lat' dir='ltr'><strong>partes</strong></span> 
     </span>
    </p>
   </div>
   <div class='ocr_carea' id='block_1_44' title="bbox 225 2916 1801 3002">
    <p class='ocr_par' dir='ltr' id='par_1_44' title="bbox 225 2916 1801 3002">
     <span class='ocr_line' id='line_1_44' title="bbox 225 2916 1801 3002; baseline -0.015 -10"><span class='ocrx_word' id='word_1_264' title='bbox 225 2935 562 2992; x_wconf 83' lang='lat' dir='ltr'><strong>Theodoreti</strong></span> <span class='ocrx_word' id='word_1_265' title='bbox 588 2973 603 2997; x_wconf 93' lang='lat'><strong>,</strong></span> <span class='ocrx_word' id='word_1_266' title='bbox 643 2947 780 3002; x_wconf 88' lang='lat' dir='ltr'><strong>quas</strong></span> <span class='ocrx_word' id='word_1_267' title='bbox 812 2929 1035 2984; x_wconf 91' lang='lat' dir='ltr'><strong>nomine</strong></span> <span class='ocrx_word' id='word_1_268' title='bbox 1082 2922 1303 2996; x_wconf 87' lang='lat' dir='ltr'><strong>pietatis</strong></span> <span class='ocrx_word' id='word_1_269' title='bbox 1341 2920 1609 2982; x_wconf 86' lang='lat' dir='ltr'><strong>vocabat,</strong></span> <span class='ocrx_word' id='word_1_270' title='bbox 1634 2916 1801 2972; x_wconf 83' lang='lat' dir='ltr'><strong>scribi</strong></span> 
     </span>
    </p>
   </div>
   <div class='ocr_carea' id='block_1_45' title="bbox 225 3007 1803 3098">
    <p class='ocr_par' dir='ltr' id='par_1_45' title="bbox 225 3007 1803 3098">
     <span class='ocr_line' id='line_1_45' title="bbox 225 3007 1803 3098; baseline -0.015 -14"><span class='ocrx_word' id='word_1_271' title='bbox 225 3028 374 3093; x_wconf 84' lang='lat' dir='ltr'><strong>sibi,</strong></span> <span class='ocrx_word' id='word_1_272' title='bbox 425 3041 671 3098; x_wconf 66' lang='lat' dir='ltr'><strong>quanam</strong></span> <span class='ocrx_word' id='word_1_273' title='bbox 718 3025 781 3076; x_wconf 85' lang='lat' dir='ltr'><strong>de</strong></span> <span class='ocrx_word' id='word_1_274' title='bbox 820 3020 1047 3076; x_wconf 77' lang='lat' dir='ltr'><strong>salutari</strong></span> <span class='ocrx_word' id='word_1_275' title='bbox 1100 3016 1341 3089; x_wconf 80' lang='lat' dir='ltr'><strong>passione</strong></span> <span class='ocrx_word' id='word_1_276' title='bbox 1393 3012 1682 3084; x_wconf 71' lang='lat' dir='ltr'><strong>praedicare</strong></span> <span class='ocrx_word' id='word_1_277' title='bbox 1722 3007 1803 3062; x_wconf 83' lang='lat' dir='ltr'><strong>vel</strong></span> 
     </span>
    </p>
   </div>
   <div class='ocr_carea' id='block_1_46' title="bbox 225 3101 1802 3190">
    <p class='ocr_par' dir='ltr' id='par_1_46' title="bbox 225 3101 1802 3190">
     <span class='ocr_line' id='line_1_46' title="bbox 225 3101 1802 3190; baseline -0.016 -11"><span class='ocrx_word' id='word_1_278' title='bbox 225 3124 423 3179; x_wconf 78' lang='lat' dir='ltr'><strong>sentire</strong></span> <span class='ocrx_word' id='word_1_279' title='bbox 461 3123 718 3190; x_wconf 79' lang='lat' dir='ltr'><strong>oporteat.</strong></span> <span class='ocrx_word' id='word_1_280' title='bbox 753 3113 884 3170; x_wconf 85' lang='lat' dir='ltr'><strong>Erat</strong></span> <span class='ocrx_word' id='word_1_281' title='bbox 911 3113 1060 3168; x_wconf 88' lang='lat' dir='ltr'><strong>enim</strong></span> <span class='ocrx_word' id='word_1_282' title='bbox 1100 3118 1232 3164; x_wconf 87' lang='lat' dir='ltr'><strong>tunc</strong></span> <span class='ocrx_word' id='word_1_283' title='bbox 1259 3105 1524 3176; x_wconf 87' lang='lat' dir='ltr'><strong>temporis</strong></span> <span class='ocrx_word' id='word_1_284' title='bbox 1545 3119 1609 3158; x_wconf 87' lang='lat' dir='ltr'><strong>ea</strong></span> <span class='ocrx_word' id='word_1_285' title='bbox 1647 3101 1802 3172; x_wconf 89' lang='lat' dir='ltr'><strong>quasi</strong></span> 
     </span>
    </p>
   </div>
   <div class='ocr_carea' id='block_1_47' title="bbox 229 3193 1804 3280">
    <p class='ocr_par' dir='ltr' id='par_1_47' title="bbox 229 3193 1804 3280">
     <span class='ocr_line' id='line_1_47' title="bbox 229 3193 1804 3280; baseline -0.017 -10"><span class='ocrx_word' id='word_1_286' title='bbox 229 3228 446 3272; x_wconf 85' lang='lat' dir='ltr'><strong>summa</strong></span> <span class='ocrx_word' id='word_1_287' title='bbox 473 3207 862 3280; x_wconf 83' lang='lat' dir='ltr'><strong>disputationis</strong></span> <span class='ocrx_word' id='word_1_288' title='bbox 879 3247 893 3270; x_wconf 90' lang='lat'><strong>,</strong></span> <span class='ocrx_word' id='word_1_289' title='bbox 917 3202 1258 3271; x_wconf 82' lang='lat' dir='ltr'><strong>formulaque</strong></span> <span class='ocrx_word' id='word_1_290' title='bbox 1291 3197 1456 3270; x_wconf 58' lang='lat'><strong>3‘9</strong></span> <span class='ocrx_word' id='word_1_291' title='bbox 1483 3193 1644 3256; x_wconf 79' lang='lat' dir='ltr'><strong>fidei,</strong></span> <span class='ocrx_word' id='word_1_292' title='bbox 1667 3193 1804 3246; x_wconf 78' lang='lat' dir='ltr'><strong>Deus</strong></span> 
     </span>
    </p>
   </div>
   <div class='ocr_carea' id='block_1_48' title="bbox 229 3283 1805 3376">
    <p class='ocr_par' dir='ltr' id='par_1_48' title="bbox 229 3283 1805 3376">
     <span class='ocr_line' id='line_1_48' title="bbox 229 3283 1805 3376; baseline -0.015 -16"><span class='ocrx_word' id='word_1_293' title='bbox 229 3319 437 3376; x_wconf 70' lang='lat' dir='ltr'><strong>pom.</strong></span> <span class='ocrx_word' id='word_1_294' title='bbox 475 3299 753 3356; x_wconf 78' lang='lat' dir='ltr'><strong>Rescribit</strong></span> <span class='ocrx_word' id='word_1_295' title='bbox 796 3295 1178 3351; x_wconf 83' lang='lat' dir='ltr'><strong>Theodoretus</strong></span> <span class='ocrx_word' id='word_1_296' title='bbox 1201 3329 1216 3355; x_wconf 93' lang='lat'><strong>,</strong></span> <span class='ocrx_word' id='word_1_297' title='bbox 1249 3289 1325 3343; x_wconf 85' lang='lat' dir='ltr'><strong>ita</strong></span> <span class='ocrx_word' id='word_1_298' title='bbox 1363 3294 1426 3341; x_wconf 90' lang='lat' dir='ltr'><strong>ut</strong></span> <span class='ocrx_word' id='word_1_299' title='bbox 1457 3302 1524 3340; x_wconf 84' lang='lat' dir='ltr'><strong>cx</strong></span> <span class='ocrx_word' id='word_1_300' title='bbox 1554 3283 1805 3339; x_wconf 80' lang='lat' dir='ltr'><strong>Eranista</strong></span> 
     </span>
    </p>
   </div>
   <div class='ocr_carea' id='block_1_49' title="bbox 228 3372 1804 3465">
    <p class='ocr_par' dir='ltr' id='par_1_49' title="bbox 228 3372 1804 3465">
     <span class='ocr_line' id='line_1_49' title="bbox 228 3372 1804 3465; baseline -0.016 -14"><span class='ocrx_word' id='word_1_301' title='bbox 228 3372 484 3465; x_wconf 76' lang='lat' dir='ltr'><strong>magnam</strong></span> <span class='ocrx_word' id='word_1_302' title='bbox 523 3389 726 3459; x_wconf 77' lang='lat' dir='ltr'><strong>dialogi</strong></span> <span class='ocrx_word' id='word_1_303' title='bbox 765 3385 994 3443; x_wconf 72' lang='lat' dir='ltr'><strong>secundi</strong></span> <span class='ocrx_word' id='word_1_304' title='bbox 1045 3392 1257 3454; x_wconf 78' lang='lat' dir='ltr'><strong>partem</strong></span> <span class='ocrx_word' id='word_1_305' title='bbox 1315 3378 1372 3434; x_wconf 89' lang='lat' dir='ltr'><strong>in</strong></span> <span class='ocrx_word' id='word_1_306' title='bbox 1417 3372 1804 3445; x_wconf 82' lang='lat' dir='ltr'><strong>compendium</strong></span> 
     </span>
    </p>
   </div>
   <div class='ocr_carea' id='block_1_50' title="bbox 229 3483 545 3540">
    <p class='ocr_par' dir='ltr' id='par_1_50' title="bbox 229 3483 545 3540">
     <span class='ocr_line' id='line_1_50' title="bbox 229 3483 545 3540; baseline -0.016 0"><span class='ocrx_word' id='word_1_307' title='bbox 229 3483 545 3540; x_wconf 80' lang='lat' dir='ltr'><strong>contrahat.</strong></span> 
     </span>
    </p>
   </div>
   <div class='ocr_carea' id='block_1_51' title="bbox 296 3553 1809 3635">
    <p class='ocr_par' dir='ltr' id='par_1_51' title="bbox 296 3553 1809 3635">
     <span class='ocr_line' id='line_1_51' title="bbox 296 3553 1809 3635; baseline -0.016 -5"><span class='ocrx_word' id='word_1_308' title='bbox 296 3574 397 3630; x_wconf 74' lang='grc' dir='ltr'><strong>Π.</strong></span> <span class='ocrx_word' id='word_1_309' title='bbox 422 3568 774 3628; x_wconf 78' lang='lat' dir='ltr'><strong>Observanda</strong></span> <span class='ocrx_word' id='word_1_310' title='bbox 837 3567 1025 3628; x_wconf 79' lang='lat' dir='ltr'><strong>verba,</strong></span> <span class='ocrx_word' id='word_1_311' title='bbox 1077 3562 1283 3635; x_wconf 81' lang='lat' dir='ltr'><strong>quibus</strong></span> <span class='ocrx_word' id='word_1_312' title='bbox 1323 3574 1465 3630; x_wconf 86' lang='lat' dir='ltr'><strong>pene</strong></span> <span class='ocrx_word' id='word_1_313' title='bbox 1531 3553 1809 3611; x_wconf 83' lang='lat' dir='ltr'><strong>clauditur</strong></span> 
     </span>
    </p>
   </div>
   <div class='ocr_carea' id='block_1_52' title="bbox 231 3645 1808 3737">
    <p class='ocr_par' dir='ltr' id='par_1_52' title="bbox 231 3645 1808 3737">
     <span class='ocr_line' id='line_1_52' title="bbox 231 3645 1808 3737; baseline -0.015 -16"><span class='ocrx_word' id='word_1_314' title='bbox 231 3665 468 3737; x_wconf 80' lang='lat' dir='ltr'><strong>epistola</strong></span> <span class='ocrx_word' id='word_1_315' title='bbox 499 3680 513 3716; x_wconf 89' lang='lat'><strong>:</strong></span> <span class='ocrx_word' id='word_1_316' title='bbox 547 3681 565 3714; x_wconf 83' lang='grc'><strong>‹</strong></span> <span class='ocrx_word' id='word_1_317' title='bbox 607 3662 712 3716; x_wconf 84' lang='lat' dir='ltr'><strong>Ista</strong></span> <span class='ocrx_word' id='word_1_318' title='bbox 736 3675 840 3730; x_wconf 75' lang='lat' dir='ltr'><strong>ego</strong></span> <span class='ocrx_word' id='word_1_319' title='bbox 867 3673 1015 3712; x_wconf 80' lang='lat' dir='ltr'><strong>nunc</strong></span> <span class='ocrx_word' id='word_1_320' title='bbox 1045 3652 1373 3723; x_wconf 82' lang='lat' dir='ltr'><strong>compendio</strong></span> <span class='ocrx_word' id='word_1_321' title='bbox 1423 3648 1659 3712; x_wconf 80' lang='lat' dir='ltr'><strong>dictavi;</strong></span> <span class='ocrx_word' id='word_1_322' title='bbox 1685 3645 1808 3699; x_wconf 86' lang='lat' dir='ltr'><strong>misi</strong></span> 
     </span>
    </p>
   </div>
   <div class='ocr_carea' id='block_1_53' title="bbox 233 3738 1810 3822">
    <p class='ocr_par' dir='ltr' id='par_1_53' title="bbox 233 3738 1810 3822">
     <span class='ocr_line' id='line_1_53' title="bbox 233 3738 1810 3822; baseline -0.013 -11"><span class='ocrx_word' id='word_1_323' title='bbox 233 3763 513 3821; x_wconf 83' lang='lat' dir='ltr'><strong>autem,et</strong></span> <span class='ocrx_word' id='word_1_324' title='bbox 527 3767 696 3822; x_wconf 79' lang='lat' dir='ltr'><strong>quam</strong></span> <span class='ocrx_word' id='word_1_325' title='bbox 718 3765 898 3819; x_wconf 81' lang='lat' dir='ltr'><strong>nuper</strong></span> <span class='ocrx_word' id='word_1_326' title='bbox 920 3748 1248 3817; x_wconf 82' lang='lat' dir='ltr'><strong>scripseram</strong></span> <span class='ocrx_word' id='word_1_327' title='bbox 1270 3745 1490 3798; x_wconf 86' lang='lat' dir='ltr'><strong>hortatu</strong></span> <span class='ocrx_word' id='word_1_328' title='bbox 1508 3738 1810 3809; x_wconf 81' lang='lat' dir='ltr'><strong>religiosis-</strong></span> 
     </span>
    </p>
   </div>
   <div class='ocr_carea' id='block_1_54' title="bbox 235 3831 1808 3912">
    <p class='ocr_par' dir='ltr' id='par_1_54' title="bbox 235 3831 1808 3912">
     <span class='ocr_line' id='line_1_54' title="bbox 235 3831 1808 3912; baseline -0.013 -9"><span class='ocrx_word' id='word_1_329' title='bbox 235 3847 364 3903; x_wconf 88' lang='lat' dir='ltr'><strong>simi</strong></span> <span class='ocrx_word' id='word_1_330' title='bbox 388 3844 828 3912; x_wconf 87' lang='lat' dir='ltr'><strong>sanctissimique</strong></span> <span class='ocrx_word' id='word_1_331' title='bbox 852 3839 1098 3895; x_wconf 82' lang='lat' dir='ltr'><strong>hominis</strong></span> <span class='ocrx_word' id='word_1_332' title='bbox 1137 3837 1232 3892; x_wconf 89' lang='lat' dir='ltr'><strong>Dei</strong></span> <span class='ocrx_word' id='word_1_333' title='bbox 1265 3833 1554 3890; x_wconf 79' lang='lat' dir='ltr'><strong>Domini...</strong></span> <span class='ocrx_word' id='word_1_334' title='bbox 1583 3831 1808 3885; x_wconf 76' lang='lat' dir='ltr'><strong>brevem</strong></span> 
     </span>
    </p>
   </div>
   <div class='ocr_carea' id='block_1_55' title="bbox 237 3922 1811 4006">
    <p class='ocr_par' dir='ltr' id='par_1_55' title="bbox 237 3922 1811 4006">
     <span class='ocr_line' id='line_1_55' title="bbox 237 3922 1811 4006; baseline -0.012 -12"><span class='ocrx_word' id='word_1_335' title='bbox 237 3937 665 4000; x_wconf 83' lang='lat' dir='ltr'><strong>Instuutionem,</strong></span> <span class='ocrx_word' id='word_1_336' title='bbox 695 3950 818 4006; x_wconf 76' lang='lat' dir='ltr'><strong>quae</strong></span> <span class='ocrx_word' id='word_1_337' title='bbox 863 3942 920 3989; x_wconf 90' lang='lat' dir='ltr'><strong>et</strong></span> <span class='ocrx_word' id='word_1_338' title='bbox 958 3934 1074 4003; x_wconf 83' lang='lat' dir='ltr'><strong>ipsa</strong></span> <span class='ocrx_word' id='word_1_339' title='bbox 1129 3929 1362 3986; x_wconf 83' lang='lat' dir='ltr'><strong>sufficiat</strong></span> <span class='ocrx_word' id='word_1_340' title='bbox 1407 3926 1476 3981; x_wconf 87' lang='lat' dir='ltr'><strong>ad</strong></span> <span class='ocrx_word' id='word_1_341' title='bbox 1507 3922 1811 3979; x_wconf 86' lang='lat' dir='ltr'><strong>docendam</strong></span> 
     </span>
    </p>
   </div>
   <div class='ocr_carea' id='block_1_56' title="bbox 237 4013 1816 4102">
    <p class='ocr_par' dir='ltr' id='par_1_56' title="bbox 237 4013 1816 4102">
     <span class='ocr_line' id='line_1_56' title="bbox 237 4013 1816 4102; baseline -0.013 -16"><span class='ocrx_word' id='word_1_342' title='bbox 237 4028 666 4102; x_wconf 83' lang='lat' dir='ltr'><strong>apostolicorum</strong></span> <span class='ocrx_word' id='word_1_343' title='bbox 715 4026 1031 4097; x_wconf 88' lang='lat' dir='ltr'><strong>dogmatum</strong></span> <span class='ocrx_word' id='word_1_344' title='bbox 1063 4022 1372 4078; x_wconf 87' lang='lat' dir='ltr'><strong>veritatem.</strong></span> <span class='ocrx_word' id='word_1_345' title='bbox 1404 4016 1560 4084; x_wconf 83' lang='lat' dir='ltr'><strong>Quod</strong></span> <span class='ocrx_word' id='word_1_346' title='bbox 1591 4015 1635 4071; x_wconf 87' lang='lat' dir='ltr'><strong>si</strong></span> <span class='ocrx_word' id='word_1_347' title='bbox 1665 4013 1816 4068; x_wconf 85' lang='lat' dir='ltr'><strong>calli-</strong></span> 
     </span>
    </p>
   </div>
   <div class='ocr_carea' id='block_1_57' title="bbox 236 4103 1814 4194">
    <p class='ocr_par' dir='ltr' id='par_1_57' title="bbox 236 4103 1814 4194">
     <span class='ocr_line' id='line_1_57' title="bbox 236 4103 1814 4194; baseline -0.013 -19"><span class='ocrx_word' id='word_1_348' title='bbox 236 4121 508 4194; x_wconf 86' lang='lat' dir='ltr'><strong>graphum</strong></span> <span class='ocrx_word' id='word_1_349' title='bbox 535 4127 728 4174; x_wconf 89' lang='lat' dir='ltr'><strong>nactus</strong></span> <span class='ocrx_word' id='word_1_350' title='bbox 762 4117 940 4180; x_wconf 70' lang='lat' dir='ltr'><strong>fuero,</strong></span> <span class='ocrx_word' id='word_1_351' title='bbox 985 4115 1200 4169; x_wconf 88' lang='lat' dir='ltr'><strong>mittam</strong></span> <span class='ocrx_word' id='word_1_352' title='bbox 1244 4107 1518 4167; x_wconf 89' lang='lat' dir='ltr'><strong>sanctitati</strong></span> <span class='ocrx_word' id='word_1_353' title='bbox 1573 4116 1682 4160; x_wconf 72' lang='lat' dir='ltr'><strong>tua:</strong></span> <span class='ocrx_word' id='word_1_354' title='bbox 1724 4103 1814 4156; x_wconf 89' lang='lat' dir='ltr'><strong>illa</strong></span> 
     </span>
    </p>
   </div>
   <div class='ocr_carea' id='block_1_58' title="bbox 237 4202 1819 4284">
    <p class='ocr_par' dir='ltr' id='par_1_58' title="bbox 237 4202 1819 4284">
     <span class='ocr_line' id='line_1_58' title="bbox 237 4202 1819 4284; baseline -0.011 -14"><span class='ocrx_word' id='word_1_355' title='bbox 237 4217 430 4278; x_wconf 79' lang='lat' dir='ltr'><strong>etiam,</strong></span> <span class='ocrx_word' id='word_1_356' title='bbox 454 4226 577 4284; x_wconf 69' lang='lat' dir='ltr'><strong>qua:</strong></span> <span class='ocrx_word' id='word_1_357' title='bbox 613 4211 812 4282; x_wconf 89' lang='lat' dir='ltr'><strong>dialogi</strong></span> <span class='ocrx_word' id='word_1_358' title='bbox 846 4225 998 4265; x_wconf 88' lang='lat' dir='ltr'><strong>more</strong></span> <span class='ocrx_word' id='word_1_359' title='bbox 1057 4223 1158 4279; x_wconf 88' lang='lat' dir='ltr'><strong>per</strong></span> <span class='ocrx_word' id='word_1_360' title='bbox 1199 4202 1682 4274; x_wconf 77' lang='lat' dir='ltr'><strong>interrogationem</strong></span> <span class='ocrx_word' id='word_1_361' title='bbox 1761 4207 1819 4252; x_wconf 89' lang='lat' dir='ltr'><strong>et</strong></span> 
     </span>
    </p>
   </div>
   <div class='ocr_carea' id='block_1_59' title="bbox 236 4294 1816 4376">
    <p class='ocr_par' dir='ltr' id='par_1_59' title="bbox 236 4294 1816 4376">
     <span class='ocr_line' id='line_1_59' title="bbox 236 4294 1816 4376; baseline -0.01 -15"><span class='ocrx_word' id='word_1_362' title='bbox 236 4303 657 4376; x_wconf 89' lang='lat' dir='ltr'><strong>responsionem</strong></span> <span class='ocrx_word' id='word_1_363' title='bbox 696 4300 1020 4371; x_wconf 86' lang='lat' dir='ltr'><strong>conscripsi,</strong></span> <span class='ocrx_word' id='word_1_364' title='bbox 1065 4297 1368 4353; x_wconf 82' lang='lat' dir='ltr'><strong>orationem</strong></span> <span class='ocrx_word' id='word_1_365' title='bbox 1421 4294 1639 4364; x_wconf 88' lang='lat' dir='ltr'><strong>longius</strong></span> <span class='ocrx_word' id='word_1_366' title='bbox 1685 4307 1816 4362; x_wconf 86' lang='lat' dir='ltr'><strong>pro-</strong></span> 
     </span>
    </p>
   </div>
   <div class='ocr_carea' id='block_1_60' title="bbox 1901 1781 3476 1856">
    <p class='ocr_par' dir='ltr' id='par_1_60' title="bbox 1901 1781 3476 1856">
     <span class='ocr_line' id='line_1_60' title="bbox 1901 1781 3476 1856; baseline 0.005 -20"><span class='ocrx_word' id='word_1_367' title='bbox 1901 1797 2028 1836; x_wconf 88' lang='lat' dir='ltr'><strong>sens</strong></span> <span class='ocrx_word' id='word_1_368' title='bbox 2064 1781 2358 1836; x_wconf 87' lang='lat' dir='ltr'><strong>damnatus</strong></span> <span class='ocrx_word' id='word_1_369' title='bbox 2392 1791 2497 1847; x_wconf 86' lang='lat' dir='ltr'><strong>est,</strong></span> <span class='ocrx_word' id='word_1_370' title='bbox 2523 1798 2649 1836; x_wconf 87' lang='lat' dir='ltr'><strong>cum</strong></span> <span class='ocrx_word' id='word_1_371' title='bbox 2677 1783 3056 1839; x_wconf 87' lang='lat' dir='ltr'><strong>Theodoretus</strong></span> <span class='ocrx_word' id='word_1_372' title='bbox 3084 1785 3231 1856; x_wconf 83' lang='lat' dir='ltr'><strong>Cyri,</strong></span> <span class='ocrx_word' id='word_1_373' title='bbox 3266 1788 3388 1843; x_wconf 89' lang='lat' dir='ltr'><strong>lbas</strong></span> <span class='ocrx_word' id='word_1_374' title='bbox 3421 1790 3476 1844; x_wconf 92' lang='lat' dir='ltr'><strong>in</strong></span> 
     </span>
    </p>
   </div>
   <div class='ocr_carea' id='block_1_61' title="bbox 1899 1873 3475 1943">
    <p class='ocr_par' dir='ltr' id='par_1_61' title="bbox 1899 1873 3475 1943">
     <span class='ocr_line' id='line_1_61' title="bbox 1899 1873 3475 1943; baseline 0.005 -17"><span class='ocrx_word' id='word_1_375' title='bbox 1899 1873 2095 1927; x_wconf 85' lang='lat' dir='ltr'><strong>exsilio</strong></span> <span class='ocrx_word' id='word_1_376' title='bbox 2117 1881 2432 1928; x_wconf 85' lang='lat' dir='ltr'><strong>versaretur</strong></span> <span class='ocrx_word' id='word_1_377' title='bbox 2462 1891 2474 1925; x_wconf 89' lang='lat'>:</span> <span class='ocrx_word' id='word_1_378' title='bbox 2519 1873 2610 1928; x_wconf 87' lang='lat' dir='ltr'><strong>ille</strong></span> <span class='ocrx_word' id='word_1_379' title='bbox 2646 1873 3000 1943; x_wconf 85' lang='lat' dir='ltr'><strong>imperatoris</strong></span> <span class='ocrx_word' id='word_1_380' title='bbox 3040 1877 3320 1943; x_wconf 87' lang='lat' dir='ltr'><strong>mandato,</strong></span> <span class='ocrx_word' id='word_1_381' title='bbox 3372 1879 3475 1934; x_wconf 88' lang='lat' dir='ltr'><strong>iste</strong></span> 
     </span>
    </p>
   </div>
   <div class='ocr_carea' id='block_1_62' title="bbox 1902 1963 2858 2035">
    <p class='ocr_par' dir='ltr' id='par_1_62' title="bbox 1902 1963 2858 2035">
     <span class='ocr_line' id='line_1_62' title="bbox 1902 1963 2858 2035; baseline 0.002 -17"><span class='ocrx_word' id='word_1_382' title='bbox 1902 1963 2166 2035; x_wconf 85' lang='lat' dir='ltr'><strong>Eutychis</strong></span> <span class='ocrx_word' id='word_1_383' title='bbox 2191 1973 2248 2020; x_wconf 87' lang='lat' dir='ltr'><strong>et</strong></span> <span class='ocrx_word' id='word_1_384' title='bbox 2269 1964 2595 2035; x_wconf 85' lang='lat' dir='ltr'><strong>Chrysapbii</strong></span> <span class='ocrx_word' id='word_1_385' title='bbox 2621 1965 2858 2022; x_wconf 81' lang='lat' dir='ltr'><strong>artibus.</strong></span> 
     </span>
    </p>
   </div>
   <div class='ocr_carea' id='block_1_63' title="bbox 1972 2055 3475 2118">
    <p class='ocr_par' dir='ltr' id='par_1_63' title="bbox 1972 2055 3475 2118">
     <span class='ocr_line' id='line_1_63' title="bbox 1972 2055 3475 2118; baseline 0.004 -7"><span class='ocrx_word' id='word_1_386' title='bbox 1972 2057 2039 2111; x_wconf 87' lang='lat' dir='ltr'><strong>II.</strong></span> <span class='ocrx_word' id='word_1_387' title='bbox 2097 2055 2345 2112; x_wconf 74' lang='lat' dir='ltr'><strong>Videnda</strong></span> <span class='ocrx_word' id='word_1_388' title='bbox 2387 2072 2545 2111; x_wconf 74' lang='lat' dir='ltr'><strong>nonae</strong></span> <span class='ocrx_word' id='word_1_389' title='bbox 2593 2065 2650 2112; x_wconf 89' lang='lat' dir='ltr'><strong>et</strong></span> <span class='ocrx_word' id='word_1_390' title='bbox 2699 2058 2931 2114; x_wconf 68' lang='lat' dir='ltr'><strong>decimae</strong></span> <span class='ocrx_word' id='word_1_391' title='bbox 2979 2060 3216 2116; x_wconf 85' lang='lat' dir='ltr'><strong>actionis</strong></span> <span class='ocrx_word' id='word_1_392' title='bbox 3254 2063 3475 2118; x_wconf 85' lang='lat' dir='ltr'><strong>concilii</strong></span> 
     </span>
    </p>
   </div>
   <div class='ocr_carea' id='block_1_64' title="bbox 1901 2147 3478 2216">
    <p class='ocr_par' dir='ltr' id='par_1_64' title="bbox 1901 2147 3478 2216">
     <span class='ocr_line' id='line_1_64' title="bbox 1901 2147 3478 2216; baseline 0.003 -14"><span class='ocrx_word' id='word_1_393' title='bbox 1901 2147 2367 2204; x_wconf 87' lang='lat' dir='ltr'><strong>Chalcedonensis</strong></span> <span class='ocrx_word' id='word_1_394' title='bbox 2397 2149 2553 2209; x_wconf 85' lang='lat' dir='ltr'><strong>Acta.</strong></span> <span class='ocrx_word' id='word_1_395' title='bbox 2581 2149 2784 2216; x_wconf 80' lang='lat' dir='ltr'><strong>quibus</strong></span> <span class='ocrx_word' id='word_1_396' title='bbox 2831 2151 3146 2206; x_wconf 85' lang='lat' dir='ltr'><strong>continetur</strong></span> <span class='ocrx_word' id='word_1_397' title='bbox 3173 2160 3286 2208; x_wconf 88' lang='lat' dir='ltr'><strong>tota</strong></span> <span class='ocrx_word' id='word_1_398' title='bbox 3337 2155 3478 2207; x_wconf 75' lang='grc' dir='ltr'>κατὰ</span> 
     </span>
    </p>
   </div>
   <div class='ocr_carea' id='block_1_65' title="bbox 1906 2240 2426 2311">
    <p class='ocr_par' dir='ltr' id='par_1_65' title="bbox 1906 2240 2426 2311">
     <span class='ocr_line' id='line_1_65' title="bbox 1906 2240 2426 2311; baseline 0.002 -18"><span class='ocrx_word' id='word_1_399' title='bbox 1906 2241 2071 2311; x_wconf 79' lang='grc' dir='ltr'><strong>μέρος</strong></span> <span class='ocrx_word' id='word_1_400' title='bbox 2105 2240 2214 2295; x_wconf 66' lang='lat' dir='ltr'><strong>Iba:</strong></span> <span class='ocrx_word' id='word_1_401' title='bbox 2241 2256 2426 2294; x_wconf 88' lang='lat' dir='ltr'><strong>causa.</strong></span> 
     </span>
    </p>
   </div>
   <div class='ocr_carea' id='block_1_66' title="bbox 1903 2353 3480 2438">
    <p class='ocr_par' dir='ltr' id='par_1_66' title="bbox 1903 2353 3480 2438">
     <span class='ocr_line' id='line_1_66' title="bbox 1903 2353 3480 2438; baseline 0.003 -30"><span class='ocrx_word' id='word_1_402' title='bbox 1903 2353 2144 2424; x_wconf 80' lang='lat' dir='ltr'><strong>Epistola</strong></span> <span class='ocrx_word' id='word_1_403' title='bbox 2177 2353 2298 2415; x_wconf 72' lang='lat'><strong>133,</strong></span> <span class='ocrx_word' id='word_1_404' title='bbox 2357 2354 2644 2438; x_wconf 66' lang='lat' dir='ltr'><strong>[anciliaris</strong></span> <span class='ocrx_word' id='word_1_405' title='bbox 2685 2356 2756 2408; x_wconf 85' lang='lat' dir='ltr'><strong>ad</strong></span> <span class='ocrx_word' id='word_1_406' title='bbox 2813 2355 3078 2410; x_wconf 73' lang='lat' dir='ltr'><strong>Joannem</strong></span> <span class='ocrx_word' id='word_1_407' title='bbox 3133 2358 3480 2414; x_wconf 76' lang='lat' dir='ltr'><strong>Germanicice</strong></span> 
     </span>
    </p>
   </div>
   <div class='ocr_carea' id='block_1_67' title="bbox 2525 2441 2846 2496">
    <p class='ocr_par' dir='ltr' id='par_1_67' title="bbox 2525 2441 2846 2496">
     <span class='ocr_line' id='line_1_67' title="bbox 2525 2441 2846 2496; baseline 0.006 -18"><span class='ocrx_word' id='word_1_408' title='bbox 2525 2441 2846 2496; x_wconf 66' lang='lat' dir='ltr'><strong>episcopum.</strong></span> 
     </span>
    </p>
   </div>
   <div class='ocr_carea' id='block_1_68' title="bbox 1973 2534 2918 2591">
    <p class='ocr_par' dir='ltr' id='par_1_68' title="bbox 1973 2534 2918 2591">
     <span class='ocr_line' id='line_1_68' title="bbox 1973 2534 2918 2591; baseline 0 -1"><span class='ocrx_word' id='word_1_409' title='bbox 1973 2535 2014 2590; x_wconf 91' lang='lat' dir='ltr'><strong>I.</strong></span> <span class='ocrx_word' id='word_1_410' title='bbox 2056 2535 2190 2590; x_wconf 88' lang='lat' dir='ltr'><strong>Data</strong></span> <span class='ocrx_word' id='word_1_411' title='bbox 2211 2545 2294 2590; x_wconf 88' lang='lat' dir='ltr'><strong>est</strong></span> <span class='ocrx_word' id='word_1_412' title='bbox 2317 2536 2420 2590; x_wconf 91' lang='lat' dir='ltr'><strong>sub</strong></span> <span class='ocrx_word' id='word_1_413' title='bbox 2447 2534 2610 2591; x_wconf 85' lang='lat' dir='ltr'><strong>finem</strong></span> <span class='ocrx_word' id='word_1_414' title='bbox 2635 2537 2762 2589; x_wconf 89' lang='lat' dir='ltr'><strong>anni</strong></span> <span class='ocrx_word' id='word_1_415' title='bbox 2791 2535 2918 2591; x_wconf 70' lang='lat' dir='ltr'><strong>M9.</strong></span> 
     </span>
    </p>
   </div>
   <div class='ocr_carea' id='block_1_69' title="bbox 1975 2627 3478 2686">
    <p class='ocr_par' dir='ltr' id='par_1_69' title="bbox 1975 2627 3478 2686">
     <span class='ocr_line' id='line_1_69' title="bbox 1975 2627 3478 2686; baseline 0.002 -4"><span class='ocrx_word' id='word_1_416' title='bbox 1975 2627 2396 2682; x_wconf 77' lang='lat' dir='ltr'><strong>II.Invitaverat</strong></span> <span class='ocrx_word' id='word_1_417' title='bbox 2425 2627 2834 2682; x_wconf 83' lang='lat' dir='ltr'><strong>Theodoretum</strong></span> <span class='ocrx_word' id='word_1_418' title='bbox 2884 2627 3127 2684; x_wconf 80' lang='lat' dir='ltr'><strong>Joannes</strong></span> <span class='ocrx_word' id='word_1_419' title='bbox 3189 2630 3478 2686; x_wconf 86' lang='lat' dir='ltr'><strong>Germani-</strong></span> 
     </span>
    </p>
   </div>
   <div class='ocr_carea' id='block_1_70' title="bbox 1903 2717 3480 2793">
    <p class='ocr_par' dir='ltr' id='par_1_70' title="bbox 1903 2717 3480 2793">
     <span class='ocr_line' id='line_1_70' title="bbox 1903 2717 3480 2793; baseline 0.002 -19"><span class='ocrx_word' id='word_1_420' title='bbox 1903 2719 2067 2784; x_wconf 83' lang='lat' dir='ltr'><strong>ciam,</strong></span> <span class='ocrx_word' id='word_1_421' title='bbox 2095 2720 2248 2774; x_wconf 87' lang='lat' dir='ltr'><strong>velut</strong></span> <span class='ocrx_word' id='word_1_422' title='bbox 2279 2720 2336 2772; x_wconf 88' lang='lat' dir='ltr'><strong>in</strong></span> <span class='ocrx_word' id='word_1_423' title='bbox 2365 2719 2546 2773; x_wconf 89' lang='lat' dir='ltr'><strong>locum</strong></span> <span class='ocrx_word' id='word_1_424' title='bbox 2583 2717 2800 2788; x_wconf 85' lang='lat' dir='ltr'><strong>refugii,</strong></span> <span class='ocrx_word' id='word_1_425' title='bbox 2823 2734 2947 2773; x_wconf 89' lang='lat' dir='ltr'><strong>cum</strong></span> <span class='ocrx_word' id='word_1_426' title='bbox 2981 2722 3349 2791; x_wconf 73' lang='lat' dir='ltr'><strong>expelleretur</strong></span> <span class='ocrx_word' id='word_1_427' title='bbox 3378 2723 3480 2793; x_wconf 78' lang='lat' dir='ltr'><strong>Cy-</strong></span> 
     </span>
    </p>
   </div>
   <div class='ocr_carea' id='block_1_71' title="bbox 1905 2809 3480 2883">
    <p class='ocr_par' dir='ltr' id='par_1_71' title="bbox 1905 2809 3480 2883">
     <span class='ocr_line' id='line_1_71' title="bbox 1905 2809 3480 2883; baseline 0.001 -19"><span class='ocrx_word' id='word_1_428' title='bbox 1905 2827 1966 2866; x_wconf 92' lang='lat' dir='ltr'><strong>ro</strong></span> <span class='ocrx_word' id='word_1_429' title='bbox 1990 2827 2005 2877; x_wconf 89' lang='lat'><strong>;</strong></span> <span class='ocrx_word' id='word_1_430' title='bbox 2041 2811 2130 2865; x_wconf 89' lang='lat' dir='ltr'><strong>ille</strong></span> <span class='ocrx_word' id='word_1_431' title='bbox 2156 2812 2295 2866; x_wconf 86' lang='lat' dir='ltr'><strong>actis</strong></span> <span class='ocrx_word' id='word_1_432' title='bbox 2318 2810 2512 2881; x_wconf 85' lang='lat' dir='ltr'><strong>gratiis</strong></span> <span class='ocrx_word' id='word_1_433' title='bbox 2535 2810 2842 2864; x_wconf 87' lang='lat' dir='ltr'><strong>rescribite</strong></span> <span class='ocrx_word' id='word_1_434' title='bbox 2861 2809 3088 2883; x_wconf 85' lang='lat' dir='ltr'><strong>Cyrensi</strong></span> <span class='ocrx_word' id='word_1_435' title='bbox 3112 2813 3269 2878; x_wconf 90' lang='lat' dir='ltr'><strong>urbe,</strong></span> <span class='ocrx_word' id='word_1_436' title='bbox 3300 2828 3357 2868; x_wconf 90' lang='lat' dir='ltr'><strong>se</strong></span> <span class='ocrx_word' id='word_1_437' title='bbox 3382 2828 3480 2868; x_wconf 90' lang='lat' dir='ltr'><strong>ex-</strong></span> 
     </span>
    </p>
   </div>
   <div class='ocr_carea' id='block_1_72' title="bbox 1903 2901 3482 2972">
    <p class='ocr_par' dir='ltr' id='par_1_72' title="bbox 1903 2901 3482 2972">
     <span class='ocr_line' id='line_1_72' title="bbox 1903 2901 3482 2972; baseline 0 -15"><span class='ocrx_word' id='word_1_438' title='bbox 1903 2909 2151 2972; x_wconf 85' lang='lat' dir='ltr'><strong>spectare</strong></span> <span class='ocrx_word' id='word_1_439' title='bbox 2171 2910 2501 2971; x_wconf 61' lang='lat' dir='ltr'><strong>praeceptum</strong></span> <span class='ocrx_word' id='word_1_440' title='bbox 2524 2901 2870 2969; x_wconf 80' lang='lat' dir='ltr'><strong>imperatoris</strong></span> <span class='ocrx_word' id='word_1_441' title='bbox 2906 2902 2975 2956; x_wconf 80' lang='lat' dir='ltr'><strong>de</strong></span> <span class='ocrx_word' id='word_1_442' title='bbox 3012 2903 3132 2958; x_wconf 88' lang='lat' dir='ltr'><strong>loco</strong></span> <span class='ocrx_word' id='word_1_443' title='bbox 3163 2903 3373 2968; x_wconf 80' lang='lat' dir='ltr'><strong>exsilii;</strong></span> <span class='ocrx_word' id='word_1_444' title='bbox 3425 2904 3482 2957; x_wconf 89' lang='lat' dir='ltr'><strong>id</strong></span> 
     </span>
    </p>
   </div>
   <div class='ocr_carea' id='block_1_73' title="bbox 1907 2991 3482 3062">
    <p class='ocr_par' dir='ltr' id='par_1_73' title="bbox 1907 2991 3482 3062">
     <span class='ocr_line' id='line_1_73' title="bbox 1907 2991 3482 3062; baseline 0.001 -14"><span class='ocrx_word' id='word_1_445' title='bbox 1907 2995 2054 3048; x_wconf 89' lang='lat' dir='ltr'><strong>enim</strong></span> <span class='ocrx_word' id='word_1_446' title='bbox 2083 2992 2288 3047; x_wconf 88' lang='lat' dir='ltr'><strong>litteris</strong></span> <span class='ocrx_word' id='word_1_447' title='bbox 2311 2993 2376 3046; x_wconf 91' lang='lat' dir='ltr'><strong>ad</strong></span> <span class='ocrx_word' id='word_1_448' title='bbox 2404 2991 2714 3046; x_wconf 80' lang='lat' dir='ltr'><strong>Anatolium</strong></span> <span class='ocrx_word' id='word_1_449' title='bbox 2742 2991 2884 3046; x_wconf 87' lang='lat' dir='ltr'><strong>datis</strong></span> <span class='ocrx_word' id='word_1_450' title='bbox 2939 2993 3240 3062; x_wconf 77' lang='lat' dir='ltr'><strong>expetierat</strong></span> <span class='ocrx_word' id='word_1_451' title='bbox 3273 3011 3286 3046; x_wconf 88' lang='lat'><strong>:</strong></span> <span class='ocrx_word' id='word_1_452' title='bbox 3329 3012 3348 3044; x_wconf 85' lang='grc'><strong><em>‹</em></strong></span> <span class='ocrx_word' id='word_1_453' title='bbox 3403 2995 3482 3049; x_wconf 87' lang='lat' dir='ltr'><strong>De</strong></span> 
     </span>
    </p>
   </div>
   <div class='ocr_carea' id='block_1_74' title="bbox 1910 3081 3480 3153">
    <p class='ocr_par' dir='ltr' id='par_1_74' title="bbox 1910 3081 3480 3153">
     <span class='ocr_line' id='line_1_74' title="bbox 1910 3081 3480 3153; baseline 0.001 -15"><span class='ocrx_word' id='word_1_454' title='bbox 1910 3091 2096 3138; x_wconf 86' lang='lat' dir='ltr'><strong>nostra</strong></span> <span class='ocrx_word' id='word_1_455' title='bbox 2157 3083 2338 3137; x_wconf 84' lang='lat' dir='ltr'><strong>isthuc</strong></span> <span class='ocrx_word' id='word_1_456' title='bbox 2392 3082 2730 3152; x_wconf 85' lang='lat' dir='ltr'><strong>profectione</strong></span> <span class='ocrx_word' id='word_1_457' title='bbox 2761 3081 3006 3136; x_wconf 87' lang='lat' dir='ltr'><strong>scribere</strong></span> <span class='ocrx_word' id='word_1_458' title='bbox 3055 3082 3194 3136; x_wconf 90' lang='lat' dir='ltr'><strong>nihil</strong></span> <span class='ocrx_word' id='word_1_459' title='bbox 3235 3098 3480 3153; x_wconf 85' lang='lat' dir='ltr'><strong>possum.</strong></span> 
     </span>
    </p>
   </div>
   <div class='ocr_carea' id='block_1_75' title="bbox 1909 3171 3484 3246">
    <p class='ocr_par' dir='ltr' id='par_1_75' title="bbox 1909 3171 3484 3246">
     <span class='ocr_line' id='line_1_75' title="bbox 1909 3171 3484 3246; baseline 0 -17"><span class='ocrx_word' id='word_1_460' title='bbox 1909 3175 2230 3246; x_wconf 84' lang='lat' dir='ltr'><strong>priusquam</strong></span> <span class='ocrx_word' id='word_1_461' title='bbox 2279 3188 2630 3244; x_wconf 76' lang='lat' dir='ltr'><strong>cOgnoscam,</strong></span> <span class='ocrx_word' id='word_1_462' title='bbox 2688 3172 2822 3243; x_wconf 85' lang='lat' dir='ltr'><strong>quid</strong></span> <span class='ocrx_word' id='word_1_463' title='bbox 2861 3171 2930 3227; x_wconf 79' lang='lat' dir='ltr'><strong>de</strong></span> <span class='ocrx_word' id='word_1_464' title='bbox 2980 3173 3140 3227; x_wconf 89' lang='lat' dir='ltr'><strong>nobis</strong></span> <span class='ocrx_word' id='word_1_465' title='bbox 3162 3176 3484 3244; x_wconf 75' lang='lat' dir='ltr'><strong>praeceperit</strong></span> 
     </span>
    </p>
   </div>
   <div class='ocr_carea' id='block_1_76' title="bbox 1907 3265 2600 3337">
    <p class='ocr_par' dir='ltr' id='par_1_76' title="bbox 1907 3265 2600 3337">
     <span class='ocr_line' id='line_1_76' title="bbox 1907 3265 2600 3337; baseline -0.009 -17"><span class='ocrx_word' id='word_1_466' title='bbox 1907 3266 2188 3337; x_wconf 87' lang='lat' dir='ltr'><strong>piissimus</strong></span> <span class='ocrx_word' id='word_1_467' title='bbox 2229 3265 2548 3335; x_wconf 86' lang='lat' dir='ltr'><strong>imperator.</strong></span> <span class='ocrx_word' id='word_1_468' title='bbox 2581 3282 2600 3314; x_wconf 74' lang='grc' dir='ltr'><strong>ι</strong></span> 
     </span>
    </p>
   </div>
   <div class='ocr_carea' id='block_1_77' title="bbox 1979 3352 3484 3427">
    <p class='ocr_par' dir='ltr' id='par_1_77' title="bbox 1979 3352 3484 3427">
     <span class='ocr_line' id='line_1_77' title="bbox 1979 3352 3484 3427; baseline -0.005 -12"><span class='ocrx_word' id='word_1_469' title='bbox 1979 3357 2143 3427; x_wconf 74' lang='lat'><strong>350</strong></span> <span class='ocrx_word' id='word_1_470' title='bbox 2173 3355 2262 3410; x_wconf 89' lang='lat' dir='ltr'><strong>Ill.</strong></span> <span class='ocrx_word' id='word_1_471' title='bbox 2293 3356 2470 3425; x_wconf 72' lang='lat' dir='ltr'><strong>Hujus</strong></span> <span class='ocrx_word' id='word_1_472' title='bbox 2502 3353 2746 3423; x_wconf 77' lang='lat' dir='ltr'><strong>epistolae</strong></span> <span class='ocrx_word' id='word_1_473' title='bbox 2766 3353 3104 3407; x_wconf 83' lang='lat' dir='ltr'><strong>mentionem</strong></span> <span class='ocrx_word' id='word_1_474' title='bbox 3135 3352 3266 3408; x_wconf 86' lang='lat' dir='ltr'><strong>facit</strong></span> <span class='ocrx_word' id='word_1_475' title='bbox 3315 3352 3374 3406; x_wconf 89' lang='lat' dir='ltr'><strong>iu</strong></span> <span class='ocrx_word' id='word_1_476' title='bbox 3401 3355 3484 3408; x_wconf 88' lang='lat' dir='ltr'><strong>al-</strong></span> 
     </span>
    </p>
   </div>
   <div class='ocr_carea' id='block_1_78' title="bbox 1911 3444 3488 3519">
    <p class='ocr_par' dir='ltr' id='par_1_78' title="bbox 1911 3444 3488 3519">
     <span class='ocr_line' id='line_1_78' title="bbox 1911 3444 3488 3519; baseline -0.003 -15"><span class='ocrx_word' id='word_1_477' title='bbox 1911 3459 2030 3504; x_wconf 89' lang='lat' dir='ltr'><strong>tera</strong></span> <span class='ocrx_word' id='word_1_478' title='bbox 2065 3450 2228 3519; x_wconf 88' lang='lat' dir='ltr'><strong>paulo</strong></span> <span class='ocrx_word' id='word_1_479' title='bbox 2254 3455 2375 3517; x_wconf 83' lang='lat' dir='ltr'><strong>post</strong></span> <span class='ocrx_word' id='word_1_480' title='bbox 2401 3447 2525 3500; x_wconf 87' lang='lat' dir='ltr'><strong>data</strong></span> <span class='ocrx_word' id='word_1_481' title='bbox 2559 3445 2607 3477; x_wconf 79' lang='lat'><strong>&quot;</strong></span> <span class='ocrx_word' id='word_1_482' title='bbox 2641 3464 2656 3498; x_wconf 89' lang='lat'><strong>:</strong></span> <span class='ocrx_word' id='word_1_483' title='bbox 2719 3464 2740 3496; x_wconf 87' lang='grc'><em>‹</em></span> <span class='ocrx_word' id='word_1_484' title='bbox 2797 3444 2880 3500; x_wconf 83' lang='lat' dir='ltr'><strong>Ad</strong></span> <span class='ocrx_word' id='word_1_485' title='bbox 2927 3445 3143 3516; x_wconf 86' lang='lat' dir='ltr'><strong>priores</strong></span> <span class='ocrx_word' id='word_1_486' title='bbox 3180 3447 3488 3500; x_wconf 81' lang='lat' dir='ltr'><strong>sanctitatis</strong></span> 
     </span>
    </p>
   </div>
   <div class='ocr_carea' id='block_1_79' title="bbox 1912 3534 3486 3604">
    <p class='ocr_par' dir='ltr' id='par_1_79' title="bbox 1912 3534 3486 3604">
     <span class='ocr_line' id='line_1_79' title="bbox 1912 3534 3486 3604; baseline -0.001 -13"><span class='ocrx_word' id='word_1_487' title='bbox 1912 3547 2020 3594; x_wconf 63' lang='lat' dir='ltr'><strong>tua:</strong></span> <span class='ocrx_word' id='word_1_488' title='bbox 2057 3539 2269 3592; x_wconf 86' lang='lat' dir='ltr'><strong>litteras</strong></span> <span class='ocrx_word' id='word_1_489' title='bbox 2328 3535 2611 3604; x_wconf 84' lang='lat' dir='ltr'><strong>rescripsi.</strong></span> <span class='ocrx_word' id='word_1_490' title='bbox 2677 3549 2806 3589; x_wconf 88' lang='lat' dir='ltr'><strong>cum</strong></span> <span class='ocrx_word' id='word_1_491' title='bbox 2851 3534 3094 3604; x_wconf 87' lang='lat' dir='ltr'><strong>primum</strong></span> <span class='ocrx_word' id='word_1_492' title='bbox 3155 3537 3382 3604; x_wconf 85' lang='lat' dir='ltr'><strong>accepi;</strong></span> <span class='ocrx_word' id='word_1_493' title='bbox 3417 3535 3486 3589; x_wconf 90' lang='lat' dir='ltr'><strong>de</strong></span> 
     </span>
    </p>
   </div>
   <div class='ocr_carea' id='block_1_80' title="bbox 1911 3629 2584 3701">
    <p class='ocr_par' dir='ltr' id='par_1_80' title="bbox 1911 3629 2584 3701">
     <span class='ocr_line' id='line_1_80' title="bbox 1911 3629 2584 3701; baseline -0.009 -15"><span class='ocrx_word' id='word_1_494' title='bbox 1911 3629 2166 3701; x_wconf 63' lang='lat' dir='ltr'><strong>praesenti</strong></span> <span class='ocrx_word' id='word_1_495' title='bbox 2190 3637 2395 3692; x_wconf 88' lang='lat' dir='ltr'><strong>autem,</strong></span> <span class='ocrx_word' id='word_1_496' title='bbox 2432 3647 2450 3678; x_wconf 72' lang='grc' dir='ltr'><strong>ι</strong></span> <span class='ocrx_word' id='word_1_497' title='bbox 2477 3635 2584 3681; x_wconf 91' lang='lat' dir='ltr'><strong>etc.</strong></span> 
     </span>
    </p>
   </div>
   <div class='ocr_carea' id='block_1_81' title="bbox 1915 3739 3490 3826">
    <p class='ocr_par' dir='ltr' id='par_1_81' title="bbox 1915 3739 3490 3826">
     <span class='ocr_line' id='line_1_81' title="bbox 1915 3739 3490 3826; baseline -0.002 -27"><span class='ocrx_word' id='word_1_498' title='bbox 1915 3744 2155 3817; x_wconf 76' lang='lat' dir='ltr'><strong>Epistula</strong></span> <span class='ocrx_word' id='word_1_499' title='bbox 2191 3743 2324 3808; x_wconf 74' lang='grc'><strong>154,</strong></span> <span class='ocrx_word' id='word_1_500' title='bbox 2383 3742 2784 3826; x_wconf 69' lang='grc' dir='ltr'><strong>ρπρτοὸνᾳῑονία</strong></span> <span class='ocrx_word' id='word_1_501' title='bbox 2819 3741 2887 3795; x_wconf 84' lang='lat' dir='ltr'><strong>ad</strong></span> <span class='ocrx_word' id='word_1_502' title='bbox 2924 3739 3272 3795; x_wconf 77' lang='lat' dir='ltr'><strong>Theoctistum</strong></span> <span class='ocrx_word' id='word_1_503' title='bbox 3296 3741 3490 3796; x_wconf 75' lang='lat' dir='ltr'><strong>Bera&#39;a:</strong></span> 
     </span>
    </p>
   </div>
   <div class='ocr_carea' id='block_1_82' title="bbox 2540 3828 2851 3883">
    <p class='ocr_par' dir='ltr' id='par_1_82' title="bbox 2540 3828 2851 3883">
     <span class='ocr_line' id='line_1_82' title="bbox 2540 3828 2851 3883; baseline 0 -18"><span class='ocrx_word' id='word_1_504' title='bbox 2540 3828 2851 3883; x_wconf 69' lang='lat' dir='ltr'><strong>episcopum.</strong></span> 
     </span>
    </p>
   </div>
   <div class='ocr_carea' id='block_1_83' title="bbox 1985 3925 3490 3999">
    <p class='ocr_par' dir='ltr' id='par_1_83' title="bbox 1985 3925 3490 3999">
     <span class='ocr_line' id='line_1_83' title="bbox 1985 3925 3490 3999; baseline -0.003 -16"><span class='ocrx_word' id='word_1_505' title='bbox 1985 3929 2028 3983; x_wconf 92' lang='lat' dir='ltr'><strong>I.</strong></span> <span class='ocrx_word' id='word_1_506' title='bbox 2053 3927 2514 3999; x_wconf 85' lang='lat' dir='ltr'><strong>Expressissimus</strong></span> <span class='ocrx_word' id='word_1_507' title='bbox 2555 3925 2819 3996; x_wconf 83' lang='lat' dir='ltr'><strong>temporis</strong></span> <span class='ocrx_word' id='word_1_508' title='bbox 2849 3926 3155 3981; x_wconf 80' lang='lat' dir='ltr'><strong>character.</strong></span> <span class='ocrx_word' id='word_1_509' title='bbox 3192 3941 3209 3976; x_wconf 78' lang='grc' dir='ltr'>ι</span> <span class='ocrx_word' id='word_1_510' title='bbox 3242 3925 3490 3981; x_wconf 80' lang='lat' dir='ltr'><strong>Proscri-</strong></span> 
     </span>
    </p>
   </div>
   <div class='ocr_carea' id='block_1_84' title="bbox 1916 4017 3495 4094">
    <p class='ocr_par' dir='ltr' id='par_1_84' title="bbox 1916 4017 3495 4094">
     <span class='ocr_line' id='line_1_84' title="bbox 1916 4017 3495 4094; baseline -0.004 -17"><span class='ocrx_word' id='word_1_511' title='bbox 1916 4031 2070 4094; x_wconf 89' lang='lat' dir='ltr'><strong>ptum</strong></span> <span class='ocrx_word' id='word_1_512' title='bbox 2107 4029 2211 4086; x_wconf 90' lang='lat' dir='ltr'><strong>est,</strong></span> <span class='ocrx_word' id='word_1_513' title='bbox 2255 4020 2436 4091; x_wconf 85' lang='lat' dir='ltr'><strong>inquit</strong></span> <span class='ocrx_word' id='word_1_514' title='bbox 2456 4019 2859 4081; x_wconf 81' lang='lat' dir='ltr'><strong>Theodoretus,</strong></span> <span class='ocrx_word' id='word_1_515' title='bbox 2900 4017 3124 4072; x_wconf 65' lang='lat' dir='ltr'><strong>haeresis</strong></span> <span class='ocrx_word' id='word_1_516' title='bbox 3158 4032 3313 4072; x_wconf 67' lang='lat' dir='ltr'><strong>novae</strong></span> <span class='ocrx_word' id='word_1_517' title='bbox 3341 4033 3495 4071; x_wconf 87' lang='lat' dir='ltr'><strong>men-</strong></span> 
     </span>
    </p>
   </div>
   <div class='ocr_carea' id='block_1_85' title="bbox 1917 4107 3491 4178">
    <p class='ocr_par' dir='ltr' id='par_1_85' title="bbox 1917 4107 3491 4178">
     <span class='ocr_line' id='line_1_85' title="bbox 1917 4107 3491 4178; baseline -0.004 -10"><span class='ocrx_word' id='word_1_518' title='bbox 1917 4115 2158 4178; x_wconf 88' lang='lat' dir='ltr'><strong>dacium,</strong></span> <span class='ocrx_word' id='word_1_519' title='bbox 2189 4121 2244 4168; x_wconf 87' lang='lat' dir='ltr'><strong>et</strong></span> <span class='ocrx_word' id='word_1_520' title='bbox 2278 4111 2588 4166; x_wconf 83' lang='lat' dir='ltr'><strong>divinorum</strong></span> <span class='ocrx_word' id='word_1_521' title='bbox 2631 4108 3051 4178; x_wconf 81' lang='lat' dir='ltr'><strong>Evangeliorum</strong></span> <span class='ocrx_word' id='word_1_522' title='bbox 3084 4107 3289 4160; x_wconf 82' lang='lat' dir='ltr'><strong>veritas</strong></span> <span class='ocrx_word' id='word_1_523' title='bbox 3311 4108 3491 4176; x_wconf 88' lang='lat' dir='ltr'><strong>palam</strong></span> 
     </span>
    </p>
   </div>
   <div class='ocr_carea' id='block_1_86' title="bbox 1918 4195 3486 4275">
    <p class='ocr_par' dir='ltr' id='par_1_86' title="bbox 1918 4195 3486 4275">
     <span class='ocr_line' id='line_1_86' title="bbox 1918 4195 3486 4275; baseline -0.005 -17"><span class='ocrx_word' id='word_1_524' title='bbox 1918 4205 2266 4275; x_wconf 71' lang='lat' dir='ltr'><strong>praedicatur.</strong></span> <span class='ocrx_word' id='word_1_525' title='bbox 2310 4221 2328 4252; x_wconf 69' lang='grc' dir='ltr'><strong>ι</strong></span> <span class='ocrx_word' id='word_1_526' title='bbox 2361 4199 2592 4266; x_wconf 86' lang='lat' dir='ltr'><strong>Quando</strong></span> <span class='ocrx_word' id='word_1_527' title='bbox 2624 4213 2821 4266; x_wconf 90' lang='lat' dir='ltr'><strong>nempe</strong></span> <span class='ocrx_word' id='word_1_528' title='bbox 2854 4195 3166 4250; x_wconf 84' lang='lat' dir='ltr'><strong>Theodosio</strong></span> <span class='ocrx_word' id='word_1_529' title='bbox 3212 4195 3322 4250; x_wconf 82' lang='lat' dir='ltr'><strong>vita</strong></span> <span class='ocrx_word' id='word_1_530' title='bbox 3367 4195 3486 4250; x_wconf 75' lang='lat' dir='ltr'><strong>fun~</strong></span> 
     </span>
    </p>
   </div>
   <div class='ocr_carea' id='block_1_87' title="bbox 1919 4284 3490 4362">
    <p class='ocr_par' dir='ltr' id='par_1_87' title="bbox 1919 4284 3490 4362">
     <span class='ocr_line' id='line_1_87' title="bbox 1919 4284 3490 4362; baseline -0.007 -13"><span class='ocrx_word' id='word_1_531' title='bbox 1919 4301 2029 4359; x_wconf 81' lang='lat' dir='ltr'><strong>cto,</strong></span> <span class='ocrx_word' id='word_1_532' title='bbox 2068 4293 2357 4362; x_wconf 89' lang='lat' dir='ltr'><strong>imperium</strong></span> <span class='ocrx_word' id='word_1_533' title='bbox 2383 4288 2689 4343; x_wconf 79' lang='lat' dir='ltr'><strong>Marcianus</strong></span> <span class='ocrx_word' id='word_1_534' title='bbox 2708 4294 2764 4340; x_wconf 89' lang='lat' dir='ltr'><strong>et</strong></span> <span class='ocrx_word' id='word_1_535' title='bbox 2791 4284 3080 4341; x_wconf 84' lang='lat' dir='ltr'><strong>Pulcheria</strong></span> <span class='ocrx_word' id='word_1_536' title='bbox 3108 4295 3490 4355; x_wconf 88' lang='lat' dir='ltr'><strong>susceperunt,</strong></span> 
     </span>
    </p>
   </div>
   <div class='ocr_carea' id='block_1_88' title="bbox 238 4377 3494 4461">
    <p class='ocr_par' dir='ltr' id='par_1_88' title="bbox 238 4377 3494 4461">
     <span class='ocr_line' id='line_1_88' title="bbox 238 4377 3494 4461; baseline -0.006 -8"><span class='ocrx_word' id='word_1_537' title='bbox 238 4397 470 4461; x_wconf 84' lang='lat' dir='ltr'><strong>ducens,</strong></span> <span class='ocrx_word' id='word_1_538' title='bbox 498 4404 556 4451; x_wconf 90' lang='lat' dir='ltr'><strong>et</strong></span> <span class='ocrx_word' id='word_1_539' title='bbox 574 4396 798 4450; x_wconf 85' lang='lat' dir='ltr'><strong>Patrum</strong></span> <span class='ocrx_word' id='word_1_540' title='bbox 855 4390 1120 4447; x_wconf 87' lang='lat' dir='ltr'><strong>doctrinis</strong></span> <span class='ocrx_word' id='word_1_541' title='bbox 1170 4395 1361 4443; x_wconf 85' lang='lat' dir='ltr'><strong>nostra</strong></span> <span class='ocrx_word' id='word_1_542' title='bbox 1415 4382 1819 4439; x_wconf 86' lang='lat' dir='ltr'><strong>communiens.</strong></span> <span class='ocrx_word' id='word_1_543' title='bbox 1849 4403 1896 4458; x_wconf 77' lang='grc' dir='ltr'><strong>ι)</strong></span> <span class='ocrx_word' id='word_1_544' title='bbox 1925 4400 2048 4439; x_wconf 88' lang='lat' dir='ltr'><strong>mox</strong></span> <span class='ocrx_word' id='word_1_545' title='bbox 2084 4381 2373 4452; x_wconf 81' lang='lat' dir='ltr'><strong>Eutychen</strong></span> <span class='ocrx_word' id='word_1_546' title='bbox 2415 4380 2471 4433; x_wconf 92' lang='lat' dir='ltr'><strong>in</strong></span> <span class='ocrx_word' id='word_1_547' title='bbox 2505 4378 2756 4433; x_wconf 83' lang='lat' dir='ltr'><strong>exsilium</strong></span> <span class='ocrx_word' id='word_1_548' title='bbox 2783 4377 2929 4448; x_wconf 84' lang='lat' dir='ltr'><strong>ejiei,</strong></span> <span class='ocrx_word' id='word_1_549' title='bbox 2963 4377 3206 4431; x_wconf 84' lang='lat' dir='ltr'><strong>revocari</strong></span> <span class='ocrx_word' id='word_1_550' title='bbox 3237 4377 3494 4432; x_wconf 86' lang='lat' dir='ltr'><strong>Theodo-</strong></span> 
     </span>
    </p>
   </div>
   <div class='ocr_carea' id='block_1_89' title="bbox 238 4476 1814 4552">
    <p class='ocr_par' dir='ltr' id='par_1_89' title="bbox 238 4476 1814 4552">
     <span class='ocr_line' id='line_1_89' title="bbox 238 4476 1814 4552; baseline -0.01 -9"><span class='ocrx_word' id='word_1_551' title='bbox 238 4488 360 4544; x_wconf 73' lang='lat' dir='ltr'><strong>hlisi</strong></span> <span class='ocrx_word' id='word_1_552' title='bbox 390 4495 575 4542; x_wconf 88' lang='lat' dir='ltr'><strong>autem</strong></span> <span class='ocrx_word' id='word_1_553' title='bbox 608 4500 756 4541; x_wconf 89' lang='lat' dir='ltr'><strong>nunc</strong></span> <span class='ocrx_word' id='word_1_554' title='bbox 778 4484 944 4539; x_wconf 89' lang='lat' dir='ltr'><strong>etiam</strong></span> <span class='ocrx_word' id='word_1_555' title='bbox 979 4496 1182 4552; x_wconf 85' lang='lat' dir='ltr'><strong>paucas</strong></span> <span class='ocrx_word' id='word_1_556' title='bbox 1215 4488 1462 4534; x_wconf 87' lang='lat' dir='ltr'><strong>veterum</strong></span> <span class='ocrx_word' id='word_1_557' title='bbox 1522 4476 1814 4546; x_wconf 87' lang='lat' dir='ltr'><strong>magistro-</strong></span> 
     </span>
    </p>
   </div>
   <div class='ocr_carea' id='block_1_90' title="bbox 239 4565 1819 4646">
    <p class='ocr_par' dir='ltr' id='par_1_90' title="bbox 239 4565 1819 4646">
     <span class='ocr_line' id='line_1_90' title="bbox 239 4565 1819 4646; baseline -0.011 -12"><span class='ocrx_word' id='word_1_558' title='bbox 239 4593 362 4634; x_wconf 84' lang='lat' dir='ltr'><strong>rum</strong></span> <span class='ocrx_word' id='word_1_559' title='bbox 384 4577 706 4640; x_wconf 86' lang='lat' dir='ltr'><strong>sententias,</strong></span> <span class='ocrx_word' id='word_1_560' title='bbox 757 4591 879 4646; x_wconf 68' lang='lat' dir='ltr'><strong>quae</strong></span> <span class='ocrx_word' id='word_1_561' title='bbox 896 4573 1030 4628; x_wconf 84' lang='lat' dir='ltr'><strong>satis</strong></span> <span class='ocrx_word' id='word_1_562' title='bbox 1064 4579 1193 4626; x_wconf 91' lang='lat' dir='ltr'><strong>sunt</strong></span> <span class='ocrx_word' id='word_1_563' title='bbox 1227 4569 1294 4624; x_wconf 85' lang='lat' dir='ltr'><strong>ad</strong></span> <span class='ocrx_word' id='word_1_564' title='bbox 1342 4566 1649 4622; x_wconf 87' lang='lat' dir='ltr'><strong>doctrinam</strong></span> <span class='ocrx_word' id='word_1_565' title='bbox 1696 4565 1819 4619; x_wconf 86' lang='lat' dir='ltr'><strong>illo-</strong></span> 
     </span>
    </p>
   </div>
   <div class='ocr_carea' id='block_1_91' title="bbox 237 4662 1207 4722">
    <p class='ocr_par' dir='ltr' id='par_1_91' title="bbox 237 4662 1207 4722">
     <span class='ocr_line' id='line_1_91' title="bbox 237 4662 1207 4722; baseline -0.011 1"><span class='ocrx_word' id='word_1_566' title='bbox 237 4684 363 4722; x_wconf 85' lang='lat' dir='ltr'><strong>rum</strong></span> <span class='ocrx_word' id='word_1_567' title='bbox 393 4669 618 4722; x_wconf 87' lang='lat' dir='ltr'><strong>Patrum</strong></span> <span class='ocrx_word' id='word_1_568' title='bbox 639 4662 1140 4721; x_wconf 88' lang='lat' dir='ltr'><strong>demonstrandam.</strong></span> <span class='ocrx_word' id='word_1_569' title='bbox 1189 4680 1207 4710; x_wconf 71' lang='grc' dir='ltr'>ι</span> 
     </span>
    </p>
   </div>
   <div class='ocr_carea' id='block_1_92' title="bbox 309 4752 1814 4829">
    <p class='ocr_par' dir='ltr' id='par_1_92' title="bbox 309 4752 1814 4829">
     <span class='ocr_line' id='line_1_92' title="bbox 309 4752 1814 4829; baseline -0.006 -16"><span class='ocrx_word' id='word_1_570' title='bbox 309 4759 378 4814; x_wconf 78' lang='lat' dir='ltr'><strong>V.</strong></span> <span class='ocrx_word' id='word_1_571' title='bbox 413 4758 545 4813; x_wconf 89' lang='lat' dir='ltr'><strong>Inde</strong></span> <span class='ocrx_word' id='word_1_572' title='bbox 568 4758 926 4829; x_wconf 88' lang='lat' dir='ltr'><strong>intelligimus</strong></span> <span class='ocrx_word' id='word_1_573' title='bbox 956 4774 969 4810; x_wconf 89' lang='lat'><strong>:</strong></span> <span class='ocrx_word' id='word_1_574' title='bbox 998 4757 1049 4810; x_wconf 85' lang='grc'><strong>1.</strong></span> <span class='ocrx_word' id='word_1_575' title='bbox 1107 4753 1516 4810; x_wconf 85' lang='lat' dir='ltr'><strong>Institutionem</strong></span> <span class='ocrx_word' id='word_1_576' title='bbox 1567 4752 1814 4814; x_wconf 80' lang='lat' dir='ltr'><strong>brevem,</strong></span> 
     </span>
    </p>
   </div>
   <div class='ocr_carea' id='block_1_93' title="bbox 240 4843 1819 4918">
    <p class='ocr_par' dir='ltr' id='par_1_93' title="bbox 240 4843 1819 4918">
     <span class='ocr_line' id='line_1_93' title="bbox 240 4843 1819 4918; baseline -0.006 -14"><span class='ocrx_word' id='word_1_577' title='bbox 240 4849 312 4904; x_wconf 91' lang='lat' dir='ltr'><strong>de</strong></span> <span class='ocrx_word' id='word_1_578' title='bbox 341 4863 451 4918; x_wconf 90' lang='lat' dir='ltr'><strong>qua</strong></span> <span class='ocrx_word' id='word_1_579' title='bbox 489 4847 580 4903; x_wconf 88' lang='lat' dir='ltr'><strong>hic</strong></span> <span class='ocrx_word' id='word_1_580' title='bbox 611 4863 790 4904; x_wconf 87' lang='lat' dir='ltr'><strong>sermo</strong></span> <span class='ocrx_word' id='word_1_581' title='bbox 815 4855 920 4913; x_wconf 90' lang='lat' dir='ltr'><strong>est,</strong></span> <span class='ocrx_word' id='word_1_582' title='bbox 954 4861 1066 4901; x_wconf 92' lang='lat' dir='ltr'><strong>non</strong></span> <span class='ocrx_word' id='word_1_583' title='bbox 1096 4846 1322 4900; x_wconf 83' lang='lat' dir='ltr'><strong>diﬂ&#39;erre</strong></span> <span class='ocrx_word' id='word_1_584' title='bbox 1375 4861 1404 4898; x_wconf 89' lang='lat' dir='ltr'><strong>a</strong></span> <span class='ocrx_word' id='word_1_585' title='bbox 1439 4843 1670 4914; x_wconf 90' lang='lat' dir='ltr'><strong>scripto,</strong></span> <span class='ocrx_word' id='word_1_586' title='bbox 1719 4857 1819 4898; x_wconf 89' lang='lat' dir='ltr'><strong>cu-</strong></span> 
     </span>
    </p>
   </div>
   <div class='ocr_carea' id='block_1_94' title="bbox 236 4931 1821 5010">
    <p class='ocr_par' dir='ltr' id='par_1_94' title="bbox 236 4931 1821 5010">
     <span class='ocr_line' id='line_1_94' title="bbox 236 4931 1821 5010; baseline -0.003 -18"><span class='ocrx_word' id='word_1_587' title='bbox 236 4940 330 5010; x_wconf 82' lang='lat' dir='ltr'><strong>jus</strong></span> <span class='ocrx_word' id='word_1_588' title='bbox 355 4936 564 4991; x_wconf 83' lang='lat' dir='ltr'><strong>mentio</strong></span> <span class='ocrx_word' id='word_1_589' title='bbox 588 4935 646 4991; x_wconf 84' lang='lat' dir='ltr'><strong>fit</strong></span> <span class='ocrx_word' id='word_1_590' title='bbox 680 4937 736 4990; x_wconf 90' lang='lat' dir='ltr'><strong>in</strong></span> <span class='ocrx_word' id='word_1_591' title='bbox 764 4937 930 5006; x_wconf 79' lang='lat' dir='ltr'><strong>epist,</strong></span> <span class='ocrx_word' id='word_1_592' title='bbox 957 4935 1061 4991; x_wconf 83' lang='lat' dir='ltr'><strong>l09</strong></span> <span class='ocrx_word' id='word_1_593' title='bbox 1116 4934 1184 4990; x_wconf 86' lang='lat' dir='ltr'><strong>ad</strong></span> <span class='ocrx_word' id='word_1_594' title='bbox 1235 4933 1537 4990; x_wconf 78' lang='lat' dir='ltr'><strong>Eusebium</strong></span> <span class='ocrx_word' id='word_1_595' title='bbox 1595 4931 1821 5003; x_wconf 64' lang='lat' dir='ltr'><strong>Ancyrae</strong></span> 
     </span>
    </p>
   </div>
   <div class='ocr_carea' id='block_1_95' title="bbox 241 5023 1822 5099">
    <p class='ocr_par' dir='ltr' id='par_1_95' title="bbox 241 5023 1822 5099">
     <span class='ocr_line' id='line_1_95' title="bbox 241 5023 1822 5099; baseline -0.005 -14"><span class='ocrx_word' id='word_1_596' title='bbox 241 5029 583 5099; x_wconf 84' lang='lat' dir='ltr'><strong>episcopum.</strong></span> <span class='ocrx_word' id='word_1_597' title='bbox 605 5028 658 5082; x_wconf 74' lang='grc'><strong>2.</strong></span> <span class='ocrx_word' id='word_1_598' title='bbox 691 5029 1047 5098; x_wconf 85' lang='lat' dir='ltr'><strong>Episcopum,</strong></span> <span class='ocrx_word' id='word_1_599' title='bbox 1075 5027 1231 5097; x_wconf 80' lang='lat' dir='ltr'><strong>cujus</strong></span> <span class='ocrx_word' id='word_1_600' title='bbox 1258 5041 1458 5081; x_wconf 86' lang='lat' dir='ltr'><strong>nomen</strong></span> <span class='ocrx_word' id='word_1_601' title='bbox 1484 5024 1576 5081; x_wconf 88' lang='lat' dir='ltr'><strong>hic</strong></span> <span class='ocrx_word' id='word_1_602' title='bbox 1603 5023 1822 5078; x_wconf 85' lang='lat' dir='ltr'><strong>deside-</strong></span> 
     </span>
    </p>
   </div>
   <div class='ocr_carea' id='block_1_96' title="bbox 243 5114 1823 5188">
    <p class='ocr_par' dir='ltr' id='par_1_96' title="bbox 243 5114 1823 5188">
     <span class='ocr_line' id='line_1_96' title="bbox 243 5114 1823 5188; baseline -0.004 -13"><span class='ocrx_word' id='word_1_603' title='bbox 243 5131 422 5186; x_wconf 87' lang='lat' dir='ltr'><strong>ratur,</strong></span> <span class='ocrx_word' id='word_1_604' title='bbox 453 5135 575 5175; x_wconf 89' lang='lat' dir='ltr'><strong>esse</strong></span> <span class='ocrx_word' id='word_1_605' title='bbox 599 5120 920 5184; x_wconf 86' lang='lat' dir='ltr'><strong>Eusebium,</strong></span> <span class='ocrx_word' id='word_1_606' title='bbox 963 5133 1126 5188; x_wconf 87' lang='lat' dir='ltr'><strong>quem</strong></span> <span class='ocrx_word' id='word_1_607' title='bbox 1155 5133 1276 5170; x_wconf 80' lang='lat' dir='ltr'><strong>mox</strong></span> <span class='ocrx_word' id='word_1_608' title='bbox 1304 5114 1546 5171; x_wconf 86' lang='lat' dir='ltr'><strong>laudavi.</strong></span> <span class='ocrx_word' id='word_1_609' title='bbox 1586 5120 1646 5173; x_wconf 82' lang='lat'><strong>3.</strong></span> <span class='ocrx_word' id='word_1_610' title='bbox 1692 5115 1823 5169; x_wconf 88' lang='lat' dir='ltr'><strong>Dia-</strong></span> 
     </span>
    </p>
   </div>
   <div class='ocr_carea' id='block_1_97' title="bbox 241 5206 1822 5283">
    <p class='ocr_par' dir='ltr' id='par_1_97' title="bbox 241 5206 1822 5283">
     <span class='ocr_line' id='line_1_97' title="bbox 241 5206 1822 5283; baseline -0.003 -17"><span class='ocrx_word' id='word_1_611' title='bbox 241 5212 398 5283; x_wconf 85' lang='lat' dir='ltr'><strong>Iogos</strong></span> <span class='ocrx_word' id='word_1_612' title='bbox 428 5212 664 5280; x_wconf 88' lang='lat' dir='ltr'><strong>scriptos</strong></span> <span class='ocrx_word' id='word_1_613' title='bbox 685 5227 804 5266; x_wconf 83' lang='lat' dir='ltr'><strong>esse</strong></span> <span class='ocrx_word' id='word_1_614' title='bbox 833 5219 959 5265; x_wconf 87' lang='lat' dir='ltr'><strong>ante</strong></span> <span class='ocrx_word' id='word_1_615' title='bbox 981 5209 1277 5270; x_wconf 85' lang='lat' dir='ltr'><strong>concilium</strong></span> <span class='ocrx_word' id='word_1_616' title='bbox 1303 5209 1320 5223; x_wconf 81' lang='lat'><em>‘</em></span> <span class='ocrx_word' id='word_1_617' title='bbox 1346 5206 1822 5271; x_wconf 83' lang='lat' dir='ltr'><strong>Chalcedonense,</strong></span> 
     </span>
    </p>
   </div>
   <div class='ocr_carea' id='block_1_98' title="bbox 245 5301 1822 5373">
    <p class='ocr_par' dir='ltr' id='par_1_98' title="bbox 245 5301 1822 5373">
     <span class='ocr_line' id='line_1_98' title="bbox 245 5301 1822 5373; baseline -0.004 -14"><span class='ocrx_word' id='word_1_618' title='bbox 245 5305 358 5362; x_wconf 82' lang='lat' dir='ltr'><strong>imo</strong></span> <span class='ocrx_word' id='word_1_619' title='bbox 387 5311 444 5358; x_wconf 90' lang='lat' dir='ltr'><strong>et</strong></span> <span class='ocrx_word' id='word_1_620' title='bbox 497 5303 658 5372; x_wconf 83' lang='lat' dir='ltr'><strong>longe</strong></span> <span class='ocrx_word' id='word_1_621' title='bbox 707 5311 833 5358; x_wconf 85' lang='lat' dir='ltr'><strong>ante</strong></span> <span class='ocrx_word' id='word_1_622' title='bbox 879 5303 1223 5373; x_wconf 87' lang='lat' dir='ltr'><strong>Ephesinum</strong></span> <span class='ocrx_word' id='word_1_623' title='bbox 1270 5301 1598 5364; x_wconf 88' lang='lat' dir='ltr'><strong>secundum,</strong></span> <span class='ocrx_word' id='word_1_624' title='bbox 1658 5308 1822 5370; x_wconf 88' lang='lat' dir='ltr'><strong>atque</strong></span> 
     </span>
    </p>
   </div>
   <div class='ocr_carea' id='block_1_99' title="bbox 243 5389 1821 5466">
    <p class='ocr_par' dir='ltr' id='par_1_99' title="bbox 243 5389 1821 5466">
     <span class='ocr_line' id='line_1_99' title="bbox 243 5389 1821 5466; baseline -0.004 -18"><span class='ocrx_word' id='word_1_625' title='bbox 243 5393 383 5448; x_wconf 87' lang='lat' dir='ltr'><strong>adeo</strong></span> <span class='ocrx_word' id='word_1_626' title='bbox 399 5401 528 5448; x_wconf 87' lang='lat' dir='ltr'><strong>ante</strong></span> <span class='ocrx_word' id='word_1_627' title='bbox 557 5393 820 5462; x_wconf 85' lang='lat' dir='ltr'><strong>scriptam</strong></span> <span class='ocrx_word' id='word_1_628' title='bbox 858 5407 888 5449; x_wconf 86' lang='lat' dir='ltr'><strong>a</strong></span> <span class='ocrx_word' id='word_1_629' title='bbox 937 5401 1126 5448; x_wconf 80' lang='lat' dir='ltr'><strong>sancto</strong></span> <span class='ocrx_word' id='word_1_630' title='bbox 1176 5391 1358 5466; x_wconf 77' lang='lat' dir='ltr'><strong>Leone</strong></span> <span class='ocrx_word' id='word_1_631' title='bbox 1405 5390 1472 5444; x_wconf 89' lang='lat' dir='ltr'><strong>ad</strong></span> <span class='ocrx_word' id='word_1_632' title='bbox 1500 5389 1821 5444; x_wconf 86' lang='lat' dir='ltr'><strong>Flavianum</strong></span> 
     </span>
    </p>
   </div>
   <div class='ocr_carea' id='block_1_100' title="bbox 242 5480 1820 5557">
    <p class='ocr_par' dir='ltr' id='par_1_100' title="bbox 242 5480 1820 5557">
     <span class='ocr_line' id='line_1_100' title="bbox 242 5480 1820 5557; baseline -0.006 -15"><span class='ocrx_word' id='word_1_633' title='bbox 242 5486 533 5557; x_wconf 85' lang='lat' dir='ltr'><strong>epistolam</strong></span> <span class='ocrx_word' id='word_1_634' title='bbox 552 5485 940 5554; x_wconf 87' lang='lat' dir='ltr'><strong>dogmaticam.</strong></span> <span class='ocrx_word' id='word_1_635' title='bbox 974 5484 1026 5537; x_wconf 72' lang='grc'><strong>4.</strong></span> <span class='ocrx_word' id='word_1_636' title='bbox 1082 5485 1295 5538; x_wconf 85' lang='lat' dir='ltr'><strong>Paucas</strong></span> <span class='ocrx_word' id='word_1_637' title='bbox 1341 5489 1593 5537; x_wconf 83' lang='lat' dir='ltr'><strong>veterum</strong></span> <span class='ocrx_word' id='word_1_638' title='bbox 1645 5480 1820 5543; x_wconf 68' lang='lat' dir='ltr'><strong>magi-</strong></span> 
     </span>
    </p>
   </div>
   <div class='ocr_carea' id='block_1_101' title="bbox 1925 4467 3496 4544">
    <p class='ocr_par' dir='ltr' id='par_1_101' title="bbox 1925 4467 3496 4544">
     <span class='ocr_line' id='line_1_101' title="bbox 1925 4467 3496 4544; baseline -0.006 -12"><span class='ocrx_word' id='word_1_639' title='bbox 1925 4485 2126 4538; x_wconf 83' lang='lat' dir='ltr'><strong>retuln,</strong></span> <span class='ocrx_word' id='word_1_640' title='bbox 2159 4471 2564 4544; x_wconf 79' lang='lat' dir='ltr'><strong>Chrysapbium</strong></span> <span class='ocrx_word' id='word_1_641' title='bbox 2605 4468 2847 4523; x_wconf 85' lang='lat' dir='ltr'><strong>interimi</strong></span> <span class='ocrx_word' id='word_1_642' title='bbox 2884 4469 3190 4539; x_wconf 85' lang='lat' dir='ltr'><strong>jusserunt.</strong></span> <span class='ocrx_word' id='word_1_643' title='bbox 3229 4467 3286 4522; x_wconf 90' lang='lat' dir='ltr'><strong>Id</strong></span> <span class='ocrx_word' id='word_1_644' title='bbox 3315 4469 3496 4523; x_wconf 83' lang='lat' dir='ltr'><strong>conti-</strong></span> 
     </span>
    </p>
   </div>
   <div class='ocr_carea' id='block_1_102' title="bbox 1925 4557 3497 4636">
    <p class='ocr_par' dir='ltr' id='par_1_102' title="bbox 1925 4557 3497 4636">
     <span class='ocr_line' id='line_1_102' title="bbox 1925 4557 3497 4636; baseline -0.004 -18"><span class='ocrx_word' id='word_1_645' title='bbox 1925 4566 2002 4636; x_wconf 88' lang='lat' dir='ltr'><strong>git</strong></span> <span class='ocrx_word' id='word_1_646' title='bbox 2045 4563 2147 4619; x_wconf 92' lang='lat' dir='ltr'><strong>sub</strong></span> <span class='ocrx_word' id='word_1_647' title='bbox 2181 4569 2506 4617; x_wconf 88' lang='lat' dir='ltr'><strong>autumnum</strong></span> <span class='ocrx_word' id='word_1_648' title='bbox 2541 4559 2670 4613; x_wconf 89' lang='lat' dir='ltr'><strong>anni</strong></span> <span class='ocrx_word' id='word_1_649' title='bbox 2717 4557 2857 4623; x_wconf 63' lang='lat'><strong>450;</strong></span> <span class='ocrx_word' id='word_1_650' title='bbox 2901 4571 3012 4628; x_wconf 89' lang='lat' dir='ltr'><strong>quo</strong></span> <span class='ocrx_word' id='word_1_651' title='bbox 3058 4573 3201 4612; x_wconf 88' lang='lat' dir='ltr'><strong>anno</strong></span> <span class='ocrx_word' id='word_1_652' title='bbox 3240 4557 3497 4612; x_wconf 79' lang='lat' dir='ltr'><strong>Theodo-</strong></span> 
     </span>
    </p>
   </div>
   <div class='ocr_carea' id='block_1_103' title="bbox 1927 4647 3497 4720">
    <p class='ocr_par' dir='ltr' id='par_1_103' title="bbox 1927 4647 3497 4720">
     <span class='ocr_line' id='line_1_103' title="bbox 1927 4647 3497 4720; baseline -0.005 -10"><span class='ocrx_word' id='word_1_653' title='bbox 1927 4656 2042 4710; x_wconf 89' lang='lat' dir='ltr'><strong>sius</strong></span> <span class='ocrx_word' id='word_1_654' title='bbox 2080 4652 2221 4710; x_wconf 90' lang='lat' dir='ltr'><strong>obiit</strong></span> <span class='ocrx_word' id='word_1_655' title='bbox 2257 4651 2345 4707; x_wconf 84' lang='lat' dir='ltr'><strong>die</strong></span> <span class='ocrx_word' id='word_1_656' title='bbox 2387 4651 2456 4706; x_wconf 65' lang='lat'><strong>29</strong></span> <span class='ocrx_word' id='word_1_657' title='bbox 2515 4649 2666 4715; x_wconf 84' lang='lat' dir='ltr'><strong>Julii,</strong></span> <span class='ocrx_word' id='word_1_658' title='bbox 2713 4649 3023 4704; x_wconf 73' lang='lat' dir='ltr'><strong>Marcianus</strong></span> <span class='ocrx_word' id='word_1_659' title='bbox 3060 4647 3361 4720; x_wconf 82' lang='lat' dir='ltr'><strong>imperator</strong></span> <span class='ocrx_word' id='word_1_660' title='bbox 3406 4664 3497 4703; x_wconf 87' lang='lat' dir='ltr'><strong>re-</strong></span> 
     </span>
    </p>
   </div>
   <div class='ocr_carea' id='block_1_104' title="bbox 1927 4740 2816 4811">
    <p class='ocr_par' dir='ltr' id='par_1_104' title="bbox 1927 4740 2816 4811">
     <span class='ocr_line' id='line_1_104' title="bbox 1927 4740 2816 4811; baseline -0.007 -11"><span class='ocrx_word' id='word_1_661' title='bbox 1927 4745 2213 4800; x_wconf 88' lang='lat' dir='ltr'><strong>nuntiatus</strong></span> <span class='ocrx_word' id='word_1_662' title='bbox 2236 4749 2320 4796; x_wconf 90' lang='lat' dir='ltr'><strong>est</strong></span> <span class='ocrx_word' id='word_1_663' title='bbox 2341 4741 2429 4797; x_wconf 89' lang='lat' dir='ltr'><strong>die</strong></span> <span class='ocrx_word' id='word_1_664' title='bbox 2463 4741 2532 4795; x_wconf 72' lang='lat'><strong>25</strong></span> <span class='ocrx_word' id='word_1_665' title='bbox 2561 4740 2816 4811; x_wconf 82' lang='lat' dir='ltr'><strong>Augusti.</strong></span> 
     </span>
    </p>
   </div>
   <div class='ocr_carea' id='block_1_105' title="bbox 1994 4829 3499 4902">
    <p class='ocr_par' dir='ltr' id='par_1_105' title="bbox 1994 4829 3499 4902">
     <span class='ocr_line' id='line_1_105' title="bbox 1994 4829 3499 4902; baseline -0.006 -10"><span class='ocrx_word' id='word_1_666' title='bbox 1994 4838 2060 4893; x_wconf 90' lang='lat' dir='ltr'><strong>II.</strong></span> <span class='ocrx_word' id='word_1_667' title='bbox 2092 4833 2466 4898; x_wconf 84' lang='lat' dir='ltr'><strong>Theoctistus,</strong></span> <span class='ocrx_word' id='word_1_668' title='bbox 2496 4831 2564 4886; x_wconf 89' lang='lat' dir='ltr'><strong>de</strong></span> <span class='ocrx_word' id='word_1_669' title='bbox 2594 4847 2705 4902; x_wconf 90' lang='lat' dir='ltr'><strong>quo</strong></span> <span class='ocrx_word' id='word_1_670' title='bbox 2747 4832 2956 4887; x_wconf 88' lang='lat' dir='ltr'><strong>dictum</strong></span> <span class='ocrx_word' id='word_1_671' title='bbox 2997 4839 3082 4885; x_wconf 89' lang='lat' dir='ltr'><strong>est</strong></span> <span class='ocrx_word' id='word_1_672' title='bbox 3114 4829 3181 4885; x_wconf 88' lang='lat' dir='ltr'><strong>ad</strong></span> <span class='ocrx_word' id='word_1_673' title='bbox 3212 4831 3499 4900; x_wconf 84' lang='lat' dir='ltr'><strong>epistolam</strong></span> 
     </span>
    </p>
   </div>
   <div class='ocr_carea' id='block_1_106' title="bbox 1925 4921 3500 4991">
    <p class='ocr_par' dir='ltr' id='par_1_106' title="bbox 1925 4921 3500 4991">
     <span class='ocr_line' id='line_1_106' title="bbox 1925 4921 3500 4991; baseline -0.008 -7"><span class='ocrx_word' id='word_1_674' title='bbox 1925 4929 1996 4984; x_wconf 75' lang='lat'><strong>&#39;52</strong></span> <span class='ocrx_word' id='word_1_675' title='bbox 2015 4937 2074 4983; x_wconf 91' lang='lat' dir='ltr'><strong>et</strong></span> <span class='ocrx_word' id='word_1_676' title='bbox 2107 4927 2195 4988; x_wconf 82' lang='lat'><strong>75,</strong></span> <span class='ocrx_word' id='word_1_677' title='bbox 2241 4940 2351 4981; x_wconf 89' lang='lat' dir='ltr'><strong>non</strong></span> <span class='ocrx_word' id='word_1_678' title='bbox 2398 4923 2740 4980; x_wconf 83' lang='lat' dir='ltr'><strong>sanctissime</strong></span> <span class='ocrx_word' id='word_1_679' title='bbox 2775 4923 3166 4977; x_wconf 85' lang='lat' dir='ltr'><strong>observaverat</strong></span> <span class='ocrx_word' id='word_1_680' title='bbox 3185 4922 3332 4991; x_wconf 81' lang='lat' dir='ltr'><strong>leges</strong></span> <span class='ocrx_word' id='word_1_681' title='bbox 3363 4921 3500 4973; x_wconf 87' lang='lat' dir='ltr'><strong>ami-</strong></span> 
     </span>
    </p>
   </div>
   <div class='ocr_carea' id='block_1_107' title="bbox 1929 5014 3497 5085">
    <p class='ocr_par' dir='ltr' id='par_1_107' title="bbox 1929 5014 3497 5085">
     <span class='ocr_line' id='line_1_107' title="bbox 1929 5014 3497 5085; baseline -0.007 -9"><span class='ocrx_word' id='word_1_682' title='bbox 1929 5022 2074 5078; x_wconf 67' lang='lat' dir='ltr'><strong>citia:</strong></span> <span class='ocrx_word' id='word_1_683' title='bbox 2124 5019 2392 5075; x_wconf 89' lang='lat' dir='ltr'><strong>adversus</strong></span> <span class='ocrx_word' id='word_1_684' title='bbox 2423 5015 2832 5071; x_wconf 89' lang='lat' dir='ltr'><strong>Theodoretum</strong></span> <span class='ocrx_word' id='word_1_685' title='bbox 2887 5014 3032 5085; x_wconf 88' lang='lat' dir='ltr'><strong>Cyro</strong></span> <span class='ocrx_word' id='word_1_686' title='bbox 3089 5014 3497 5082; x_wconf 89' lang='lat' dir='ltr'><strong>pulsum:cum</strong></span> 
     </span>
    </p>
   </div>
   <div class='ocr_carea' id='block_1_108' title="bbox 1928 5103 3501 5177">
    <p class='ocr_par' dir='ltr' id='par_1_108' title="bbox 1928 5103 3501 5177">
     <span class='ocr_line' id='line_1_108' title="bbox 1928 5103 3501 5177; baseline -0.008 -9"><span class='ocrx_word' id='word_1_687' title='bbox 1928 5113 2076 5170; x_wconf 89' lang='lat' dir='ltr'><strong>enim</strong></span> <span class='ocrx_word' id='word_1_688' title='bbox 2114 5117 2261 5166; x_wconf 88' lang='lat' dir='ltr'><strong>esset</strong></span> <span class='ocrx_word' id='word_1_689' title='bbox 2290 5110 2484 5165; x_wconf 68' lang='lat' dir='ltr'><strong>Beroea</strong></span> <span class='ocrx_word' id='word_1_690' title='bbox 2526 5105 2669 5177; x_wconf 85' lang='lat' dir='ltr'><strong>Cyro</strong></span> <span class='ocrx_word' id='word_1_691' title='bbox 2709 5104 2980 5175; x_wconf 82' lang='lat' dir='ltr'><strong>proxima,</strong></span> <span class='ocrx_word' id='word_1_692' title='bbox 3026 5103 3285 5158; x_wconf 77' lang='lat' dir='ltr'><strong>amictum</strong></span> <span class='ocrx_word' id='word_1_693' title='bbox 3322 5116 3501 5170; x_wconf 84' lang='lat' dir='ltr'><strong>neque</strong></span> 
     </span>
    </p>
   </div>
   <div class='ocr_carea' id='block_1_109' title="bbox 1928 5193 3500 5276">
    <p class='ocr_par' dir='ltr' id='par_1_109' title="bbox 1928 5193 3500 5276">
     <span class='ocr_line' id='line_1_109' title="bbox 1928 5193 3500 5276; baseline -0.009 -17"><span class='ocrx_word' id='word_1_694' title='bbox 1928 5205 2148 5276; x_wconf 88' lang='lat' dir='ltr'><strong>opibus,</strong></span> <span class='ocrx_word' id='word_1_695' title='bbox 2186 5203 2298 5259; x_wconf 89' lang='lat' dir='ltr'><strong>imo</strong></span> <span class='ocrx_word' id='word_1_696' title='bbox 2336 5216 2440 5256; x_wconf 88' lang='lat' dir='ltr'><strong>nec</strong></span> <span class='ocrx_word' id='word_1_697' title='bbox 2472 5197 2693 5260; x_wconf 88' lang='lat' dir='ltr'><strong>litteris,</strong></span> <span class='ocrx_word' id='word_1_698' title='bbox 2732 5195 2939 5251; x_wconf 87' lang='lat' dir='ltr'><strong>solatus</strong></span> <span class='ocrx_word' id='word_1_699' title='bbox 2969 5194 3168 5249; x_wconf 86' lang='lat' dir='ltr'><strong>fuerat.</strong></span> <span class='ocrx_word' id='word_1_700' title='bbox 3209 5211 3226 5244; x_wconf 72' lang='grc' dir='ltr'><strong>ε</strong></span> <span class='ocrx_word' id='word_1_701' title='bbox 3266 5193 3321 5247; x_wconf 93' lang='lat' dir='ltr'><strong>Si</strong></span> <span class='ocrx_word' id='word_1_702' title='bbox 3371 5207 3500 5247; x_wconf 84' lang='lat' dir='ltr'><strong>cru-</strong></span> 
     </span>
    </p>
   </div>
   <div class='ocr_carea' id='block_1_110' title="bbox 1929 5283 3504 5355">
    <p class='ocr_par' dir='ltr' id='par_1_110' title="bbox 1929 5283 3504 5355">
     <span class='ocr_line' id='line_1_110' title="bbox 1929 5283 3504 5355; baseline -0.01 -3"><span class='ocrx_word' id='word_1_703' title='bbox 1929 5295 2424 5355; x_wconf 6' lang='lat' dir='ltr'><strong>delitatemgistam</strong></span> <span class='ocrx_word' id='word_1_704' title='bbox 2483 5288 2658 5345; x_wconf 86' lang='lat' dir='ltr'><strong>secuti</strong></span> <span class='ocrx_word' id='word_1_705' title='bbox 2714 5301 2906 5342; x_wconf 86' lang='lat' dir='ltr'><strong>omnes</strong></span> <span class='ocrx_word' id='word_1_706' title='bbox 2960 5294 3166 5347; x_wconf 87' lang='lat' dir='ltr'><strong>essent,</strong></span> <span class='ocrx_word' id='word_1_707' title='bbox 3230 5283 3504 5353; x_wconf 88' lang='lat' dir='ltr'><strong>reliquum</strong></span> 
     </span>
    </p>
   </div>
   <div class='ocr_carea' id='block_1_111' title="bbox 1930 5370 3504 5450">
    <p class='ocr_par' dir='ltr' id='par_1_111' title="bbox 1930 5370 3504 5450">
     <span class='ocr_line' id='line_1_111' title="bbox 1930 5370 3504 5450; baseline -0.012 -9"><span class='ocrx_word' id='word_1_708' title='bbox 1930 5385 2082 5442; x_wconf 87' lang='lat' dir='ltr'><strong>aliud</strong></span> <span class='ocrx_word' id='word_1_709' title='bbox 2125 5399 2234 5439; x_wconf 91' lang='lat' dir='ltr'><strong>non</strong></span> <span class='ocrx_word' id='word_1_710' title='bbox 2285 5390 2425 5446; x_wconf 81' lang='lat' dir='ltr'><strong>erat,</strong></span> <span class='ocrx_word' id='word_1_711' title='bbox 2483 5392 2646 5450; x_wconf 90' lang='lat' dir='ltr'><strong>quam</strong></span> <span class='ocrx_word' id='word_1_712' title='bbox 2701 5384 2764 5429; x_wconf 92' lang='lat' dir='ltr'><strong>ut</strong></span> <span class='ocrx_word' id='word_1_713' title='bbox 2808 5373 2894 5428; x_wconf 88' lang='lat' dir='ltr'><strong>vel</strong></span> <span class='ocrx_word' id='word_1_714' title='bbox 2942 5373 3270 5444; x_wconf 84' lang='lat' dir='ltr'><strong>superstites</strong></span> <span class='ocrx_word' id='word_1_715' title='bbox 3319 5370 3504 5441; x_wconf 80' lang='lat' dir='ltr'><strong>inopia</strong></span> 
     </span>
    </p>
   </div>
   <div class='ocr_carea' id='block_1_112' title="bbox 1932 5465 3513 5538">
    <p class='ocr_par' dir='ltr' id='par_1_112' title="bbox 1932 5465 3513 5538">
     <span class='ocr_line' id='line_1_112' title="bbox 1932 5465 3513 5538; baseline -0.015 -3"><span class='ocrx_word' id='word_1_716' title='bbox 1932 5477 2349 5538; x_wconf 69' lang='lat' dir='ltr'><strong>conﬁcerentur,</strong></span> <span class='ocrx_word' id='word_1_717' title='bbox 2388 5472 2472 5526; x_wconf 83' lang='lat' dir='ltr'><strong>vel</strong></span> <span class='ocrx_word' id='word_1_718' title='bbox 2513 5469 2714 5524; x_wconf 89' lang='lat' dir='ltr'><strong>mortui</strong></span> <span class='ocrx_word' id='word_1_719' title='bbox 2749 5465 3028 5537; x_wconf 86' lang='lat' dir='ltr'><strong>sepultura</strong></span> <span class='ocrx_word' id='word_1_720' title='bbox 3068 5477 3417 5529; x_wconf 82' lang='lat' dir='ltr'><strong>careremus,</strong></span> <span class='ocrx_word' id='word_1_721' title='bbox 3464 5469 3513 5512; x_wconf 88' lang='lat' dir='ltr'><strong>ct</strong></span> 
     </span>
    </p>
   </div>
   <div class='ocr_carea' id='block_1_113' title="bbox 1527 5635 2127 5693">
    <p class='ocr_par' dir='ltr' id='par_1_113' title="bbox 1527 5635 2127 5693">
     <span class='ocr_line' id='line_1_113' title="bbox 1527 5635 2127 5693; baseline -0.007 0"><span class='ocrx_word' id='word_1_722' title='bbox 1527 5637 1839 5693; x_wconf 72' lang='lat' dir='ltr'><strong>SCHUIJJI</strong></span> <span class='ocrx_word' id='word_1_723' title='bbox 1900 5635 2127 5693; x_wconf 61' lang='grc' dir='ltr'><strong>ΝΟΤΕ.</strong></span> 
     </span>
    </p>
   </div>
   <div class='ocr_carea' id='block_1_114' title="bbox 316 5707 1378 5779">
    <p class='ocr_par' dir='ltr' id='par_1_114' title="bbox 316 5707 1378 5779">
     <span class='ocr_line' id='line_1_114' title="bbox 316 5707 1378 5779; baseline -0.002 -13"><span class='ocrx_word' id='word_1_724' title='bbox 316 5713 365 5745; x_wconf 81' lang='grc'><strong><em>⁸⁸</em></strong></span> <span class='ocrx_word' id='word_1_725' title='bbox 393 5709 515 5766; x_wconf 80' lang='lat' dir='ltr'><strong>Viti.</strong></span> <span class='ocrx_word' id='word_1_726' title='bbox 538 5719 579 5762; x_wconf 91' lang='lat' dir='ltr'><strong>t.</strong></span> <span class='ocrx_word' id='word_1_727' title='bbox 607 5707 697 5775; x_wconf 84' lang='lat' dir='ltr'><strong>IV,</strong></span> <span class='ocrx_word' id='word_1_728' title='bbox 729 5709 892 5779; x_wconf 86' lang='lat' dir='ltr'><strong>epist.</strong></span> <span class='ocrx_word' id='word_1_729' title='bbox 935 5707 1057 5774; x_wconf 72' lang='lat' dir='ltr'><strong>M7,</strong></span> <span class='ocrx_word' id='word_1_730' title='bbox 1086 5709 1154 5764; x_wconf 85' lang='lat' dir='ltr'><strong>ab</strong></span> <span class='ocrx_word' id='word_1_731' title='bbox 1200 5709 1378 5764; x_wconf 89' lang='lat' dir='ltr'><strong>initio.</strong></span> 
     </span>
    </p>
   </div>
   <div class='ocr_carea' id='block_1_115' title="bbox 575 5802 1354 5866">
    <p class='ocr_par' dir='ltr' id='par_1_115' title="bbox 575 5802 1354 5866">
     <span class='ocr_line' id='line_1_115' title="bbox 575 5802 1354 5866; baseline 0.001 -2"><span class='ocrx_word' id='word_1_732' title='bbox 575 5802 848 5865; x_wconf 72' lang='lat' dir='ltr'><strong>PATROL.</strong></span> <span class='ocrx_word' id='word_1_733' title='bbox 893 5807 1008 5866; x_wconf 84' lang='lat' dir='ltr'><strong>Gn.</strong></span> <span class='ocrx_word' id='word_1_734' title='bbox 1044 5803 1354 5865; x_wconf 79' lang='lat' dir='ltr'><strong>LXXXIV.</strong></span> 
     </span>
    </p>
   </div>
   <div class='ocr_carea' id='block_1_116' title="bbox 3079 5786 3145 5848">
    <p class='ocr_par' dir='ltr' id='par_1_116' title="bbox 3079 5786 3145 5848">
     <span class='ocr_line' id='line_1_116' title="bbox 3079 5786 3145 5848; baseline 0.015 -1"><span class='ocrx_word' id='word_1_735' title='bbox 3079 5786 3145 5848; x_wconf 90' lang='lat'>10</span> 
     </span>
    </p>
   </div>
  </div>
