3952 6294
544 272 652 337 299

1672 273 2044 334 GARNERII
2078 275 2573 335 DISSERTATIO
2610 278 2687 336 ΙΙ.

3685 278 3791 341 301⁸)

549 384 780 442 canibus
803 383 1044 454 ferisque
1081 383 1277 453 praedae
1314 396 1578 438 essemus.
1613 403 1630 436 ι
1660 384 1790 450 Quae
1819 385 2116 455 exprobra-
2149 389 2188 444 A
2222 401 2364 450 mur,
2405 388 2459 441 in
2487 404 2598 457 qua
2638 388 2952 443 laborantes
2998 398 3212 459 tempus
3258 404 3420 445 omne
3447 391 3794 461 consumpsi-

552 478 630 533 tio
670 493 768 549 per
813 493 871 532 se
932 475 1131 546 gravis,
1191 474 1439 528 ﬁtetiam
1491 489 1590 544 per
1652 477 2117 545 comparationem

546 569 894 640 gravissima.
943 585 962 617 ι
1014 565 1119 620 Sed
1155 565 1457 620 adfuerunt
1487 567 1668 632 nobis,
1717 569 1812 638 qui
1860 569 2002 622 hanc
2035 569 2116 622 vi-

541 669 670 714 tam
693 665 1076 728 aspernantur,
1111 663 1166 709 et
1203 664 1538 710 aeternorum
1577 657 1848 713 honorum
1875 659 2116 714 fructum

532 755 890 818 texspectant,
919 745 1177 815 omnique
1210 761 1312 801 nos
1337 745 1724 802 consolationis
1752 765 1950 820 genere
1984 751 2116 806 sub-

538 841 816 896 devarunt.
853 855 873 888 ›

615 932 705 987 111.
757 931 834 985 De
884 930 1170 985 monachis
1229 929 1524 1002 Cyresticis
1572 942 1628 987 et
1680 933 2117 1003 Apameensibus

543 1023 810 1093 loquitur,
861 1035 1098 1091 quorum
1140 1021 1218 1074 illi
1282 1021 1638 1076 interdictum
1687 1021 1811 1093 igne
1870 1032 1929 1078 et
1974 1037 2114 1094 aqua

545 1121 1009 1178 sustentaverant,
1046 1112 1136 1166 isti
1176 1113 1466 1184 expulsum
1485 1123 1834 1183 receperant.

746 1219 989 1291 Epistola
1015 1220 1136 1286 155,
1171 1221 1242 1275 ad
1269 1220 1550 1276 Romulam
1589 1225 1903 1296 episcopum.

613 1335 654 1389 l.
688 1334 891 1389 Eodem
916 1342 1186 1404 tempore,
1209 1343 1265 1390 et
1295 1335 1488 1390 eodem
1519 1336 1633 1391 fere
1663 1348 2004 1410 argumento.

613 1424 680 1479 11.
718 1424 988 1478 Romulus
1023 1424 1404 1480 Chalcidensis
1441 1427 1752 1496 episcopus,
1789 1430 1858 1484 ob
1903 1430 2111 1484 timidi-

545 1525 709 1570 tatem
765 1515 1032 1570 servierat
1088 1516 1343 1584 tempori,
1401 1526 1457 1570 et
1513 1532 1638 1572 cum
1686 1518 1754 1572 iis
1808 1539 1826 1570 ‹
1862 1528 2114 1575 versatus

538 1615 680 1670 erat,
738 1606 835 1675 qui
882 1607 1133 1677 ingentes
1172 1606 1371 1661 ﬂuctus
1424 1608 1794 1665 concitabant.
1843 1629 1862 1662 ι
1908 1600 2112 1667 Causas

541 1697 755 1752 timoris
812 1697 1054 1752 sublatas
1113 1705 1300 1786 monet
1364 1697 1767 1765 Theodoretus,
1832 1701 2110 1757 Marciano
2144 1730 2186 1786 Β

540 1787 832 1857 imperium
873 1787 1178 1857 auspicato,
1213 1779 1378 1857 atque
1404 1796 1467 1840 ut
1500 1789 1786 1857 pristinam
1811 1791 2111 1846 amicitiam

537 1886 844 1944 conservet,
893 1879 1081 1933 timori
1125 1879 1388 1950 ignoscit;
1429 1897 1706 1952 quamque
1749 1882 1840 1937 ille
1895 1885 2110 1938 veniam

536 1972 766 2040 supplex
793 1971 993 2026 litteris
1021 1970 1272 2040 petierat,
1305 1972 1545 2028 libenter
1563 1973 1830 2044 indulget.

615 2062 707 2116 lll.
727 2061 1083 2117 Observanda
1106 2063 1226 2120 haec
1252 2065 1422 2119 verba
1450 2083 1478 2119 ε,
1509 2084 1528 2117 ‹
1566 2065 1895 2121 Audivimus
1929 2067 2110 2136 ipsum

534 2151 701 2205 etiam
722 2151 947 2221 pietatis
978 2161 1086 2208 tua:
1117 2153 1596 2221 contubernalem,
1623 2169 1750 2210 cum
1788 2156 2110 2211 anathema-

537 2243 726 2298 tismos
786 2242 842 2296 in
901 2245 1110 2314 magnis
1163 2245 1396 2301 urbibus
1444 2245 1624 2302 editos
1677 2255 1987 2317 cognosset,
2041 2247 2110 2302 ab

532 2326 759 2405 obliquo
812 2349 1139 2390 cancrorum
1203 2337 1423 2392 incessu
1493 2338 1791 2403 destitisse,
1849 2349 2110 2409 rectaque

534 2429 842 2497 ingressum
890 2442 1032 2492 esse,
1079 2442 1203 2481 cum
1253 2427 1322 2482 de
1358 2428 1706 2498 dogmatibus
1746 2430 1801 2484 in
1833 2441 2107 2485 conventu

533 2517 771 2587 quodam
796 2519 1113 2573 dissereret.
1147 2536 1166 2572 ι

603 2608 690 2662 ιν.
723 2608 801 2660 Ex
841 2607 930 2661 his
970 2607 1142 2672 enim,
1195 2623 1512 2679 quanquam
1562 2619 1648 2665 est
1694 2611 2110 2666 contubernalis

532 2696 624 2751 ille
659 2697 899 2767 ignotus,
939 2696 1214 2766 conjicere
1251 2697 1402 2764 licet,
1441 2699 1627 2754 statim
1670 2709 1834 2770 atque
1881 2703 2110 2757 Marcia—

531 2802 636 2842 nus
690 2788 869 2841 edicta
946 2786 1194 2852 rescidit,
1242 2787 1447 2857 quibus
1493 2789 1858 2859 pradatorius
1904 2792 2105 2860 Ephesi

528 2889 834 2933 conventus
895 2878 1235 2945 ﬁrmabatur,
1284 2879 1339 2933 in
1365 2880 1683 2936 civitatibus
1721 2882 1894 2936 tribus
1931 2883 2105 2936 maxi-

529 2969 667 3032 mis,
714 2968 1220 3039 Constantinopoli,
1255 2970 1546 3026 Antiochia
1600 2979 1658 3026 et
1688 2971 2102 3045 Hierosolymis,

2220 492 2362 542 mus,
2402 496 2420 527 ›
2458 489 2564 533 etc.

2289 568 2377 622 ΙΙΙ.
2412 568 2546 635 Quis
2583 585 2714 624 vero
2761 571 2854 624 ille
2881 570 3118 626 Joannes
3155 570 3346 636 fuerit,
3391 579 3447 626 et
3473 571 3631 641 cujus
3671 587 3791 626 mo-

2218 659 2441 712 nasterii
2471 675 2692 729 praeses,
2719 676 2785 714 an
2817 660 3114 716 Orientalis
3141 663 3394 732 alicujus,
3425 677 3495 716 an
3519 660 3792 716 Constan-

2222 748 2602 818 tinopolitani;
2629 750 2763 804 mihi
2800 752 3045 807 nondum
3082 759 3428 823 compertum
3452 762 3556 806 est.
3583 752 3789 821 Appel-

2219 839 2365 894 latur
2389 849 2538 896 certe
2577 842 2720 896 inter
2769 843 3226 898 archimandritas
3253 843 3410 897 urbis
3432 842 3616 913 reg-ite,
3651 850 3792 896 tem-

2217 946 2350 1001 pore
2392 933 2612 987 concilii
2659 933 3143 999 Chalcedonensis,
3175 935 3414 990 Joannes
3467 933 3691 1003 quidam
3733 933 3790 988 in

2216 1022 2405 1078 libello
2444 1025 2512 1079 ad
2539 1026 2895 1092 Marcianum,
2945 1029 3160 1083 inserto
3192 1028 3346 1084 Actis
3379 1038 3590 1097 quarta:
3619 1028 3791 1080 actio—

2216 1114 2332 1181 nis;
2363 1115 2456 1170 vix
2485 1128 2667 1172 tamen
2699 1119 3028 1174 crediderim
3064 1120 3195 1179 alibi
3224 1119 3508 1189 praefuisse
3536 1126 3788 1172 nostrum

2215 1203 2381 1270 hunc,
2407 1222 2573 1276 quam
2609 1209 2666 1263 in
2709 1196 2932 1266 Oriente
2952 1251 2968 1276 ,
2995 1219 3052 1264 et
3084 1226 3149 1266 ea
3198 1211 3419 1282 quidem
3451 1218 3606 1280 parte
3628 1250 3643 1276 ,
3666 1225 3790 1280 qua:

2214 1309 2322 1348 non
2348 1298 2537 1366 procul
2561 1297 2800 1368 Apamea
2826 1300 3065 1356 abesset.

2287 1385 2373 1442 IV.
2417 1388 2750 1445 Numera-tur
2789 1393 2954 1446 etiam
3004 1407 3034 1446 a
3079 1391 3426 1447 Theodoreto
3469 1392 3615 1446 inter
3665 1406 3786 1446 san-

2215 1487 2334 1534 ctos
2357 1490 2570 1536 ascetas
2598 1497 2710 1537 sum
2743 1484 2982 1552 regionis
2995 1485 3234 1540 Joannes
3269 1484 3490 1554 quidam
3519 1502 3531 1536 :
3563 1483 3660 1537 sed
3695 1499 3783 1536 ar-

2214 1568 2584 1625 chimandrita
2619 1587 2732 1625 non
2764 1580 2883 1626 erat
2923 1588 3069 1630 anno
3093 1572 3231 1638 445;
3263 1587 3332 1626 an
3368 1578 3560 1641 postea
3597 1569 3670 1623 sit
3703 1566 3784 1622 fa-

2215 1667 2358 1725 ctus,
2389 1676 2503 1715 non
2531 1669 2769 1716 constat.

2215 1771 2460 1844 Epistola
2487 1773 2610 1841 158,
2644 1775 2715 1828 ad
2751 1775 3061 1831 Anatolium
3089 1777 3371 1847 patricium
3405 1773 3780 1846 gratulatoria.

2281 1880 2323 1936 l.
2351 1881 2644 1953 Postquam
2684 1897 2840 1938 suam
2889 1883 2993 1940 sibi
3037 1882 3442 1939 restitutionem
3482 1889 3539 1936 et
3583 1881 3784 1951 iniqua:

2213 1973 2502 2028 sententiae
2570 1974 2956 2028 rescissionem
3009 1988 3134 2029 cum
3180 1973 3435 2028 Anatolio
3475 1972 3784 2042 grauibus

2209 2067 2315 2124 est,
2346 2062 2646 2118 Patricium
2681 2072 2978 2133 patronum
3005 2073 3184 2135 rogat,
3217 2073 3278 2119 ut
3309 2064 3538 2118 suadeat
3579 2078 3782 2118 convo-

2210 2154 2325 2208 cari
2377 2155 2667 2226 synodum,
2711 2156 2801 2212 cui
2856 2149 3164 2212 Marcianus
3208 2172 3336 2212 cum
3382 2157 3623 2225 Augusta
3660 2155 3784 2210 Pul-

2209 2245 2400 2302 cheria
2449 2247 2689 2314 intersit,
2732 2247 2800 2303 ad
2857 2249 3284 2318 compescendas
3331 2248 3781 2303 tumultuantium

2209 2337 2424 2392 turbas.

2279 2429 2345 2484 ll.
2375 2430 2456 2487 Ex
2499 2429 2588 2486 his
2631 2439 2879 2486 constat:
2929 2433 2982 2486 1.
3023 2432 3324 2503 Epistolam
3364 2431 3625 2502 scriptam
3662 2446 3781 2486 esse

2208 2520 2314 2575 sub
2356 2523 2522 2576 tinem
2578 2523 2828 2578 autumni
2875 2523 3004 2578 anni
3065 2523 3188 2578 450.
3241 2523 3300 2579 2.
3354 2524 3779 2578 Revocationem

2207 2616 2542 2672 Theodoreti
2582 2619 2794 2673 caneris
2837 2609 2893 2673 in
2929 2620 3035 2674 hoc
3077 2618 3295 2688 negotio
3336 2619 3495 2697 lactis
3536 2617 3779 2687 priorem

2205 2707 2397 2764 fuisse.
2443 2711 2495 2765 ὅ.
2544 2711 2620 2765 De
2645 2712 2919 2767 sententia
2950 2711 3282 2768 Theodoreti
3333 2720 3573 2766 coactam
3612 2710 3780 2765 fuisse

2205 2801 2708 2860 Chalcedonensem
2745 2807 3035 2877 synodum.
3063 2807 3116 2862 4.
3148 2805 3320 2872 Quam
3343 2805 3401 2873 in
3445 2814 3562 2859 tuto
3600 2805 3780 2860 Theo-

2205 2893 2383 2948 doreti
2436 2911 2525 2950 res
2569 2896 2768 2952 futuris
2809 2906 2998 2953 essent
3044 2897 3100 2952 in
3135 2897 3363 2969 synodo,
3395 2913 3489 2953 eas
3527 2897 3779 2953 Anatolio

2205 2985 2560 3055 patriciorum
2599 2989 2796 3058 primo,
2841 2989 3093 3060 aliisque,
3129 2998 3190 3043 ut
3221 3005 3347 3044 mox
3393 2989 3630 3055 dicetur,
3675 3005 3778 3059 po-

527 3059 734 3114 dictum
771 3058 938 3113 fuisse
961 3059 1252 3115 anathema
1291 3060 1547 3132 Eutychi,
1585 3077 1851 3132 novaeque
1883 3065 2098 3120 haeresi.

2215 3076 2530 3132 tentissimis
2553 3080 2722 3135 totius
2751 3080 2967 3150 imperii
2985 3058 3130 3137 ‘viris
3155 3091 3264 3136 tam
3294 3095 3564 3150 propense
3585 3121 3599 3146 ,
3642 3058 3777 3136 tam-

601 3151 665 3204 V.
715 3151 1002 3215 Romulus,
1035 3151 1104 3206 ad
1143 3166 1306 3220 quem
1341 3161 1428 3208 est
1449 3152 1703 3222 epistola,
1742 3153 1848 3208 fuit
1882 3154 2102 3210 Chalci-

523 3236 713 3291 densis
737 3238 1050 3307 episcopus,
1085 3245 1147 3291 ut
1175 3238 1383 3293 dictum
1414 3248 1516 3294 est.
1546 3243 1562 3260 '
1591 3241 1847 3298 Interfuit
1869 3245 2104 3299 concilio

512 3324 961 3380 Chalcedonensi
998 3341 1144 3382 anno
1173 3326 1300 3392 451,
1333 3343 1437 3382 nec
1462 3327 1558 3383 diu
1595 3329 1753 3400 351
1791 3333 2097 3402 superfuit:

527 3431 672 3469 anno
700 3416 846 3469 enim
892 3415 1018 3481 458,
1063 3417 1260 3472 litteris
1291 3418 1567 3490 synodicis
1616 3419 1785 3492 Syria:
1818 3424 2006 3493 prima:
2031 3423 2098 3478 ad

529 3509 763 3562 Leonem
791 3509 1180 3578 imperatorem
1215 3510 1456 3567 Domnus
1476 3511 1858 3571 Chalcidensis
1889 3516 2101 3586 episco-

525 3616 632 3672 pus
655 3600 1003 3671 subscripsit.

524 3711 926 3784 Epiuolarlzsﬁ,
963 3711 1034 3765 ad
1053 3709 1248 3782 Cyrum
1300 3712 1709 3784 Magistrianum
1744 3716 2096 3772 consolatoria

770 3783 824 3835 in
857 3782 1040 3850 funere
1063 3785 1243 3836 uxoris
1278 3790 1328 3836 et
1348 3783 1451 3852 ﬁlii
1483 3785 1848 3840 adolescentia.

593 3893 809 3948 Nullam
836 3895 1058 3964 praetera
1074 3900 1339 3968 temporis
1353 3909 1558 3955 certam
1585 3909 1803 3966 notam;
1827 3901 2094 3957 credibile

530 3992 712 4038 tamen
741 3993 826 4041 est
857 3985 1004 4041 circa
1051 3988 1243 4044 isthmc
1273 3999 1518 4060 tempora
1562 3991 1821 4061 scriptam
1853 4007 1994 4059 esse,
2046 3995 2093 4049 si

520 4077 685 4132 modo
715 4076 907 4148 Cyrus,
943 4094 1106 4148 quem
1145 4080 1527 4137 Theodoretus
1557 4083 1612 4136 in
1657 4085 1916 4153 praesenti
1960 4101 2093 4141 con-

521 4165 749 4230 solatur,
807 4167 876 4221 ab
917 4183 984 4222 eo
1030 4184 1148 4224 non
1197 4169 1406 4236 diﬂ‘ert,
1450 4171 1542 4225 cui
1587 4172 1792 4241 gratias
1835 4175 1948 4246 agit
1976 4177 2094 4246 epi-

521 4256 658 4311 stola
715 4258 804 4324 15,
859 4259 930 4315 ob
1001 4261 1226 4316 missum
1269 4261 1458 4316 vinum
1509 4260 1821 4339 Lesbium:
1867 4267 2091 4324 videtur

519 4348 666 4403 enim
704 4357 760 4404 et
794 4351 996 4421 gratias
1033 4353 1244 4422 egisse,
1267 4368 1401 4410 cum
1447 4354 1599 4424 regio
1644 4357 1902 4413 mandato
1947 4359 2090 4431 Cyro

519 4440 883 4508 detineretur,
950 4451 1006 4498 et
1060 4445 1375 4500 consolatus
1434 4445 1720 4514 atilictum,
1795 4452 2087 4520 posteriori

508 4539 785 4602 tempore.

612 4643 864 4714 Epistula
903 4646 1023 4711 157,
1054 4647 1124 4699 ad
1153 4647 1417 4702 Joannem
1454 4650 1948 4706 archimandritam.

576 4755 625 4808 Ἰ.
657 4756 919 4810 Hortatur
951 4756 1017 4809 ad
1041 4758 1244 4826 gratias
1275 4747 1387 4812 Deo
1419 4747 1675 4826 agendas,
1713 4761 1859 4829 quod
1888 4782 1906 4815 ‹
1932 4763 2083 4819 adul-

501 4845 690 4898 aterina
717 4861 780 4900 ac
824 4847 1008 4914 spuria
1051 4845 1305 4916 dogmata
1339 4847 1693 4916 dissipasset;
1737 4865 1858 4920 qua:
1899 4864 2080 4911 autem

502 4937 566 4991 in
619 4937 790 4992 sacris
834 4937 1145 5006 Evangeliis
1195 4937 1355 4993 nobis
1404 4938 1651 5005 tradidit,
1707 4956 1774 4996 ea
1803 4952 1862 4997 ut
1902 4945 2078 5003 libere

502 5027 895 5096 prtedicentur,
926 5025 1127 5080 elfecit.
1163 5046 1181 5078 ι
1831 5033 1833 5036 ‘

576 5117 642 5170 ll.
682 5115 923 5184 Epistola
963 5115 1130 5185 igitur
1175 5119 1378 5190 scripta
1410 5129 1526 5187 est,
1573 5123 1848 5182 Marciano
1901 5128 2076 5200 impe-

502 5207 652 5260 rium
693 5206 992 5275 auspicato,
1037 5224 1068 5262 e
1099 5213 1452 5278 monasterio,
1484 5214 1541 5268 in
1568 5216 1714 5286 quod
1748 5218 2074 5276 Theodore-

505 5308 598 5351 tus
649 5308 967 5363 recesserat,
1008 5315 1119 5354 non
1145 5303 1397 5358 restituta
1439 5306 1588 5372 sede,
1641 5309 1788 5377 quod
1833 5310 2076 5367 indicant

505 5389 640 5443 satis
680 5388 794 5443 haec
837 5391 1048 5446 verba:
1105 5412 1122 5444 ί
1155 5393 1403 5451 Civitatis
1451 5397 1731 5453 desiderio
1773 5416 1883 5454 non
1919 5411 2074 5457 tene-

2203 3179 2310 3234 que
2345 3165 2639 3242 diligenter
2676 3170 3018 3226 curantibus.

2203 3274 2445 3345 Epistola
2471 3276 2586 3340 I59,
2629 3277 2699 3332 ad
2718 3278 2976 3333 Auionam
3019 3277 3286 3333 consulem
3308 3287 3358 3333 et
3392 3280 3675 3349 patricium
3705 3279 3774 3334 ’°.

2272 3383 2312 3438 Ι.
2340 3383 2556 3439 Gratias
2585 3387 2695 3456 agit
2724 3385 2957 3452 Avieno,
2997 3386 3142 3456 quod
3183 3387 3516 3442 Marcianum
3541 3388 3778 3458 impera-

2202 3478 2379 3525 torem
2430 3470 2498 3524 de
2541 3471 2742 3542 injuria
2785 3472 2890 3527 sibi
2947 3474 3092 3528 illata
3136 3474 3431 3540 monuerit,
3473 3484 3776 3547 auctorque

2199 3556 2367 3611 fuerit
2392 3557 2763 3623 rescindendi,
2791 3574 2912 3628 qua:
2953 3560 3154 3630 Ephesi
3195 3575 3482 3630 perperam
3521 3561 3684 3632 353
3716 3563 3775 3617 in

2199 3655 2300 3696 suo
2321 3643 2543 3713 negotio
2571 3642 2712 3700 facta
2745 3654 2967 3700 essent:
3010 3647 3252 3715 postulat
3277 3647 3536 3716 .insuper,
3584 3658 3644 3703 ut
3672 3665 3775 3705 suo

2197 3729 2422 3784 nomine
2481 3731 2686 3801 gratias
2737 3731 3059 3815 imperatori
3121 3733 3490 3804 Augustusque
3544 3735 3771 3798 referat,

2197 3817 2533 3887 suadeatque
2561 3833 2757 3890 cogere
2793 3819 3087 3890 synodum.

2270 3903 2334 3959 ll.
2380 3904 2713 3976 [ascriptum
2751 3905 2858 3960 fuit
2903 3907 2961 3961 in
3011 3905 3296 3962 codicibus
3342 3905 3506 3962 editis
3541 3907 3774 3982 Asparis

2195 4005 2438 4046 nomen:
2483 3992 2577 4047 sed
2605 4009 2731 4049 cum
2771 3991 3016 4049 Avienus
3081 4009 3227 4052 anno
3270 3994 3374 4050 450
3419 3996 3771 4064 consulatum

2194 4084 2448 4153 gesserit,
2478 4093 2537 4139 et
2571 4084 2952 4141 Theodoretus
2992 4087 3275 4141 consulem
3306 4087 3584 4143 neminem
3615 4103 3772 4144 com-

2195 4175 2398 4245 pellare
2462 4175 2658 4235 solitus
2705 4178 2797 4242 sit,
2850 4177 2956 4232 nisi
3000 4193 3110 4248 quo
3172 4186 3419 4248 tempore
3473 4180 3770 4235 consulatu

2194 4262 2533 4338 fungeretur,
2589 4269 2930 4325 emendanda
2992 4268 3097 4324 fuit
3153 4269 3340 4334 lectio,
3401 4269 3528 4325 inde
3575 4270 3768 4326 forsan

2193 4366 2472 4429 corrupta,
2499 4360 2649 4429 quod
2675 4361 2806 4415 olim
2826 4360 2964 4426 sola,
2992 4371 3053 4415 ut
3083 4359 3167 4426 ﬁt,
3191 4362 3256 4416 A.
3283 4361 3464 4416 littera
3499 4361 3766 4433 inscripta

2191 4448 2360 4504 fuerit
2385 4450 2650 4519 epistolae.

2260 4542 2348 4596 lll.
2376 4542 2566 4598 Lectio
2591 4543 2812 4612 vulgata
2839 4544 3068 4599 retineri
3097 4559 3208 4599 non
3239 4553 3440 4614 potest,
3470 4544 3577 4602 nisi
3604 4548 3761 4601 dica—

2186 4642 2276 4687 tur
2326 4633 2534 4688 Avieno
2588 4635 2802 4689 consuli
2858 4635 3141 4690 ordinario
3179 4636 3503 4707 subrogatus
3555 4635 3759 4706 Aspar,

2184 4725 2269 4779 vel
2308 4724 2380 4780 ob
2437 4725 2635 4780 Avieni
2687 4733 2944 4792 mortem,
3002 4725 3088 4781 vel
3123 4726 3228 4782 alia
3275 4727 3343 4780 de
3394 4741 3578 4791 causa,
3633 4742 3762 4796 quae

2182 4819 2368 4873 lateat.

2349 4929 2588 5003 Epistula
2625 4931 2748 4996 MO,
2783 4932 2852 4985 ad
2893 4931 3252 4987 Vincomalam
3283 4937 3584 5004 patriciam.

2253 5043 2294 5098 l.
2339 5043 2514 5100 Causa
2556 5042 2869 5106 scribendi,
2919 5049 3247 5113 tempusque
3289 5044 3469 5099 missae
3507 5045 3761 5114 epistola:

2182 5143 2370 5203 aperte
2406 5133 2740 5188 ostenditur.
2796 5153 2813 5185 ι
2847 5133 3019 5189 Valde
3061 5149 3184 5190 sum
3221 5134 3470 5200 miratus,
3522 5136 3618 5190 ubi
3667 5153 3760 5192 co-

2181 5224 2342 5293 gnovi
2393 5223 2851 5292 magniﬁcentiam
2920 5233 3181 5290 vestram,
3232 5239 3355 5278 cum
3412 5240 3501 5279 res
3532 5226 3760 5295 penitus

2181 5315 2477 5384 ignoraret,
2506 5329 2569 5367 ac
2594 5314 2788 5375 solam,
2816 5331 2937 5385 quae
2965 5315 3020 5369 in
3053 5332 3152 5370 nos
3185 5317 3325 5370 facta
3355 5324 3457 5379 est,
3490 5317 3758 5385 iniuriam

2181 5404 2481 5470 didicisset,
2546 5406 2914 5474 patrocinium
2961 5415 3211 5462 nostrum
3260 5407 3591 5477 suscepisse,
3627 5422 3758 5464 0m-

1835 5550 2151 5608 SCllUl.le
2178 5552 2402 5608 NOTJE.

567 5657 620 5687 ”
642 5654 918 5711 Auienum.
968 5657 1091 5712 Vid.
1130 5675 1315 5730 supra,
1352 5677 1404 5730 p.
1445 5663 1565 5729 194,
1599 5664 1771 5718 schol.
1805 5665 1852 5718 l.
