3952 6294
162 306 249 373 301

1311 301 1406 359 DE
1438 296 1692 358 LIBRIS
1730 295 2030 357 TI-IEODO
2039 300 2210 359 RETI

3287 298 3391 362 5‘02

165 417 350 486 nisque
409 411 791 475 commovisse,
847 417 906 466 ut
958 419 1301 480 comparatas
1361 417 1551 464 contra
1615 423 1717 462 nos
1749 409 2034 466 Amorum
2082 413 2579 482 compositionem,
2635 412 2906 468 blandam'
2954 422 3008 468 et
3062 414 3393 468 allicientem

168 507 430 563 machinas
466 513 757 559 everteret.
792 521 810 553 ›
1031 551 1037 556 .

227 600 286 654 ll.
314 598 514 653 Gratiis
547 597 809 665 impense
853 595 991 648 actis
1028 593 1409 648 Theodoretus
1431 632 1444 656 ,
1497 592 1718 647 easdem

170 688 487 751 Vincomalo,
515 701 653 756 quas
679 685 801 738 aliis
823 684 1042 738 duobus
1069 683 1334 753 patriciis,
1368 683 1478 738 fert
1505 697 1716 752 preces,

170 788 222 834 ut
242 795 336 834 suo
384 779 606 832 nomine
655 776 856 845 gratias
889 775 1150 846 Augustis
1196 783 1339 845 agat,
1396 782 1450 829 et
1497 775 1721 828 suadeat

170 871 343 926 haberi
376 869 665 941 synodum.

168 986 184 1005 ⁶
211 983 442 1055 Episqu
479 983 598 1047 Mi,
629 982 700 1037 ad
733 980 1050 1035 Marcellum
1078 978 1555 1035 archimandritam
1588 993 1721 1030 acoe-

780 1061 1063 1104 metarum.

225 1167 263 1220 l.
289 1165 576 1220 Marcellus
615 1163 706 1218 ille
737 1170 1130 1218 acoemetarum
1168 1169 1321 1230 pater
1347 1157 1452 1213 fuit
1484 1172 1628 1212 unus
1655 1155 1722 1209 de

167 1253 615 1318 archimandritis,
661 1251 777 1322 qui,
837 1251 1024 1305 oblato
1068 1249 1278 1313 libello,
1335 1249 1721 1316 imperatorem

168 1345 482 1400 Marcianum
509 1351 790 1414 rogarunt,
819 1343 941 1398 dari
979 1343 1085 1397 sibi
1123 1349 1451 1412 potestatem
1487 1337 1723 1407 compri-

169 1435 336 1488 mendi
383 1433 648 1502 reliquias
680 1434 965 1503 Eutychis,
1016 1433 1073 1486 in
1116 1429 1467 1484 monasteriis
1513 1437 1570 1482 et
1595 1442 1717 1496 spe-

169 1526 330 1580 luncis
378 1525 678 1588 latitantes,
732 1532 896 1594 atque
948 1523 1185 1578 haeresin
1236 1522 1508 1584 foventes,
1558 1519 1626 1574 ad
1671 1535 1722 1572 iv

168 1619 346 1673 conci].
372 1618 630 1673 Cbaleed.

231 1711 291 1764 ll.
318 1711 544 1768 Biennio
568 1718 749 1773 antea,
785 1709 840 1762 in
883 1706 1092 1779 synodo
1117 1704 1722 1773 Constantinopol-itana
1757 1740 1797 1796 Β

169 1802 412 1868 Flaviani,
447 1817 596 1857 anno
623 1802 726 1861 448
768 1809 1046 1871 postremo
1079 1799 1201 1852 loco
1245 1795 1572 1866 subscripsit
1606 1811 1725 1850 sen-

169 1896 355 1960 tentiae,
386 1911 495 1964 qua
534 1894 818 1963 depositus
865 1891 1269 1957 estEutyches,
1323 1896 1383 1944 ut
1418 1897 1636 1942 constat
1657 1903 1724 1939 ex

167 1987 306 2041 Actis
349 1985 546 2057 synodi
596 1983 1239 2053 Constantinopolitanae,
1290 1996 1412 2050 qua:
1446 1979 1600 2034 Actis
1633 1993 1723 2048 sy-

168 2078 284 2132 nodi
309 2077 772 2134 Chalcedonensis
801 2075 1142 2130 inseruntur.

229 2171 312 2225 lll.
346 2171 456 2228 Nec
482 2167 818 2238 subscripsit
855 2175 1068 2222 tantum
1097 2166 1152 2220 in
1189 2163 1420 2235 synodo,
1446 2161 1543 2218 sed
1560 2161 1726 2216 etiam

170 2263 336 2317 verbis
359 2271 550 2332 postea
585 2259 829 2316 Flaviani
855 2256 1184 2313 sententiam
1212 2253 1600 2325 propugnavit,
1633 2267 1730 2307 ne-

168 2353 445 2424 quidquam
473 2359 719 2408 terrente
749 2349 897 2415 aula,
924 2356 1068 2404 utex
1093 2348 1197 2403 hac
1217 2347 1450 2417 epistola
1473 2345 1730 2416 colligere

168 2456 261 2503 est.

231 2536 310 2591 Π.
337 2536 572 2591 Tantam.
603 2535 656 2590 ei
692 2531 1055 2589 constantiam
1084 2529 1392 2600 gratulatur
1419 2529 1728 2586 Theodore.

172 2636 270 2692 tus,
293 2629 566 2698 simulque
587 2626 813 2696 exponit
844 2624 931 2680 sui
953 2637 1206 2678 secessus
1229 2622 1473 2692 quietem
1501 2637 1565 2676 ac
1593 2639 1728 2693 gau-

171 2719 305 2774 dium
338 2721 403 2775 de
447 2717 751 2774 obstructis
793 2716 988 2772 oribus
1012 2731 1229 2779 eorum,
1258 2715 1354 2783 qui
1387 2715 1492 2770 sibi
1521 2717 1730 2786 Deique

171 2811 498 2882 dogmatibus
531 2810 989 2866 adversabantur.

233 2902 457 2958 [lianc
491 2903 663 2972 igitur
691 2901 980 2970 epistolam
1023 2914 1093 2956 ex
1134 2913 1235 2954 suo
1288 2914 1507 2953 secessu
1556 2898 1729 2962 dedit,

168 2993 445 3050 inclinante
501 3003 790 3053 autumno,
859 3001 1155 3060 postquam
1221 2989 1290 3044 de
1350 2988 1618 3044 Marciani
1675 2997 1732 3042 et

1823 515 2146 571 congressus
2173 503 2540 567 dulcedinem,
2572 513 2630 558 et
2671 504 2775 558 alia
2810 520 3150 575 quaecunque
3197 505 3392 574 depin-

1821 602 1954 661 gunt
1983 593 2283 662 perfectum
2317 595 2600 648 alumnum
2627 596 3005 664 philosophim.
3033 617 3049 647 ι

1891 683 1976 737 lV.
2025 683 2376 739 Observanda
2425 685 2541 740 hmc
2576 686 2782 742 verba:
2821 706 2838 737 ι
2887 688 3146 756 Ρθτξθᾳαρ
3199 689 3397 758 impios

1820 775 2007 829 censui
2056 791 2152 830 eos
2177 816 2190 839 ,
2236 777 2330 846 qui
2379 775 2515 830 duas
2548 776 2824 845 Unigeniti
2859 787 3083 832 naturas
3136 779 3193 832 in
3229 795 3394 834 unum

1822 882 2016 936 cogere
2065 868 2300 931 audent,
2359 876 2415 922 et
2445 869 2538 937 qui
2583 869 2877 922 Dominum
2906 877 3162 923 nostrum.
3207 871 3395 924 Jesum

1821 955 2121 1022 Christum,
2141 957 2341 1012 Filium
2367 960 2464 1014 Dei
2500 959 2644 1025 vivi,
2686 960 2966 1016 hominem
2993 961 3195 1016 factum
3224 963 3395 1016 Deum

1823 1047 2086 1112 Verbum,
2141 1050 2196 1103 in
2247 1050 2386 1104 duos
2430 1050 2570 1105 ﬁlios
2613 1051 2862 1106 dividere
2895 1064 3182 1119 conantur,
3227 1053 3271 1107 si
3301 1055 3396 1123 qui

1823 1149 1952 1195 sunt
1976 1141 2215 1206 tandem,
2246 1158 2347 1212 ego
2375 1144 2522 1198 enim
2559 1159 2670 1198 non
2703 1153 2864 1214 puto;
2895 1145 2988 1198 sed
3021 1145 3159 1199 hanc
3182 1161 3400 1215 semper

1823 1231 2150 1286 calumniam
2188 1233 2462 1300 Ecclesiae,
2501 1237 2593 1304 qui
2637 1235 2751 1289 Arii
2793 1247 2849 1290 et
2886 1236 3163 1300 Eunomii,
3196 1237 3401 1305 quique

1823 1323 2148 1392 Apollinarii
2193 1335 2380 1397 partes
2431 1336 2759 1396 sequuntur,
2803 1328 3154 1397 impudenter
3173 1328 3402 1384 ammte-

1825 1422 1982 1481 runt;
2021 1425 2077 1470 at
2101 1432 2234 1472 vero
2267 1417 2426 1472 facile
2468 1427 2553 1472 est
2595 1417 2955 1486 diligentibus
2981 1418 3401 1486 pervidere,ce-

1823 1503 2146 1560 lcberrimos
2158 1508 2346 1561 Patres
2364 1516 2601 1570 nostros,
2624 1508 2830 1562 lumina
2848 1509 3238 1572 Ecclesiarum,
3260 1510 3401 1564 hanc

1825 1595 1998 1664 ipsam
2043 1612 2074 1650 a
2121 1597 2371 1652 veritatis
2415 1597 2670 1652 hostibus
2723 1598 3164 1653 criminationem
3211 1614 3400 1668 passos

1825 1703 1968 1752 esse,
1992 1704 2156 1758 quam
2184 1703 2284 1743 nos
2331 1688 2436 1744 hoc
2466 1696 2710 1758 tempore
2750 1689 2819 1744 ab
2858 1690 3082 1759 optimis
3102 1705 3257 1746 novae
3287 1692 3399 1746 ha:-

1828 1777 1966 1833 resis
1995 1779 2379 1834 inventoribus
2405 1779 2765 1845 sustinemus,
2794 1795 3030 1850 quorum
3064 1782 3400 1851 impietatem

1827 1869 2265 1938 sapientissimus
2307 1871 2572 1924 Dominus
2602 1869 2878 1939 patefecit,
2927 1885 3035 1925 non
3078 1873 3404 1941 permittens

1827 1957 2089 2013 diuturna
2127 1961 2391 2031 patientia
2418 1959 2683 2015 nefariam
2711 1960 2946 2016 hmresin
2977 1962 3344 2017 corroborari.
3377 1985 3394 2012 ι

1828 2049 1956 2104 Inde
1979 2051 2136 2120 plura
2161 2053 2565 2123 intelliguntur.

1899 2140 1960 2194 V.
1996 2141 2259 2208 Primum,
2317 2159 2426 2212 quo
2459 2145 2625 2200 etiam
2665 2155 2779 2202 tum
2814 2147 2997 2201 animo
3022 2145 3405 2201 Theodoretus

1829 2229 1970 2285 foret
2002 2248 2130 2303 erga
2160 2233 2460 2288 Diodorum
2491 2237 2816 2293 Tarsensem
2834 2247 2889 2293 ct
2914 2235 3260 2292 Theodorum
3294 2237 3406 2291 Mo-

1829 2330 2209 2392 psuestenum,
2245 2325 2483 2381 Nestorii
2531 2331 2844 2399 magistros,
2869 2343 3145 2399 quamque
3170 2328 3240 2382 de
3259 2327 3407 2398 ipsis

1831 2415 2148 2484 opinionem
2189 2417 2473 2482 retineret,
2511 2420 2678 2474 etiam
2711 2427 2835 2490 post
2875 2422 3165 2489 utriusque
3200 2420 3406 2475 doctri-

1831 2521 1956 2560 nam
1980 2522 2011 2559 a
2032 2506 2225 2561 Proelo
2259 2508 2440 2562 tacitis
2487 2509 2805 2564 nominibus
2835 2509 2889 2562 in
2927 2517 3078 2563 tomo
3115 2509 3184 2563 ad
3208 2509 3374 2565 Arme
3400 2541 3407 2549 -

1831 2613 1952 2661 nos,
1981 2613 2011 2651 a
2036 2579 2239 2667 Cyrillo
2263 2607 2450 2667 aperte
2483 2599 2644 2654 libris
2669 2599 2885 2654 duobus
2917 2600 3228 2655 refutatam.

1901 2688 2050 2756 Quos
2066 2697 2247 2744 autem
2266 2689 2629 2744 celeberrimos
2654 2690 2842 2744 Patres
2868 2701 3072 2745 nostros
3092 2701 3270 2758 vocat,
3287 2693 3409 2748 Dio.

1833 2780 2026 2834 dorum
2065 2791 2121 2835 et
2169 2781 2521 2836 Theodorum
2574 2799 2696 2837 esse
2744 2798 2909 2838 nemo
2949 2786 3263 2854 negaverit,
3309 2787 3407 2855 qui

1833 2873 2117 2942 epistolam
2148 2874 2286 2928 hanc
2319 2875 2616 2928 contulerit
2644 2889 2767 2928 cum
2803 2875 3014 2938 verbis,
3045 2885 3158 2929 tum
3204 2878 3412 2946 episto-

1834 2964 1899 3017 lae
1919 2963 1982 3016 16
2019 2978 2080 3016 ac
2107 2962 2303 3031 dialogi
2331 2963 2386 3026 -l,
2415 2963 2518 3016 sub
2545 2962 2736 3027 finem;
2770 2971 2883 3015 tum
2916 2964 3204 3032 utriusque
3231 2965 3412 3020 Histo-

174 3087 452 3142 Pulclicriaa
521 3084 762 3142 decretis
814 3053 1082 3138 adversus
1155 3081 1442 3155 Eutychen
1505 3079 1731 3134 resciis-

1844 3057 1949 3117 riaa,
1975 3054 2331 3107 ecclesiastica:
2373 3068 2570 3121 nempe
2604 3061 2659 3106 et
2705 3053 2993 3122 religiosa;
3021 3061 3134 3108 tum
3171 3056 3410 3126 denique

174 3189 262 3235 set.

574 3291 816 3362 Epistota
851 3255 968 3356 ΜΞ,
996 3291 1065 3344 ad
1093 3289 1349 3343 eumdem.

233 3402 272 3456 l.
293 3401 446 3455 Missa
473 3410 564 3455 est
603 3401 767 3469 paulo
791 3407 914 3468 post
941 3398 1360 3469 prmcedentcm.
1394 3415 1413 3448 ‹
1469 3395 1600 3449 Aliis
1622 3396 1732 3465 jam

171 3491 355 3548 litteris
377 3493 640 3561 pietatem
671 3500 818 3545 tuam
846 3490 996 3544 aﬂ'ati
1022 3505 1230 3544 sumus.
1262 3507 1279 3540 ι

234 3584 293 3638 ll.
320 3583 529 3638 Laudat
547 3599 677 3638 vero
701 3582 1080 3637 Theodoretus
1098 3581 1543 3636 archimandritas
1578 3599 1593 3629 ι
1618 3587 1733 3633 tum

175 3671 535 3727 admirandam
565 3673 758 3736 vitam,
784 3681 898 3725 tum
931 3670 1262 3725 laudabilem
1319 3671 1517 3734 zelum,
1571 3684 1734 3738 quem

177 3764 469 3829 apostolicae
495 3762 628 3816 ﬁdei
654 3777 816 3816 causa
839 3761 1236 3825 declaraverat,
1259 3775 1362 3814 nec
1401 3760 1603 3830 regiam
1635 3774 1735 3829 po-

178 3855 387 3908 tentiam
439 3853 770 3917 formidans,
832 3868 937 3908 nec
982 3850 1734 3921 episcoporumconsensio-

177 3957 309 4007 nem,
347 3962 364 3996 ι
394 3953 502 4000 etc.

179 4057 321 4134 353
369 4063 608 4134 Epistola
631 4063 753 4128 N5,
779 4063 848 4134 ad
858 4061 1128 4116 Andream
1151 4063 1462 4134 monachum
1479 4060 1739 4116 Constan-

621 4133 908 4203 tinopoleos
946 4133 1281 4203 parwnetica.

243 4243 279 4297 Ι.
309 4244 440 4300 Data
461 4254 547 4301 est
580 4261 610 4300 e
637 4261 855 4301 secessu
880 4243 1201 4298 monasterii
1223 4243 1599 4313 Apameensis,
1630 4259 1739 4314 quo

181 4341 413 4405 tempore
461 4356 479 4388 ε
534 4353 690 4392 nova:
728 4336 954 4390 hzeresis
992 4335 1343 4390 defensorum
1392 4334 1740 4404 iniquitatem

1837 3146 2075 3216 Catalogi
2104 3145 2432 3213 scriptorum
2461 3145 2529 3197 ab
2557 3143 2902 3199 llebed-Jesu
2925 3147 3215 3214 compositi
3247 3165 3408 3202 :nam

1841 3241 1893 3292 in
1929 3239 2110 3308 priore
2139 3238 2258 3293 loco
2293 3233 2593 3291 Diodorum
2637 3242 2694 3288 et
2731 3234 3082 3290 Theodorum
3128 3247 3338 3292 sanctos
3353 3249 3412 3292 et

1839 3331 2014 3384 beatos
2063 3329 2276 3392 Patres,
2310 3331 2691 3400 magistrosque
2722 3344 2844 3384 suus
2874 3329 3129 3400 appellat.
3163 3330 3415 3399 Appellat

1839 3437 2057 3492 quoque
2081 3422 2140 3476 in
2162 3421 2378 3491 dialogo
2417 3421 2468 3485 l,
2498 3421 2813 3491 fortissiinos
2839 3424 3076 3476 veritatis
3107 3438 3414 3495 propugna-

1844 3522 2000 3579 tores,
2035 3514 2272 3583 rivosque
2295 3511 2524 3584 Spiritus
2545 3514 2737 3567 sancti.

1911 3604 2210 3660 Diodorum
2261 3619 2394 3658 vero
2418 3603 2474 3658 in
2493 3603 2878 3658 Ecclesiasticte
2924 3603 3170 3658 Historia!
3212 3604 3309 3658 lib.
3339 3619 3410 3665 tv,

1839 3712 1962 3766 cap.
1991 3696 2081 3760 22,
2109 3695 2330 3765 quantis
2359 3695 2619 3750 laudibus
2639 3694 2838 3749 aiiicitl
2885 3713 2902 3745 ι
2939 3695 3411 3765 Sapientissimus,

1842 3786 2006 3858 355
2046 3786 2246 3856 inquit,
2289 3785 2729 3855 fortissimusque
2781 3785 3074 3848 Diodorus,
3123 3786 3276 3856 quasi
3317 3785 3418 3839 ilu-

1843 3879 1965 3934 vius
1988 3878 2210 3948 quidam
2238 3877 2502 3948 limpidus
2532 3884 2589 3932 et
2627 3876 2820 3947 ingens
2864 3893 2994 3932 suos
3027 3877 3252 3946 quidem
3294 3877 3418 3932 irri-

1843 3971 2038 4040 gabat;
2067 3970 2508 4026 adversariorum
2542 3984 2672 4023 vero
2696 3969 3068 4038 blasphemias
3091 3969 3353 4023 diluehat.
3392 3991 3410 4021 ι

1845 4061 1912 4120 Et
1970 4061 2244 4131 Religiosw
2291 4061 2538 4115 Historia:
2574 4076 2695 4129 cap.
2730 4062 2832 4114 ll:
2881 4079 2899 4110 ι
2952 4059 3129 4112 Divini
3161 4060 3419 4130 beatique

1845 4152 1946 4206 viri
1972 4153 2259 4206 Flavianus
2284 4160 2339 4206 el
2368 4150 2640 4210 Diodorus
2663 4150 2864 4218 populo
2897 4149 3284 4219 praesidebant.
3321 4168 3341 4200 ι

1915 4246 1932 4263 ⁴
1967 4245 2042 4297 De
2073 4243 2364 4297 Theodoro
2403 4241 2535 4310 quid
2563 4241 2762 4297 habeat
2789 4240 2887 4294 lib.
2916 4257 2948 4292 v
2999 4239 3203 4294 Ercles.
3241 4241 3425 4296 Histo-

1849 4338 1961 4400 τίω,
1993 4335 2188 4402 saepius
2219 4333 2439 4387 allatum
2469 4340 2570 4387 est.

181 4429 610 4496 sapientissimus
643 4429 911 4483 Dominus
941 4426 1221 4498 patefecit,
1274 4441 1382 4479 non
1417 4425 1742 4495 permittens
1775 4439 1820 4493 ι)
1914 4427 2262 4484 Hebed—Jesu
2295 4440 2590 4480 recensens
2621 4423 2952 4479 Theodoreti
2991 4439 3178 4494 opera,
3211 4443 3228 4475 α
3259 4423 3420 4480 Com-

179 4520 426 4578 diutuma
454 4524 722 4595 patientia
753 4523 1018 4578 nefariam
1049 4521 1282 4583 liaaresin
1311 4519 1681 4575 corroborari.
1719 4538 1736 4570 ι

180 4613 382 4679 Quibus
438 4617 629 4671 verbis
679 4615 996 4670 indicantur
1049 4613 1307 4667 Marciani
1347 4611 1524 4665 initia.
1563 4609 1745 4676 Quare

182 4724 298 4761 cum
350 4711 520 4764 altera
550 4707 978 4778 praecedentium
1014 4706 1246 4760 duarum
1287 4704 1453 4758 missa
1483 4711 1568 4757 est
1597 4702 1746 4756 Con-

181 4802 584 4871 stantinopolim
614 4817 714 4870 per
760 4801 1060 4855 monachos
1087 4813 1152 4853 eo
1177 4798 1492 4852 redeuntes.

246 4891 310 4946 ll.
339 4892 466 4946 Fuit
489 4892 733 4947 Andreas
769 4892 880 4953 ille,
927 4896 989 4943 ut
1019 4888 1261 4953 videtur,
1291 4886 1744 4950 archimandrita,

184 4983 271 5051 qui
321 4985 651 5054 depositioni
695 4984 958 5055 Eutychis
1005 4983 1184 5052 primo
1242 4980 1384 5033 inter
1434 4978 1746 5032 archiman-

185 5073 350 5130 dritas
401 5077 525 5131 loco
561 5092 663 5146 per
692 5076 1043 5131 Timotheum
1086 5073 1468 5143 presbyterum
1509 5069 1749 5123 subscri-

185 5165 288 5234 psit
315 5166 370 5221 in
388 5156 636 5222 Iconcilio
661 5167 901 5221 Flaviani
929 5179 1073 5220 anno
1099 5165 1222 5220 448.

251 5257 340 5310 ll].
365 5257 642 5312 Andream
669 5257 1048 5311 Theodoretus
1077 5255 1271 5308 invitat
1297 5252 1363 5306 ad
1401 5248 1754 5306 scribendum

1846 4521 2050 4591 posuit,
2083 4520 2280 4589 inquit,
2321 4517 2624 4587 apologiam
2657 4531 2757 4587 pro
2777 4517 3036 4572 Patribus
3058 4517 3261 4572 nostris
3285 4517 3423 4576 duo-

1847 4611 1954 4665 bus
1988 4609 2249 4674 tomis“;
2287 4627 2304 4659 ι
2341 4623 2442 4678 pro
2471 4607 2541 4662 iis
2585 4623 2783 4676 nempe
2809 4607 3084 4669 Patribus,
3129 4622 3267 4676 quos
3297 4623 3424 4664 sane

1849 4710 1972 4756 ctus
2021 4700 2257 4772 Cyrillus
2317 4699 2701 4769 impugnavit,
2753 4715 3102 4768 quorumque
3148 4708 3422 4771 tomorum

1847 4792 2150 4861 fragmenta
2184 4792 2388 4846 inserta
2409 4798 2535 4844 sunt
2556 4789 2705 4844 Actis
2734 4791 2940 4858 quinta:
2966 4789 3178 4860 synodi,
3222 4789 3420 4843 coll;5.

1928 4881 2264 4944 Secundum,
2300 4880 2434 4949 quid
2466 4879 2719 4933 similiter
2756 4888 2879 4949 post
2913 4878 3208 4933 concilium
3239 4878 3418 4946 Ephe-

1855 4973 2056 5035 sinum,
2091 4979 2214 5040 post
2245 4971 2432 5023 initam
2451 4970 2816 5024 Ecclesiarum
2855 4984 3064 5037 pacem,
3095 4975 3216 5036 post
3239 4968 3424 5035 expla-

1856 5071 2038 5116 natam
2071 5077 2100 5114 a
2144 5059 2346 5130 Cyrillo
2383 5060 2544 5113 toties
2591 5060 2657 5113 de
2708 5060 3083 5112 incarnatione
3136 5057 3315 5121 fidem,
3359 5057 3426 5110 de

1855 5150 2091 5207 Nestorii
2114 5149 2365 5219 dogmate
2400 5149 2630 5202 sentiret
2663 5165 2674 5200 :
2705 5147 2963 5202 credebat
2999 5161 3195 5214 nempe
3235 5145 3426 5199 catho—

1853 5243 2041 5304 licum,
2067 5239 2509 5311 quandoquidem
2535 5239 2842 5292 communis
2866 5245 2985 5290 erat
3017 5235 3420 5292 Catholicorum

189 5347 288 5401 sibi
313 5349 468 5403 velut
507 5349 748 5403 consorti
787 5347 936 5412 ﬁdei,
970 5361 1145 5415 eoque
1189 5352 1248 5398 ut
1295 5341 1560 5412 impellat.
1601 5340 1757 5393 miris
1856 5334 2064 5405 pariter
2101 5340 2263 5400 atque
2315 5330 2675 5384 sectariorum
2718 5327 2940 5398 Opinio;
2992 5326 3137 5396 quod
3188 5324 3429 5380 Nestorii

190 5430 360 5501 ipsum
385 5435 646 5489 laudibus
674 5435 905 5488 extollit.
941 5453 957 5484 ι
990 5434 1255 5487 Mirantur
1293 5445 1486 5484 omnes
1513 5428 1638 5483 ﬁdei
1672 5444 1757 5483 re-
1857 5415 2361 5491 dogmaadomrina
2391 5417 2611 5471 Diodori
2637 5427 2692 5471 et
2717 5416 2986 5470 Theodori
3016 5431 3122 5469 non
3147 5415 3392 5469 differret
3420 5450 3433 5473 ,

191 5522 548 5589 ctitudinem,
607 5524 734 5577 vitae
767 5523 1071 5579 claritatem
1097 5562 1110 5588 ,
1159 5521 1519 5576 constantiam
1563 5513 1754 5581 animi,

1860 5513 2184 5568 catholitam
2245 5527 2376 5566 vero
2451 5509 2736 5576 utriusque
2805 5507 3109 5560 doctrinam
3175 5502 3443 5560 censeba-

1542 5625 1857 5684 εςηυηιι
1889 5624 2110 5682 ΝΟΤΕ.

255 5705 301 5737 ’ί
325 5705 454 5760 Vid.
495 5721 678 5776 supra,
702 5721 754 5774 p.
791 5704 914 5758 960.
