3952 6294
515 265 642 326 ’303

1672 265 2045 326 GARNERII
2085 262 2582 324 DISSERTATIO
2622 263 2700 322 Il.

3700 254 3813 319 30L

543 370 960 438 Theodoretns;
1004 383 1058 428 et
1098 382 1391 442 utrumque
1436 373 1504 428 ab
1549 373 1880 430 adversariis
1918 376 2123 430 calum-
2158 387 2196 444 Α
2225 384 2309 429 est
2334 373 2518 429 Roma:
2552 373 2738 428 idibus
2786 369 2957 434 Junii,
2989 367 3204 424 Asterio
3236 375 3292 421 et
3333 367 3643 436 Protogene
3669 380 3819 422 coss-

547 458 693 513 niam
717 461 829 530 pati
869 461 1222 530 querebatur,
1247 463 1403 532 quasi
1431 462 1711 519 Christum
1736 464 1793 516 in
1815 464 1954 518 duos
1983 464 2125 518 ﬁlios

542 547 874 604 dividerent.

620 641 891 708 Tertium,
916 657 1079 712 quam
1103 658 1300 698 novam
1341 645 1577 701 heresin
1617 646 1846 711 diceret,
1871 646 2126 718 Cyr-illia-

523 752 670 794 «Itam
693 735 924 798 scilicet,
959 735 1068 789 imo
1100 735 1425 791 catholicam
1461 739 1792 792 sententiam
1824 739 1891 792 de
1921 739 2124 792 unione

521 830 776 884 a-duarum
812 826 870 880 in
903 825 1126 882 Christo
1155 834 1502 893 naturarum,
1534 829 1760 900 physica
1788 837 1845 883 et
1865 829 2125 884 substan-

524 919 674 983 vtiva,
697 915 1011 985 dequeuna
1054 916 1216 970 Verbi
1271 917 1555 973 incarnata
1586 928 1820 974 natura:
1856 920 2126 990 intellige-

528 1007 638 1062 .-bat
688 1005 836 1059 enim
882 1004 1144 1070 Nestorii,
1195 1005 1554 1075 Diodorique,
1599 1015 1656 1061 et
1687 1007 1968 1062 Theodori
2000 1007 2125 1077 opi-

541 1099 696 1156 nioni
751 1096 1121 1162 contrariam,
1169 1106 1335 1166 atque
1390 1096 1528 1152 adeo
1582 1098 1801 1153 veritati
1840 1099 2127 1154 catholicae

539 1191 848 1246 adversam.

612 1281 900 1348 Quartum,
933 1294 1034 1334 cur
1058 1278 1303 1333 Himerio
1328 1279 1596 1346 scribens,
1622 1294 1731 1349 quo
1755 1287 1999 1350 tempore
2023 1295 2127 1349 pax

544 1374 916 1429 Ecclesiarum
945 1371 1129 1434 ﬁebat,
1150 1379 1380 1441 negaret
1394 1386 1556 1440 posse
1585 1371 1959 1426 conditionem
1985 1372 2128 1426 hanc

544 1465 738 1535 accipi,
769 1480 876 1534 qua
907 1463 1000 1532 qui
1031 1463 1198 1516 vellet
1224 1478 1282 1517 se
1333 1463 1668 1516 catholicum
1701 1469 1757 1517 et
1799 1463 1950 1533 pacis
1986 1478 2130 1518 ama-

547 1569 723 1611 torem
776 1555 1012 1624 prohare
1038 1595 1052 1618 ,
1114 1553 1342 1608 deberet
1420 1553 1769 1623 anathemate
1825 1554 2129 1624 percellere

545 1645 784 1702 Nestorii
814 1645 1008 1715 dogma
1038 1662 1050 1697 :
1088 1643 1322 1714 negabat
1365 1643 1512 1698 enim
1563 1643 1618 1698 id
1664 1644 1782 1698 fieri
1814 1660 1975 1715 posse
2009 1645 2130 1701 sine

2233 480 2335 518 nec
2356 465 2533 533 pctuit
2552 463 2620 517 ad
2649 460 3058 515 Theodorctum
3079 457 3207 528 Cyri
3225 456 3510 512 detentum
3527 455 3825 526 pervenire

2232 564 2360 610 ante
2382 562 2729 617 autumnum,
2770 559 2826 606 et
2867 550 3090 620 quidem
3113 550 3224 619 jam
3261 555 3607 616 provectum.
3639 545 3823 600 Theo-

2233 649 2456 702 doretus
2481 662 2615 702 vero
2636 645 2704 699 ad
2739 644 2940 698 milites
2965 641 3188 710 scripsit
3221 643 3408 694 statim
3429 647 3658 708 accepta
3681 638 3824 693 Leo-

2231 740 2320 794 nis
2340 739 2593 808 epistola,
2623 745 2686 790 ut
2709 736 3090 790 demonstrant
3121 731 3205 785 ha:
3227 745 3390 784 voces
3427 747 3440 782 :
3481 730 3820 781 Ἀκουσάτω·

2234 847 2354 895 σαν,
2384 831 2479 884 καὶ
2500 829 2594 883 τοῦ
2619 827 2925 896 ἁγιωτάτου
2957 824 3051 878 καὶ
3079 823 3373 877 ὁσιωτάτου
3397 821 3494 887 τῆς
3531 819 3826 890 Ῥωμαίων

2232 921 2554 983 ἐπισκόπου,
2585 918 2679 972 τοῦ
2704 919 2895 992 κυρίου
2924 917 3153 979 Λέοντος
3186 914 3282 968 νῦν
3311 912 3673 984 γεγραφότος,
3711 921 3825 967 etc.

2232 1012 2465 1068 Audiam
2487 1012 2877 1066 sanctissimum
2899 1019 2948 1062 et
2977 1008 3428 1079 religiosissimum
3457 1006 3827 1060 Romanorum

2233 1104 2549 1173 episcopum,
2585 1101 2857 1169 dominum
2889 1099 3140 1164 Leonem,
3160 1099 3251 1169 qui
3281 1097 3434 1152 modo
3453 1097 3688 1168 scripsit,
3713 1104 3823 1151 etc.

2303 1192 2371 1246 ll.
2395 1192 2614 1255 Milites,
2662 1191 2730 1245 ad
2772 1205 2910 1261 quos
2936 1189 3216 1260 dirigitur,
3247 1189 3510 1243 videntur
3550 1188 3728 1242 fuisse
3757 1187 3827 1240 de

2232 1296 2466 1335 numero
2488 1281 2652 1336 tertio
2685 1280 3185 1345 Stahilisianorum,
3215 1280 3311 1350 qui
3341 1279 3398 1333 in
3423 1277 3674 1333 Orientis
3694 1293 3825 1349 pro-

2235 1373 2435 1428 vinciis
2464 1373 2844 1427 morabantur.

2306 1463 2396 1517 lll.
2433 1463 2917 1533 interrogaveram
2943 1462 3022 1516 illi
3053 1461 3485 1526 Theodoretum,
3529 1460 3665 1531 quid
3693 1475 3823 1514 sen-

2239 1555 2486 1611 tiendum
2510 1555 2578 1610 de
2603 1571 2692 1620 eo,
2717 1556 2813 1625 qui
2837 1555 3271 1626 reprehenderat
3297 1553 3598 1618 dicentem,
3636 1553 3825 1623 aliqua

2238 1662 2349 1702 esse
2373 1646 2481 1700 Deo
2495 1664 2708 1718 prorsus
2729 1645 3092 1718 impossibilia.
3109 1645 3335 1710 lrretiti,
3358 1646 3579 1715 opiner,
3606 1643 3828 1698 fuerant

546 1738 770 1808 pietatis
788 1735 1141 1800 detrimento,
1161 1735 1258 1790 sed
1277 1735 1649 1789 adhibendam
1675 1751 1796 1792 esse
1822 1737 1967 1792 inter
1997 1741 2132 1791 sub-
2164 1737 2207 1796 Β
2233 1738 2362 1794 boni
2412 1740 2519 1794 viri
2545 1740 2614 1794 ab
2641 1740 2828 1808 aliquo
2855 1738 3148 1793 defensore
3177 1735 3276 1790 Dei
3317 1736 3602 1807 possibilia,
3634 1750 3826 1790 snam~

547 1824 900 1882 scribendum
929 1824 1082 1893 pacis
1117 1824 1507 1888 instrumento,
1545 1831 1663 1878 tum
1711 1824 2130 1880 distinctionem

540 1916 685 1987 juris
717 1923 774 1970 et
801 1913 952 1980 facti,
1003 1913 1120 1968 sive
1154 1913 1426 1984 dogmatis
1455 1922 1512 1968 et
1542 1929 1824 1984 personae;
1859 1924 1976 1970 tum
2005 1933 2133 1972 cau-

546 2009 776 2074 tionem,
807 2023 916 2078 qua
943 2005 1302 2062 damnaretur
1328 2005 1526 2078 dogma
1555 2006 1624 2063 de
1649 2007 1869 2064 duobus
1892 2007 2039 2075 ﬁliis,
2083 2008 2132 2064 si

546 2115 656 2169 quo
681 2100 739 2154 in
765 2098 911 2154 libro
937 2095 1299 2166 reperiretur,
1333 2102 1390 2150 et
1415 2094 1462 2150 si
1491 2111 1602 2166 quo
1631 2096 1700 2152 ab
1733 2095 1957 2151 homine
1983 2111 2134 2151 asse-

546 2200 790 2248 teretur.

618 2285 906 2353 Quintum,
947 2298 1049 2337 cur
1082 2282 1136 2336 in
1169 2279 1380 2350 synodo
1426 2278 1902 2344 Chalcedonensi,
1947 2279 2135 2348 jussus

549 2377 838 2432 anathema
867 2374 1052 2429 dicere
1073 2372 1329 2428 Nestorio
1368 2381 1421 2426 et
1457 2372 1577 2441 ejus
1621 2371 1990 2442 dogmatibus,
2017 2379 2136 2426 tan-

550 2468 647 2524 diu
695 2467 1088 2537 tergiversatus
1139 2464 1248 2530 sit;
1284 2461 1620 2532 petieritque
1668 2462 1774 2517 sibi
1806 2470 2136 2533 potestatem

549 2558 892 2630 exponendas
934 2557 1062 2612 ﬁdei
1102 2571 1215 2611 sua:
1249 2553 1390 2620 ﬁeri,
1421 2569 1586 2623 quam
1634 2553 1825 2624 utique
1856 2569 1886 2609 a
1913 2554 2137 2609 Diodori

552 2650 966 2720 Theodorique,
1022 2657 1077 2703 et
1113 2647 1344 2717 proinde
1379 2645 1616 2700 Nestorii
1648 2645 1756 2701 ﬁde
1781 2661 1894 2700 non
1931 2646 2139 2701 discer-

552 2743 756 2809 nebat;
791 2756 895 2796 nec
925 2740 1082 2811 prius
1119 2738 1352 2794 solemni
1392 2737 1628 2792 formula
1670 2737 1910 2792 Nestorii
1942 2738 2138 2808 dogma

550 2847 954 2904 personamque
995 2829 1317 2902 ejuraverit,
1343 2843 1508 2899 quam
1536 2829 2010 2884 conclamantibus
2040 2830 2140 2884 Pa-

551 2924 752 2989 tribus,
789 2938 848 2978 se
877 2922 1028 2977 velut
1068 2921 1390 2976 haereticum
1423 2920 1492 2976 de
1520 2919 1728 2991 synodi
1760 2920 1884 2976 loco
1914 2920 2142 2992 ejicien-

551 3017 685 3072 dum
708 3013 1060 3084 intelligeret.

2235 1843 2343 1898 que
2366 1829 2696 1884 sententiam
2723 1844 2792 1883 ex
2827 1843 2898 1882 eo
2920 1828 3190 1898 probante
3240 1826 3389 1896 quod
3429 1827 3540 1881 Deo
3581 1826 3720 1879 nihil
3753 1825 3826 1879 sit

2235 1917 2575 1988 impossibile
2596 1959 2611 1983 ,
2635 1916 2893 1986 quodque
2931 1917 3076 1970 Deus
3097 1930 3442 1985 quaecunque
3463 1914 3602 1978 vult,
3626 1914 3822 1984 possit.

2234 2011 2462 2066 Dixerat
2497 2024 2666 2080 porro
2693 2009 2932 2080 Cyrillus
2970 2009 3113 2063 inter
3153 2008 3392 2078 capitula
3437 2007 3822 2076 defendenda,

2235 2103 2377 2158 Deus
2406 2119 2594 2174 passus
2613 2109 2689 2156 est
2708 2100 2924 2167 volens;
2956 2100 3164 2155 dictum
3179 2099 3324 2155 forte
3345 2114 3416 2155 eo
3440 2098 3532 2154 ille
3555 2108 3822 2166 traxerat,

2237 2194 2384 2248 unde
2409 2194 2642 2264 quastio
2676 2201 2806 2247 tunc
2831 2199 2972 2246 erat.

2308 2288 2396 2343 Ν.
2444 2286 2762 2357 Respondet
2797 2286 3038 2355 primum
3062 2284 3466 2351 Theodoretus,
3499 2285 3688 2356 aliqua
3713 2285 3826 2340 Deo

2238 2395 2359 2435 esse
2388 2379 2771 2449 impossibilia,
2797 2377 2967 2432 veluti
2991 2378 3236 2442 mentiri,
3265 2378 3464 2449 injuste
3491 2393 3673 2448 agere,
3691 2387 3824 2444 etc.,

2238 2472 2486 2542 nihilque
2522 2471 2691 2526 Deum
2710 2470 2848 2524 velle
2884 2469 3088 2533 facere,
3128 2470 3275 2539 quod
3322 2478 3532 2524 naturae
3558 2485 3673 2524 non
3694 2484 3826 2525 con-

2237 2574 2431 2635 gruat;
2467 2578 2648 2634 neque
2675 2571 2859 2618 tamen
2888 2561 3017 2617 inde
3061 2564 3220 2632 argui
3268 2561 3688 2626 imbecillitatis,
3727 2562 3825 2617 sed

2237 2653 2499 2724 potentiae
2527 2652 2713 2722 potius
2743 2650 3016 2716 maximae,
3043 2666 3155 2720 qua
3178 2651 3352 2722 possit
3381 2652 3752 2706 inconcussus
3770 2651 3827 2706 in

2240 2755 2392 2801 recto
2416 2746 2731 2816 persistere.

2314 2840 2378 2894 ν.
2416 2838 2626 2893 Deinde
2645 2839 2890 2895 ostendit
2922 2854 2992 2895 eo
3022 2839 3137 2894 fere
3169 2837 3355 2902 modo,
3384 2851 3448 2890 ac
3476 2838 3493 2854 ‘
3522 2835 3577 2889 in
3613 2835 3828 2906 dialogo

2239 2930 2406 2984 tertio
2431 2929 2719 2994 Eranistae,
2751 2931 2845 3000 qui
2893 2930 3100 2985 dicitur
3129 2925 3504 2999 Impassibilis,
3543 2925 3827 2995 quomodo

2240 3021 2386 3075 Deus
2399 3019 2639 3074 Verbum
2660 3020 2878 3074 dicatur
2891 3035 3102 3091 passus,
3128 3018 3421 3089 laudatque
3445 3017 3825 3075 Athanasium.

622 3107 1060 3176 Sextum,quam
1101 3105 1355 3161 videatur
1409 3104 1526 3174 ipse
1572 3105 1757 3159 animo
1811 3102 2015 3158 fovisse
2066 3101 2134 3157 ad
2169 3092 2212 3151 C
2244 3111 2535 3165 Damasum
2572 3119 2628 3166 et
2678 3111 2918 3166 Leonem
2945 3152 2959 3177 ,
3019 3127 3180 3182 quem
3222 3121 3563 3181 postremum
3611 3109 3827 3180 dialogo

549 3213 727 3268 usque
784 3197 1057 3268 synodum
1094 3194 1601 3250 Chalcedonensem
1631 3234 1646 3260 ,
1699 3194 2020 3264 opinionem
2074 3192 2142 3247 de

550 3291 767 3343 :unione
795 3295 1122 3340 naturarum
1151 3284 1205 3338 in
1221 3284 1483 3339 Christo:
1507 3299 1632 3338 cum
1657 3285 1806 3339 enim
1826 3293 1974 3339 totus
1997 3291 2145 3338 esset

545 3381 614 3434 in
629 3376 994 3433 distractione
1019 3384 1344 3430 naturarum
1367 3375 1685 3442 astruenda,
1701 3391 1806 3431 nec
1824 3376 1957 3432 satis
1979 3376 2144 3430 intel-

554 3473 754 3542 ligeret
787 3469 916 3540 (qua
950 3468 1018 3523 de
1057 3482 1223 3522 causa
1274 3467 1571 3536 incertum)
1607 3468 1830 3522 unionis
1885 3469 2144 3538 hyposta-

557 3564 698 3627 tica,
741 3576 864 3631 quae
911 3559 1134 3631 physica
1177 3573 1299 3614 esse
1342 3558 1509 3613 debet
1564 3568 1728 3629 atque
1767 3559 2141 3625 substantiva,

557 3655 720 3725 355
755 3653 1000 3717 modum,
1030 3652 1210 3706 videri
1237 3659 1420 3722 potest
1447 3652 1816 3722 permansisse
1866 3666 1934 3705 eo
1970 3666 2143 3722 usque

558 3744 615 3798 in
647 3743 907 3813 opinione
931 3743 1001 3798 de
1041 3743 1244 3797 unione
1271 3747 1489 3815 σχετικῇ
1525 3750 1581 3797 et
1615 3757 1750 3812 pure
1776 3742 1994 3808 morali,
2021 3757 2144 3812 quae

559 3842 826 3905 perpetua
854 3843 1037 3888 tamen
1062 3842 1231 3903 atque
1254 3834 1659 3889 indissolubilis
1687 3832 1875 3886 fuerit.

631 3927 996 3991 Postremum,
1054 3941 1085 3980 a
1129 3941 1242 3996 quo
1288 3926 1601 3995 exemplum
1636 3927 2003 3994 sumpserint,
2051 3933 2146 3978 aut

560 4028 709 4074 certe
731 4034 953 4074 sumere
994 4019 1300 4089 potuerint,
1347 4018 1685 4073 recentiores
1718 4017 1822 4082 illi,
1869 4017 1965 4087 qui
1993 4016 2146 4071 dam-

560 4114 715 4167 nanti
759 4113 1165 4182 prapositiones
1212 4112 1477 4182 quasdam
1525 4108 1787 4164 Ecclesia:
1830 4111 2144 4165 consentire

557 4207 835 4262 obstinata
868 4214 1054 4262 mente
1091 4212 1433 4269 renuerunt,
1468 4202 1576 4258 nisi
1621 4204 1767 4258 inter
1791 4203 2146 4259 subscriben-

559 4296 691 4352 dum
717 4297 845 4353 ﬁdei
870 4297 1138 4362 formulae,
1170 4296 1363 4352 liceret
1387 4295 1800 4351 distinctionem
1823 4311 2030 4365 ponere
2055 4297 2146 4366 jus

550 4387 705 4442 inter
730 4396 787 4441 et
812 4387 1036 4451 factum,
1059 4394 1115 4440 et
1141 4385 1210 4440 de
1249 4385 1503 4456 dogmate
1525 4386 1750 4455 quidem
1775 4387 2036 4442 hairetico
2060 4403 2146 4442 re-

548 4479 798 4549 =jiciendo
836 4478 1133 4533 convenire
1159 4492 1286 4530 cum
1316 4478 1594 4544 Ecclesia;
1638 4479 1706 4532 de
1746 4493 1984 4548 persona
2008 4494 2142 4534 vero

549 4571 889 4638 dissentire,
923 4571 1082 4641 quasi
1136 4571 1193 4624 in
1245 4569 1553 4639 aliingendo
1603 4585 1855 4640 personae
1889 4570 2144 4641 dogmate

548 4665 653 4718 =~i|la
683 4672 981 4734 peccasset,
1013 4671 1069 4716 et
1101 4661 1497 4731 imaginariam,
1557 4677 1720 4730 quam
1755 4677 1920 4716 nemo
1963 4662 2144 4732 reipsa

551 4752 918 4815 defendisset,
949 4749 1186 4805 haeresin
1209 4748 1315 4803 sibi
1346 4749 1796 4818 proscribendam
1824 4753 2140 4822 proposuis-

551 4853 668 4899 set.

798 4954 1044 5027 ’Epistola
1093 4955 1218 5020 1M,
1254 4955 1554 5026 dogmatica
1596 4956 1666 5010 ad
1693 4957 1903 5012 milites.

629 5074 677 5128 1.
711 5072 844 5127 Data
884 5077 968 5124 est
993 5080 1117 5138 post
1157 5087 1361 5126 annum
1389 5072 1514 5138 M9,
1542 5082 1639 5128 aut
1661 5082 1813 5130 certe
1841 5075 1944 5131 sub
1969 5073 2146 5146 ipsius

561 5161 734 5213 linem
789 5175 802 5210 :
854 5156 1111 5212 laudatur
1145 5160 1294 5214 enim
1333 5159 1436 5215 sub
1477 5159 1643 5217 ﬁnem
1686 5163 1920 5233 epistola
1972 5165 2148 5219 sancti

569 5247 790 5313 Leonis,
813 5246 1003 5317 utique
1027 5249 1262 5305 celebris
1303 5251 1393 5306 illa
1433 5267 1555 5322 qua:
1577 5251 1645 5306 ad
1671 5253 1994 5308 Flavianum
2019 5254 2146 5308 data

2244 3218 2371 3256 mox
2393 3202 2540 3258 dicto
2581 3219 2693 3258 non
2747 3203 3018 3268 laudavit,
3056 3203 3523 3273 opportunissime
3571 3201 3829 3256 laudatu-

2245 3309 2362 3358 rus,
2389 3294 2435 3348 si
2465 3293 2662 3366 dialogi
2683 3310 2794 3348 non
2815 3304 3000 3350 essent
3019 3295 3179 3366 longe
3203 3302 3327 3348 ante
3351 3293 3644 3364 epistolam
3672 3293 3824 3353 editi,

2245 3386 2392 3455 quod
2415 3387 2545 3456 quia
2581 3389 2759 3442 nescit
2791 3388 3112 3444 Albertinus
3132 3427 3146 3452 ,
3185 3403 3310 3442 cum
3345 3388 3463 3442 suis
3495 3386 3829 3457 sequacibus

2245 3477 2382 3531 abiit
2407 3478 2462 3532 in
2487 3477 2755 3533 absurdas
2783 3479 3096 3548 opiniones.

2315 3567 2406 3624 Vl.
2436 3567 2855 3633 Testimonium,
2909 3569 3058 3640 quod
3102 3583 3169 3623 ex
3211 3567 3413 3622 Leonis
3460 3566 3673 3637 scripto
3703 3580 3831 3638 pro-

2244 3661 2442 3728 fertur,
2479 3678 2588 3718 non
2608 3663 2808 3734 legitur
2830 3664 2885 3717 in
2915 3662 3042 3716 ullis
3067 3661 3230 3718 editis
3258 3660 3575 3726 codicibus;
3603 3660 3716 3713 imo
3731 3673 3830 3712 nec

2245 3753 2410 3825 356
2455 3755 2510 3809 in
2567 3770 2700 3810 mss.
2746 3754 2861 3808 sive
2893 3752 3098 3809 Graecis
3129 3752 3244 3808 sive
3283 3751 3515 3816 Latinis,
3554 3750 3726 3806 verbo
3761 3749 3830 3804 ad

2226 3833 2500 3900 'verbum.
2528 3846 2735 3901 Verum
2764 3845 2867 3900 hac
2918 3845 2986 3900 de
3020 3845 3320 3914 quaestione
3370 3844 3589 3899 dicetur
3617 3844 3674 3896 in
3714 3843 3830 3896 Au-

2247 3937 2419 3991 ctario
2438 3936 2829 4006 epistolarum;
2857 3936 2913 3989 in
2943 3935 3079 3989 illud
3127 3934 3275 3990 enim
3312 3933 3504 3989 referri
3539 3933 3704 3987 debet
3743 3947 3833 3987 ce-

2246 4028 2417 4083 lebris
2447 4028 2538 4083 illa
2583 4027 2782 4083 Leonis
2832 4026 3063 4098 epistola
3089 4028 3134 4059 "
3166 4044 3179 4081 :
3219 4035 3335 4080 tum
3366 4023 3496 4095 quia
3536 4025 3831 4095 subjuncta

2247 4120 2414 4175 habet
2440 4119 2754 4174 testimonia
2798 4119 3046 4184 Patrum,
3091 4133 3214 4188 quae
3259 4117 3480 4186 collegit
3512 4115 3832 4170 Theodore-

2249 4221 2358 4278 tus,
2401 4218 2516 4265 tum
2541 4209 2689 4280 quod
2721 4209 2968 4264 nondum
2982 4209 3197 4263 mendis
3219 4222 3358 4278 pura
3385 4206 3536 4262 edita
3557 4206 3629 4260 sit
3655 4205 3722 4258 ”.

2283 4321 2529 4396 Epistula
2582 4322 2704 4387 145,
2749 4321 2819 4375 ad
2847 4320 3128 4375 monachos
3152 4314 3794 4388 ConstantinOpolitanos.

2177 4432 2221 4486 D
2319 4439 2360 4493 Ι.
2394 4438 2517 4493 Non
2552 4446 2662 4492 tam
2700 4435 2932 4507 epistola
2974 4441 3080 4500 est,
3118 4449 3282 4504 quam
3320 4431 3570 4502 prolixus
3603 4429 3830 4500 quidam

2251 4529 2321 4584 de
2352 4529 2732 4584 incarnatione
2777 4535 3065 4590 tractatus,
3095 4539 3204 4596 quo
3238 4523 3622 4580 Theodoretus
3665 4520 3829 4575 ﬁdem

2251 4636 2404 4677 suam
2432 4619 2676 4690 exponit.

2323 4711 2387 4765 ll.
2430 4710 2660 4766 Prtefert
2701 4706 2968 4777 temporis
3023 4705 3365 4760 manifestam
3409 4712 3617 4758 notam.
3668 4721 3684 4753 ι
3730 4697 3831 4768 Qui

2255 4803 2610 4866 calumniam,
2642 4799 2842 4869 inquit,
2868 4808 3062 4853 contra
3080 4813 3181 4852 nos
3199 4801 3832 4860 texuerant,a:rumnas-

2255 4909 2362 4963 que
2410 4901 2628 4948 nostras
2649 4891 2837 4946 multis
2866 4890 3116 4960 pecuniis
3143 4889 3511 4952 redemerant,
3544 4895 3606 4940 u-t
3634 4885 3834 4940 Valen-

2252 4983 2355 5038 tini
2410 4992 2466 5039 et
2519 4981 2848 5037 Bardesanis
2897 4980 3021 5036 tabe
3085 4979 3276 5034 infecti
3334 4977 3625 5032 manifeste
3667 4974 3833 5046 agniti

2252 5081 2400 5138 sunt,
2436 5092 2454 5125 ›
2491 5080 2596 5127 etc.
2625 5071 2764 5127 Cum
2783 5073 2934 5127 enim
2968 5071 3353 5127 Theodoretus
3390 5068 3459 5124 de
3489 5084 3590 5124 sua
3613 5069 3838 5122 damna-

2256 5164 2402 5220 tione
2427 5165 2488 5218 in
2536 5163 2784 5218 Dioscori
2834 5163 3064 5236 synodo,
3102 5173 3159 5218 et
3189 5163 3258 5218 de
3281 5161 3553 5233 ejectione
3576 5158 3840 5230 Eutychis

2253 5253 2311 5308 in
2335 5255 2591 5308 exsilium
2625 5255 2963 5310 mentionem
2989 5253 3183 5319 faciat,
3214 5267 3448 5322 cumque
3477 5251 3548 5306 de
3580 5248 3838 5306 Marciani

1878 5407 2196 5466 SCIIULZII
2221 5405 2448 5462 ΝΟΤᾸΞ.

640 5546 688 5578 θ’
711 5545 1004 5621 Promissis
1025 5562 1135 5621 non
1179 5549 1682 5621 stetitﬂGarnerius.
1731 5548 1848 5603 Non
1891 5555 2070 5621 exstat
2103 5548 2206 5604 ista
2243 5547 2544 5621 Leonis_ad
2572 5550 2891 5621 Flavianum
2922 5550 3158 5621 epistola
3205 5549 3262 5621 in
3299 5551 3562 5606 Auctario
3590 5550 3841 5621 epistola-

575 5631 719 5691 rum.
795 5617 841 5650 ⁵³
861 5615 992 5684 Quae
1022 5617 1077 5672 in
1106 5617 1214 5691 ﬁne
1245 5619 1429 5691 addita
1445 5627 1619 5691 erant
1642 5619 1712 5691 _de_
1736 5617 2079 5674 emendando
2103 5633 2293 5691 errore
2324 5620 2418 5689 qui
2451 5619 2508 5673 in
2536 5620 2836 5676 editionem
2903 5615 3183 5676 Si'rmond.
3226 5619 3549 5691 irrepserat,

3655 5619 3839 5678 elenda

562 5685 817 5760 luerunt,
849 5703 973 5744 cum
1009 5688 1301 5746 emendata
1331 5688 1494 5745 lectio
1519 5689 1654 5743 servi
1685 5689 1856 5760 [arma
1888 5695 2065 5745 exstet
2101 5685 2156 5744 in
2187 5688 2319 5744 edit.
2341 5685 2571 5758 ’nostra,
2605 5699 2644 5744 t.
2689 5691 2777 5757 ιν,
2818 5707 2872 5761 p.
2903 5691 3060 5746 1243.
