3952 6294
153 322 250 385 305

1325 340 1419 399 DE
1461 342 1530 399 LI
1542 342 1713 401 BRIS
1751 343 2248 412 THEODORETI.

3301 354 3407 413 3(ὶῦ

159 436 420 491 beneﬂcio
449 453 581 511 erga
614 456 670 496 se
703 442 879 507 sileat,
917 446 1157 501 ostendit
1194 448 1337 504 clare
1366 467 1424 505 se
1474 467 1541 505 eo
1585 461 1726 507 tem-
1756 460 1799 515 Α
1828 453 1896 509 de
1921 454 2025 511 ﬁde
2054 471 2413 526 personarum
2439 467 2818 524 exerceretur,
2862 474 2971 515 non
3021 460 3151 514 item
3198 460 3265 516 de
3299 465 3406 517 cri—

159 545 285 600 pore
316 531 586 598 scribere,
612 535 756 604 quod
792 537 1143 593 subsecutum
1186 548 1265 595 est
1291 552 1521 597 mortem
1552 542 1729 598 Theo-

159 622 289 677 dosii
340 624 723 693 imperatoris,
757 644 877 698 quae
927 632 1159 702 contigit
1204 648 1346 688 anno
1386 634 1508 699 450,
1536 636 1623 691 die
1659 636 1729 692 29

157 711 299 772 Julii.
338 720 395 766 et
440 714 759 770 inchoatum
794 718 882 773 die
905 718 975 772 25
1011 720 1241 791 Augusti
1275 722 1567 791 imperium
1590 724 1731 778 Mar-

156 803 311 867 ciani,
348 805 507 874 cujus
535 806 779 875 jussionc
806 809 1079 880 Eutyches
1111 813 1319 882 ejectus
1344 823 1448 879 est,
1482 824 1537 870 et
1562 816 1729 871 resci-

157 905 264 948 tum
316 896 456 950 illud
486 897 743 952 Marciani
773 899 1000 965 factum,
1030 902 1099 957 de
1142 919 1252 973 quo
1286 920 1395 959 non
1422 906 1601 975 potuit
1626 922 1726 960 au-

154 984 252 1038 diri
274 995 404 1040 ante
428 986 590 1041 linem
635 988 993 1058 Septembris.
1034 993 1275 1062 Epistola
1308 996 1472 1065 igitur
1494 997 1620 1051 data
1642 1004 1729 1051 est

155 1073 231 1130 vel
265 1074 579 1143 Septembri
628 1092 812 1133 mense
860 1079 1077 1145 affecto,
1112 1083 1196 1135 vel
1234 1083 1529 1152 incipiente
1558 1084 1725 1139 Octo-

152 1165 253 1229 bri,
282 1182 396 1234 quo
433 1174 676 1237 tempore
712 1169 953 1223 nondum
979 1180 1097 1225 erat
1124 1188 1153 1226 a
1188 1172 1465 1229 Marciano
1508 1175 1577 1229 ad
1633 1191 1723 1230 se-

150 1253 267 1306 dem
296 1269 453 1307 suam
482 1255 765 1310 remissus.

213 1341 300 1395 Ill.
340 1344 454 1397 Hos
485 1360 652 1414 porro
704 1349 1023 1414 monachos,
1052 1351 1253 1419 quibus
1290 1352 1507 1417 scribit,
1555 1361 1723 1409 teme-

152 1433 355 1486 rarium
405 1434 551 1489 haud
596 1435 763 1492 fuerit
788 1439 1001 1507 opinari
1042 1452 1357 1507 accemetas,
1415 1445 1557 1514 apud
1583 1462 1723 1516 quos

149 1520 290 1576 forte
325 1524 641 1593 suspicione
672 1526 898 1583 haeresis
923 1529 1226 1586 laborabat.

211 1614 298 1667 IV.
328 1615 533 1670 Scribit
555 1632 686 1678 vero
710 1633 809 1688 per
825 1621 1123 1675 monachos
1145 1638 1174 1675 a
1200 1622 1456 1677 Marcello
1486 1640 1721 1680 acoeme-

147 1712 321 1758 tarnm
362 1707 789 1763 archimandrita
815 1709 871 1764 in
914 1711 1251 1767 Phaeniciam
1285 1713 1407 1767 aliis
1443 1714 1511 1769 de
1551 1716 1716 1771 rebus

145 1795 340 1851 missos
368 1814 381 1849 :
411 1813 535 1851 cum
561 1798 695 1868 ipsis
714 1815 910 1871 nempe
939 1818 1266 1873 congressus
1292 1805 1581 1870 didicerat,
1612 1823 1720 1877 qua

142 1888 286 1956 apud
310 1887 527 1944 sodales
562 1889 618 1943 in
643 1892 903 1959 opinione
931 1903 1110 1959 esset;
1152 1896 1327 1964 ipsam
1349 1912 1481 1951 vero
1507 1913 1574 1952 ex
1600 1898 1720 1951 ani-

144 1980 243 2033 mis
266 1980 507 2035 evellere
532 1981 862 2047 referebant,
892 1993 1116 2055 pr0pter
1135 1987 1421 2043 hominum
1450 1990 1720 2060 ejusmodi

143 2070 432 2124 maximam
463 2071 517 2125 in
550 2072 684 2128 urbe
713 2074 859 2144 regia
884 2078 1291 2134 auctoritatem.

207 2156 273 2215 V.
306 2160 438 2228 Quae
454 2162 523 2219 de
548 2165 665 2219 suis
688 2164 846 2221 libris
866 2177 1073 2234 narrat,
1105 2171 1350 2241 exposita
1383 2181 1513 2227 sunt
1541 2174 1720 2243 capite

139 2251 406 2306 secundo.

356 2391 597 2462 Epicteto
623 2393 743 2461 M6,
776 2397 846 2450 ad
878 2397 1138 2453 Joannem
1163 2417 1501 2459 oeconomum.

205 2530 335 2585 Haec
366 2532 532 2587 etiam
580 2534 842 2604 epistola,
887 2538 992 2592 etsi
1041 2540 1270 2606 mutila,
1322 2543 1502 2613 magni
1534 2551 1715 2599 tamen

138 2630 404 2678 tractatus
422 2623 656 2679 formam
696 2627 883 2683 habet.
918 2628 1212 2685 Historiam
1231 2631 1406 2702 ipsius
1443 2634 1718 2691 texuimus

135 2717 189 2769 in
218 2715 339 2771 Vita
365 2716 697 2773 Theodoreti
722 2708 790 2785 π,
833 2720 1284 2792 ostendimusque
1314 2726 1575 2795 scriptam
1592 2742 1716 2782 esse

136 2814 257 2876 post
304 2808 598 2861 concilium
620 2808 1098 2877 Chalcedonense,
1141 2827 1266 2867 cum
1311 2816 1628 2871 secessisset
1658 2817 1715 2871 in

134 2899 558 2963 monasterium,
580 2908 635 2955 et
659 2901 849 2969 procul
875 2902 1133 2957 omnibus
1162 2905 1417 2974 negotiis,
1461 2906 1712 2961 scriben-

134 2988 219 3043 dis
258 2989 421 3045 libris
450 2999 506 3045 et
542 2992 787 3062 pristinae
814 2992 940 3048 vitae
969 2993 1238 3065 religiosae
1261 2996 1542 3052 exercitiis
1566 3005 1715 3054 totus

137 3087 375 3134 vacaret.

140 3217 382 3287 Epistola
404 3217 527 3285 M7,
562 3220 631 3273 ad
656 3219 916 3276 Joannem
951 3221 1297 3279 Germanicia:
1320 3225 1616 3295 episcOpnm
1644 3225 1711 3277 ⁸⁸.

203 3353 246 3408 1.
280 3352 364 3408 Ad
405 3370 568 3423 quem
590 3354 799 3411 scilicet
827 3356 931 3413 fuit
962 3359 1192 3429 epistola
1220 3359 1343 3424 155,
1370 3360 1560 3428 paucis
1585 3368 1714 3415 ante

134 3443 336 3498 diebus
368 3445 591 3513 scripta.
626 3446 759 3500 Data
787 3456 871 3502 est
901 3447 1067 3518 igitur
1093 3449 1199 3504 sub
1234 3450 1397 3506 tinem
1432 3452 1561 3505 anni
1587 3452 1712 3519 «H9,

133 3540 230 3587 aut
271 3535 457 3587 statim
488 3534 647 3589 initio
684 3538 983 3607 sequentis.

204 3623 367 3694 357
402 3624 468 3678 Il.
510 3626 590 3680 Ex
619 3626 721 3682 ista
755 3627 1016 3685 discimus
1059 3633 1259 3699 multa,
1315 3652 1436 3705 qua:
1491 3636 1714 3691 aliunde

132 3716 249 3771 fere
281 3718 463 3786 ignota
490 3725 640 3772 sunt.
680 3719 727 3773 i.
779 3720 1048 3775 Domnum
1090 3724 1397 3781 Antiochia:
1425 3729 1714 3797 praesulem

133 3806 309 3861 fuisse
358 3806 667 3877 depositum
698 3850 717 3877 ι
776 3810 912 3880 quod
960 3813 1196 3882 capitula
1258 3832 1363 3869 non
1416 3818 1710 3886 reciperet,

134 3897 546 3954 Theodoretum
573 3916 723 3965 vero,
754 3901 891 3971 quod
924 3903 1173 3959 hceresees
1215 3907 1493 3977 princeps;
1524 3905 1712 3964 Graece

131 3999 218 4044 est
239 3990 487 4063 ἔξαρχος,
517 4008 637 4062 quae
684 4008 790 4046 vox
818 3992 1215 4064 signiﬁcantior
1264 4012 1428 4065 quam
1477 3996 1710 4054 Latina:

132 4081 331 4137 ducem
369 4083 519 4138 enim
548 4092 604 4138 et
631 4083 784 4153 quasi
806 4084 1177 4140 dominantem
1203 4086 1493 4157 significat.

202 4174 255 4227 2.
284 4174 612 4230 Dioscorum
660 4176 833 4245 palam
868 4182 1123 4232 testatum
1162 4194 1303 4244 esse,
1355 4179 1503 4249 quod
1532 4180 1713 4249 Ephe-

134 4267 251 4320 sina
274 4283 309 4320 ιι
342 4268 589 4339 synodus
616 4269 960 4325 convenisset
990 4269 1273 4337 duntaxat,
1316 4290 1333 4323 ‹
1370 4278 1431 4325 ιιι
1446 4270 1718 4341 judicium

1831 547 2095 602 minibus.
2132 567 2149 599 ι

1898 638 1950 691 5.
1974 639 2053 692 Ad
2079 639 2228 695 hunc
2258 656 2432 711 usque
2457 641 2603 696 diem
2627 641 2977 697 'l‘heodoreto
3011 642 3185 698 invisa
3234 642 3403 699 fuisse

1827 744 2099 801 exosaque
2124 733 2384 802 capitula.
2428 753 2446 785 ι
2479 734 2855 803 Explodantur
2878 750 3027 790 nunc
3061 736 3281 791 tandem
3306 754 3401 792 ca-

1826 822 2019 891 pitula,
2050 839 2170 894 quae
2212 826 2412 894 saepius
2438 834 2596 880 antea
2617 825 2969 892 damnarunt,
2992 827 3195 896 Ephesi
3219 836 3402 882 autem

1825 931 2005 985 nuper
2028 917 2426 985 approbarunt.
2464 936 2482 969 ι

1895 1006 1950 1059 4.
1977 1005 2292 1072 Maximum,
2348 1011 2441 1078 qui
2484 1010 2695 1063 Domno
2730 1010 3060 1082 subrogatus
3093 1022 3176 1068 est
3218 1013 3274 1067 in
3316 1030 3403 1068 sev

1823 1096 1948 1150 dem
1984 1096 2379 1153 Antiochenam
2406 1139 2421 1165 ,
2475 1116 2585 1155 non
2623 1100 2794 1157 fuisse
2838 1103 3151 1157 ordinatum
3202 1104 3256 1158 in
3284 1103 3400 1173 ipsa

1824 1186 2033 1257 synodo
2069 1188 2366 1258 Ephesina,
2401 1190 2495 1245 sed
2540 1201 2665 1261 post
2713 1193 2845 1247 istas
2878 1193 3091 1247 litteras
3144 1193 3397 1263 scriptas.

1830 1296 1847 1328 ‹
1887 1279 2015 1333 Post
2050 1280 2452 1336 ordinationem
2496 1298 2625 1338 sane
2683 1284 2933 1353 praesidis
2960 1282 3221 1347 Orientis,
3250 1292 3401 1352 pate-

1823 1368 1916 1423 tiet
1943 1385 2172 1440 prorsus
2201 1388 2359 1428 mens
2391 1380 2448 1429 et
2481 1376 2755 1429 sententia
2792 1376 3247 1445 uniuscujusque.
3277 1392 3295 1424 υ
3324 1372 3401 1428 No

1821 1461 1945 1529 quis
1971 1463 2209 1531 prwsidis
2236 1464 2461 1518 nomine
2493 1450 2809 1519 saecularem
2846 1472 3171 1535 potestatem
3201 1464 3404 1518 intelli-

1819 1560 1938 1619 gat;
1966 1567 2092 1606 nam
2118 1552 2177 1608 in
2201 1552 2390 1609 Graeco
2411 1564 2516 1620 est,
2537 1555 2869 1625 χειροτονίαν
2894 1554 2986 1609 τοῦ
3003 1551 3095 1624 τῆς
3118 1554 3403 1624 Ἀνατολῆς

1821 1641 2104 1711 προέδρου.
2145 1641 2542 1699 Ordinationem
2577 1644 2743 1711 illius,
2779 1647 2868 1717 qui
2900 1647 3131 1717 primam
3172 1643 3413 1701 Orientis.

1818 1732 2122 1788 cathedram
2151 1734 2390 1789 obtinuit.

1756 1793 1797 1847 Β
1892 1822 1944 1877 5.
1982 1823 2063 1877 Ab
2094 1823 2583 1881 iisTheodoretum
2626 1826 2943 1881 damnatum
2977 1826 3046 1881 ob
3072 1825 3330 1889 haeresin,
3369 1841 3411 1878 ε

1821 1914 2024 1985 quibus
2052 1915 2183 1969 olim
2213 1915 2442 1971 mirifice
2473 1917 2822 1972 laudabatur.
2858 1935 2877 1967 ι
2906 1916 3228 1970 Laudabant
3278 1928 3413 1984 qua:-

1820 2020 1853 2059 a
1890 2021 1977 2060 me
2020 2006 2324 2061 Antiochiae
2374 2022 2475 2077 pro
2512 2007 2780 2063 concione
2825 2007 3171 2067 dicebantur,
3220 2014 3335 2059 tum
3365 2020 3399 2057 ο

1820 2111 2051 2149 numero
2078 2094 2307 2150 fratrum
2347 2110 2473 2150 cum
2506 2105 2711 2160 essent,
2751 2104 2868 2150 tum
2898 2095 3135 2150 lectores
3163 2093 3314 2155 facti,
3341 2102 3407 2147 et.

1818 2185 2033 2240 diaconi
2065 2186 2327 2252 ordinati,
2350 2195 2408 2241 et
2427 2187 2750 2259 presbyteri,
2767 2195 2823 2241 et
2843 2185 3087 2256 episcOpi
3111 2202 3125 2251 ;
3162 2192 3217 2240 et
3242 2184 3409 2238 finito.

1818 2291 2073 2331 sermone
2102 2278 2557 2347 amplexabantur
2605 2277 3181 2346 deosculabanturque
3227 2284 3282 2331 et
3306 2290 3398 2331 ca-

1818 2376 1952 2438 put,
2011 2375 2070 2423 et
2114 2377 2327 2439 pectus,
2355 2378 2412 2423 et
2452 2385 2677 2437 manus;
2710 2370 2962 2425 nonnulli
3013 2368 3178 2423 etiam
3217 2383 3400 2438 genus

1817 2460 2133 2529 tangebant,
2160 2460 2468 2516 doctrinam
2506 2470 2752 2517 nostram
2772 2460 2797 2484 "
2825 2460 3179 2531 apostolicam
3206 2458 3395 2527 appel~

1814 2549 1992 2605 lantes
2015 2567 2028 2603 :
2053 2559 2110 2605 et
2137 2552 2279 2607 hanc
2305 2552 2469 2607 modo
2499 2552 2856 2619 damnarunt,
2880 2553 3022 2607 hanc
3046 2550 3394 2606 anathemate

1816 2638 2196 2707 confixerunt;
2226 2650 2389 2711 atque
2413 2658 2515 2713 ego
2539 2643 2651 2707 ille,
2679 2659 2841 2712 quem
2865 2644 3051 2698 lumen
3104 2639 3391 2702 vocabant.

1815 2746 1925 2785 non
1954 2730 2195 2788 Orientis
2234 2734 2429 2798 solius,
2461 2733 2557 2789 sed
2578 2734 2731 2791 orbis
2758 2736 3026 2799 universi,
3047 2733 3395 2804 proscriptus

1816 2835 1967 2875 sum.
1989 2844 2007 2874 ι

1886 2910 1937 2964 6.
1975 2911 2331 2967 lnterdictum
2383 2912 2556 2969 fuisse
2612 2930 2753 2985 aqua
2790 2924 2847 2971 et
2890 2916 3032 2985 igne.
3065 2933 3082 2965 ι
3121 2914 3200 2969 Ne
3238 2913 3394 2982 panis

1815 3004 2061 3072 quidem,
2088 3013 2354 3074 quantum
2404 3008 2462 3059 in
2513 3008 2647 3075 ipsis
2689 3016 2794 3071 est,
2835 3023 3000 3062 usura
3027 3006 3179 3061 fruor
3213 3024 3224 3059 :
3267 3020 3391 3069 nam

1815 3103 1872 3147 et
1902 3094 1970 3148 iis
2002 3094 2096 3163 qui
2130 3110 2229 3150 nos
2254 3096 2629 3166 alloquuntur,
2662 3098 2950 3151 anathema
2983 3096 3260 3152 dixerunt.
3297 3117 3314 3148 ι

1886 3184 1936 3236 7.
1967 3182 2070 3248 Qui
2097 3184 2381 3255 Eutychen
2415 3184 2808 3241 damnaverant
2835 3184 3309 3255 Constantinopoli
3337 3187 3394 3242 in

1814 3274 2049 3328 concilio
2092 3274 2358 3341 Flaviani,
2407 3277 2556 3331 hunc
2604 3277 2753 3347 ipsos
2806 3277 3008 3347 Ephesi
3070 3277 3390 3335 absolvisse.
3476 3300 3479 3303 λ

1823 3384 1840 3414 ι
1872 3362 2043 3430 Quem
2080 3366 2242 3435 paulo
2266 3376 2392 3422 ante
2431 3366 2820 3437 deposuerant,
2850 3374 2905 3422 et
2930 3366 3202 3421 Valentini
3233 3367 3396 3436 Apol-

1813 3452 2119 3524 linarisque
2152 3456 2438 3510 erroribus
2470 3455 2729 3510 infectum
2774 3455 3216 3526 pronuntiarant,
3245 3454 3395 3509 hunc

1817 3549 2077 3613 tanquam
2114 3543 2241 3599 fidei
2277 3545 2543 3600 victorem
2579 3545 2853 3609 colebant,
2891 3546 3119 3615 ejusque
3160 3544 3396 3614 pedibus

1818 3634 2267 3699 advolvebantur,
2328 3644 2385 3692 et
2431 3638 2647 3692 veniam
2684 3638 3025 3708 poscebant,
3064 3647 3119 3693 et
3174 3638 3396 3695 Patrem

1819 3725 2158 3794 Spiritualem
2188 3727 2598 3797 nuncupabant,
2629 3748 2647 3779 ι
2684 3739 2789 3783 etc.

1896 3818 2021 3872 llaec
2076 3825 2224 3873 tanta
2275 3827 2495 3891 tamque
2562 3819 2860 3874 vehemens
2915 3817 3257 3890 objurgatio,
3308 3815 3394 3871 vel

1819 3924 1987 3965 unum
2055 3909 2141 3963 vel
2191 3908 2424 3966 maxime
2455 3910 2723 3965 Basilium
2770 3909 3033 3966 Seleuciae
3078 3909 3395 3977 episcopum

1818 4002 1979 4071 petit,
2028 4001 2262 4056 amicum
2290 4017 2487 4071 nempe
2518 4009 2760 4057 veterem
2800 4016 2863 4055 ac
2901 3999 3249 4061 familiarem,
3298 3998 3393 4065 qui

1821 4091 2040 4162 utrique
2066 4090 2300 4146 concilio
2342 4090 2584 4145 Flaviani
2622 4096 2679 4143 et
2704 4087 2950 4143 Dioscori
2972 4085 3167 4149 adfuit,
3207 4084 3396 4139 [idem-

1822 4197 1928 4251 que
1971 4181 2025 4235 in
2055 4181 2247 4245 Deum,
2295 4188 2351 4235 et
2386 4179 2684 4234 amicitiam
2731 4178 2787 4231 in
2822 4176 3229 4231 Theodoretum
3263 4189 3392 4243 pro-

1824 4269 1983 4337 didit,
2015 4269 2422 4323 chamaeleontis
2447 4269 2619 4323 instar
2657 4266 2894 4337 speciem
2923 4274 3286 4320 commutans.

1154 4565 1321 4638 358
1352 4573 1774 4635 ADMONITIO
1810 4575 1911 4634 AD
1948 4558 2367 4633 LECTOREM.

135 4714 211 4770 Ut
233 4715 395 4770 fidem
427 4732 548 4787 pag.
582 4718 687 4773 155
722 4718 904 4773 datam
936 4719 1258 4787 liberemus,
1289 4723 1528 4792 prolixas
1561 4725 1682 4781 illas
1714 4726 2003 4797 adjicimus
2044 4723 2472 4787 observationes,
2510 4739 2648 4793 quas
2680 4723 2978 4781 Garnerius
3008 4722 3172 4792 (edit-
3192 4723 3392 4792 prioris

212 4823 266 4877 p.
303 4808 374 4862 55
413 4808 591 4880 seqq.)
620 4809 855 4881 subjecit
886 4809 1133 4881 epistolis
1163 4813 1218 4865 in
1247 4814 1505 4869 Auctario
1537 4818 1775 4886 primum
1799 4819 1980 4873 editis.
2010 4817 2116 4872 Has
2152 4814 2375 4886 quidem
2403 4814 2661 4884 epistolas
2684 4816 2934 4886 proximo
2951 4823 3071 4885 post
3092 4813 3235 4879 illas,
3258 4828 3394 4882 quas

214 4898 544 4953 Sirmondus
573 4901 682 4971 jam
709 4901 955 4971 dederat,
984 4906 1125 4974 loco,
1157 4905 1280 4960 vide
1308 4915 1347 4960 t.
1380 4905 1471 4973 ιν,
1507 4908 1639 4964 edit.
1672 4920 1874 4966 nostrae
1908 4926 1962 4980 p.
1997 4910 2133 4965 1279
2161 4923 2315 4977 seqq.

133 5014 155 5033 ‘
187 5011 434 5083 Epistola
476 5011 599 5077 148,
628 5012 1099 5091 Commonitorium
1132 5018 1316 5091 Cyrilli
1352 5021 1536 5076 datum
1574 5023 1723 5077 Posi-
1756 5026 1799 5080 Ι)
1831 5038 1937 5091 que
1960 5021 2104 5076 diem
2130 5020 2340 5076 editum
2365 5033 2473 5072 non
2501 5017 2605 5071 fuit
2631 5019 2676 5050 "
2701 5036 2723 5070 ες
2743 5024 2837 5082 ut,
2873 5017 3135 5085 quoniam
3177 5014 3397 5068 initium

604 5083 779 5149 donio,
814 5086 1037 5142 Romam
1071 5083 1249 5142 misSo.

214 5193 254 5247 Ι.
287 5192 561 5259 Quoniam
604 5196 851 5265 epistolae
873 5198 1202 5255 Theodoreti
1220 5241 1234 5262 ,
1268 5217 1404 5271 quas
1427 5201 1680 5256 addimus
1702 5244 1716 5267 ,

136 5283 423 5353 pertinent
461 5299 656 5339 omnes
678 5285 745 5339 ad
765 5302 851 5340 res
878 5287 1141 5353 Nestorii,
1158 5290 1332 5343 visum
1372 5300 1455 5346 est
1483 5291 1721 5359 praemit—

139 5374 372 5431 tcndum
402 5373 595 5446 Cyrilli
626 5374 1145 5444 Commonitorium,
1178 5380 1322 5448 quod
1368 5380 1423 5434 in
1449 5380 1594 5435 hunc
1630 5397 1721 5435 us-

1821 5112 1973 5166 dedit
1987 5110 2198 5181 judicio
2224 5109 2326 5165 toti
2356 5109 2620 5163 adversus
2641 5107 2951 5163 Nestorium
2976 5106 3187 5169 habito,
3217 5105 3391 5158 lucem

1824 5201 2017 5257 afferat
2039 5200 2415 5270 sequentibus,
2443 5196 2872 5269 quibusnegotii
2910 5196 3392 5266 quasiprocessus,

1826 5299 1921 5344 aut
1950 5297 2100 5344 certe
2124 5289 2299 5344 series
2315 5289 2652 5343 continetur.

1900 5381 1963 5435 ll.
2020 5380 2257 5451 Cyrinus
2316 5379 2508 5434 amicis
2570 5378 2785 5433 duabus
2836 5374 3037 5429 litteris
3084 5373 3394 5427 Nestorium

1533 5542 1703 5596 SClllJ
1719 5540 1845 5593 ιλιι
1870 5540 2093 5595 NOTAE.

213 5676 255 5705 "‘
302 5675 425 5730 Viti.
470 5688 661 5742 supra,
699 5688 748 5739 p.
805 5672 922 5742 QOI.

130 5756 167 5802 t.
220 5745 486 5804 lCollect.
524 5741 671 5797 nova‘
700 5741 1059 5796 conciliorum.

1025 5675 1066 5703 9"
1093 5674 1213 5727 V’id.
1262 5691 1443 5742 snpta,
1485 5683 1519 5726 t.
1552 5675 1636 5731 IV.
1673 5691 1722 5741 p.
1766 5674 1917 5730 1:275.
1997 5675 2040 5704 9“
2075 5674 2148 5726 Ex
2207 5668 2476 5753 Sirlnondi
2522 5667 2742 5723 schedis
2773 5666 2980 5720 editum
3006 5672 3087 5717 est
3117 5678 3143 5713 a
3184 5661 3407 5715 Baluzio
