3952 6294
539 341 641 404 307

1667 336 2043 396 GARNERII
2086 335 2582 396 DISSEHTATIO
2622 338 2701 397 ΙΙ.

3696 336 3804 398 303

539 454 793 508 hortatus
819 451 1002 507 fuerat
1034 459 1095 504 ut
1122 462 1367 506 errorem
1408 448 1714 519 corrigeret
1733 489 1747 514 ,
1772 456 1840 503 et-
1876 447 2120 503 concita-
2148 451 2192 509 Α
2293 447 2429 503 Vill.
2460 449 2756 505 Caelestius
2777 448 2866 504 ille
2893 446 3131 503 Nestorii
3152 438 3496 512 administer,
3521 463 3633 502 non
3662 448 3804 503 alter

543 555 624 600 tas
661 545 776 599 suis
804 541 1165 598 concionibus
1217 540 1407 595 turbas
1448 539 1705 595 sedaret:
1738 539 1991 610 utrisque
2027 554 2119 594 re—

539 635 838 706 sponderat
865 634 958 689 ille
989 632 1237 703 quidem,
1266 632 1362 687 sed
1388 632 1584 703 primis
1606 632 1988 702 contemptim,
2029 645 2119 686 se—

539 728 733 782 cundis
781 725 1200 782 contumaciter.
1245 724 1481 797 Cyrillus
1536 725 1732 779 videns
1793 739 2018 795 operam
2062 738 2120 778 se

540 817 793 886 perdere,
824 815 1161 871 monendum
1190 814 1427 870 credidit
1466 828 1746 869 summum
1777 811 2116 883 pontiﬁcem,

542 917 599 961 ut
624 907 922 978 apostolica
960 907 1289 962 auctoritate
1314 914 1598 962 coerceret
1625 920 1783 959 novae
1812 904 1999 959 Roma
2023 918 2121 957 an-

542 997 804 1065 tistitem;
833 1014 1006 1068 quare
1034 997 1432 1052 misitRomam
1465 996 1533 1051 ad
1563 1004 1818 1053 sanctum
1861 996 2116 1052 Caelesti-

540 1107 670 1149 num
711 1091 1091 1159 Posidonium,
1128 1091 1222 1163 qui
1256 1091 1561 1146 remedium
1605 1090 1793 1146 aderri
1823 1087 1968 1145 malo
1992 1102 2119 1160 pro-

538 1191 780 1237 curaret.
808 1183 941 1238 Erat
960 1184 1054 1239 ille
1078 1183 1461 1239 Alexandrinae
1487 1183 1750 1239 Ecclesiae
1779 1181 2121 1237 archidiaco-

537 1288 664 1336 nus,
692 1273 779 1327 vir
810 1274 1058 1344 apprime
1105 1275 1441 1340 catholicus,
1475 1282 1532 1330 et
1577 1273 1634 1328 in
1667 1268 1838 1329 rebus
1862 1273 2118 1345 gerendis

540 1364 846 1421 industrius
865 1381 929 1423 ac
969 1374 1250 1422 strenuus.
1281 1367 1380 1421 llic
1406 1372 1596 1436 postea
1624 1365 1915 1437 presbyter
1940 1364 2119 1420 factus

539 1457 741 1512 missus
782 1466 867 1513 est
909 1475 1099 1514 rursus
1129 1459 1357 1513 Romam
1386 1472 1417 1513 a
1448 1458 1710 1514 Dioscoro
1742 1473 1937 1514 recens
1972 1457 2121 1513 ordi-

458 1546 461 1549 “
537 1553 690 1613 nato,
719 1556 781 1603 ut
803 1548 872 1603 de
894 1549 1242 1604 ordinatione
1275 1558 1525 1605 sanctum
1557 1549 1800 1604 Leonem
1823 1549 2129 1605 eertiorem‘

536 1636 748 1694 faceret
766 1639 814 1673 9"
844 1657 858 1693 :
892 1640 1095 1697 missus
1119 1649 1224 1707 est,
1250 1641 1498 1711 inquam,
1528 1655 1673 1697 anno
1691 1640 1815 1696 444.

608 1728 700 1784 III.
736 1728 977 1785 Abeunti
1017 1730 1252 1802 Cyrillus
1281 1730 1774 1786 Commonitorium
1802 1731 1977 1796 dedit,
2004 1746 2116 1802 quo

2221 536 2327 593 fuit
2363 540 2566 608 procul
2591 538 2780 604 dubio,
2823 554 2986 609 quam
3030 536 3235 607 Pelagii
3289 536 3497 602 socius,
3541 536 3654 591 dux
3708 548 3804 592 aut

2224 629 2475 684 incentor
2505 629 2895 699 episcoporum
2924 627 3311 698 Pclagianismi
3342 641 3507 681 causa
3540 643 3607 682 ex
3644 628 3802 684 italia

2220 722 2512 776 exsulum:
2538 721 2784 775 nondum
2818 720 2955 774 urbe
3000 719 3144 789 regia
3182 727 3316 773 tunc
3378 719 3646 788 temporis
3689 722 3803 792 eje-

2220 823 2344 868 ctus
2371 821 2490 866 erat
2519 827 2643 867 cum
2673 811 2913 876 Iuliano,
2945 800 3215 875 Persidio,
3259 810 3443 877 Floro,
3488 806 3720 866 Orentio
3749 823 3804 867 et

2224 905 2564 960 Marcellino.
2611 903 2717 959 Sed
2766 904 2938 975 gratia
2986 903 3226 973 pollebat
3259 902 3405 973 apud
3456 901 3800 969 Nestorium,

2219 996 2427 1067 quippe
2450 995 2544 1066 qui
2598 997 2830 1051 sentiret
2878 995 3025 1050 idem
3074 1009 3198 1049 cum
3230 993 3368 1065 ipso,
3404 997 3659 1066 quamvis
3687 1014 3800 1053 non

2220 1087 2469 1143 eamdem
2527 1087 2600 1142 ob
2651 1102 2893 1151 causam,
2923 1085 2991 1142 de
3032 1084 3249 1140 Christi
3295 1094 3510 1141 matre:
3563 1097 3802 1159 uterque

2219 1180 2365 1235 enim
2415 1179 2705 1249 Deiparam
2732 1193 2862 1234 vere
2885 1193 3008 1233 esse
3039 1175 3410 1246 diﬂitebatur;
3455 1179 3552 1234 sed
3600 1180 3804 1235 Nesto-

2218 1271 2356 1336 rius,
2403 1270 2533 1341 quia
2585 1269 2868 1326 Christum
2919 1285 3032 1324 non
3091 1269 3354 1324 credebat
3410 1285 3540 1326 vere
3589 1271 3801 1339 Deum;

2217 1362 2530 1427 Ctelestius,
2566 1361 2850 1433 quoniam,
2896 1360 2999 1417 etsi
3038 1360 3320 1417 Christum
3353 1361 3620 1417 fateretur
3671 1379 3803 1418 vere

2217 1456 2410 1523 Deum,
2452 1471 2520 1511 ex
2563 1456 2775 1511 meritis
2804 1448 3010 1519 tamen,
3050 1469 3178 1509 cum
3210 1453 3560 1522 adolevisset,
3590 1472 3706 1511 non
3735 1473 3803 1511 ex

2217 1556 2365 1612 ortu,
2418 1562 2544 1603 cum
2578 1547 2819 1618 primum
2872 1544 3142 1601 formatus
3173 1554 3277 1610 est,
3317 1545 3667 1600 divinitatem
3716 1561 3804 1601 ac-

2217 1640 2427 1710 cepisse
2455 1637 2844 1694 contendebat.
2874 1637 3353 1709 ConstantinOpoli
3396 1654 3564 1710 porro
3615 1641 3801 1710 impu-

2218 1720 2314 1787 rus
2333 1715 2633 1786 eunuchus.
2659 1729 2713 1785 id
2738 1729 2957 1801 agebat,
2987 1729 3136 1800 quod
3160 1727 3368 1800 ubique
3404 1730 3636 1798 solitus;
3661 1747 3801 1802 quos

536 1818 778 1876 Nestorii
815 1820 973 1888 ﬁdes,
1005 1821 1251 1878 breviter
1275 1822 1520 1892 quidem,
1553 1822 1651 1877 sed
1692 1822 1838 1878 clare
1885 1822 2115 1894 exponi-
2148 1802 2187 1861 Β
2218 1838 2416 1893 nempe
2476 1820 2763 1892 originalis
2813 1820 3025 1891 peccati
3080 1819 3407 1876 defensores
3453 1822 3658 1888 sciret,
3707 1838 3802 1879 eos

539 1918 632 1965 tur
665 1928 678 1965 :
711 1911 864 1967 dedit
905 1922 962 1968 et
994 1923 1174 1970 tomos
1205 1916 1451 1985 quinque
1486 1915 1753 1970 adversus
1796 1914 2117 1970 Nestorium

537 2013 568 2055 a
592 2016 652 2057 se
690 2004 1044 2076 compositos,
1083 2005 1178 2060 ubi
1229 2005 1584 2076 blasphemiae
1614 2006 1942 2061 concionum
1969 2005 2117 2062 Con-

537 2092 891 2164 stantinopoli
912 2094 1244 2160 habitarum,
1272 2105 1329 2149 et
1361 2095 1592 2149 Romam
1613 2094 1682 2149 ab
1704 2094 1979 2151 Antiocho
1997 2094 2118 2150 viro

536 2181 737 2250 illustri
766 2184 1093 2251 delatarum,
1114 2185 1438 2240 referuntur
1463 2194 1522 2240 et
1541 2172 1922 2243 confutantur.

603 2273 694 2330 iV.
736 2274 933 2330 Datum
987 2285 1071 2331 est
1104 2276 1606 2332 Commonitorium
1650 2290 1841 2331 mense
1896 2277 2113 2347 Aprili,

535 2379 682 2420 anno
718 2366 841 2431 430,
885 2368 1042 2439 cujus
1082 2368 1209 2422 anni
1241 2368 1275 2421 5
1302 2367 1431 2423 ldus
1463 2368 1691 2438 Augusti
1722 2369 2118 2439 consignantur

536 2455 757 2522 littera,
807 2457 1011 2527 quibus
1057 2458 1389 2513 Ctelestinus
1429 2458 1657 2530 Cyrillo,
1700 2466 1827 2529 post
1862 2468 2114 2515 coactum

538 2549 725 2605 Romae
755 2550 1051 2604 concilium
1083 2558 1141 2606 et
1187 2565 1409 2606 causam
1435 2550 1676 2606 Nestorii
1708 2552 1814 2607 rite
1841 2553 2135 2623 cognitam

535 2645 701 2712 atque
727 2640 1051 2712 judicatam,
1081 2642 1399 2712 respondet.

568 2733 670 2791 iV.
697 2733 838 2801 Quin
876 2735 1144 2806 scriptum
1199 2735 1347 2790 istud
1394 2749 1586 2790 verum
1635 2735 1727 2800 sit,
1789 2744 1847 2791 et
1886 2735 2115 2791 minime

535 2834 872 2899 suspectum,
897 2827 1083 2882 nullus
1107 2827 1367 2897 equidem
1390 2826 1584 2884 dubito
1612 2844 1625 2880 :
1655 2827 1917 2883 convenit
1939 2828 2112 2894 enim,

535 2918 713 2988 primo
756 2931 882 2974 cum
915 2916 1146 2973 historia
1192 2926 1500 2986 temporum
1549 2916 1870 2988 negotiique
1912 2917 2111 2975 Nesto-

533 3011 675 3066 riani
716 3011 992 3082 adjunctis
1014 3028 1027 3064 :
1052 3009 1252 3066 deinde
1286 3024 1411 3065 cum
1445 3008 1634 3081 Cyrilli
1665 3010 1936 3077 moribus,
1963 3010 2113 3066 soliti

2220 1913 2522 1984 impietatis
2551 1912 2864 1968 Manichaem
2895 1912 3207 1967 accusabat.

2286 2002 2378 2058 IX.
2400 2002 2706 2059 Consessus
2726 2001 2841 2056 sive
2863 2001 3181 2073 synedrion,
3215 2017 3325 2072 quo
3354 2001 3424 2057 de
3456 2002 3659 2073 agitur,
3710 2002 3800 2057 illa

2220 2094 2336 2164 ipsa
2360 2100 2445 2148 est
2473 2092 2737 2164 synodus,
2780 2106 2947 2162 quam
2985 2090 3273 2147 Nestorius
3317 2101 3562 2147 sanctam
3616 2103 3799 2158 vocat,

2219 2185 2274 2240 in
2298 2184 2559 2240 secundis
2587 2184 2792 2238 litteris
2825 2182 2893 2238 ad
2930 2180 3217 2255 Cyrillum.
3242 2183 3381 2238 Vide
3399 2183 3671 2254 prolixam
3709 2200 3802 2240 su—

2218 2292 2316 2347 per
2339 2292 2406 2332 ea
2428 2292 2488 2331 re
2516 2275 2931 2331 annotationem
2966 2283 3209 2329 nostram
3256 2275 3324 2330 ad
3356 2275 3569 2331 litteras
3606 2276 3803 2332 Nesto-

2220 2367 2372 2433 torii,
2404 2375 2561 2438 parte
2615 2383 2651 2421 n
2714 2365 2953 2436 Operam
2992 2364 3148 2422 Marii
3188 2360 3536 2434 Mercatbris,
3570 2383 3697 2439 pag.
3734 2369 3803 2423 62

2216 2465 2274 2512 et
2311 2472 2465 2528 seqq.

2287 2549 2354 2605 X.
2388 2548 2468 2606 De
2524 2549 2797 2606 sententia
2847 2538 3015 2621 porro
3067 2549 3125 2605 in
3171 2550 3509 2622 Philippum,
3552 2551 3801 2622 aliosque

2214 2639 2419 2712 Cyrillo
2467 2639 2719 2696 addictos
2768 2634 3024 2705 clericos,
3058 2639 3417 2711 intelligenda
3468 2648 3600 2696 sunt
3628 2644 3801 2698 verba

2218 2732 2323 2787 ista
2352 2731 2616 2796 Nestorii,
2647 2732 2703 2786 in
2754 2731 2960 2787 litteris
3005 2747 3141 2802 quas
3165 2732 3314 2786 dixi:
3340 2732 3581 2786 Γίνωσκε
3621 2733 3678 2788 δὲ
3706 2752 3802 2788 πε-

2216 2823 2562 2896 πλανημένον
2603 2823 2799 2878 σαυτὸν
2829 2824 2934 2877 ὑπὸ
2966 2822 3074 2878 τῶν
3125 2823 3225 2895 τῆς
3287 2824 3388 2897 σῆς
3444 2824 3574 2890 ἴσως
3632 2825 3804 2881 διαθέο

2217 2933 2354 2980 σεως
2377 2914 2678 2989 κληρικῶν,
2701 2915 2806 2970 ὑπὸ
2836 2912 2945 2969 τῶν
2961 2915 3192 2970 ἐνταῦθα
3215 2917 3321 2972 ἀπὸ
3354 2919 3455 2988 τῆς
3480 2917 3643 2986 ἁγίας
3670 2936 3800 2972 συν-

2212 3009 2331 3063 όδου
2366 3009 2595 3081 διατηρη
2605 3009 2804 3079 μένων,
2836 3008 2913 3073 ὡς
2934 3008 3003 3062 τὰ
3028 3009 3345 3080 Μανιχσιίων
3369 3010 3737 3083 φρονούντων.

532 3102 649 3156 suis
683 3100 1123 3156 commonitoriis
1155 3099 1385 3166 docere;
1423 3099 1504 3156 sic
1555 3100 1944 3169 apocrisiarios
1971 3100 2113 3157 Con—
2140 3134 2188 3198 ο
2288 3101 2380 3156 XI.
2426 3101 2487 3157 In
2527 3101 2720 3157 eadem
2758 3100 2967 3173 synodo
3014 3102 3258 3157 sancitus
3311 3112 3398 3158 est
3444 3118 3626 3158 canon
3683 3105 3796 3171 ille,

532 3195 886 3264 stantinopoli
913 3193 1265 3259 dissidentes,
1298 3193 1380 3248 sic
1409 3193 1699 3264 Eulogium
1730 3194 1934 3249 ibidem
1964 3210 2112 3250 com-

532 3294 838 3339 tnorantem
868 3284 1097 3339 docuit:
1132 3293 1321 3354 postea
1357 3300 1481 3338 cum
1535 3285 1788 3340 doctrina
1827 3285 1991 3356 359
2012 3284 2114 3358 Cy-

532 3374 681 3438 rilli,
706 3373 920 3438 eadem,
978 3388 1102 3443 qua:
1145 3373 1237 3429 hic
1264 3382 1546 3440 notantur,
1584 3375 1763 3444 capita
1795 3376 2112 3430 Nestoriani

532 3463 741 3518 erroris
782 3463 841 3517 in
881 3465 1044 3519 tomis
1070 3465 1350 3534 arguentis
1407 3482 1420 3517 :
1450 3464 1691 3535 denique
1720 3481 1845 3520 cum
1882 3466 2112 3535 epistola

534 3554 773 3611 secunda
798 3553 1037 3608 Nestorii
1059 3555 1126 3609 ad
1149 3552 1438 3625 Cyrillum,
1468 3554 1567 3609 ubi
1600 3571 1784 3611 sermo
1818 3555 1878 3612 fit
1898 3557 1967 3612 de
1998 3557 2111 3613 cle-

537 3647 670 3703 ricis
689 3644 1085 3701 Manichaeismi
1113 3645 1169 3698 in
1198 3656 1476 3700 conventu
1503 3645 1798 3703 damnatis.

604 3736 691 3792 Vl.
720 3735 800 3790 Ex
820 3750 887 3790 eo
928 3735 1163 3804 plurima
1216 3734 1600 3808 intelliguntur
1644 3739 1800 3793 utilia
1831 3739 1901 3794 ad
1933 3739 2111 3797 histo-

534 3826 707 3884 riam:
737 3827 797 3882 ﬁt
826 3827 974 3882 enim
1001 3829 1207 3883 mentio
1229 3828 1468 3899 Philippi
1500 3830 1830 3902 presbyteri,
1861 3832 1956 3902 qui
2007 3832 2113 3889 Ne-

534 3919 766 3977 storium
789 3920 987 3992 arguit,
1015 3918 1257 3977 leestii
1283 3936 1315 3975 a
1373 3920 1634 3977 Nestorio
1697 3922 2006 3989 subornati,
2041 3925 2108 3980 ad

533 4009 930 4082 imponendum
976 4011 1233 4083 Philippo
1275 4013 1508 4080 crimen,
1561 4014 1735 4070 habiti
1794 4033 1825 4072 a
1854 4015 2111 4073 Nestorio

533 4120 844 4172 consessus,
881 4115 937 4161 et
965 4107 1255 4162 sententiae
1281 4107 1337 4161 in
1373 4108 1690 4179 Philippum
1732 4108 1915 4175 dictae,
1940 4120 2109 4165 acto-

533 4210 771 4259 morum,
800 4195 869 4251 de
903 4194 1106 4266 quibus
1126 4195 1402 4267 sigillatim
1437 4196 1646 4266 aliquid
1662 4211 1842 4267 opera:
1870 4198 2108 4268 pretium

532 4295 619 4344 est
648 4288 963 4343 observare.
1676 4274 1683 4279 ’

603 4379 713 4434 Vll.
778 4379 1066 4448 Philippus
1111 4381 1204 4435 ille
1256 4381 1543 4452 presbyter
1583 4381 1763 4452 magni
1819 4382 1926 4436 fuit
1973 4383 2106 4437 olim

532 4469 775 4524 nominis
815 4468 871 4522 in
906 4469 1150 4523 Ecclesia
1190 4469 1820 4538 Constantinopolitano.
1867 4470 2110 4542 Chryso-

532 4558 697 4613 stomi
717 4557 940 4610 hortatu
966 4556 1188 4626 scripsit
1216 4557 1509 4612 Historiam
1542 4557 1929 4627 Christianam,
1978 4577 2106 4616 cum

530 4644 715 4700 adhuc
740 4652 889 4699 esset
914 4642 1216 4708 diaconus;
1252 4644 1546 4719 presbyter
1570 4644 1748 4700 factus
1777 4657 1862 4702 est
1890 4650 1959 4704 ab
2004 4650 2102 4705 At-

531 4736 664 4799 tico,
702 4748 813 4804 quo
855 4748 886 4788 e
940 4735 1082 4789 vivis
1137 4743 1414 4805 exempto,
1466 4735 1534 4791 de
1583 4736 1715 4793 sede
1749 4741 2104 4809 patriarchali

529 4822 835 4888 contendit,
870 4822 968 4877 sed
994 4822 1220 4890 frustra,
1238 4838 1364 4877 cum
1389 4823 1664 4880 Sisinnio:
1692 4844 1802 4898 quo
1823 4830 2101 4901 defuncto,

530 4931 728 4971 rursus
753 4915 908 4969 venit
957 4914 1015 4969 in
1057 4916 1469 4971 contentionem
1529 4933 1656 4973 cum
1707 4922 1925 4990 Proclo,
1982 4942 2104 4996 qua:

531 5022 698 5062 causa
717 5006 844 5069 fuit,
868 5019 961 5071 ne,
996 5005 1171 5059 scisso
1210 5004 1270 5059 in
1301 5016 1484 5076 partes
1524 5009 1695 5076 clero,
1757 5012 2105 5072 Theodosius

532 5103 788 5152 evocaret
820 5095 1113 5151 Antiochia
1141 5096 1490 5153 Nestorium:
1521 5101 1700 5170 arguit
1730 5112 1787 5158 et
1815 5105 1931 5174 ipse
1961 5107 2105 5163 inter

531 5186 740 5256 primos
758 5185 1096 5253 Nestorium,
1116 5195 1175 5242 et
1209 5186 1283 5242 ab
1310 5187 1450 5259 ipso,
1488 5199 1612 5259 post
1639 5191 1963 5261 patefactam
1994 5198 2105 5248 lue-

534 5277 705 5342 resin,
735 5276 1130 5333 discessionem
1169 5278 1331 5347 fecit;
1389 5281 1537 5336 unde
1592 5286 1950 5339 exacerbatus
1993 5285 2102 5338 Ne-

533 5369 742 5425 storius
774 5369 1102 5426 calumniam
1129 5370 1232 5443 ipsi
1254 5388 1285 5428 a
1319 5372 1579 5429 leestio
1636 5375 1797 5438 strui,
1837 5375 2100 5444 litemque

539 5458 595 5513 in
619 5474 715 5512 sua
745 5459 952 5529 synodo
1005 5461 1215 5517 intendi
1246 5464 1584 5533 procuravit,
1627 5463 1738 5518 imo
1772 5471 1829 5518 et
1876 5464 2103 5520 insaniae

534 5546 841 5605 Manichaea:
863 5560 1175 5607 accusatum
1200 5554 1435 5625 maligne
1463 5555 1760 5610 damnavit.

2217 3208 2328 3262 quo
2357 3191 2645 3248 dicebatur
2676 3192 2967 3248 anathema
2989 3194 3064 3259 ei,
3096 3193 3191 3264 qui
3222 3192 3519 3250 aﬂirmaret
3549 3197 3793 3252 animum

2211 3284 2343 3339 Adw
2374 3285 2431 3337 in
2449 3292 2662 3357 peccato
2696 3300 2806 3338 esse
2844 3294 3134 3351 mortuam,
3179 3301 3297 3339 cum
3319 3284 3566 3340 diabolus
3606 3287 3664 3342 in
3702 3306 3791 3343 cor

2215 3377 2446 3431 hominis
2471 3393 2575 3430 non
2607 3376 2965 3447 ingrediatur.
3023 3375 3187 3448 360
3216 3375 3349 3432 Vide
3379 3376 3587 3432 ibidem
3630 3387 3799 3436 totam

2213 3465 2380 3536 hujus
2439 3465 2667 3521 canonis
2696 3465 3009 3532 historiam,
3063 3467 3180 3522 suis
3209 3483 3241 3522 e
3283 3468 3530 3523 tenebris
3577 3478 3795 3526 erutam

2212 3555 2478 3611 adversus
2497 3555 2819 3626 popularem
2856 3571 3125 3611 errorem.
3664 3579 3677 3586 η

2280 3647 2396 3702 XII.
2425 3646 2583 3702 Tomi
2611 3647 2851 3718 denique
2880 3646 3095 3718 ἔχοντες
3117 3646 3185 3701 τὰ
3210 3648 3479 3718 κεφάλαια
3501 3649 3613 3703 τῶν
3637 3648 3799 3722 βλασ-

2210 3739 2432 3812 φημιῶν
2488 3739 2807 3812 Neo-topici),
2870 3750 3000 3797 sunt
3054 3740 3109 3796 id
3168 3740 3368 3812 ipsum,
3435 3744 3589 3814 quod
3645 3744 3785 3799 κατὰ

2212 3830 2321 3885 τῶν
2388 3830 2687 3903 Νεστορίου
2754 3831 3080 3902 δυσφημιῶν
3165 3833 3522 3898 πεντάὃιὸλος
3601 3837 3795 3909 ἀντίρ-

2213 3922 2392 3993 ρησις.
2429 3920 2631 3976 Totum
2659 3920 2807 3976 enim
2855 3920 2962 3975 hoc
2986 3936 3126 3992 opus
3156 3937 3187 3977 a
3206 3922 3407 3994 Cyrillo
3452 3924 3698 3981 divisum
3717 3936 3799 3983 est

2211 4010 2268 4065 in
2302 4012 2546 4082 quinque
2588 4011 2782 4078 libros,
2811 4026 2952 4083 quos
2987 4011 3220 4082 ipsemet
3239 4013 3526 4085 inscripsit
3552 4016 3791 4089 Τόμους,

2212 4103 2298 4158 Fit
2350 4103 2597 4174 ejusdem
2650 4103 2835 4173 operis
2874 4104 3083 4159 mentio
3134 4104 3189 4159 in
3241 4090 3676 4165 commonitorio
3727 4109 3793 4164 ad

2213 4192 2540 4267 Eulogium:
2577 4194 2812 4249 alterum
2861 4194 3007 4250 enim
3064 4195 3169 4251 fuit
3211 4211 3465 4267 operum,
3520 4216 3649 4270 qua:
3692 4202 3795 4257 sibi

2211 4284 2545 4356 Praepositus
2569 4286 2656 4340 vir
2689 4286 3269 4357 magniﬁcentissimus
3308 4289 3428 4345 dari
3477 4295 3795 4362 postulave-

2211 4385 2297 4431 rat
2321 4394 2335 4431 :
2381 4377 2439 4431 ἓν
2464 4377 2562 4448 μὲν
2588 4376 2727 4431 κατὰ
2750 4378 2858 4431 τῶν
2873 4379 3170 4452 Νεστορίου
3206 4380 3556 4452 δυσφημιῶν.
3586 4385 3675 4440 Fit
3700 4402 3793 4456 pa-

2147 4481 2190 4535 ι)
2216 4469 2352 4524 riter
2375 4469 2431 4525 in
2465 4470 2699 4540 epistola
2733 4470 2802 4526 ad
2824 4462 3088 4528 Acacium
3134 4474 3475 4542 Melitenum,
3509 4480 3608 4535 ubi
3632 4482 3796 4537 refert

2214 4560 2454 4633 Cyrillus
2499 4562 2847 4619 conditiones
2900 4564 3075 4634 pacis,
3124 4566 3194 4620 ab
3244 4565 3625 4625 Orientalibus
3668 4586 3795 4641 pro-

2213 4653 2438 4722 positas.
2471 4652 2700 4705 Ἤθελον
2745 4652 2852 4725 γὰρ
2905 4654 3149 4724 ἀργῆσαι
3212 4657 3310 4727 μὲν
3372 4658 3680 4729 σύμπαντα
3731 4662 3794 4715 τὰ

2215 4744 2348 4815 παρ’
2378 4741 2511 4814 ἐμοῦ
2546 4743 2827 4813 γραφέντα
2857 4743 2913 4798 ἕν
2950 4762 3009 4799 τε
3055 4746 3383 4811 ἐπιστολαῖς,
3435 4752 3532 4803 καὶ
3585 4753 3792 4823 τόμοις,

2212 4838 2306 4890 καὶ
2340 4835 2583 4905 βιόλίοις.
2612 4834 2689 4888 De
2713 4834 2961 4905 epistolis
2990 4837 3167 4892 tribus
3192 4846 3285 4891 aut
3305 4847 3548 4907 quatuor
3571 4842 3793 4913 dogma-

2214 4926 2341 4981 ticis
2362 4925 2625 4995 loquitur,
2653 4924 2722 4979 de
2750 4925 2916 4980 tomis
2941 4927 3187 4996 quinque
3230 4927 3500 4984 adversus
3544 4932 3797 5002 blasphec

2211 5016 2370 5081 mias,
2395 5024 2453 5072 et
2480 5015 2548 5070 de
2588 5015 2832 5070 scholiis.
2863 5016 2992 5072 Haec
3030 5017 3179 5072 enim
3219 5018 3408 5073 omnia
3459 5030 3661 5077 contra
3686 5023 3792 5078 Ne-

2211 5106 2443 5162 storium
2471 5105 2683 5160 directo
2719 5107 2869 5161 edita
2905 5117 3054 5162 sunt.

2280 5194 2422 5249 Xlll.
2445 5195 2565 5249 Non
2590 5195 2783 5265 ignoro
2827 5205 3100 5253 tomorum
3128 5214 3327 5253 nomen
3360 5215 3487 5256 esse
3514 5205 3789 5272 generale,

2210 5297 2266 5341 et
2302 5286 2598 5357 aliquando
2614 5287 2745 5355 poni
2772 5304 2875 5358 pro
2894 5289 3214 5343 codicibus:
3261 5290 3342 5344 sic
3367 5291 3687 5348 adhibitum
3714 5306 3795 5349 est

2208 5378 2278 5433 ab
2312 5377 2532 5433 Andrea
2552 5376 2929 5444 Samosateno,
2964 5380 3021 5434 in
3041 5381 3350 5450 objectione
3378 5381 3447 5436 ad
3481 5385 3718 5440 tertium
3739 5393 3796 5441 et

2208 5477 2464 5536 quartum
2524 5466 3062 5533 anathematismum,
3104 5469 3170 5523 ad
3195 5469 3621 5538 signiﬁcandam
3673 5472 3793 5543 epi-

2209 5557 2403 5611 stolam
2454 5555 2643 5628 Cyrilli
2679 5557 2745 5613 ad
2789 5558 3092 5614 monachos
3130 5557 3369 5628 Egypti,
3405 5569 3465 5616 et
3501 5562 3791 5620 honliliam

1869 5683 2180 5741 SCllULle
2218 5683 2449 5739 NllTrE.

600 5759 641 5792 ³⁷
668 5751 786 5806 'v'id.
820 5753 987 5810 Leon.
1019 5755 1178 5826 epist.
1217 5755 1303 5809 18.
