3952 6294
177 301 279 368 339

1385 319 1480 388 DE
1519 317 1774 378 LIBRIS
1813 318 2312 381 THEODORETI.

3335 326 3449 390 310

181 423 504 480 Paschalem
539 423 624 478 l8.
657 422 765 480 Sed
797 423 1037 496 Cyrillus
1076 425 1130 481 in
1176 428 1534 496 responsione
1584 429 1753 484 absti-
1791 435 1827 484 Λ
1858 429 1950 498 jus
1981 431 2228 494 nomine,
2259 447 2496 500 quorum
2525 432 2775 487 consilio.
2831 434 3066 488 Dubium
3113 435 3259 491 istud
3313 454 3439 494 sex-

182 516 358 572 uuita
396 516 625 572 nomine
665 526 964 582 tomorum,
1008 519 1381 591 epistulasque
1437 522 1596 585 dixit,
1628 539 1767 591 quas

181 606 434 662 Andreas
474 609 490 624 ⁶
537 615 715 662 tomos
743 609 1088 677 appellasset.
1125 611 1331 667 Deinde
1373 621 1606 682 utroque
1645 613 1765 667 loco

181 697 631 768 citatoCyrillus,
661 701 942 754 mentione
982 700 1127 756 facta
1179 709 1474 767 tomorum,
1536 719 1633 758 eos
1679 703 1762 756 vel

180 789 254 844 ab
280 789 528 858 epistolis
553 789 824 855 distinxit,
851 792 935 846 vel
961 791 1156 847 eodem
1211 795 1434 849 nomine
1461 793 1760 864 inscripsit,

179 896 293 950 quo
326 881 792 936 contradictiones
813 881 955 936 κατὰ
974 882 1080 937 τῶν
1108 885 1401 956 Neci-opino
1423 885 1760 956 δυσφημιῶν.

255 972 398 1027 XIV.
437 973 519 1028 Ex
535 973 623 1027 bis
646 974 1003 1029 innotescunt
1027 991 1137 1030 non
1163 993 1357 1046 pauca,
1383 994 1505 1048 qua:
1537 978 1765 1032 fuerunt

177 1063 457 1119 hactenus
494 1064 578 1118 vel
611 1063 792 1134 ignota
814 1065 900 1119 vel
932 1065 1188 1122 obseura.
1215 1069 1264 1123 1.
1295 1067 1605 1123 Αᾱιιωείεεθ
1629 1067 1761 1122 Phi-

175 1157 398 1227 lippum
421 1155 628 1228 Cyrillo
655 1144 782 1212 cum
827 1158 1046 1213 clericis
1099 1159 1245 1225 aliis,
1297 1175 1438 1230 quos
1475 1159 1765 1214 Nestorius

175 1247 448 1319 Cyrillum
477 1248 765 1317 alloquens
795 1248 1077 1318 vocattij;
1130 1249 1229 1318 σῆς
1285 1249 1578 1315 διαθέσεως
1625 1251 1762 1320 κλη-

179 1339 396 1410 ρικούς.
423 1340 478 1394 2.
504 1340 818 1410 Philippum
866 1341 1112 1411 arguisse
1160 1341 1473 1397 Nestorium
1504 1342 1762 1398 haeretica

177 1432 498 1497 docentem,
529 1432 836 1502 ducemque
860 1432 1028 1488 fuisse
1044 1432 1400 1489 discessionis
1424 1435 1573 1489 illius
1600 1434 1764 1489 cleri-

176 1539 376 1578 eorum
397 1523 660 1579 Ecclesia:
679 1523 1302 1594 Constantinopolitanae
1319 1541 1348 1579 a
1368 1541 1468 1580 suo
1483 1526 1760 1596 episcopo,

177 1627 346 1680 quam
382 1611 636 1666 meminit
667 1610 906 1682 Cyrillus
952 1611 1020 1666 ad
1075 1611 1438 1668 leestinum
1488 1614 1760 1679 scribens,

176 1703 625 1772 leestinusque
646 1703 702 1757 in
738 1703 940 1758 litteris
959 1703 1027 1758 ad
1046 1703 1278 1759 clericos
1296 1705 1762 1777 ConstantinOpo-

1872 530 2008 584 tum,
2043 538 2111 576 an
2140 538 2169 576 a
2199 523 2550 580 Theodoreto
2589 525 2894 594 composita
2928 525 2998 579 sit
3058 526 3286 582 Joannis
3335 545 3438 584 no-

1869 610 2036 674 mine,
2091 610 2234 681 quod
2286 615 2578 683 opinor";
2632 631 2702 669 an
2749 631 2778 669 a
2834 615 3044 670 Joanne
3105 617 3438 674 Theodoreti

1867 701 2116 763 consilio,
2147 702 2294 770 quod
2327 703 2491 772 vulgo
2509 701 2732 758 dicitur.

1937 790 2003 844 ll.
2035 790 2252 861 Scripta
2280 800 2365 847 est
2391 793 2583 862 procul
2613 794 2804 858 dubio,
2860 805 3150 866 postquam
3209 798 3438 853 Posido-

1865 881 1994 937 nius
2042 882 2300 937 Ecclesia:
2361 882 2742 938 Alexandrinaa
2791 885 3094 951 diaconus,
3157 888 3330 942 Roma
3383 889 3438 942 in

1863 972 2156 1045 Egyptum
2188 974 2382 1039 redux,
2410 975 2626 1030 litteras
2653 983 2766 1032 tres
2806 992 2838 1032 a
2869 987 3063 1032 sancto
3113 979 3437 1043 Caelestino,

1865 1064 1898 1118 5
1921 1064 2050 1120 ldus
2085 1065 2317 1135 Augusti
2347 1064 2501 1120 datas
2529 1067 2805 1122 reddidit:
2845 1067 3051 1141 Cyrillo
3094 1069 3442 1125 Alexandriae

1867 1169 2034 1220 unas;
2087 1154 2314 1220 alteras,
2367 1156 2645 1226 profectus
2677 1157 2734 1211 in
2772 1159 3113 1214 Palaestinam
3154 1169 3210 1215 et
3248 1160 3442 1217 Orien-

1865 1255 1997 1310 tem,
2036 1245 2287 1304 Juvenali
2338 1247 2858 1320 Hierosolymitano,
2905 1261 2962 1306 et
3008 1251 3206 1307 Joanni
3244 1253 3441 1308 Antio-

1864 1337 2064 1392 cheno.
2090 1337 2228 1393 Cum
2255 1353 2388 1409 ergo
2414 1338 2531 1394 haec
2570 1340 2800 1409 epistola
2848 1350 2973 1410 post
3019 1350 3274 1412 acceptas
3306 1342 3443 1398 alias

1865 1433 1978 1480 tres
2001 1427 2126 1481 data
2155 1427 2245 1492 sit,
2271 1435 2490 1497 oportet
2520 1437 2580 1483 ut
2631 1429 2904 1498 pertineat
2944 1429 3011 1484 ad
3071 1429 3235 1484 ﬁnem
3273 1430 3442 1487 Octo-

1865 1515 1982 1571 bris
2015 1523 2111 1572 aut
2157 1517 2378 1572 initium
2408 1517 2736 1575 Novembris
2783 1521 2910 1574 anni
2943 1519 3065 1576 450.
3099 1522 3235 1576 Nam
3286 1523 3442 1578 Posi-

1864 1608 2061 1664 donius
2089 1609 2146 1664 in
2173 1607 2458 1665 Orientem
2488 1610 2767 1680 profectus
2816 1621 2921 1678 est,
2954 1621 3247 1684 antequam
3275 1615 3446 1686 Egy-

1865 1700 1945 1770 pti
1977 1699 2220 1772 synodus
2249 1703 2620 1768 convenisset,
2654 1710 2716 1757 ut
2744 1703 3040 1760 conﬁcitur
3067 1721 3136 1760 ex
3192 1707 3446 1776 epistolis

178 1794 402 1848 litanos.
431 1793 484 1848 3.
513 1771 778 1850 Eundem
825 1795 1141 1865 Philippum
1169 1803 1455 1850 auctorem
1511 1810 1632 1851 esse
1659 1771 1761 1851 ob-
1796 1771 1839 1826 Β
1865 1771 2054 1862 Cyrilli
2084 1791 2152 1845 ad
2196 1791 2464 1848 Joannem
2503 1801 2562 1848 et
2611 1793 2953 1851 Juvenalem.
3012 1771 3285 1853 Convenit
3311 1815 3450 1854 vero

179 1885 502 1940 testationis
533 1885 701 1951 illius,
736 1902 858 1956 qua:
880 1887 1082 1958 legitur
1106 1887 1163 1941 in
1212 1889 1387 1956 prima
1413 1896 1570 1958 parte
1602 1889 1765 1942 Aeto-

180 1996 305 2034 rum
335 1980 562 2035 concilii
597 1980 882 2050 Ephesini,
908 1995 1126 2050 quaque
1162 1980 1402 2036 Nestorii
1439 1995 1564 2035 cum
1595 1979 1764 2035 Paulo

181 2072 548 2128 Samosateno
578 2074 868 2128 consensio
893 2073 1206 2143 exponitur.
1237 2074 1290 2130 4.
1323 2071 1592 2128 Eumdem
1633 2071 1763 2126 Phi-

184 2163 400 2233 lippum
421 2163 571 2233 apud
599 2179 658 2219 se
681 2180 914 2235 synaxes
937 2165 1269 2221 celebrasse.
1302 2165 1355 2218 5.
1383 2163 1655 2218 Eumdem
1681 2163 1766 2216 in-

184 2253 405 2307 fensum
451 2252 624 2308 fuisse
668 2253 996 2324 Pelagianis,
1059 2262 1115 2308 et
1168 2262 1456 2324 peccatum
1497 2254 1766 2325 originale

179 2339 522 2396 defendisse.
550 2343 602 2398 6.
640 2343 962 2414 Pelagianos
1000 2344 1310 2415 episcopos,
1330 2360 1458 2400 cum
1482 2343 1763 2409 leestio,

181 2432 353 2490 fuisse
389 2435 574 2490 adhuc
597 2435 1096 2508 Constantinopoli,
1126 2454 1238 2509 quo
1275 2445 1524 2508 tempore
1567 2437 1765 2493 Nesto-

183 2526 298 2580 rius
326 2526 526 2582 habuit
551 2529 842 2599 synodum,
876 2528 945 2583 de
969 2545 1078 2599 qua
1105 2545 1288 2584 sermo
1321 2538 1408 2585 est
1432 2529 1488 2584 in
1516 2545 1766 2584 commo-

181 2617 412 2683 nitorio,
434 2628 492 2674 et
517 2619 750 2690 epistola
769 2622 803 2676 2
823 2620 1059 2675 Nestorii
1093 2620 1160 2675 ad
1191 2620 1478 2693 Cyrillum.
1505 2623 1557 2676 'l.
1596 2621 1767 2692 Syno-

181 2710 316 2766 dum
345 2711 593 2767 habitam
662 2723 910 2784 tempore
952 2714 1226 2778 autumni,
1253 2729 1402 2769 anno
1458 2714 1594 2780 429;
1639 2731 1766 2768 nam

181 2798 291 2854 hoc
322 2815 473 2854 anno
497 2801 600 2856 sub
628 2801 790 2856 ﬁnem
822 2801 1321 2857 Commonitorium
1375 2819 1533 2857 suum
1564 2803 1769 2858 obtulit

183 2889 509 2962 imperatori
550 2892 620 2947 M.
654 2893 942 2959 Mercator,
975 2908 1085 2963 quo
1105 2894 1369 2964 perlecto,
1394 2894 1654 2962 expulsus
1684 2901 1769 2948 est

181 3000 312 3041 cum
369 2985 647 3055 episcopis
695 2984 1003 3056 Pelagianis
1043 2984 1517 3054 Constantinopoli
1573 2983 1758 3040 Caele-

181 3077 349 3133 stius.
405 3076 458 3131 8.
516 3075 1031 3142 Contradietiones,
1103 3075 1218 3131 sive
1273 3085 1452 3132 tomos
1503 3076 1770 3130 adversus

184 3170 560 3241 blasphemias
581 3169 840 3236 Nestorii,
865 3169 1024 3241 θοι
1061 3168 1271 3224 delatos
1308 3169 1479 3224 fuisse
1518 3169 1767 3234 Romam,

183 3275 241 3320 et
273 3280 343 3320 ex
374 3263 442 3318 iis
473 3263 780 3320 exercitum
821 3261 1094 3333 judicium
1121 3261 1190 3315 de
1226 3261 1503 3316 Nestorio.
1556 3261 1610 3316 9.
1655 3259 1771 3314 Hoc

183 3371 328 3427 opus
372 3354 541 3410 fuisse
563 3369 596 3409 a
625 3352 828 3426 Cyrillo
851 3353 1218 3423 compositum
1259 3352 1417 3406 initio
1465 3351 1595 3406 anni
1631 3350 1768 3416 430;

185 3447 470 3517 siquidem
509 3446 775 3502 traditum
827 3454 914 3501 est
966 3444 1264 3500 Posidonio
1327 3445 1559 3500 Romam
1611 3443 1770 3500 eunti

187 3539 354 3594 initio
402 3538 608 3608 Aprilis
661 3537 910 3608 ejusdem
966 3536 1116 3590 anni.
1153 3537 1236 3592 l0.
1297 3536 1498 3592 Iisdem
1554 3537 1772 3594 artibus

185 3629 670 3699 Constantinopoli
699 3644 857 3684 usum
913 3627 1257 3693 leestium,
1316 3629 1521 3699 quibus
1561 3629 1769 3695 Romaa,

188 3718 339 3774 unde
371 3733 430 3774 se
482 3718 622 3774 clam
671 3716 953 3781 subduxit,
1011 3732 1137 3771 eum
1191 3733 1300 3772 non
1352 3717 1600 3782 haberet,
1659 3733 1772 3789 quo

186 3827 348 3866 suam
380 3824 601 3865 causam
637 3817 907 3864 tueretur.
937 3809 1022 3863 ll.
1056 3808 1303 3879 Magnam
1335 3808 1508 3864 fuisse
1530 3808 1772 3865 Nestorii

187 3917 318 3957 cum
356 3901 651 3965 Theodoro
697 3900 1086 3971 Mopsuesteno
1137 3900 1593 3956 consensionem:
1645 3916 1770 3972 qua:

183 3992 337 4048 enim
378 3990 448 4047 de
476 3991 732 4046 Nestorio
761 3989 930 4045 refert
955 3989 1214 4061 Cyrillus,
1257 3989 1453 4045 eadem
1510 3991 1772 4062 leguntur

187 4084 243 4137 in
277 4083 602 4153 fragmentis
626 4081 926 4147 Theodori,
958 4097 1082 4151 qua:
1131 4081 1397 4138 Leontius
1424 4082 1653 4138 adducit
1705 4098 1773 4138 ex

187 4177 337 4232 libro
362 4191 452 4230 xlv
481 4175 558 4228 De
606 4175 994 4229 incarnatione.
1034 4173 1119 4228 l2.
1178 4173 1300 4228 Non
1348 4189 1511 4244 posse
1567 4175 1776 4230 certius

187 4268 524 4339 planiusque
557 4265 749 4321 resciri
779 4266 893 4320 ullo
921 4281 988 4320 ex
1011 4266 1152 4330 loco,
1205 4280 1328 4335 quae
1355 4264 1521 4320 fuerit
1544 4265 1773 4320 haeresis

139 4359 532 4421 ‘Nestorii,et
562 4358 618 4412 in
647 4373 759 4428 quo
786 4357 994 4429 κυρίως
1023 4356 1220 4427 posita.
1248 4356 1385 4423 Quis
1415 4356 1566 4412 enim
1595 4355 1773 4429 Cyril-

1869 1882 2111 1953 synodus
2164 1883 2324 1938 initio
2376 1885 2724 1952 Novembris,
2767 1895 2828 1941 ut
2873 1887 3311 1945 demonstratum
3359 1901 3449 1946 est

1868 1973 2091 2030 dissert.
2119 1975 2155 2029 2
2175 1973 2252 2028 ad
2276 1990 2312 2028 ιι
2344 1985 2554 2045 partem
2577 1974 2818 2047 Opernm
2848 1978 3002 2033 Marii
3034 1980 3370 2036 Mercatoris.

1938 2065 2028 2119 Ill.
2061 2065 2136 2120 De
2196 2081 2363 2122 causa
2406 2067 2689 2122 scribendi
2731 2067 2942 2124 dictum
2989 2071 3124 2127 satis
3176 2072 3233 2128 in
3283 2088 3447 2144 argu-

1869 2164 2075 2212 mento.
2123 2155 2358 2214 Sanctus
2413 2157 2765 2226 leestinus,
2819 2163 3058 2232 acceptis
3086 2179 3186 2233 per
3215 2165 3446 2220 Posido-

1869 2251 2024 2304 nium
2047 2249 2239 2320 Cyrilli
2265 2250 2489 2316 litteris,
2519 2267 2794 2323 causaque
2843 2254 3083 2310 Nestorii
3145 2256 3332 2311 Romae
3389 2257 3449 2312 in

1869 2343 2079 2414 synodo
2134 2343 2405 2414 judicata,
2467 2345 2689 2414 scriptis
2742 2347 3006 2402 Joannem
3037 2358 3094 2404 et
3126 2349 3448 2404 Iuvenalem

1869 2434 2156 2500 docuerat,
2189 2437 2322 2506 quid
2353 2437 2408 2491 in
2438 2437 2758 2494 Nestorium
2791 2440 3096 2506 statuisset,
3133 2441 3239 2496 nisi
3292 2458 3451 2498 revo-

1870 2534 2023 2583 caret
2050 2542 2336 2594 errorem;
2363 2529 2567 2599 quidve
2592 2531 2902 2586 mandasset
2929 2531 3154 2603 Cyrillo,
3187 2548 3315 2588 suas
3344 2533 3451 2588 hoc

1871 2619 2092 2688 negotio
2139 2620 2288 2676 vices
2337 2620 2580 2676 obituro.
2643 2621 2898 2692 Acceptis
2956 2621 3197 2678 Joannes
3245 2626 3449 2679 summi

1871 2708 2166 2776 pontiﬁcis,
2197 2708 2492 2779 Cyrillique
2519 2709 2742 2774 litteris,
2779 2719 3159 2781 tempestatem
3204 2714 3259 2767 in
3285 2723 3452 2784 caput

1870 2799 2107 2854 Nestorii
2144 2800 2552 2856 incumbentem
2583 2801 2880 2871 depellere,
2901 2811 2956 2858 et
2987 2805 3164 2859 amico
3194 2806 3446 2868 suadere,

1873 2902 1932 2946 ut
1961 2901 2259 2961 occuparet
2289 2894 2487 2947 summi
2544 2893 2820 2963 pontiﬁcis
2877 2897 3228 2960 sententiam,
3275 2896 3454 2966 Virgi-

1873 2997 2110 3051 nemque
2167 2983 2455 3052 Deiparam
2511 2985 2886 3053 proﬁteretur,
2945 2987 3093 3054 quod
3137 3002 3308 3040 unum
3364 2987 3450 3041 vel

1797 3112 1840 3170 C
1873 3074 2244 3144 potissimum,
2299 3073 2460 3144 332
2491 3074 2616 3128 ﬁdei
2677 3075 2999 3130 orthodoxae
3055 3077 3333 3146 specimen
3365 3091 3452 3131 ro-

1875 3165 2128 3235 gabatur,
2168 3164 2399 3221 Joannis
2457 3165 2682 3222 nomine
2724 3166 3107 3222 Theodoretus
3159 3168 3452 3238 epistolam

1871 3255 2204 3324 composuit.

1943 3347 2032 3401 IV.
2053 3345 2133 3401 Ad
2166 3345 2483 3402 Nestorium
2510 3345 2717 3416 scripta
2735 3355 2841 3411 est,
2867 3345 2986 3415 qui,
3025 3361 3152 3401 cum
3176 3347 3293 3403 suis
3321 3363 3456 3404 con-

1869 3438 2124 3493 cionibus
2154 3437 2344 3492 turbas
2374 3437 2636 3492 movisset
2658 3437 2714 3491 in
2746 3437 3006 3502 Ecclesia,
3040 3454 3152 3508 prae
3197 3441 3454 3510 superbia

1873 3537 2056 3585 tamen
2103 3529 2479 3586 noluitverbo
2508 3545 2640 3593 uno,
2674 3545 2786 3600 quo
2841 3530 3134 3601 Deiparam
3162 3531 3451 3600 fateretur,

1871 3638 1967 3679 eas
1999 3621 2230 3689 sedare;
2259 3621 2372 3676 imo
2401 3621 2714 3692 principum
2739 3621 2926 3692 gratiae
2973 3623 3224 3693 aulasque
3278 3624 3453 3679 favori

1871 3720 1928 3766 et
1957 3711 2074 3767 suis
2131 3710 2344 3766 artibus
2373 3710 2681 3776 conﬁdens,
2729 3710 3206 3783 Constantinopoli
3267 3715 3459 3770 saevie-

1874 3804 1987 3867 bat,
2020 3809 2359 3872 caeterasque
2387 3802 2665 3858 Ecclesias
2689 3804 3008 3872 spernebat.

1944 3915 2009 3969 V.
2043 3914 2278 3969 Nomine
2325 3913 2555 3969 Joannis
2599 3913 2930 3969 Antiocheni
2979 3915 3322 3978 inscribitur,
3351 3917 3442 3970 cui

1873 4020 2001 4061 cum
2035 4005 2290 4060 Nestorio
2340 4019 2534 4061 omnes
2585 4013 2746 4059 erant
2799 4005 3456 4060 amicitiae-necessitudi-

1873 4113 1993 4163 nes,
2025 4097 2352 4152 diuturnnm
2385 4094 2833 4159 contubernium,
2860 4094 3130 4163 religiosa:
3154 4094 3278 4149 vita:
3301 4109 3456 4147 com-

1874 4190 2084 4253 munio,
2116 4189 2352 4244 societas
2380 4187 2709 4249 studiorum,
2730 4185 2875 4239 idem
2905 4186 3182 4253 magister,
3209 4186 3456 4256 ejusdem

1875 4279 2132 4336 Ecclesiae
2176 4275 2566 4340 ministerium,
2625 4275 2816 4330 eadem
2860 4274 3054 4345 adepta
3086 4275 3308 4330 demum
3334 4287 3457 4347 post

1875 4368 2241 4425 ministerium
2279 4365 2536 4436 dignitas.
2592 4365 2788 4420 Joanni
2838 4365 3219 4421 Theodoretus
3261 4367 3456 4422 iisdem

187 4453 244 4508 lo
291 4452 348 4506 in
380 4449 719 4521 pervidenda
749 4449 990 4506 Nestorii
1038 4448 1313 4505 sententia
1355 4449 1771 4519 perspicacior?
1806 4463 1846 4517 ι)
1875 4458 2109 4515 vinculis
2163 4455 2450 4512 devinctus
2481 4455 2604 4510 fuit,

185 4544 447 4613 Quiergo
476 4543 689 4612 lapsum
719 4541 892 4596 verbo
947 4541 1265 4597 Nestorium
1322 4541 1556 4607 malunt,
1605 4557 1768 4612 quam

187 4641 397 4706 reipsa,
431 4635 715 4690 Socratem
744 4634 946 4706 Cyrillo
976 4633 1298 4704 praeferunt,
1343 4633 1672 4702 scriptorem
1703 4633 1772 4689 de

185 4731 338 4793 aula,
409 4726 620 4782 homini
650 4742 762 4784 sua:
819 4725 1001 4781 aetatis
1057 4725 1399 4780 doctissimo.
1441 4725 1526 4780 15.
1558 4725 1640 4780 Ex
1669 4725 1774 4780 boc

184 4820 632 4879 Commonitorio
664 4820 847 4874 lucem
870 4819 1057 4874 afferri
1106 4818 1350 4888 quinque
1380 4817 1540 4873 libris
1578 4817 1771 4888 Cyrilli

184 4915 463 4970 adversus
516 4910 886 4981 blasphemias
934 4910 1196 4975 Nestorii,
1228 4919 1285 4965 et
1338 4910 1584 4966 vicissim
1612 4909 1776 4966 Com-

185 5003 555 5061 monitorium
602 5019 669 5057 ex
715 5002 804 5057 bis
852 5001 1115 5057 illustrari
1151 5021 1163 5056 :
1199 5009 1285 5057 est
1325 5002 1474 5057 enim
1528 4999 1775 5072 ipsorum

186 5095 587 5166 compendiosa
611 5092 860 5164 quiedam
888 5093 1163 5149 collectio.

260 5209 510 5280 Epistola
536 5209 656 5272 149,
682 5227 714 5262 a
742 5208 949 5262 Joanne
969 5209 1288 5291 {litt-iocheno
1310 5210 1377 5262 ad
1403 5208 1706 5263 Nestorium

875 5289 1095 5331 scrtum.

875 5297 1095 5350 scripta.

258 5392 302 5447 l.
331 5392 450 5447 Non
472 5391 714 5445 obscura
736 5399 885 5454 sunt,
912 5406 1014 5445 nec
1060 5391 1267 5445 incerta
1326 5391 1440 5444 haze
1486 5390 1768 5460 quinque:

187 5485 414 5556 quando
437 5484 649 5553 scripta
670 5483 744 5537 sit
769 5483 1023 5552 epistola,
1069 5498 1176 5552 qua
1211 5483 1280 5538 de
1297 5499 1484 5548 causa,
1540 5483 1651 5545 cui,
1674 5500 1770 5536 eu-

1940 4572 2031 4628 Ἦ.
2075 4568 2338 4632 Dubium,
2396 4567 2522 4638 quis
2578 4566 2884 4637 scripserit,
2912 4567 3152 4623 Joannes
3185 4569 3324 4638 ipse,
3384 4584 3454 4622 an

1871 4663 2097 4720 Joannis
2165 4661 2390 4715 nomine
2475 4659 2896 4714 Tlieodoretus?
2949 4660 3147 4715 Joanni
3208 4660 3459 4714 tribuunt

1874 4751 2198 4824 prmjudicia
2227 4749 2359 4813 duo,
2389 4747 2679 4818 inscriptio
2708 4765 2926 4819 nempe,
2975 4750 3123 4818 quod
3174 4750 3457 4818 publicqu

1874 4844 2031 4915 quasi
2077 4843 2488 4905 documentum,
2523 4847 2579 4894 et
2607 4839 2948 4895 consuetudo
2975 4841 3048 4894 ita
3077 4840 3316 4904 dicendi,
3337 4855 3458 4908 qua:

1873 4935 2096 4990 videtur
2146 4949 2266 4988 esse
2333 4931 2584 5004 quaedam
2634 4931 2950 5000 praescripta
3003 4931 3298 5000 possessio.
3352 4929 3456 4984 Pro

1879 5023 2229 5079 Theodoreto
2262 5019 2390 5075 facit
2429 5019 2630 5089 primo,
2661 5017 2808 5087 quod
2860 5026 3156 5084 utrumque
3202 5013 3461 5084 praejudi-

1880 5115 2020 5171 cium
2040 5116 2201 5170 fallax
2238 5115 2329 5180 sit,
2364 5113 2453 5167 vel
2492 5127 2561 5166 ex
2589 5125 2656 5166 eo
2707 5110 2964 5172 maxime,
3026 5107 3174 5177 quod
3226 5103 3456 5159 inﬁnita:

1875 5207 2123 5278 epistola:
2143 5221 2252 5259 non
2279 5201 2575 5259 scribentis
2625 5199 2832 5270 ipsius,
2873 5197 2968 5252 sed
3016 5196 3330 5250 mandantis
3358 5211 3458 5250 no-

1881 5314 2006 5352 men
2037 5296 2355 5368 prmferunt,
2381 5303 2436 5350 et
2459 5293 2685 5363 singula:
2709 5307 2777 5346 eo
2811 5289 3034 5344 nomine
3062 5289 3324 5353 citantur,
3347 5303 3456 5356 quo

1880 5399 2276 5460 pranotantur.
2311 5385 2594 5458 Ejusmodi
2623 5392 2708 5438 est
2736 5381 2942 5451 Pelagii
2968 5379 3210 5436 secunda
3225 5379 3455 5449 epistola

1879 5480 1946 5536 ad
1978 5481 2216 5551 Illyricos
2241 5496 2268 5533 a
2295 5487 2485 5534 sancto
2503 5477 2769 5548 Gregorio
2789 5475 3014 5546 scripta.
3039 5474 3266 5540 Deinde,
3284 5472 3454 5543 quod,

1512 5633 1824 5692 SCllUl.le
1861 5633 2088 5688 ΝΟΤΛΕ.

259 5757 303 5790 ’⁸
328 5755 485 5825 Ωαοά
527 5755 737 5825 "Pl-"0’3
773 5754 880 5812 Sed
907 5754 1029 5810 vide
1071 5770 1252 5824 supra,
1283 5772 1336 5825 p.
1374 5757 1486 5822 l5”),
1526 5753 1696 5812 schol.
1735 5752 1782 5806 ι.
