3952 6294
407 246 409 248 ’
473 282 570 344 an

1619 277 1995 338 GARNERII
2026 275 2524 338 DISSERTATIO
2557 275 2640 334 II.

3631 263 3742 331 322

475 410 522 447 si
544 393 861 447 conferatur
890 392 1121 463 epistola
1151 393 1266 446 haec
1286 405 1412 446 cum
1444 391 1532 456 iis,
1565 391 1679 446 sive
1719 407 1854 460 quas
1879 391 2048 448 Joan-
2087 406 2119 453 Α
2154 405 2336 460 poena,
2367 389 2469 443 nisi
2505 395 2628 458 post
2653 386 2928 441 decimum
2956 397 2984 436 a
3008 377 3424 436 denuntiatione
3454 376 3601 432 diem
3643 393 3743 446 pa-

476 499 594 548 nes,
626 484 743 538 sive
769 499 907 554 quas
935 482 1320 537 Theodoretus
1361 483 1605 552 scripsit,
1657 483 1882 538 differre
1913 483 2053 554 stylo

475 582 736 645 appareat
757 575 825 629 ab
858 575 966 628 illis
982 574 1280 629 convenire
1316 589 1442 629 cum
1473 574 1616 629 istis.
1660 575 1880 638 Postea,
1905 574 2053 643 quod

475 667 694 734 quoties
719 672 878 719 erant
927 680 1250 720 communes
1276 666 1475 720 littera:
1504 665 1787 720 mittendae
1819 666 1887 719 ab
1932 665 2049 735 θρῖα

475 759 677 827 scopis,
708 773 944 828 quorum
973 774 1116 812 unus
1145 767 1291 814 esset
1323 759 1732 820 Theodoretus,
1775 757 2053 812 scribendi

475 862 679 900 munus
728 847 1112 917 imponeretur
1167 847 1292 917 ipsi,
1349 855 1607 916 tanquam
1655 847 2056 901 admirabiliter

475 938 704 1008 hujusce
727 940 807 993 rei
840 940 1038 1008 perito.
1076 939 1208 993 Erat
1235 954 1370 992 vero
1395 955 1544 993 unus
1570 939 1639 993 de
1685 948 1897 1007 septem
1928 939 2051 1008 epi-

475 1030 676 1098 scopis,
697 1030 793 1099 qui
843 1031 988 1100 apud
1018 1030 1286 1086 Joannem
1336 1029 1720 1093 versabantur,
1754 1045 1879 1083 cum
1915 1029 2055 1084 scri-

475 1118 701 1172 beretur
757 1118 824 1172 ad
870 1119 1208 1174 Nestorium.
1260 1118 1415 1172 Adde
1464 1118 1611 1189 quod
1657 1119 1713 1172 in
1767 1119 1891 1173 aliis
1918 1118 2055 1172 locis

477 1209 862 1264 Theodoretus
885 1211 1080 1265 iisdem
1113 1211 1290 1264 utitur
1337 1210 1667 1274 rationibus,
1715 1209 1825 1264 imo
1855 1217 1911 1264 et
1957 1210 2055 1263 iis-

477 1300 602 1355 dem
631 1299 745 1354 fere
779 1300 985 1366 verbis,
1005 1301 1074 1355 ad
1105 1300 1250 1354 idem
1278 1300 1622 1354 tractandum
1645 1308 2053 1370 argumentum,

478 1394 547 1448 de
580 1393 802 1464 Virgine
839 1393 1071 1462 Dcipara
1105 1391 1382 1446 :videnda
1414 1392 1647 1461 epistola
1682 1393 1765 1446 16.
1811 1391 2057 1460 Denique

478 1484 625 1554 quod
651 1484 904 1538 videatur
931 1484 1316 1540 Theodoretus
1342 1482 1459 1552 ipse
1493 1483 1634 1536 hanc
1668 1483 1774 1537 sibi
1809 1497 2059 1552 arrogas—

479 1589 560 1638 se,
593 1590 718 1629 cum
749 1575 1019 1630 scriberet
1037 1574 1105 1628 ad
1137 1575 1412 1628 Domuum
1437 1573 1866 1638 Antiochenum,
1894 1573 2058 1642 paulo

480 1676 606 1720 ante
633 1666 1023 1736 praedatoriam
1053 1665 1347 1736 synodum,
1376 1673 1843 1734 enumeraretque
1892 1679 2058 1736 syno-

479 1758 602 1812 dica
626 1757 892 1812 adversus
927 1755 1191 1828 Cyrillum
1217 1758 1443 1827 scripta.

550 1850 661 1903 ΥΠ.
695 1849 1110 1904 Observandum
1150 1850 1203 1903 in
1236 1865 1300 1904 ea
1340 1850 1602 1919 primum,
1660 1847 1807 1919 quod
1853 1847 2058 1903 dicitur

479 1939 546 1990 de
569 1938 776 1992 lrenazo
800 1939 1034 1993 comite:
1071 1938 1198 1993 inde
1227 1939 1375 1993 enim
1426 1939 1604 2008 ipsius
1633 1954 1757 1993 cum
1803 1937 2057 1992 Nestorio

477 2040 534 2084 et
563 2029 940 2085 Orientalibus
978 2031 1317 2100 conspiratio
1358 2030 1706 2101 intelligitur.
1755 2059 1758 2061 λ

551 2123 778 2188 Deinde,
823 2124 970 2193 quod
1029 2123 1269 2178 refertur
1313 2121 1604 2176 Theodoro
1650 2121 2055 2191 Mopsuesteno,

479 2210 709 2275 dictum,
743 2212 891 2267 unde
929 2213 1148 2267 fuerant
1171 2212 1461 2268 audientes
1484 2212 1706 2276 offensi,
1749 2219 2058 2266 retractan-

478 2312 566 2355 te:
597 2317 705 2371 qua
741 2302 810 2358 de
846 2319 905 2358 re
934 2303 1080 2366 vide,
1109 2311 1309 2372 praeter
1362 2303 1706 2368 Liberatum,
1738 2311 2058 2371 excerptum

477 2409 545 2446 ex
575 2393 780 2448 libellis
808 2410 838 2447 a
866 2395 1207 2466 presbyteris
1237 2407 1292 2450 et
1316 2396 1566 2450 diaconis
1593 2395 1816 2464 majoris
1863 2395 2060 2448 Arme—

478 2484 586 2537 niae
610 2493 666 2538 et
689 2485 936 2540 Persidis
956 2486 1154 2541 Proclo
1183 2487 1474 2556 porrectis,
1524 2487 1718 2557 synod.
1757 2503 1810 2552 v,
1851 2486 1977 2540 coll.
2005 2486 2056 2540 5.

476 2569 560 2625 Eo
582 2571 726 2625 enim
750 2572 857 2626 loci
881 2573 1112 2629 aﬂ'ertur
1144 2574 1429 2629 concionis
1460 2574 1552 2628 illa
1593 2590 1739 2645 pars,
1793 2590 1914 2646 qua:
1955 2575 2061 2629 fuit

478 2662 802 2720 offensionis
840 2681 1023 2721 causa.

550 2755 765 2822 Postea,
799 2768 1004 2828 quanta
1057 2761 1368 2815 reverentia
1426 2771 1706 2832 receptum
1745 2761 1834 2826 sit,
1873 2760 1959 2816 vel
1990 2761 2060 2816 ab

479 2851 613 2921 ipsis
647 2851 889 2908 Orientis
919 2853 1275 2922 patriarchis,
1308 2855 1507 2909 summi
1565 2855 1842 2925 pontificis
1869 2854 2065 2909 decre-

477 2953 614 2998 tum.
644 2945 764 2999 Non
784 2945 1151 3016 objiciebatur
1179 2946 1286 3001 illis
1330 2947 1672 3017 temporibus
1716 2947 2063 3002 auctoritatis

476 3036 859 3104 praesumptio,
913 3036 1010 3092 sed
1065 3037 1370 3107 parebatur
1397 3038 1548 3093 velut
1593 3037 1850 3108 legitimae
1901 3046 2061 3107 pote-

478 3126 627 3190 stati,
649 3127 809 3198 363
837 3144 963 3183 cum
997 3144 1248 3183 summus
1272 3129 1539 3198 pontifex,
1571 3145 1603 3184 e
1648 3145 1748 3185 suo
1784 3129 2060 3184 Occiden-

479 3217 551 3271 tis
578 3218 836 3281 concilio,
871 3219 1034 3287 regiae
1084 3219 1237 3274 urbis
1275 3219 1643 3288 patriarcham
1688 3219 1974 3290 dejiceret,
2004 3229 2062 3274 et

478 3309 638 3362 alteri
666 3309 991 3377 patriarcha:
1019 3309 1358 3379 exsequendi
1383 3310 1712 3364 sententiam
1743 3311 2060 3365 mandatum

478 3397 654 3452 daret.

547 3489 777 3555 Quarto,
812 3490 960 3558 quod
987 3490 1192 3546 dicitur
1235 3491 1288 3545 id
1326 3507 1497 3546 unum
1531 3492 1673 3562 exigi
1716 3507 1745 3546 a
1784 3493 2058 3559 Nestorio,

479 3589 540 3634 ut
568 3582 782 3637 beatam
814 3582 1092 3652 Virginem
1127 3584 1363 3639 fateatur
1393 3585 1681 3653 Deiparam
1713 3602 1725 3637 :
1758 3584 1886 3639 inde
1912 3586 2060 3640 enim

477 3674 853 3743 cognoscitur,
883 3683 1016 3729 tunc
1049 3677 1313 3745 temporis
1341 3692 1460 3731 eam
1487 3677 1718 3731 formam
1745 3675 1911 3732 fuisse
1935 3693 2064 3748 pro-

479 3763 667 3818 fltcndi
702 3764 1026 3819 catholicam
1067 3766 1135 3822 de
1179 3767 1553 3823 incarnatione
1593 3767 1776 3823 fidem.
1818 3768 1966 3824 ldem
2004 3777 2061 3825 et

475 3855 712 3925 Cyrillus
745 3856 801 3910 in
831 3855 1088 3929 Apologia
1130 3868 1187 3913 et
1243 3859 1624 3916 Theodoretus
1661 3860 1822 3931 epist.
1863 3861 1929 3916 16
1974 3872 2058 3916 te-

476 3955 714 4002 stantur.

543 4037 770 4105 Quinto,
801 4040 945 4110 quod
978 4041 1182 4096 dicitur
1213 4042 1380 4098 etiam
1407 4044 1698 4099 Nestorius
1731 4060 1794 4100 ea
1829 4045 2054 4110 sentire,

475 4146 598 4198 quae
624 4132 815 4188 Patres
837 4133 905 4188 de
928 4135 1190 4205 mysterio
1216 4136 1612 4192 incarnationis
1638 4155 1650 4190 :
1680 4152 1801 4206 qua:
1830 4136 1933 4192 fuit
1963 4148 2058 4194 aut

475 4222 876 4292 dispensatoria
921 4226 1168 4294 quaedam
1211 4228 1514 4282 amicorum
1561 4230 1577 4250 ‘
1621 4228 1897 4293 adulatio,
1949 4245 2058 4300 qua

473 4311 729 4366 blandius
770 4313 1014 4367 animum
1060 4313 1303 4369 hominis
1342 4314 1714 4381 innectereut;
1751 4324 1845 4370 aut
1885 4315 2059 4369 admi-

2155 488 2320 536 reret.
2350 481 2601 535 Formam
2629 478 2755 532 ﬁdei
2779 475 3071 532 duodecim
3095 470 3567 528 anathematismis
3588 483 3740 523 com-

2156 569 2454 640 prehendit
2473 568 2734 640 Cyrillus,
2762 564 3123 632 Nestorioque
3146 577 3246 632 per
3267 568 3503 630 quatuor
3525 557 3742 628 episco-

2155 675 2254 728 pos
2294 673 2362 714 ex
2397 658 2713 730 Egyptiaca
2745 654 2953 728 synodo
2991 653 3160 706 misit.
3194 649 3507 704 Mandatum
3538 647 3738 702 Nestoo

2156 751 2270 804 rius
2297 759 2590 820 procurata
2625 747 2924 803 indictione
2967 743 3184 800 concilii
3221 741 3494 813 generalis
3527 739 3736 793 elusit:

2157 840 2269 894 imo
2299 840 2484 911 Cyrilli
2515 837 2990 894 anathematismis
3017 832 3246 889 totidem
3279 831 3526 886 diversos
3567 843 3742 898 oppo-

2157 931 2296 997 suit,
2335 931 2656 1002 rogavitque
2695 930 2920 999 insuper
2963 925 3201 981 amicum
3240 923 3504 978 Joannem
3547 921 3741 975 Antio-

2156 1023 2416 1088 ebenum,
2449 1031 2512 1076 ut
2550 1022 2620 1077 ab
2655 1021 2874 1076 Andrea
2909 1019 3268 1088 Samosateno
3299 1024 3355 1070 et
3392 1012 3741 1068 Theodoreto

2155 1112 2405 1184 Cyrensi,
2433 1110 2822 1168 eruditissimis
2859 1109 3024 1164 totius
3052 1107 3293 1162 Orientis
3325 1103 3622 1174 episcopis,
3650 1115 3742 1155 ar-

2157 1205 2404 1276 guendos
2445 1214 2710 1260 curaret:
2746 1211 2980 1272 uterque
3023 1201 3235 1271 paruit,
3278 1213 3390 1253 suae
3441 1194 3745 1265 reprehen-

2158 1297 2298 1352 sioni
2335 1297 2718 1352 Theodoretus
2749 1295 2892 1349 hanc
2921 1293 3211 1364 epistolam
3245 1288 3566 1361 praeposuit.

2227 1389 2270 1443 l.
2298 1388 2572 1459 Scriptam
2590 1402 2712 1443 esse
2737 1393 2954 1456 oportet
2977 1383 3265 1455 epistolam
3290 1382 3433 1435 hanc
3454 1393 3604 1433 anno
3621 1376 3744 1440 451,

2158 1480 2379 1536 circiter
2395 1496 2639 1536 mensem
2655 1478 3040 1541 Februarium,
3053 1484 3109 1530 et
3125 1485 3250 1529 ante
3268 1472 3484 1526 initium
3495 1468 3746 1536 Quadra-

2159 1574 2397 1646 gesimaa,
2421 1573 2567 1644 quod
2593 1573 2790 1628 incidit
2810 1571 2864 1625 in
2887 1569 3032 1625 diem
3057 1575 3311 1639 quartum
3329 1563 3504 1619 Martii
3530 1579 3543 1615 :
3569 1575 3749 1629 neque

2159 1667 2307 1722 enim
2331 1667 2513 1736 potuit
2541 1673 2636 1721 aut
2659 1664 2842 1728 citius,
2864 1671 2958 1718 aut
2979 1662 3156 1717 serius
3179 1657 3367 1714 scribi.
3392 1656 3512 1710 Non
3537 1654 3709 1709 citius
3733 1669 3748 1704 ε

2089 1751 2132 1806 Β
2161 1775 2287 1814 nam
2320 1761 2514 1815 litterae
2540 1758 2730 1830 Cyrilli
2763 1756 2830 1811 ad
2849 1752 3164 1810 Nestorium
3207 1765 3274 1805 ex
3304 1747 3542 1819 Egypto
3585 1745 3748 1806 datas,

2159 1851 2362 1920 quibus
2401 1851 2874 1922 subjungcbantur
2911 1841 3376 1903 anathematismi,
3413 1838 3750 1907 consignata:

2159 1953 2288 1997 sunt
2314 1943 2404 1998 die
2434 1943 2595 1999 tertia
2624 1940 2977 2006 Novembris;
3021 1936 3234 1992 traditae
3265 1949 3398 1989 vero
3429 1928 3718 1987 Constanti
3737 1957 3749 1968 -

2160 2035 2347 2104 nopoli
2390 2035 2458 2088 ab
2501 2033 2776 2105 episcopis
2819 2030 3112 2093 Nestorio,
3155 2028 3185 2080 7
3227 2025 3358 2080 ldus
3396 2020 3746 2083 Decembris;

2160 2142 2330 2197 quare
2391 2128 2572 2183 missa:
2623 2122 3100 2192 Constantinopoli
3163 2116 3509 2174 Antiochiam
3564 2113 3749 2182 aliquo

2161 2231 2284 2290 post
2329 2230 2610 2290 tempore,
2661 2216 2716 2270 id
2767 2221 2852 2270 est
2902 2212 3128 2267 circiter
3170 2210 3333 2261 linem
3377 2203 3747 2259 Decembris:

2161 2313 2343 2368 missa:
2383 2326 2604 2382 quoque
2647 2306 2941 2363 Antiochia
2985 2303 3185 2376 Cyrum
3232 2299 3296 2354 ad
3341 2295 3751 2352 Theodoretum

2161 2413 2286 2474 post
2310 2403 2605 2458 nonnullos
2631 2399 2771 2454 dies.
2803 2395 3188 2451 Theodoretus
3210 2388 3463 2446 nonnihil
3487 2385 3751 2456 temporis

2161 2495 2345 2567 posuit
2369 2495 2424 2550 in
2449 2489 2974 2563 reprehensionibus
2994 2481 3408 2554 componendis,
3431 2475 3750 2546 compositis

2162 2586 2382 2641 tandem
2420 2583 2702 2654 rescripsit
2737 2580 2955 2637 Joanni.
2989 2578 3107 2633 Non
3143 2576 3341 2638 serius,
3367 2571 3626 2642 quoniam
3659 2585 3751 2624 re-

2162 2677 2628 2749 prehensionibus
2667 2673 2810 2746 Cyro
2856 2669 3234 2732 Antiochiam,
3279 2663 3570 2721 Antiochia
3607 2662 3752 2718 Con-

2163 2769 2600 2839 stantinopolim,
2625 2764 2952 2822 Alexandria
2979 2756 3531 2828 Constantinopolim,
3567 2761 3630 2808 ut
3654 2768 3751 2824 par

2163 2871 2248 2918 est
2279 2861 2527 2924 credere,
2560 2859 2757 2914 delatis
2795 2855 2958 2927 364
2995 2853 3232 2926 Cyrillus
3265 2849 3563 2919 respondit,
3596 2855 3751 2901 ante-

2163 2969 2328 3024 quam
2368 2952 2604 3023 peractis
2642 2949 2997 3005 Paschalibus
3037 2945 3193 3000 festis
3226 2943 3506 3013 Ephesum
3547 2938 3752 3009 cogita-

2165 3052 2282 3108 ret,
2334 3050 2498 3112 atque
2546 3040 2684 3095 adeo
2731 3036 3174 3107 Quadragesima:
3217 3043 3466 3102 tempore
3508 3048 3522 3084 :
3565 3029 3748 3085 statim

2163 3135 2310 3189 enim
2339 3134 2492 3189 festis
2521 3132 2764 3202 peractis
2792 3145 2851 3184 se
2878 3128 3032 3184 dedit
3060 3128 3116 3180 in
3147 3126 3312 3180 viam.

2233 3223 2301 3281 Il.
2341 3224 2460 3291 Quo
2514 3223 2715 3278 affectu
2761 3218 3098 3276 Theodoreti
3149 3217 3414 3271 adversus
3461 3214 3748 3287 Cyrillum,

2163 3317 2476 3386 quibusque
2509 3313 2696 3370 verbis
2729 3311 2960 3382 epistola
3000 3308 3300 3378 composita
3337 3307 3428 3371 sit,
3469 3321 3537 3361 ex
3568 3322 3636 3361 eo
3669 3305 3746 3360 di-

2161 3406 2342 3462 lucide
2369 3404 2714 3474 intelligitur,
2743 3402 2890 3472 quod
2921 3403 3194 3470 impotens
3219 3399 3436 3453 animus
3469 3399 3524 3452 in
3554 3413 3752 3454 secun-

2161 3501 2292 3552 dum
2335 3495 2503 3552 totius
2544 3491 2804 3549 Ecclesiae
2847 3493 3149 3548 antistitem
3191 3493 3436 3548 convicia
3470 3500 3746 3564 congerat,

2160 3587 2383 3659 indigna
2423 3600 2650 3658 prorsus
2685 3601 2826 3656 quae,
2867 3600 2980 3640 non
3013 3584 3192 3639 dicam
3226 3584 3296 3639 ab
3329 3585 3611 3655 episcopo,
3655 3585 3748 3639 sed

2160 3679 2327 3733 etiam
2380 3677 2449 3732 ab
2505 3676 2728 3731 homine
2776 3675 3093 3731 Christiano
3141 3674 3567 3745 profundantur.
3616 3673 3748 3742 Quis

2159 3769 2308 3824 enim
2371 3768 2510 3824 ferat
2556 3767 2962 3823 sanctissimum
3018 3765 3222 3821 Christi
3271 3765 3616 3822 defensorem
3663 3781 3749 3821 re-

2160 3856 2485 3926 praesentari
2525 3856 2678 3910 velut
2719 3874 2738 3906 ‹
2777 3863 3074 3925 pastorem,
3113 3853 3207 3924 qui
3248 3869 3378 3909 oves
3420 3855 3524 3910 sibi
3560 3855 3746 3910 credi-

2160 3959 2244 4005 tas
2273 3949 2406 4004 feris
2443 3948 2644 4003 saevius
2671 3946 2986 4015 discerpat:
3023 3963 3041 3997 ι
3079 3945 3231 3999 velut
3261 3945 3563 4009 doctorem,
3603 3964 3622 3996 ‹
3654 3946 3746 4015 qui

2158 4041 2422 4096 latentem
2452 4053 2700 4095 errorem
2731 4038 2789 4094 in
2818 4053 2934 4102 eos,
2964 4037 3060 4108 qui
3089 4037 3138 4092 ei
3171 4046 3383 4106 parent,
3413 4038 3743 4101 introducat,

2158 4140 2214 4187 et
2234 4132 2337 4188 sub
2361 4131 2616 4186 amicitiae
2648 4129 2832 4198 specie
2857 4129 2875 4148 ⁶
2903 4127 3132 4183 insidias
3158 4134 3368 4193 struat;
3404 4147 3422 4178 ι
3451 4127 3604 4181 velut
3625 4127 3744 4197 epi-

2159 4240 2406 4294 scopum,
2441 4242 2460 4274 ‹
2489 4223 2583 4293 qui
2623 4221 2726 4276 sub
2757 4219 2978 4290 pietatis
3016 4218 3238 4274 nomine
3273 4228 3438 4289 atque
3471 4218 3662 4288 ﬁgura,
3691 4227 3745 4273 et

2160 4318 2214 4372 in
2245 4315 2482 4385 pastoris
2507 4312 2770 4384 dignitate
2795 4310 3126 4375 consistens,
3152 4310 3206 4364 in
3238 4309 3520 4365 haereticus
3543 4318 3594 4364 et
3625 4309 3742 4364 bla—

475 4401 664 4459 rabilis
715 4405 953 4469 caecitas,
999 4415 1125 4474 post
1165 4407 1335 4460 lectas
1383 4408 1621 4461 Nestorii
1671 4407 1914 4472 litteras;
1962 4416 2056 4461 aut
2088 4424 2134 4482 D
2160 4407 2415 4477 sphemas
2459 4420 2622 4460 voces
2665 4409 2952 4472 erumpat;
3001 4421 3020 4453 ι
3055 4402 3167 4455 imo
3209 4401 3305 4471 qui
3348 4421 3367 4452 ‹
3402 4400 3611 4455 dudum
3651 4415 3741 4455 cx-

472 4496 852 4550 eonsensionis
877 4511 1002 4550 cum
1031 4497 1284 4552 Nestorio
1309 4498 1628 4566 imprudens
1655 4498 1948 4553 confessio.

542 4585 811 4654 Denique,
836 4586 932 4655 qui
977 4585 1197 4656 irrepsit
1224 4603 1380 4642 error
1414 4588 1468 4640 in
1501 4588 1838 4656 posteriores
1869 4587 2054 4644 conci-

470 4675 673 4728 liorum
720 4675 1015 4739 editiones,
1050 4675 1145 4729 ubi
1189 4691 1291 4743 pro
1327 4675 1620 4731 Theodoro
1657 4675 1860 4745 legitur
1901 4672 2055 4730 Pauli

471 4781 725 4820 nomen:
769 4767 872 4822 etsi
928 4780 1039 4819 non
1111 4766 1410 4831 invenitur,
1465 4782 1646 4837 neque
1698 4765 1755 4821 in
1812 4768 2054 4824 editione

470 4858 657 4915 Graeca
687 4860 1035 4923 Commelini,
1063 4874 1244 4929 neque
1277 4860 1331 4914 in
1370 4860 1562 4916 Latina
1591 4859 1772 4917 Contii
1811 4879 1824 4916 :
1852 4863 2051 4918 mirum

471 4969 623 5017 vero,
653 4953 706 5008 id
743 4952 812 5006 ab
842 4952 1079 5007 eruditis
1115 4952 1426 5008 editoribus
1463 4970 1572 5009 non
1605 4954 1774 5010 fuisse
1803 4957 2051 5012 animad-

470 5060 690 5099 versum
700 5083 716 5098 ο

472 5194 715 5267 Epistola
759 5196 880 5262 150,
923 5196 1254 5254 Theodoreti.
1298 5215 1459 5268 quam
1506 5199 1648 5252 dedit
1687 5200 1756 5252 ad
1791 5198 2048 5254 Joannem

1055 5267 1456 5322 Antiochenam.

537 5411 869 5468 C(elestinus
912 5429 1160 5468 summus
1207 5414 1451 5484 pontifex
1498 5416 1795 5487 scripserat
1847 5417 2051 5488 Cyrillo

465 5512 521 5558 et
543 5503 798 5559 Nestorio
833 5506 1068 5567 litteras,
1103 5508 1306 5576 quibus
1349 5508 1654 5572 mandaret,
1691 5508 1893 5580 Cyrillo
1927 5509 2049 5578 qui-

465 5595 613 5659 dem,
652 5604 713 5650 ut
743 5596 866 5650 ﬁdei
902 5596 1132 5651 formam
1176 5597 1472 5663 scriberet;
1507 5597 1761 5652 Nestorio
1798 5613 1950 5661 vero,
1987 5604 2047 5650 ut

2161 4497 2414 4552 stinctam
2457 4495 2778 4566 Apollinarii
2817 4493 3035 4548 inanem
3073 4493 3235 4548 simul
3272 4493 3605 4564 impiamque
3647 4492 3741 4546 do-

2159 4589 2389 4643 ctrinam
2424 4597 2673 4652 renovet,
2705 4605 2723 4638 ι
2763 4595 2869 4642 etc.

2227 4680 2317 4735 111.
2347 4681 2609 4750 Excipere
2635 4679 2774 4734 forte
2797 4678 3068 4750 quispiam
3096 4678 3206 4734 duo
3228 4687 3413 4750 posset
3437 4696 3450 4733 :
3477 4678 3737 4749 primum,

2156 4788 2281 4828 cum
2325 4773 2706 4828 Theodoretus
2751 4771 2821 4827 ad
2863 4771 3130 4828 Joannem
3173 4773 3463 4837 scriberet,
3499 4773 3735 4827 amicum

2155 4865 2498 4920 familiariter
2531 4866 2598 4920 ad
2632 4866 2867 4920 amicum
2903 4865 3118 4920 litteras
3151 4864 3390 4929 dedisse,
3423 4880 3532 4934 quo
3564 4865 3619 4918 in
3649 4879 3739 4934 ge-

2154 4973 2285 5013 nere
2325 4957 2640 5028 scriptionis
2685 4957 2861 5026 major
2900 4965 2986 5010 est
3021 4957 3314 5026 minusque
3349 4972 3440 5010 rea
3481 4956 3734 5020 licentia;

2153 5049 2407 5114 alterum,
2443 5049 2496 5102 id
2525 5047 2672 5118 quod
2697 5048 2874 5103 amico
2901 5048 3044 5103 fideli
3072 5049 3421 5110 credebatur,
3452 5047 3741 5116 publican-

2151 5140 2284 5194 dum
2315 5153 2419 5194 non
2450 5139 2637 5204 fuisse,
2664 5155 2843 5208 neque
2876 5140 2928 5194 id
2959 5139 3161 5194 factum
3197 5140 3264 5194 de
3295 5139 3525 5195 consilio
3553 5138 3732 5191 Theo—

2151 5231 2348 5297 doreti,
2385 5231 2480 5286 sed
2525 5231 2896 5303 imprudentia
2941 5232 3188 5288 Joannis.
3235 5233 3438 5287 Verum
3480 5229 3734 5296 exceptio

2150 5323 2325 5378 futilis
2372 5334 2495 5379 est:
2536 5341 2662 5378 nam
2710 5327 3198 5395 reprehensionem
3243 5324 3732 5380 anathematismo-

2148 5431 2271 5468 rum
2301 5415 2571 5484 publicari
2601 5416 2983 5474 Theodoretus
3015 5419 3210 5482 voluit,
3252 5425 3314 5471 ut
3350 5423 3540 5486 aperte
3565 5413 3734 5484 signi-

2149 5505 2294 5570 ﬁcat,
2328 5521 2452 5560 cum
2480 5506 2702 5562 lectoris
2730 5509 2999 5574 meminit,
3031 5509 3382 5578 epistol-mque
3409 5507 3570 5561 finem
3604 5520 3726 5560 cum

2149 5598 2577 5666 reprehensione
2615 5601 2696 5656 sic
2728 5602 2941 5664 nexuit,
2971 5609 3032 5655 ut
3059 5601 3290 5670 epistola
3324 5599 3396 5654 sit
3427 5598 3724 5676 reprehen-

466 5687 838 5758 praescriptam
873 5687 1269 5754 subscriberet,
1299 5687 1652 5744 interminata
1687 5688 2046 5758 depositionis
2145 5689 2318 5747 sionis
2357 5692 2664 5748 necessaria
2700 5691 2966 5762 praefatio,
3003 5692 3148 5762 quod
3190 5692 3428 5749 intuenti
3474 5697 3722 5763 apertum
