3952 6294
245 288 350 353 313

1446 305 1541 366 DE
1578 307 1649 368 Ll
1659 309 1833 369 B'RIS
1869 308 2378 372 THEODORETI-

3395 309 3501 375 31‘

246 409 367 495 est,
402 403 550 460 unde
596 404 866 477 Evoptius
911 417 1200 484 utramque
1249 430 1356 470 una
1391 415 1598 488 Cyrillo
1645 430 1826 476 trans-
1855 425 1895 480 Α
1928 421 1983 476 id
2024 431 2129 486 est,
2165 439 2310 480 anno
2349 425 2473 490 451,
2510 424 2735 480 circiter
2765 421 3268 495 Quadragesimam.
3301 423 3505 478 lllatio-

246 492 418 547 misit.

311 583 400 644 IV.
435 586 516 641 Ad
545 593 793 650 convicia
827 595 1160 651 Theodoreti
1192 597 1430 669 Cyrillus
1459 603 1597 657 nihil
1630 614 1826 673 prater

245 674 525 733 modestia:
539 684 849 740 severiores
873 685 1020 755 leges
1041 690 1346 757 respondit,
1369 692 1486 758 sed,
1504 694 1641 749 actis
1659 710 1826 750 evan—

243 765 418 834 gelico
452 771 637 826 animo
669 776 862 844 gratiis
901 777 1033 842 Deo,
1064 778 1438 850 auxiliumque
1475 784 1822 852 deprecatus,

241 862 295 910 et
341 857 569 916 laudato
615 863 964 921 Theodoreto
999 868 1070 922 ab
1108 869 1422 939 eloquentia
1454 885 1512 928 et
1543 890 1821 930 sacrarum

239 947 570 1009 Litterarum
609 971 722 1010 non
760 957 1024 1014 mediocri
1064 961 1395 1030 cognitione,
1431 963 1485 1018 id
1528 981 1699 1019 unum
1730 981 1824 1020 ex-

238 1043 406 1110 cepit,
440 1045 588 1112 quod
623 1048 988 1116 reprehensor
1025 1052 1330 1119 videretur,
1360 1063 1457 1110 aut
1492 1060 1820 1114 sententiam

238 1131 824 1192 anathematismorum
870 1154 982 1194 non
1025 1155 1148 1196 esse
1189 1153 1494 1210 assecutus,
1529 1155 1630 1201 aut
1676 1148 1823 1202 illius

237 1218 423 1284 potius
465 1236 524 1276 se
567 1222 907 1292 ignorantem
953 1227 1194 1294 ﬁnxisse,
1235 1241 1297 1286 ut
1343 1233 1578 1290 aliorum
1626 1238 1824 1293 studiis

237 1307 572 1398 indulgeret.
593 1313 917 1385 Quanquam
942 1320 1149 1376 urbane
1169 1323 1309 1378 ridet
1335 1325 1438 1379 sub
1463 1326 1647 1392 finem,
1671 1329 1820 1398 quod

237 1397 304 1454 de
336 1416 501 1470 pomo
527 1405 816 1464 discordia:
844 1410 1226 1468 Theodoretus
1249 1430 1280 1469 e
1309 1414 1510 1472 fabulis
1539 1397 1818 1485 attulerat,

235 1491 510 1562 siquidem
544 1513 653 1552 non
695 1499 886 1557 deceat
933 1503 1242 1575 theologica
1281 1514 1604 1564 tractantem
1649 1510 1702 1565 in
1741 1512 1822 1567 fa-

233 1582 380 1640 bulis
413 1592 646 1644 versari.

302 1675 367 1731 V.
409 1676 534 1734 Haac
567 1697 735 1751 porro
766 1684 999 1754 epistola
1028 1703 1139 1742 non
1179 1687 1455 1746 incuriose
1492 1691 1598 1763 legi
1629 1693 1815 1758 debet,

1926 527 2054 566 nem
2091 513 2234 568 hanc
2269 514 2465 583 prohat
2503 529 2667 570 causa
2701 513 2980 569 scribendi
3010 529 3135 568 mox
3163 513 3418 576 adducta,
3446 520 3503 566 et

1923 604 2096 658 series
2122 612 2506 674 excerptorum
2536 605 2592 659 in
2615 605 2805 675 quinta
2833 604 3042 676 synodo
3067 605 3498 676 productorum:

1925 709 2027 749 suo
2046 695 2192 748 enim
2217 695 2407 750 ordine
2439 697 2701 765 temporis
2726 696 3096 752 adducuntur.

1997 787 2060 840 V.
2101 785 2247 840 Nihil
2290 787 2738 841 contumeliosius
2787 787 2842 841 in
2891 787 3077 858 Cyrilli
3120 797 3409 855 personam
3445 788 3503 837 et

1923 877 2234 932 doctrinam
2266 878 2376 932 dici
2410 886 2593 948 potest
2624 881 2637 910 ¹
2663 896 2677 945 ;
2711 893 2834 932 nam
2864 878 3100 949 Cyrillus
3135 877 3335 945 impius
3367 876 3505 930 dici-

1923 978 2014 1024 tur
2042 985 2107 1024 ac
2135 971 2408 1040 malignus
2441 969 2724 1041 Aigyptius
2768 989 2781 1024 :
2826 969 3078 1026 doctrina
3115 984 3246 1024 vero
3277 976 3502 1022 notatur

1923 1060 2081 1128 quasi
2119 1078 2138 1110 ι
2174 1075 2242 1114 ex
2272 1074 2454 1113 amara
2496 1059 2814 1128 Apollinarii
2857 1060 3041 1114 radice
3078 1068 3219 1121 Orta,
3255 1058 3501 1128 ejusdem

1922 1163 2047 1202 cum
2075 1148 2206 1202 Ario
2235 1157 2291 1203 et
2322 1148 2593 1203 Eunomio
2618 1149 2990 1219 blasphemiae,
3022 1165 3134 1204 non
3177 1149 3438 1202 diﬂ‘erens
3469 1162 3502 1200 a

1921 1239 2218 1303 Valentini,
2249 1239 2481 1294 Manetis
2524 1249 2688 1309 atque
2715 1240 3006 1294 Marcionis
3046 1239 3277 1303 insania,
3323 1239 3501 1292 Mace-

1921 1329 2070 1384 donii
2099 1329 2334 1393 soboles,
2368 1349 2387 1380 ι
2422 1338 2528 1384 etc.
2555 1329 3009 1384 Anathematismi
3033 1327 3243 1382 scilicet
3267 1334 3502 1396 quatuor

1921 1420 2156 1474 maxime
2222 1421 2638 1490 impugnantur,
2685 1419 2742 1472 in
2804 1419 3008 1488 quibus
3057 1419 3209 1472 visus
3259 1425 3345 1472 est
3397 1416 3502 1470 sibi

1922 1510 2304 1565 Theodoretus
2344 1510 2532 1565 videre
2578 1509 2762 1563 varios
2809 1509 3190 1564 haereticorum
3230 1523 3451 1562 errores
3486 1526 3499 1560 :

1920 1603 1974 1656 in
2022 1603 2206 1672 primo
2238 1617 2457 1672 nempe,
2490 1600 2852 1671 Apollinarii;
2901 1601 2956 1654 in
2996 1600 3256 1664 secundo,
3292 1600 3407 1654 Arii
3448 1607 3505 1654 et

1921 1692 2207 1758 Eunomii;
2233 1692 2288 1746 in
2311 1700 2527 1760 quarto,
2545 1691 2838 1754 Valentini,
2859 1689 3088 1744 Manetis
3109 1697 3165 1743 et
3182 1688 3501 1754 Marcionis;

230 1769 680 1840 quandoquidem
718 1776 984 1841 continet,
1027 1778 1172 1834 unde
1215 1781 1388 1850 possit
1427 1784 1817 1840 nonnullorum
1851 1787 1894 1846 Β
1922 1781 1978 1836 in
2000 1796 2168 1844 nono,
2197 1780 2499 1836 Macedonii
2530 1779 2598 1833 de
2631 1778 2839 1848 Spiritu
2882 1785 3072 1831 sancto
3105 1776 3360 1830 haeresin.

228 1859 409 1914 audax
447 1877 549 1931 pro
581 1863 930 1921 Thcodoreto
973 1867 1222 1923 defensio
1269 1871 1468 1926 refelli.
1510 1873 1647 1928 Nam
1689 1889 1814 1929 cum

226 1950 581 2008 adducuntur
623 1972 690 2011 ex
737 1957 1022 2012 veteribus
1073 1963 1450 2028 monumentis
1492 1975 1818 2036 argumenta

229 2058 326 2113 per
372 2059 432 2099 se
486 2045 854 2103 ineluctabilia
907 2049 1170 2106 adversus
1217 2053 1656 2124 Theodoretum,
1707 2075 1818 2113 non

225 2135 564 2192 erubescunt
617 2139 694 2192 illi
741 2141 1135 2210 suppositionis
1190 2147 1512 2216 exceptione
1561 2151 1664 2216 uti,
1704 2152 1820 2207 haec

225 2237 442 2292 contra,
473 2232 778 2299 quantaevis
823 2233 1169 2304 antiquitatis
1211 2238 1323 2292 sint
1360 2255 1483 2310 qua:
1523 2244 1818 2312 proferun-

226 2326 318 2372 tur
346 2329 737 2388 monumenta;
766 2339 870 2378 nec
900 2326 1357 2396 suppositionem,
1381 2347 1502 2401 quae
1539 2334 1821 2392 conﬁden-

225 2410 298 2466 tia
323 2420 429 2476 est,
457 2413 678 2467 aliunde
707 2413 966 2483 probant,
997 2432 1161 2486 quam
1191 2420 1341 2489 quia,
1367 2423 1410 2477 si
1436 2424 1819 2495 reciperentur

225 2504 378 2558 velut
423 2506 692 2574 genuina,
734 2505 1014 2560 fatendum
1058 2518 1236 2574 esset,
1280 2511 1692 2574 Theodoretum
1736 2518 1819 2571 in-

225 2589 391 2663 digna
423 2595 682 2664 episcopo
707 2595 792 2649 sui
819 2594 1060 2650 nominis
1084 2599 1334 2655 convicia
1361 2605 1676 2673 projecisse.
1710 2605 1817 2662 Sed

223 2697 348 2752 quae
384 2683 605 2739 tandem
647 2685 919 2741 atrociora
962 2684 1082 2743 istis
1125 2691 1396 2762 projicere
1439 2711 1680 2766 unquam
1721 2713 1820 2768 po-

226 2775 373 2829 tuit?

224 2929 386 3002 365
424 2935 439 2953 ’
466 2933 706 3010 Epislqla
731 2939 866 3010 iiii,
900 2955 1061 3010 quam
1104 2939 1451 2994 Theodoretus
1479 2948 1663 2995 contra
1692 2959 1818 2996 san-

439 3011 584 3060 ctum
615 3005 878 3078 Cyrillum
909 3005 980 3064 ad
1012 3012 1338 3065 monasteria
1371 3012 1600 3082 scripsit.

296 3136 339 3191 l.
366 3135 499 3203 Quae
535 3138 626 3194 hic
651 3141 940 3212 inscriptio
971 3152 1076 3208 est,
1114 3142 1308 3198 eadem
1341 3140 1544 3212 legitur
1575 3143 1634 3196 in
1662 3143 1814 3199 A’ctis
1841 3121 1888 3186 ο

227 3239 262 3279 ι·
284 3227 501 3299 synodi,
531 3230 819 3286 collatione
849 3235 912 3300 5;
956 3249 1065 3304 quo
1098 3234 1154 3288 in
1191 3227 1314 3288 lOco
1337 3224 1612 3302 ‘excerpta
1637 3234 1819 3304 profe-

231 3329 428 3374 runtur
451 3336 518 3375 ex
545 3322 702 3378 libris
735 3325 842 3380 illis
868 3325 1224 3390 Theodoreti,
1262 3340 1400 3395 quos
1440 3318 1590 3379 velut
1623 3327 1818 3381 adver-

224 3424 316 3466 sos
345 3411 497 3480 ﬁdei,
529 3423 585 3469 et
625 3415 680 3470 in
711 3415 974 3489 Cyrillum
1017 3418 1332 3489 injuriosos,
1363 3428 1550 3475 sancta
1578 3421 1817 3491 synodus

225 3500 529 3559 damnavit.

300 3595 364 3649 ll.
407 3595 540 3662 Quae
585 3598 652 3652 ad
694 3601 1027 3656 monasteria
1071 3599 1365 3667 scribatur,
1395 3601 1498 3657 etsi
1543 3603 1818 3673 expressis

225 3685 413 3742 verbis
438 3704 549 3743 non
579 3692 846 3760 aperitur,
872 3707 1051 3762 neque
1083 3693 1134 3746 in
1155 3693 1307 3748 Actis
1336 3711 1369 3749 v
1400 3695 1616 3765 synodi,
1637 3709 1817 3764 neque

224 3778 375 3848 apud
405 3779 691 3850 nugonem
724 3782 1107 3847 Etherianum,
1134 3785 1226 3853 qui
1254 3784 1618 3856 fragmentum
1644 3786 1819 3840 addu-

225 3869 331 3934 cit;
368 3869 532 3924 docet
572 3880 754 3928 tamen
795 3881 982 3943 aperte
1027 3875 1202 3930 codex
1243 3875 1466 3931 Graecus
1505 3877 1817 3931 manuscri-

224 3968 354 4030 ptus
386 3977 492 4015 Lvu
527 3962 886 4020 Bibliotheca:
931 3965 1236 4036 imperialis
1269 3966 1730 4032 Vindobonensis,
1761 3967 1817 4021 in

225 4065 342 4119 quo
367 4051 688 4106 continetur
723 4054 954 4124 epistola
987 4055 1055 4109 ad
1090 4055 1389 4110 monachos
1417 4057 1816 4128 Euphratesite,

225 4137 547 4206 Osrhoente,
581 4141 770 4214 Syriae,
807 4144 1107 4210 Phoenicis,
1139 4152 1195 4198 et
1225 4144 1453 4212 Ciliciae,
1481 4146 1586 4201 hoc
1617 4146 1814 4200 titulo:

226 4230 601 4304 Θεοδωρίτου,
657 4236 795 4306 πρὸς
847 4237 972 4298 τοὺς
1025 4236 1084 4288 ὲν
1151 4238 1216 4306 τῇ
1275 4236 1670 4306 Εὐφρατησίᾳ,
1725 4236 1820 4288 καὶ

239 4323 533 4396 Ὀσροηνῇ,
570 4328 663 4380 καὶ
703 4328 897 4399 Συρίᾳ,
930 4329 1024 4382 καὶ
1060 4329 1302 4400 Φοινίκῃ,
1337 4330 1432 4382 καὶ
1465 4328 1694 4400 Κιλικίᾳ
1722 4345 1816 4398 μο-

1993 1874 2082 1929 Vl.
2113 1873 2236 1928 Erit
2261 1872 2419 1936 forte,
2448 1873 2557 1926 imo
2581 1886 2770 1925 revera
2795 1869 2919 1932 fuit,
2943 1876 3004 1922 ut
3025 1867 3208 1932 audio,
3236 1867 3329 1936 qui
3356 1873 3503 1920 tanta

1921 1959 1976 2013 in
2008 1959 2271 2031 Cyrillum
2299 1960 2566 2023 convicia,
2596 1959 2982 2028 indoctamque
3016 1957 3502 2012 anathematismo-

1921 2065 2043 2104 rum
2091 2051 2578 2121 reprehensionem
2633 2049 2894 2113 miratus,
2952 2050 3286 2120 suppositam
3335 2046 3503 2100 fuisse

1921 2142 2272 2196 Theodoreto
2313 2141 2603 2210 epistolam
2647 2140 2839 2195 credat
2873 2157 2888 2195 :
2920 2141 3016 2196 sed
3064 2141 3118 2194 in
3167 2137 3502 2193 contrarium

1917 2229 2128 2284 faciunt
2153 2231 2401 2300 quinque
2424 2237 2746 2299 argumenta
2778 2232 2819 2282 ³.
2855 2230 2909 2282 1.
2941 2227 3258 2284 Auctoritas
3285 2224 3505 2281 concilii

1919 2321 2247 2376 tecumenici
2279 2336 2347 2374 ex
2381 2321 2546 2391 366
2572 2321 2660 2374 his
2683 2321 3066 2375 instrumentis
3095 2319 3505 2374 Theodoretum

1918 2411 2252 2467 damnantis.
2291 2411 2348 2466 2.
2390 2410 2709 2466 Constantia
2759 2413 3048 2466 sententiae
3083 2411 3153 2465 de
3190 2410 3508 2464 anathema-

1921 2505 2210 2559 tismorum
2235 2520 2421 2567 sensu,
2446 2503 2761 2574 ubicunque
2783 2503 2850 2558 de
2876 2504 3008 2574 ipsis
3027 2503 3226 2574 agitur.
3251 2502 3303 2555 '5.
3330 2500 3508 2554 Theo-

1917 2591 2096 2647 doreti
2129 2607 2308 2648 caecus
2352 2601 2408 2647 et
2448 2593 2503 2647 in
2528 2593 2844 2648 Nestorium
2877 2608 3053 2656 amor,
3080 2593 3216 2647 etin
3241 2591 3506 2663 Cyrillum

1917 2701 2058 2754 pene
2082 2684 2258 2739 furor.
2286 2685 2340 2739 4.
2366 2684 2765 2739 Testimonium
2807 2685 3054 2756 Hugonis
3078 2683 3382 2746 Etheriani,
3410 2681 3504 2752 qui

1916 2793 1984 2833 ex
2005 2794 2069 2833 ea
2090 2778 2457 2848 fragmentum
2490 2777 2659 2832 refert
2687 2778 2755 2832 de
2780 2778 2988 2848 Spiritu
3015 2786 3223 2833 sancto.
3252 2778 3304 2832 5.
3333 2776 3507 2830 Tanta

1917 2871 2211 2925 consensio
2248 2869 2496 2939 epistolae
2539 2884 2664 2922 cum
2713 2869 3141 2938 reprehensione
3185 2867 3507 2921 anathema-

1921 2961 2232 3024 tismorum,
2268 2967 2330 3013 ut
2356 2957 2507 3014 aliud
2537 2973 2649 3012 non
2679 2957 2934 3012 videatur
2964 2972 3106 3023 esse,
3139 2970 3302 3025 quam
3336 2955 3508 3024 ipsius

1919 3052 2177 3122 quaedam
2213 3051 2542 3106 contractio.

1918 3184 2163 3257 Epistola
2201 3183 2322 3250 152,
2366 3183 2570 3238 Relatio
2610 3183 2961 3240 Orientalium
3002 3183 3070 3238 ad
3105 3186 3503 3256 imperatorem.

1987 3321 2068 3377 Ne
2089 3331 2289 3376 sancta
2329 3321 2540 3392 quidem
2567 3321 2918 3385 Pentecostes,
2957 3327 3066 3374 etc.
3097 3320 3173 3374 De
3213 3318 3509 3374 Orientali-

1917 3414 2024 3468 bus
2065 3429 2174 3467 non
2209 3425 2294 3468 est
2326 3429 2532 3478 sermo,
2571 3413 2666 3468 sed
2709 3413 2777 3468 de
2811 3411 3050 3466 Nestorii
3084 3411 3398 3466 comitibus.
3425 3411 3508 3465 llli

1918 3505 2066 3559 enim
2098 3504 2190 3559 diu
2227 3512 2350 3574 post
2377 3505 2740 3559 Pentecosten
2774 3511 3068 3566 venerunt,
3106 3501 3185 3556 illi
3219 3510 3364 3556 ante.
3397 3501 3508 3555 Cur

1917 3612 2052 3651 vero
2091 3597 2434 3652 Nestorianis
2474 3597 2689 3651 nullum
2735 3596 2975 3666 patuerit
3023 3598 3307 3665 templum,
3346 3593 3510 3665 Egy-

1920 3689 2012 3744 tiis
2035 3705 2168 3744 vero
2195 3688 2522 3759 caeterisque
2551 3688 2810 3759 patuerit,
2842 3704 3004 3744 causa
3031 3688 3266 3742 obscura
3293 3696 3395 3740 est.
3425 3685 3508 3740 An

1919 3779 2066 3850 quod
2110 3778 2422 3834 Nostoriani
2459 3781 2845 3835 communione
2891 3779 3043 3833 velut
3081 3777 3326 3832 bmretici
3356 3791 3510 3830 arce-

1920 3871 2146 3926 rentur?
2178 3870 2250 3924 At
2280 3870 2515 3926 necdum
2549 3871 2792 3926 damnati
2831 3878 3009 3926 erant.
3049 3871 3130 3925 An
3170 3869 3298 3939 quia
3335 3884 3513 3938 popu-

1917 3963 2007 4017 lus
2033 3962 2236 4016 mirum
2268 3963 2322 4017 in
2356 3962 2579 4017 modum
2620 3963 2876 4018 addictus
2907 3962 3078 4017 cultui
3112 3961 3285 4015 beatae
3325 3960 3510 4029 Virgi-

1919 4053 2042 4116 nis,
2093 4051 2286 4107 oderat
2334 4052 2588 4107 homines
2639 4051 2873 4116 θεοτόκῳ
2918 4050 3202 4105 infensos?
3247 4051 3318 4104 At
3368 4049 3509 4104 nihil

1919 4143 2192 4213 ejusmodi
2239 4143 2418 4212 questi
2463 4150 2594 4196 sunt
2631 4141 2964 4196 Nestoriani.
3007 4141 3217 4211 Opinor
3263 4141 3509 4196 Memno-

1921 4249 2082 4297 nem,
2128 4241 2354 4303 propter
2399 4231 2656 4287 tuendam
2709 4247 2821 4286 sum
2866 4232 3014 4286 sedis
3062 4233 3508 4303 praerogativam,

1923 4328 1941 4347 '
1976 4339 2100 4378 cum
2131 4323 2387 4378 Nestorio
2421 4323 2721 4378 convenire
2747 4323 2993 4377 noluisse
3024 4341 3037 4376 :
3070 4331 3334 4378 tentasset
3363 4324 3510 4378 enim

227 4414 510 4480 νὰζοντας.
548 4418 892 4490 Principium
929 4436 1064 4475 vero
1103 4429 1226 4475 est:
1271 4419 1446 4491 Ὁρῶν
1489 4418 1588 4490 τὴν
1635 4421 1694 4474 ὲν
1740 4419 1818 4491 τῷ

1926 4416 2237 4479 Nestorius,
2283 4415 2460 4470 fretus
2495 4416 2621 4486 jure
2669 4416 2763 4471 illo
2807 4415 3047 4487 litigioso
3079 4431 3191 4470 sure
3227 4414 3402 4479 sedis,
3454 4415 3509 4470 in

227 4507 460 4575 παρόντι
497 4510 674 4581 καιρῷ
705 4512 805 4583 τῆς
857 4511 1181 4580 Ἐκκλησίας
1223 4510 1556 4565 κατάστασιν
1600 4510 1667 4576 θ’,
1708 4519 1815 4565 etc.

303 4597 394 4654 Ill.
436 4601 727 4657 Scribebat
773 4618 903 4658 vero
936 4602 1317 4658 Theodoretus
1348 4601 1636 4672 epistolam
1670 4602 1818 4672 ejus-

227 4695 383 4752 modi
409 4694 742 4766 encyclicam
775 4694 842 4748 ad
870 4694 1166 4749 orientales
1207 4694 1525 4759 monachos,
1562 4701 1624 4748 ut
1657 4709 1752 4750 eos
1789 4711 1818 4750 a

229 4784 490 4856 partibus
519 4782 704 4855 Cyrilli
750 4792 1046 4847 averteret,
1088 4783 1550 4852 quemadmodum
1584 4783 1821 4855 Cyrillus

1925 4511 2050 4566 Asia
2101 4508 2432 4579 praesidere,
2475 4509 2625 4565 velut
2670 4510 2727 4564 in
2765 4509 3010 4565 Ecclesia
3055 4525 3167 4566 suae
3208 4509 3507 4564 dicecesis:

1926 4602 2072 4672 quod
2110 4601 2154 4656 si
2207 4600 2424 4656 tulisset
2467 4601 2765 4667 Memnon,
2811 4602 3151 4656 deseruisset
3218 4600 3508 4670 antiquunm

1924 4709 2038 4750 suae.
2081 4691 2476 4762 autocephaliae
2501 4693 2612 4763 jus,
2655 4693 2787 4748 olim
2833 4708 2862 4747 a
2900 4691 3291 4764 Chrysostomo
3333 4697 3512 4745 tenta-

1927 4794 2076 4851 tum;
2103 4784 2251 4855 quod
2281 4783 2542 4849 retinere,
2565 4801 2689 4840 cum
2723 4785 2859 4839 alias
2891 4784 3018 4839 totis
3047 4784 3263 4839 viribus
3292 4783 3385 4836 vix
3415 4795 3512 4851 po-

228 4873 544 4947 Egyptios,
568 4875 824 4944 ipsosque
849 4875 1016 4930 etiam
1040 4873 1676 4945 Constantinopolitanos
1706 4892 1824 4930 mo-
1927 4878 2144 4942 tuisset,
2173 4892 2322 4931 nunc
2341 4892 2407 4932 ea
2432 4892 2616 4931 rerum
2641 4876 2958 4932 conditione
2982 4876 3141 4931 facile
3165 4874 3402 4930 valebat.

229 4967 445 5022 nachos
470 4983 500 5021 a
523 4966 773 5022 Nestorio
800 4967 1122 5021 abduxerat.

301 5059 391 5114 Ν.
426 5059 607 5128 Atque
645 5059 775 5113 hinc
812 5067 1050 5129 tempus,
1085 5074 1195 5127 quo
1233 5059 1398 5114 missa
1429 5067 1534 5125 est,
1571 5076 1679 5115 non
1713 5060 1818 5114 im-

231 5151 600 5225 probabiliter
643 5152 896 5216 infertur,
927 5168 1036 5221 quo
1077 5167 1275 5220 nempe
1315 5162 1585 5206 venerunt
1627 5153 1681 5206 in
1728 5169 1821 5205 ur-

230 5243 358 5299 bem
387 5245 594 5315 regiam
621 5243 689 5298 ad
710 5243 1026 5299 Nestorium
1055 5243 1516 5314 reprehensiones
1543 5244 1816 5312 capitum:

1995 4967 2388 5034 Candidianus,
2419 4977 2526 5024 etc.
2558 4969 2994 5023 Domesticorum
3028 4968 3116 5022 ille
3158 4981 3342 5021 comes
3380 4980 3506 5019 cum

1923 5059 2177 5115 Nestorio
2224 5059 2328 5113 fuit
2371 5059 2611 5114 amicitia
2661 5061 3008 5129 conjunctus,
3049 5058 3281 5125 ideoque
3329 5071 3508 5110 causas

1925 5153 2208 5208 catholica:
2237 5168 2347 5207 non
2376 5153 2506 5206 satis
2541 5167 2752 5221 tequus.
2792 5151 2929 5206 Nam
2952 5159 3008 5205 et
3042 5165 3164 5204 cum
3196 5149 3262 5203 de
3288 5147 3507 5218 negotio

1926 5243 2286 5316 defositionis
2329 5245 2570 5301 Nestorii
2621 5244 2834 5300 diceret
2888 5259 3074 5298 coram
3113 5241 3504 5306 Orientalibus,

1548 5393 1866 5454 SCHULZII
1904 5394 2136 5451 NOTAE.

303 5519 348 5551 ⁹⁹
377 5517 519 5573 Vide
555 5515 824 5582 integram
875 5515 1160 5584 epistolam
1203 5513 1388 5569 Grtece
1426 5513 1494 5569 ad
1527 5512 1902 5584 apographum
1963 5513 2198 5584 Vindob.
2232 5529 2509 5580 excusam,
2574 5522 2613 5568 t.
2670 5513 2760 5579 IV,
2821 5529 2876 5582 p.
2910 5511 3039 5584 {291
3071 5527 3192 5584 seq.
3265 5506 3506 5584 Delenda

230 5587 458 5644 fuerunt
494 5602 617 5656 qua:
658 5577 962 5642 Carnerius
992 5585 1068 5656 de
1131 5600 1323 5656 manca
1356 5591 1478 5656 ista,
1513 5577 1674 5653 quam
1707 5577 1955 5656 dederat,
1988 5583 2180 5656 Latina
2195 5577 2574 5656 Aversioneget
2594 5585 2661 5639 de
2706 5577 2885 5656 textus
2912 5581 3084 5656 Graeci
3118 5577 3368 5656 eiemplp
3400 5577 3505 5631 sibi

230 5647 881 5731 denegato'scripserat._
942 5655 1082 5731 ‘_l_lis
1114 5652 1329 5731 gemina
1368 5647 1479 5707 vid.
1507 5647 1691 5724 supra,
1719 5669 1774 5722 p.
1805 5653 2054 5731 l_55_se_q.
2126 5654 2146 5683 ’
2180 5652 2440 5731 Quinque.
2475 5647 2625 5708 'Edit.
2660 5653 2813 5731 prior
2851 5651 3088 5709 habebat
3111 5665 3224 5719 sex,
3253 5647 3346 5706 sed
3376 5661 3513 5702 non-

230 5727 336 5787 nisi
367 5723 621 5804 quinque
651 5723 884 5798 proferri
927 5723 1175 5781 videmus
1208 5723 1468 5790 rationes,
1500 5723 1703 5793 easque
1741 5723 1881 5795 satis.
1919 5723 2183 5779 infirmas.
2224 5723 2344 5781 Vid.
2379 5741 2567 5796 supra,
2597 5723 2810 5796 p.108.
