3952 6294
413 251 520 323 315
1521 256 1899 318 GARNER-II
1935 253 2433 315 DlSSERTATlO
2473 255 2554 314 II.
3583 241 3704 308 3l6

419 370 594 424 multa
627 367 894 424 mentitus
911 374 1017 432 est,
1050 372 1106 420 et
1128 363 1345 420 obstitit
1371 365 1577 420 clausis
1611 365 1736 429 viis,
1760 380 1830 419 ne
1875 379 2000 434 syn—
2031 365 2076 422 Α
2106 363 2182 418 ris
2203 378 2329 418 cum
2351 362 2724 432 praecedente,
2753 370 2920 430 mue
2949 359 3088 413 adeo
3117 351 3474 420 Theodoreti,
3501 354 3700 409 nullus

428 461 522 515 odi
553 460 834 515 catholica:
861 459 1060 514 litterae
1088 456 1158 513 ad
1186 456 1579 526 imperatorem
1632 458 1914 524 venirent;
1948 464 2004 511 et
2105 465 2191 510 est
2226 454 2512 509 dubitandi
2546 454 2722 516 locus,
2759 453 2805 507 si
2839 451 3208 506 adhibeantur
3251 447 3532 519 κριτήρια,
3566 461 3699 515 qua:

422 547 490 601 ad
539 547 718 616 ipsum
761 547 1148 615 imperatorem
1203 545 1392 600 retulit
1441 546 1781 606 mendaciter
1823 565 1836 601 :
1882 562 2005 616 qua:

423 651 587 690 causa
620 636 743 700 fuit,
779 650 879 689 cur
913 643 1036 704 post
1069 635 1360 692 veritatem
1394 638 1636 708 agnitam
1663 639 1731 693 ab
1759 639 1882 693 aula
1905 655 2004 694 ex-

423 729 744 799 pelleretur.

502 816 693 869 Vestris
720 815 937 870 decretis
969 816 1309 883 conculcatis,
1342 827 1450 874 etc.
1480 818 1616 873 Mira
1641 817 2006 874 Orientalium

423 904 684 959 audacia!
722 904 782 958 In
829 921 938 974 quo
986 906 1134 960 enim
1177 907 1367 962 Patres
1412 909 1767 964 tecumenicae
1813 909 2008 980 synodi

422 995 698 1050 violarunt
740 997 964 1052 decreta
1003 997 1359 1068 principum?
1393 998 1722 1055 Condictum
1769 1008 1890 1056 erat
1937 1001 2007 1056 ad

425 1087 572 1142 diem
626 1089 1000 1144 Pentecostes.
1051 1087 1445 1145 Convenerunt
1495 1091 1827 1160 patriarchae
1873 1099 2004 1160 tres,

424 1177 693 1250 Cyrillus,
738 1179 1027 1235 Nestorius
1064 1189 1122 1235 et
1166 1181 1476 1248 Juvenalis,
1527 1183 1711 1253 plures
1755 1183 2008 1242 ducentis

421 1271 670 1341 cpiscOpi
696 1271 966 1339 aderant;
994 1283 1368 1343 exspectatum
1385 1285 1472 1330 est
1499 1275 1640 1330 ultra
1668 1276 2005 1344 condictum,

425 1363 624 1417 diebus
670 1364 800 1418 totis
853 1365 1206 1434 quindecim,
1248 1382 1457 1422 moram
1512 1369 1568 1422 in
1616 1369 1704 1423 via
1755 1370 2010 1426 trahebat

426 1453 666 1523 maligno
682 1454 914 1511 consilio
935 1456 1314 1512 Antiochenus
1333 1474 1346 1520 ;
1373 1457 1618 1512 incertus
1636 1467 1758 1512 erat
1782 1469 2010 1529 propter

426 1545 597 1599 maris
627 1545 1053 1600 inconstantiam
1081 1545 1517 1602 Occidentalium
1542 1548 1841 1604 adventus.
1881 1551 2009 1606 Post

425 1635 654 1690 Joannis
704 1652 1050 1707 responsum,
1099 1639 1376 1691 monentis
1426 1638 1634 1701 Patres,
1678 1646 1740 1692 ut
1781 1649 2008 1710 agerent

425 1727 572 1797 quod
597 1701 868 1798 agendum
895 1738 1174 1798 putarent,
1206 1729 1410 1784 factum
1433 1739 1518 1785 est
1540 1731 1732 1801 synodi
1764 1701 2006 1799 initium,
2041 1701 2083 1756 Β

427 1819 820 1888 tergiversante
855 1819 1080 1888 quidem
1114 1819 1397 1885 Nestorio;
1439 1819 1555 1885 sed,
1579 1833 1800 1873 reorum
1838 1837 2009 1890 more,

421 1908 690 1979 judicium
725 1909 1085 1964 detrectabat.

496 1999 940 2064 Prwstolabatur,
1001 2009 1108 2055 etc.
1167 2000 1517 2057 Praestolatus
1571 2016 1656 2061 est
1695 2009 1870 2079 reipsa
1905 2007 2012 2080 Cy-

427 2089 585 2144 rillus
615 2105 740 2144 cum
784 2090 1074 2144 catholicis
1116 2106 1214 2160 per
1248 2091 1368 2146 dies
1400 2093 1716 2162 quindecim
1753 2115 1767 2152 :
1798 2099 1894 2154 sed
1926 2100 2013 2153 in-

428 2179 708 2248 telligebat
736 2180 922 2244 simul,
949 2195 1060 2249 quo
1084 2189 1357 2249 spectaret
1384 2183 1638 2239 aﬂ‘ectata
1669 2187 1740 2240 ab
1761 2187 2014 2242 Orienta-

426 2269 574 2324 libus
619 2272 718 2325 vim
759 2287 933 2335 mora,
967 2287 1166 2340 nempe
1207 2273 1274 2326 ad
1318 2275 1500 2328 omnia
1532 2279 1929 2345 perturbanda,
1960 2289 2017 2334 et.

427 2378 528 2430 per
579 2362 660 2415 fas
712 2376 775 2416 ac
829 2361 982 2416 nefas
1035 2363 1398 2418 invadendam
1455 2367 1650 2437 synodi
1710 2371 2014 2439 praesiden-

414 2455 584 2512 .tiam.

500 2546 663 2618 367
692 2544 940 2617 Reliquos
971 2551 1518 2615 excommunicationi,
1543 2561 1649 2607 etc.
1683 2553 1755 2610 Ut
1779 2555 2018 2611 Joannes

431 2639 641 2709 synodo
695 2639 1046 2708 praesideret,
1096 2656 1394 2710 rerumque
1437 2644 1646 2712 potitus
1699 2656 1897 2702 cuncta
1950 2664 2019 2703 ex

430 2731 663 2785 arbitrio
706 2729 1069 2786 Orientalium
1116 2741 1438 2804 perageret,
1488 2737 1657 2790 traxit
1702 2753 1911 2793 moram
1959 2740 2018 2794 in

431 2823 538 2885 via,
579 2822 757 2877 donec
785 2822 1072 2878 Nestorius
1101 2823 1509 2893 deponeretur;
1544 2826 1797 2898 deposito
1833 2831 2018 2885 statim

429 2914 726 2978 advolavit,
770 2923 830 2968 ut
862 2914 1159 2970 adventum
1199 2915 1502 2986 legatorum
1533 2918 1681 2973 sedis
1707 2921 2021 2988 apostolica:

2101 547 2305 612 solent,
2335 555 2393 601 et
2427 546 2522 601 fiat
2549 546 2771 601 collatio
2799 559 2925 600 cum
2959 543 3224 598 concione
3251 541 3439 595 habita
3462 538 3702 594 Chalce-

2107 639 2250 695 done
2285 655 2315 693 a
2344 638 2713 703 Theodoreto,
2751 639 2767 659 ⁵
2792 636 2849 691 in
2880 651 2989 707 qua
3027 634 3176 689 idem
3209 634 3364 688 locus
3401 632 3554 686 Isaia:
3584 641 3699 686 tra-

2095 741 2354 789 citaretur
2363 775 2374 786 .

2177 822 2432 877 Nostrum
2458 823 2737 876 aduentum
2767 817 3088 892 prauolari,
3116 825 3222 870 etc.
3249 815 3306 870 ld
3332 815 3600 884 scriptum
3624 813 3697 867 ad

2108 915 2418 971 Orientales
2454 931 2484 969 a
2523 913 2727 986 Cyrillo
2781 912 3004 966 nomine
3053 909 3390 978 reliquorum
3438 905 3695 969 Patrum,

2109 1013 2172 1059 ut
2199 1005 2268 1060 ad
2295 1004 2676 1059 maturandam
2709 1003 2851 1057 viam
2883 1001 3248 1056 incitarentur
3277 1015 3290 1052 :
3318 1011 3444 1050 nam
3470 996 3698 1064 elapsus

2104 1095 2218 1166 jam
2257 1095 2466 1150 dudum
2503 1102 2627 1149 erat
2665 1094 2953 1150 condictus
2982 1091 3122 1146 dies.
3168 1089 3305 1144 Silet
3335 1103 3468 1142 vero
3506 1085 3697 1140 Theo-

2109 1185 2336 1241 dontus
2369 1185 2598 1252 callide,
2654 1185 2709 1240 in
2755 1185 2859 1252 hac
2908 1191 2964 1238 et
3011 1180 3355 1252 praecedente
3403 1179 3694 1241 relatione,

2107 1276 2259 1348 quod
2303 1277 2544 1332 Joannes
2593 1292 2694 1347 per
2734 1274 3113 1345 metropolitas
3161 1271 3328 1334 duos,
3371 1283 3511 1339 quos
3547 1283 3697 1337 pra:-

2109 1371 2359 1434 miserat,
2397 1368 2601 1441 Cyrillo
2631 1369 2948 1438 scripserat,
2975 1375 3036 1420 ut
3066 1366 3307 1429 interim,
3333 1364 3465 1419 dum
3491 1363 3696 1418 Orien-

2112 1461 2248 1518 tales
2299 1461 2584 1526 venirent,
2633 1459 2689 1515 id
2746 1459 2902 1514 lieret
2949 1459 3096 1528 quod
3149 1456 3463 1511 faciendum
3534 1454 3697 1509 vidc-

2112 1562 2286 1608 retur.

2185 1645 2364 1699 Tridui
2408 1645 2617 1708 itinere,
2657 1650 2766 1696 etc.
2801 1641 2960 1695 Bidui
3005 1640 3268 1696 duntaxat
3299 1637 3504 1692 mentio
3548 1635 3607 1690 fit
3641 1637 3700 1690 in

2114 1737 2401 1807 superiore
2441 1735 2728 1798 relatione,
2761 1733 2856 1788 sed
2895 1749 2994 1804 per
3033 1731 3259 1804 μείωσιν
3290 1730 3588 1800 vulgarem.

2184 1829 2443 1900 Aspidum
2471 1841 2568 1882 ora
2599 1828 2891 1898 fregerunt,
2931 1833 3037 1880 etc.
3081 1823 3262 1877 Locus
3295 1822 3384 1876 hic
3413 1835 3537 1874 cum
3579 1833 3707 1874 ser-

2113 1934 2278 1973 mone
2343 1917 2607 1990 praedicto
2641 1917 2874 1972 collatus
2937 1915 3350 1971 Theodoretum
3407 1911 3701 1966 manifeste

2115 2009 2320 2078 prodit.

2119 2118 2361 2190 Epistofa
2400 2120 2522 2186 154,
2563 2119 2772 2174 Relatio
2805 2117 3162 2190 Orientalium
3195 2117 3263 2172 ad
3289 2123 3530 2171 senatum
3562 2113 3707 2182 Con-

2609 2189 3166 2261 stantinopolitannm.

2199 2302 2401 2370 Ἀγίων
2449 2302 2544 2356 καὶ
2591 2302 2916 2356 καλλινεκων
2969 2301 3282 2373 μαρτύρων,
3326 2308 3432 2354 etc.
3480 2297 3708 2353 Phrasis

2119 2390 2468 2448 Tbeodoreto
2491 2393 2796 2458 familiaris,
2827 2409 2892 2448 ac
2923 2393 3108 2447 forsan
3135 2393 3307 2448 solius
3334 2389 3576 2460 propria.

2190 2482 2356 2554 368
2427 2485 2852 2538 Εὐσεσεστάτων
2922 2484 3017 2537 καὶ
3087 2481 3449 2554 φιλοχρίστων
3527 2479 3709 2549 βασι-

2118 2573 2274 2640 λέων,
2315 2585 2420 2631 etc.
2472 2577 2540 2632 Et
2588 2578 2704 2633 haec
2753 2593 2974 2649 quoque
3022 2576 3241 2647 phrasis
3293 2574 3708 2630 Theodoretum

2117 2664 2324 2734 prodit.

2120 2776 2361 2848 Epistola
2391 2778 2515 2846 155,
2534 2778 2759 2834 Joannis
2783 2778 3091 2834 Antiocheni
3119 2779 3189 2834 ad
3211 2779 3410 2834 clerum
3441 2776 3710 2834 Constan-

2687 2849 3120 2922 tinopolitanum.

2199 2965 2426 3020 Aranec
2457 2963 2618 3018 telam
2647 2978 2777 3028 esse,
2806 2969 2912 3018 etc.
2943 2961 3069 3017 11ωο
3098 2961 3268 3017 dictio
3296 2959 3711 3016 Theodoretum

432 3013 804 3116 praeverteret.
853 3005 1131 3075 Ephesum
1177 3007 1462 3077 appulsus,
1509 3009 1751 3064 nondum
1795 3013 2020 3080 pulvere
2046 3047 2092 3107 ο

431 3095 673 3161 deterso,
715 3106 1048 3152 nocturnum
1095 3113 1159 3152 ac
1201 3114 1448 3168 praeceps
1480 3099 1748 3169 judicium
1798 3101 1854 3154 in
1900 3102 2018 3171 ipso

433 3185 674 3255 hospitio
706 3187 973 3248 exercuit,
1009 3202 1077 3240 ne
1117 3202 1243 3254 qms
1284 3188 1506 3240 nomine
1548 3188 1632 3242 vel
1677 3190 2019 3257 patriarcha—

435 3282 544 3338 tus,
569 3275 655 3328 vel
685 3275 1101 3342 autocephaliae.
1127 3277 1218 3345 jus
1255 3275 1586 3344 praesidendi
1627 3277 1856 3332 haberet
1884 3296 1897 3331 :
1925 3295 2021 3333 ex-

433 3365 917 3420 communicationi
959 3366 1147 3419 Patres
1187 3367 1431 3434 reliquos
1471 3365 1724 3436 subjecit,
1755 3383 1825 3421 ne
1861 3369 2020 3421 restia-

435 3464 590 3510 tuere
624 3455 903 3524 depositos
933 3465 1179 3524 possent.

513 3546 551 3598 Α
560 3544 833 3614 pollinarii
861 3553 908 3597 et
931 3545 1200 3610 Eunomii,
1226 3553 1333 3598 etc.
1355 3544 1599 3599 Consule
1634 3545 2020 3614 reprehensio-

434 3652 560 3690 nem
606 3637 1222 3701 anathematismorum,
1271 3645 1328 3691 et
1376 3635 1665 3706 epistolas,
1709 3636 1765 3690 in
1815 3636 2026 3706 quibus.

438 3727 819 3781 Theodoretus
857 3727 924 3782 de
967 3727 1162 3781 iisdem
1207 3728 1682 3783 anathematismis
1725 3730 2016 3799 loquitur:

433 3827 492 3873 et
534 3818 694 3874 facile
735 3819 1140 3874 animadvertes
1194 3821 1335 3876 hanc
1368 3821 1752 3876 haereticorum
1791 3824 2021 3894 conjun-

435 3910 676 3964 ctionem
725 3911 1004 3980 propriam
1048 3926 1170 3965 esse
1209 3911 1563 3977 Theodoreti,
1595 3913 1824 3984 ejusque
1867 3913 2022 3968 velut

435 4003 939 4074 χαρακτηριστικὴν
979 4002 1204 4074 φράσιν,

507 4094 661 4160 Quod
691 4113 814 4150 vero
841 4097 1070 4160 tardius,
1097 4105 1204 4150 etc.
1235 4095 1564 4160 Orientales,
1591 4112 1661 4152 ne
1699 4097 2021 4152 viderentur

435 4191 619 4244 omnia
665 4188 793 4244 dolo
837 4189 981 4245 malo
1025 4196 1083 4244 et
1119 4190 1255 4247 vitio
1301 4187 1520 4252 fecisse,
1558 4189 1868 4245 tarditatem
1919 4190 2020 4244 vim

435 4293 699 4334 excusare
739 4281 923 4334 conati
971 4289 1130 4345 sunt;
1183 4280 1278 4334 sed
1325 4280 1532 4350 apertis
1580 4281 1882 4336 mendaciis
1925 4289 2021 4334 aut

2193 3149 2486 3212 Iudicibus,
2513 3156 2620 3201 etc.
2650 3143 2774 3200 Haec
2813 3145 2980 3216 igitur
3003 3145 3235 3215 epistola
3262 3144 3458 3200 ordine
3486 3152 3710 3214 pertur-

2121 3240 2250 3295 bato
2277 3239 2333 3293 in
2357 3237 2610 3296 conciliis
2633 3235 2986 3307 generalibus
3013 3234 3315 3289 collocatur
3343 3243 3469 3292 ante
3498 3235 3710 3306 episto-

2119 3335 2228 3389 lam
2265 3332 2330 3386 ad
2367 3339 2639 3385 senatum.

2129 3440 2364 3514 lthistola
2405 3439 2780 3514 156,_Joannis
2808 3438 3120 3514 Anfiocheni
3138 3438 3484 3514 aliorumque
3517 3441 3712 3511 episco-

2264 3527 2452 3582 porum
2486 3509 2555 3564 ad
2587 3508 2840 3579 populum
2873 3507 3526 3580 Constantinopolitanum

2203 3619 2604 3690 Quinquaginta
2653 3619 2919 3689 episcopos
2959 3618 3256 3690 (Egyptios,
3295 3629 3401 3675 etc.
3443 3621 3548 3687 Qui
3590 3620 3709 3678 fue-

2121 3713 2252 3777 rint,
2273 3721 2330 3768 et
2344 3713 2509 3782 .cujus
2540 3711 2801 3778 civitatis,
2829 3712 2943 3766 sive
2969 3727 3110 3781 quos
3131 3710 3368 3784 Cyrillus
3389 3729 3457 3768 ex
3474 3713 3710 3785 Egypto

2120 3805 2406 3868 eduxerat,
2453 3805 2569 3860 sive
2617 3820 2758 3875 quos
2795 3819 2865 3859 ex
2897 3803 3024 3858 Asia
3068 3803 3321 3859 Memnon
3359 3815 3707 3873 evocarent,

2119 3895 2279 3952 facile
2319 3896 2662 3967 dignoscitur
2699 3911 2768 3950 ex
2809 3897 3132 3950 recensione
3169 3897 3577 3967 episcoporum,
3613 3899 3709 3968 qui

2121 3989 2312 4058 primae
2347 3988 2551 4043 actioni
2580 3987 2665 4043 vel
2702 3986 3094 4052 interfuerunt,
3123 3988 3208 4042 vel
3236 3987 3705 4057 subscripserunt.

2122 4079 2226 4135 Ubi
2250 4079 2649 4141 animadverte,
2673 4078 2817 4133 inter
2840 4078 3220 4148 metropolitas
3244 4079 3520 4134 neminem
3547 4078 3710 4152 Αἰθι-

2123 4172 2302 4242 ptium
2341 4173 2577 4228 censeri.
2613 4171 2770 4237 Quod
2815 4179 3144 4241 argumento
3186 4179 3291 4236 est,
3326 4173 3535 4227 nullum
3579 4183 3709 4230 tunc

2123 4265 2388 4334 temporis
2429 4264 2482 4318 in
2516 4261 2747 4334 Egypto
2788 4263 3274 4333 metropolitanum
3312 4264 3479 4318 fuisse
3511 4273 3709 4333 praeter

437 4377 587 4423 certe
619 4369 870 4424 futilibus
899 4370 1208 4425 rationibus
1233 4371 1318 4426 usi
1348 4381 1498 4426 sunt.
1524 4371 1660 4426 Vide
1686 4373 1812 4426 vita:
1842 4372 2022 4425 Theo—
2053 4378 2095 4433 D
2125 4354 2552 4410 Alexandrinum
2585 4354 2627 4408 ³·

438 4458 615 4511 dorcti
657 4467 821 4528 caput
862 4459 913 4513 5.
946 4458 1193 4514 Fuerunt
1236 4469 1440 4523 tamen,
1478 4461 1573 4530 qui
1612 4477 1751 4530 quos
1785 4461 2023 4532 Cyrillus

439 4548 700 4611 convicit,
727 4548 980 4603 defensos
1003 4549 1225 4604 vellent.
1253 4551 1457 4605 Verum
1487 4551 1540 4604 in
1569 4551 1675 4605 hoc
1697 4561 2022 4621 argumento

439 4638 733 4692 infeliciter
768 4639 841 4692 ita
869 4642 1071 4695 versati
1095 4653 1246 4705 sunt,
1277 4649 1339 4694 ut
1373 4650 1573 4710 praeter
1600 4641 1741 4696 facta
1771 4643 2020 4712 quaedam

436 4730 741 4800 supposita,
771 4739 825 4786 et
855 4732 1044 4788 vitiata
1071 4733 1406 4798 testimonia,
1432 4733 1570 4788 nihil
1602 4734 1912 4790 attulerint.

543 4862 781 4933 Epistola
812 4865 933 4929 153,
958 4864 1164 4919 Relatio
1194 4861 1544 4918 Orientalium
1576 4864 1645 4918 ad
1680 4867 1907 4936 reginas.

514 5003 595 5058 Ad
626 5006 856 5072 reginas,
892 5002 1240 5057 Pulcheriam
1283 5009 1338 5055 et
1379 5001 1710 5066 Eudoxiam;
1754 5002 1849 5057 sed
1892 5003 2018 5058 Pul-

437 5093 683 5148 clzcriam
715 5093 970 5157 maxime,
1003 5107 1187 5144 rerum
1221 5099 1522 5160 potentem.

512 5185 734 5238 eratio.
769 5183 906 5239 Cum
941 5184 1010 5238 ab
1049 5183 1402 5238 inferioribus
1428 5182 1495 5236 ad
1526 5182 1800 5252 principes
1822 5183 2020 5238 scribi-

441 5284 531 5330 tur
563 5277 628 5330 de
655 5277 822 5346 gestis
849 5275 1199 5346 quibusdam,
1228 5276 1421 5330 relatio
1449 5283 1533 5329 est
1559 5293 1571 5328 :
1600 5291 1723 5329 cum
1758 5279 1825 5331 ad
1857 5275 2015 5337 alios,

441 5369 690 5438 epistola.
720 5368 825 5422 Ista
863 5383 1027 5439 porro
1064 5367 1255 5422 relatio
1288 5367 1420 5436 quin
1451 5366 1694 5436 ejusdem
1723 5366 1795 5421 sit
1823 5374 2016 5419 aucto-

2159 4470 2403 4541 Epistoia
2443 4470 2564 4535 162,
2606 4487 2766 4541 quam
2810 4469 3158 4542 Iheodoretus
3191 4471 3412 4542 scripsit
3447 4470 3672 4526 Audi-ea:

2811 4538 3160 4594 Samosateno
3186 4541 3226 4595 ⁸.

2197 4630 2276 4686 Ad
2296 4630 2588 4695 Andream,
2619 4639 2726 4686 etc.
2756 4630 2807 4686 ls
2829 4638 2933 4694 est,
2960 4631 3055 4700 qui
3083 4630 3446 4685 Orientalium
3484 4630 3704 4685 nomine

2122 4720 2461 4792 objectiones
2490 4721 2757 4776 adversus
2776 4720 3067 4776 duodecim
3101 4721 3336 4791 capitula
3362 4721 3552 4793 Cyrilli
3577 4736 3706 4776 con-

2123 4813 2386 4883 scripsit:
2420 4812 2568 4882 quod
2611 4810 2742 4867 fecit
2781 4827 2891 4867 non
2937 4813 3260 4868 immodeste
3303 4813 3576 4883 primum;
3611 4813 3704 4868 sed

2122 4915 2335 4976 postea,
2380 4913 2441 4958 ut
2481 4903 2890 4958 Theodoretum
2939 4901 3260 4958 defenderet
3295 4911 3482 4958 contra
3518 4901 3702 4973 Cyrilli

2123 5014 2218 5052 sua
2251 4997 2428 5064 capita
2461 4995 2809 5050 defendentis
2847 4993 3273 5057 accusationem,
3300 4993 3560 5048 iracunde
3590 4993 3704 5047 edi-

2123 5085 2455 5151 ditlibrum,
2491 5085 2646 5154 cujus
2683 5084 3045 5154 fragmentum
3076 5084 3244 5138 refert
3268 5083 3589 5139 Anastasius
3617 5082 3702 5137 Si-

2123 5178 2274 5232 naita
2313 5176 2368 5230 in
2420 5176 2649 5245 Hodego,
2686 5192 2807 5244 cap.
2838 5175 2926 5229 22.
2960 5175 3098 5231 Vide
3147 5191 3268 5244 quae
3328 5175 3393 5229 ad
3438 5175 3544 5228 hoc
3593 5173 3702 5227 fra-

2123 5280 2403 5340 gmentum
2435 5270 2817 5321 annotavimus
2841 5268 2893 5321 in
2927 5280 2992 5320 ιιιι
3021 5279 3174 5337 parte
3199 5266 3434 5337 Operum
3471 5266 3538 5321 Μ.
3567 5265 3704 5320 Mer-

2124 5363 2327 5418 catoris
2357 5367 2477 5431 post
2511 5358 2849 5428 objectiones
2879 5357 3239 5412 Orientalium
3273 5358 3312 5411 ⁵.

1751 5501 2068 5557 SCllULle
2131 5499 2361 5555 NOTAE.

515 5627 536 5662 ³
567 5628 642 5684 Ad
672 5629 958 5700 epistolam
993 5629 1191 5700 latet
1225 5635 1462 5700 quatuor
1494 5624 1769 5693 proximas
1797 5623 1934 5700 nihil
1965 5621 2179 5677 monuit
2212 5618 2530 5675 Garnerius.
2610 5618 2628 5650 "
2658 5616 2965 5674 Plcniorcm
2993 5617 3116 5673 vide
3140 5617 3283 5672 hanc
3305 5613 3592 5685 epistolam
3622 5610 3703 5666 in-

443 5697 545 5768 fra,
579 5701 633 5754 in
664 5694 794 5755 diss.
827 5701 876 5767 5,
918 5698 1078 5769 epist.
1122 5699 1200 5752 15.
1244 5694 1255 5696 ”
1281 5699 1300 5728 ⁵
1332 5696 1450 5749 \‘id.
1486 5710 1673 5764 supra,
1710 5710 1761 5764 p.
1794 5694 1914 5749 155.
