3952 6294
318 257 417 324 317

1495 267 1590 324 DE
1633 266 1838 326 LIBRI
1847 269 1886 326 S
1926 268 2435 333 THEODORETI.

3475 270 3580 336 318

429 372 506 425 Ab
563 369 769 441 Epheso
821 372 1074 428 scribens.
1131 372 1439 443 Antequam
1493 374 1894 432 Chalcedonem
1927 384 1969 440 Α
2001 389 2220 450 tequam
2243 381 2690 451 proﬁcisceretur
2725 379 3095 437 l’heodoretus
3118 380 3336 452 Epheso
3358 381 3583 442 circiter

317 461 788 531 proﬁcisceretur,
825 479 936 533 quo
989 464 1058 518 ah
1103 463 1436 534 imperatore
1486 467 1646 535 legati
1689 476 1898 537 septem

321 557 608 625 utriusque
650 557 840 626 partis,
877 556 1161 612 catholica:
1198 565 1253 611 et
1294 557 1676 621 schismaticte,
1706 573 1901 614 evoca-

322 647 487 701 bantu
496 664 541 701 r.

387 757 641 826 Beatiﬁco
667 757 1016 826 inﬁrmitatis,
1053 768 1158 813 etc.
1184 757 1299 825 Qua
1327 759 1606 825 Andreas,
1658 762 1744 817 vel
1793 763 1896 817 im-

317 850 535 921 peditus
577 865 688 904 non
734 850 961 922 potuit”-
977 851 1061 906 vel
1099 867 1230 907 usus
1265 851 1464 918 noluit,
1499 853 1567 908 ad
1601 854 1896 908 concilium

314 942 528 996 venire.

384 1031 597 1086 Insanit
649 1034 842 1087 iterum
895 1031 1191 1104 Egyptua,
1247 1043 1298 1088 et
1348 1033 1510 1088 bellat
1567 1051 1686 1089 cum
1731 1035 1894 1091 More.

314 1124 603 1181 Nestorius
623 1140 880 1181 sermone
909 1126 997 1190 η,
1031 1141 1184 1180 num.
1215 1127 1268 1192 5,
1303 1127 1565 1182 adversus
1587 1127 1849 1199 Cyrillum
1879 1147 1892 1186 :

321 1236 338 1267 ι
378 1217 576 1272 Docuit
615 1233 701 1272 me
744 1225 801 1272 et
846 1217 1025 1272 Moses
1070 1233 1182 1272 non
1231 1219 1580 1284 conturbari,
1622 1219 1895 1290 siquidem

313 1309 752 1377 experimentum
801 1311 1080 1380 acceperis
1120 1310 1404 1380 prophetae
1442 1312 1690 1382 praedicti
1728 1311 1893 1386 Egy-

313 1402 491 1471 ptiaca
519 1400 850 1470 desperatio.
879 1420 898 1452 ι

378 1493 470 1547 Illi
519 1495 608 1564 qui
650 1494 870 1564 depositi
913 1503 1054 1548 sunt.
1101 1493 1336 1566 Cyrillus
1376 1494 1797 1562 Alexandrinus,
1838 1507 1894 1553 et

309 1583 562 1640 Memnon
594 1585 928 1654 Ephesinus,
961 1587 1230 1657 episcopi.

2002 472 2323 526 vicesimum
2352 473 2497 528 diem
2535 473 2765 544 Augusti
2798 474 2839 527 ⁸.

2002 585 2247 658 Epistola
2284 589 2406 654 169,
2453 607 2485 642 a
2541 589 2856 660 Theodoram
2883 590 3078 660 scripta
3115 591 3186 644 ad
3217 587 3578 652 Alexandrum

2543 659 3026 730 Hierapolitanum.

2072 767 2112 822 l.
2143 765 2452 824 Alexander
2500 769 2590 823 ille
2633 769 3102 839 Hierapolitanus,
3151 771 3218 825 ad
3250 788 3410 842 quem
3442 775 3578 829 scri-

1999 857 2172 923 bitur,
2228 859 2607 928 Euphratesiaa
2651 844 2965 930 provinciae,
3014 862 3068 916 in
3113 879 3218 932 qua
3257 870 3341 919 est
3377 864 3574 935 Cyrus.

1998 951 2295 1020 primatum
2327 953 2523 1015 tenuit,
2551 953 2762 1023 fuitque
2794 970 2936 1008 unus
2971 953 3205 1009 duorum
3257 957 3578 1028 metropoli-

1999 1049 2210 1106 tarum,
2262 1057 2401 1111 quos
2435 1033 2684 1115 ,Cyrillus
2731 1039 2922 1098 narrat
2972 1045 3282 1114 prtemissos
3327 1045 3498 1102 fuisse
3543 1064 3574 1102 a

1994 1133 2203 1189 Joanne
2244 1134 2587 1190 Antiocheno
2613 1177 2626 1201 ,
2683 1137 2776 1206 qui
2825 1136 2893 1192 de
2937 1136 3295 1192 Orientalium
3335 1138 3574 1193 adventu

1995 1226 2335 1290 nuntiarent,
2364 1233 2420 1280 et
2449 1227 2614 1281 simul
2653 1235 2832 1282 tamen
2868 1229 3061 1284 Patres
3093 1228 3295 1298 Ephesi
3345 1245 3573 1299 congre-

1994 1323 2148 1384 gatos
2190 1314 2245 1368 id
2285 1315 2509 1369 interim
2551 1331 2712 1386 agere
2755 1326 3066 1383 monerent,
3120 1317 3266 1388 quod
3300 1319 3572 1389 agendum

1993 1403 2300 1460 videretur.

2059 1497 2126 1551 Π.
2158 1496 2501 1566 Subscripsit
2527 1495 2618 1551 ille
2635 1497 2846 1566 primus
2887 1507 3012 1552 ante
3049 1498 3386 1553 Dorotheum
3428 1500 3572 1554 Mar-

1993 1587 2458 1658 cianopolilauum
2507 1589 2763 1643 mandato
2806 1590 2999 1659 legatis
3029 1591 3394 1647 schismaticis
3419 1593 3567 1658 dato,

376 1675 742 1730 Sacerdotalia
819 1678 1112 1732 ministeria
1187 1688 1465 1750 peragunt.
1541 1679 1888 1736 Schismatici
1922 1733 1960 1753 ,ι
1989 1679 2120 1734 licet
2141 1688 2264 1749 post
2299 1680 2480 1750 ipsum
2519 1679 2742 1734 decreto
2787 1679 3157 1734 damnationis
3198 1697 3424 1736 aversus
3461 1681 3567 1753 Cy-

308 1767 546 1837 idipsum
587 1767 871 1823 fastidiose
912 1778 1222 1838 queruntur
1260 1769 1404 1839 apud
1447 1769 1835 1839 imperatorem
1871 1787 1884 1822 :

307 1857 502 1911 iisdem
552 1865 783 1911 utuntur
819 1873 960 1928 pene
991 1857 1197 1923 verbis,
1231 1866 1397 1928 atque
1441 1859 1532 1913 hic
1571 1857 1890 1915 Theodore-

305 1957 413 2013 tus,
451 1949 594 2019 apud
636 1949 954 2019 praelectum
999 1951 1420 2020 et'magistrum
1455 1967 1469 2004 :
1508 1969 1526 2001 ‹
1559 1949 1887 2006 Sanctorum

303 2041 528 2096 Patrum
568 2055 807 2096 canones
844 2041 1151 2096 conculcati
1189 2039 1354 2111 369
1392 2049 1540 2106 sunt,
1575 2055 1887 2095 excommu-

288 2131 470 2186 ‘nicati
507 2140 563 2186 et
607 2132 950 2186 exauctorati
993 2130 1164 2186 sacris
1204 2132 1423 2200 operari
1459 2147 1568 2185 non
1601 2141 1884 2198 verentur,

305 2221 470 2292 impia
503 2237 598 2276 sua
628 2223 881 2292 dogmata
915 2223 1134 2292 copiose
1177 2222 1272 2276 Dei
1315 2222 1518 2291 populo
1552 2221 1886 2290 profunden-

305 2322 405 2377 tes,
446 2322 505 2367 et
545 2329 646 2369 nos
693 2312 914 2366 interim
974 2313 1172 2368 inclusi
1222 2312 1423 2366 misere
1471 2311 1564 2365 hic
1607 2326 1814 2366 sumus.
1859 2330 1876 2363 ι

302 2403 432 2457 Mira
479 2418 591 2458 non
631 2412 717 2460 est
755 2412 904 2460 tanta
945 2404 1306 2459 consonantia
1338 2421 1352 2457 :
1387 2404 1455 2458 ab
1490 2403 1686 2459 eodem
1734 2403 1882 2458 enim

300 2495 651 2551 Theodoreto
682 2504 739 2551 et
773 2496 858 2552 ha?
887 2504 944 2551 et
970 2497 1087 2551 istae
1115 2496 1310 2554 litterae
1343 2496 1563 2566 scriptae
1594 2504 1750 2562 sunt;
1787 2496 1882 2551 sed

302 2586 382 2640 ha:
415 2602 518 2641 suo
547 2589 792 2653 nomine,
823 2589 938 2643 ista:
969 2588 1255 2644 orientalis
1280 2589 1492 2660 synodi.

368 2676 625 2748 Egyptii,
666 2686 774 2733 etc.
811 2678 871 2732 in
920 2679 1186 2734 relatione
1217 2663 1286 2734 ad
1341 2679 1731 2748 imperatorem
1784 2695 1882 2748 per

297 2766 621 2833 Palladium,
655 2770 925 2840 imperita,
969 2769 1199 2834 dicitur,
1240 2769 1594 2824 Asiaticorum
1626 2779 1677 2824 et
1717 2769 1882 2842 IEgy-

300 2860 528 2926 ptiontm
578 2860 754 2914 turba.
823 2861 942 2916 Mox
988 2860 1057 2915 ad
1108 2860 1442 2916 invidiosum
1501 2869 1878 2931 contemptum

296 2959 695 3004 enumerantur
729 2969 745 3004 :
790 2970 810 3004 ε
861 2951 1268 3023 Quinquaginta
1315 2961 1445 3007 sunt
1487 2951 1747 3023 Egyptii,
1775 2951 1878 3006 sub

1991 1769 2175 1824 rillum
2219 1769 2365 1824 facto
2413 1770 2757 1840 subscriptus
2804 1771 3036 1840 legatur.
3070 1769 3244 1843 Hujus
3289 1772 3366 1826 rei
3405 1789 3570 1828 causa

1989 1874 2101 1913 non
2138 1867 2224 1914 est
2270 1859 2664 1928 apertissima:
2714 1860 2916 1914 factum
2969 1869 3122 1930 puto,
3170 1861 3297 1930 quia
3343 1863 3570 1919 Joannis

1987 1949 2314 2005 Antiocheni
2371 1949 2551 2003 locum
2605 1957 2834 2014 teneret,
2888 1949 3051 2020 37o
3095 1961 3385 2020 propterea
3420 1953 3567 2024 quod

1987 2040 2280 2096 Orientalis
2329 2041 2579 2095 dimCesis
2629 2040 2839 2109 primus
2878 2051 2997 2095 erat
3031 2043 3418 2111 Inetropolita;
3455 2043 3562 2098 Do-

1988 2133 2216 2188 rotheus
2251 2148 2403 2197 vero,
2432 2133 2538 2188 etsi
2562 2133 2705 2188 foret
2732 2135 3102 2204 metropolita,
3138 2135 3205 2189 ad
3235 2134 3394 2188 aliam
3419 2136 3559 2190 dice-

1987 2225 2154 2279 cesim
2219 2225 2571 2294 pertinebat,
2634 2241 2832 2295 nempe
2883 2225 2949 2280 ad
2998 2225 3562 2297 Constantinopolita-

1988 2331 2139 2368 nam.

2054 2407 2144 2461 ill.
2178 2407 2308 2462 Post
2337 2407 2632 2462 concilium
2659 2421 2770 2460 non
2807 2404 2900 2458 diu
2931 2413 3214 2474 superstes
3246 2407 3349 2461 fuit
3384 2425 3397 2460 :
3438 2424 3564 2462 nam

1983 2497 2253 2563 Panolbii,
2286 2498 2382 2570 qui
2413 2499 2464 2552 ei
2495 2499 2785 2562 successit,
2827 2499 2978 2552 velut
3003 2499 3332 2568 jampridem
3369 2500 3564 2556 defun-

1983 2589 2080 2655 cti,
2114 2589 2354 2645 Joannes
2395 2605 2682 2646 successor
2711 2589 3052 2644 mentionem
3079 2589 3206 2644 facit
3248 2591 3301 2644 in
3330 2591 3565 2645 concilio

1981 2679 2359 2744 Antiocheno,
2429 2678 2715 2734 Athanasii
2781 2678 3107 2733 Perrhensis
3159 2695 3322 2733 causa
3377 2679 3564 2734 habito

1981 2787 2125 2826 anno
2147 2772 2269 2837 444,
2306 2771 2410 2826 sub
2450 2770 2614 2825 ﬁnem
2653 2788 2666 2824 :
2711 2785 2887 2838 neque
2908 2769 3149 2824 Joannes
3184 2770 3299 2838 ipse
3345 2772 3563 2839 episco-

1980 2871 2168 2931 patum
2194 2863 2289 2916 diu
2323 2863 2520 2926 tenuit,
2567 2860 3012 2931 quandoquidem
3063 2859 3372 2930 Stephanus
3395 2862 3562 2915 Joan-

1979 2953 2067 3007 nis
2094 2967 2380 3008 successor
2415 2953 2470 3006 in
2497 2952 2732 3005 concilio
2759 2951 3066 3004 latrocinali
3101 2966 3246 3005 anno
3271 2951 3392 3018 M9,
3420 2961 3476 3006 et
3507 2953 3562 3008 in

294 3039 584 3123 Memnone
648 3042 951 3111 tyrannidis
999 3043 1140 3098 duce
1201 3042 1562 3113 quadraginta
1613 3041 1876 3107 Asiatici,
1905 3065 1947 3123 ο
1979 3042 2410 3099 Chalcedonensi
2446 3057 2590 3096 anno
2616 3042 2712 3096 451
2744 3041 2909 3097 sedit.

297 3121 590 3184 duodecim
637 3129 766 3185 item
815 3147 883 3186 ex
917 3132 1235 3204 Pamphylia
1259 3132 1501 3186 haeretici
1545 3131 1879 3187 Messaliani—

297 3229 479 3274 tarum
502 3221 727 3276 nomine
750 3223 1030 3291 appellati,
1064 3231 1265 3292 preter
1300 3223 1437 3280 alios
1464 3223 1644 3278 eidem
1671 3229 1878 3278 metro-

293 3315 542 3384 politano
583 3312 993 3386 (Amphilochia
1022 3315 1166 3370 Sida:
1194 3314 1474 3387 episcopo)
1511 3315 1873 3381 adhaerentes,

293 3416 349 3461 et
403 3403 544 3460 alios
586 3419 616 3459 a
665 3405 907 3476 synodis,
957 3407 1043 3461 vel
1083 3406 1154 3460 ab
1192 3406 1505 3476 episcopis,
1541 3407 1776 3462 diversis
1821 3408 1875 3462 in

296 3497 450 3561 locis,
477 3497 984 3553 excommunicatos
1011 3505 1066 3550 et
1095 3497 1412 3566 depositos;
1449 3497 1544 3567 qui
1571 3512 1702 3552 sane
1727 3497 1878 3553 aliud

296 3588 431 3643 nihil
456 3595 604 3654 sunt,
637 3603 805 3657 quam
849 3588 1134 3644 hominum
1173 3588 1336 3643 turba
1384 3588 1699 3645 divinorum
1740 3590 1876 3662 dog-

298 3687 504 3734 malum
543 3682 751 3736 nescia.
785 3699 803 3732 ι

363 3769 610 3827 Occasus.
644 3773 725 3827 Ex
757 3771 1054 3828 Occidente
1085 3771 1235 3826 missi
1263 3779 1394 3838 tres,
1427 3772 1714 3844 Philippus
1747 3789 1874 3844 pre-

297 3862 502 3933 sbyter,
531 3862 802 3919 Arcadius
829 3871 886 3918 et
914 3863 1200 3934 Projectus
1236 3862 1480 3933 episcopi
1507 3879 1522 3927 ;
1562 3871 1622 3917 ut
1646 3863 1875 3935 presby-

297 3963 379 4009 ter
404 3955 690 4010 Ctelestini
739 3956 939 4012 summi
985 3954 1281 4026 pontiﬁcis,
1327 3954 1570 4023 episcopi
1603 3951 1876 4009 Occiden-

297 4045 418 4099 talis
451 4045 674 4099 concilii
718 4044 988 4114 legatione
1037 4042 1418 4114 fungerentur.
1477 4042 1712 4112 ingressi
1746 4050 1876 4096 sunt

295 4135 566 4205 synodum
613 4135 703 4190 die
749 4135 817 4189 10
868 4135 1020 4200 Julii,
1055 4133 1304 4204 sequenti
1342 4133 1432 4188 die
1473 4133 1874 4202 depositionem

295 4227 534 4282 Nestorii
558 4227 976 4293 conﬁrmarunt,
1003 4228 1246 4297 quinque
1277 4235 1402 4296 post
1422 4225 1620 4280 diebus
1651 4224 1877 4279 restitu-

299 4318 433 4373 tioni
460 4318 653 4390 Cyrilli
682 4327 740 4373 et
771 4319 1074 4373 Memnonis
1107 4317 1496 4373 interfuerunt.

369 4407 566 4474 Quales
611 4407 779 4462 mimi.
820 4408 1025 4463 Confer
1055 4409 1203 4462 hunc
1245 4407 1427 4462 locum
1470 4421 1595 4460 cum
1639 4405 1869 4475 epistola
1903 4407 1952 4467 D

294 4493 605 4568 procnmiali
635 4500 700 4554 ad
732 4513 1014 4554 sermones
1043 4497 1314 4559 Eutherii,
1340 4505 1396 4550 et
1421 4495 1547 4550 vide
1568 4510 1874 4551 consonan-

296 4591 450 4654 tiam,
499 4605 609 4643 non
655 4597 866 4643 tantum
913 4597 1248 4660 exaggerata:
1295 4587 1724 4653 lamentationis,
1773 4587 1870 4643 sed

298 4682 542 4751 ipsorum
569 4679 735 4735 etiam
766 4681 1085 4734 verborum.

365 4773 432 4826 In
471 4782 702 4842 tempore
740 4773 1050 4842 impietatis.
1097 4770 1234 4826 Cum
1302 4769 1722 4825 dominarentur
1763 4769 1869 4823 im-

293 4872 576 4934 peratores
596 4864 926 4920 Christianae
962 4863 1181 4933 pietatis
1221 4863 1428 4918 hostes.
1467 4862 1526 4917 Id
1564 4863 1769 4917 dictum
1800 4863 1869 4916 ad

295 4955 556 5010 invidiam
603 4955 882 5024 regnantis
933 4954 1231 5010 Theodosii
1253 4953 1520 5020 Junioris,
1577 4955 1671 5024 qui
1721 4954 1870 5009 schi-

294 5045 541 5102 smaticis
571 5045 755 5101 favere
787 5046 1095 5102 desinebat.

367 5136 447 5190 Ex
475 5135 563 5190 his
591 5143 806 5189 constat
839 5135 1021 5190 datam
1049 5151 1171 5190 esse
1207 5135 1494 5205 epistolam
1533 5133 1677 5189 circa
1706 5133 1869 5190 tinem

289 5229 418 5285 Julii
443 5237 542 5284 aut
573 5227 791 5282 initium
816 5227 1059 5298 'Augusti
1095 5242 1239 5281 anno
1263 5227 1389 5290 451,
1431 5233 1556 5294 post
1588 5225 1870 5280 restitutos

291 5322 506 5378 scilicet
531 5319 623 5374 die
651 5320 717 5376 16
745 5319 876 5375 Julii
901 5319 1166 5391 Cyrillum
1195 5325 1252 5375 et
1290 5319 1631 5374 Memnonem
1650 5357 1665 5387 ,
1691 5326 1749 5373 et
1772 5333 1871 5372 an-

2047 3134 2130 3189 IV.
2160 3133 2218 3187 In
2265 3134 2386 3204 ejus
2431 3134 2615 3187 locum
2668 3133 2874 3187 missus
2919 3140 3003 3188 est
3050 3133 3116 3187 ad
3171 3133 3558 3203 imperatorem

1979 3224 2382 3289 Theodoretus,
2409 3232 2468 3277 ut
2489 3230 2786 3278 constatex
2814 3223 3175 3291 inscriptione
3218 3225 3460 3278 mandati
3492 3224 3560 3278 ab

1977 3313 2352 3369 Orientalibus
2395 3314 2504 3369 dati
2532 3313 2646 3368 suis
2679 3314 2870 3384 legatis
2907 3333 2917 3366 :
2952 3330 3060 3383 qua
3107 3314 3160 3368 in
3201 3315 3558 3385 inscriptione

1978 3405 2234 3470 observo,
2253 3421 2464 3470 omnes,
2501 3405 2594 3474 qui
2622 3405 2900 3475 legantur,
2925 3421 3044 3459 esse
3064 3408 3440 3476 metropolitas
3467 3418 3562 3463 aut

1978 3497 2454 3566 metropolitarum
2500 3497 2644 3562 loco,
2683 3505 2886 3565 przeter
2935 3497 3161 3550 Paulum
3213 3497 3554 3563 Emisenum,

1977 3585 2069 3655 qui
2127 3585 2276 3640 vices
2331 3585 2515 3640 Acacii
2558 3585 2868 3640 Berueensis
2921 3586 3058 3657 agit,
3097 3587 3227 3642 licet
3263 3597 3555 3658 metropo-

1975 3677 2072 3731 lita
2097 3693 2210 3732 non
2260 3677 2442 3744 foret;
2488 3684 2638 3731 tanta
2681 3676 2787 3732 fuit
2819 3693 2947 3748 erga
2997 3694 3206 3741 senem,
3251 3688 3306 3734 et
3340 3680 3556 3749 episco-

1976 3783 2195 3838 porum,
2222 3768 2268 3823 si
2292 3768 2422 3823 licet
2445 3769 2520 3823 ita
2542 3769 3012 3839 loqui,decanum,
3039 3769 3347 3826 reverentia
3365 3769 3559 3826 Orien-

1977 3860 2190 3914 talium.

2044 3951 2109 4006 ν.
2142 3951 2201 4006 In
2226 3951 2418 4021 quinta
2453 3952 2662 4022 synodo
2681 3953 2883 4022 legitur
2916 3952 3280 4022 fragmentum
3309 3953 3556 4021 epistolas

1974 4057 2006 4096 a
2027 4042 2284 4097 Nestorio
2306 4043 2374 4096 ad
2405 4043 2776 4097 Alexandrum
2817 4043 2982 4096 istum
3014 4043 3154 4097 datm
3185 4061 3198 4095 :
3243 4043 3335 4096 ubi
3362 4045 3556 4098 nefan-

1975 4129 2079 4185 dus
2134 4131 2427 4187 hereticus
2467 4140 2653 4200 aperte
2717 4131 2904 4200 prodit
2967 4132 3335 4200 impietatem,
3385 4149 3552 4203 quam

1964 4222 2110 4276 alias
2151 4223 2464 4277 dissimulat
2506 4240 2520 4276 :
2565 4222 2710 4276 unde
2758 4237 2873 4277 non
2915 4222 3356 4291 improbabiliter
3397 4226 3550 4279 credi

1974 4320 2175 4382 potest,
2207 4314 2492 4384 scripsisse
2522 4314 2589 4368 ad
2621 4321 2932 4369 consortem
2967 4314 3192 4369 erroris.

2036 4407 2052 4425 ‘
2081 4404 2168 4460 Vl.
2202 4405 2282 4458 Ex
2309 4403 2397 4464 iis,
2428 4420 2550 4474 quae
2577 4405 2634 4458 in
2665 4405 2895 4474 epistola
2931 4413 3224 4460 narrantur
3272 4405 3340 4460 de
3374 4406 3547 4459 collo-

1977 4495 2198 4550 cutione
2226 4493 2587 4550 Orientalium
2625 4497 2933 4566 legatorum
2973 4513 3097 4551 cum
3131 4497 3463 4566 imperatore
3492 4496 3547 4550 in

1975 4587 2290 4651 Rufiniano,
2323 4587 2614 4642 manifesta
2636 4596 2718 4642 est
2753 4588 3017 4657 temporis
3049 4597 3176 4643 uota
3205 4606 3217 4642 :
3249 4589 3372 4642 data
3400 4589 3546 4642 enim

1975 4678 2303 4741 ostenditur,
2337 4686 2631 4747 antequam
2671 4678 3049 4734 Orientalibus
3081 4680 3397 4744 recedendi,
3439 4679 3543 4732 Ca-

1978 4771 2196 4825 tholicis
2215 4771 2406 4823 urbem
2438 4769 2804 4840 ingrediendi,
2833 4771 2898 4823 ad
2932 4769 3300 4824 ordinandum
3328 4768 3544 4836 episco-

1977 4878 2128 4931 pum,
2161 4860 2474 4914 maudatum
2495 4869 2642 4914 esset
2665 4859 2876 4913 datum.
2899 4860 3112 4928 Scripta
3136 4868 3218 4911 est
3250 4857 3413 4926 igitur
3443 4857 3544 4910 sub

1980 4954 2141 5008 ﬁnem
2170 4953 2527 5023 Septembris,
2556 4961 2651 5005 aut
2670 4951 2773 5004 sub
2802 4951 3018 5004 initium
3043 4949 3312 5004 Octobris.

2049 5043 2160 5097 VII.
2199 5043 2384 5111 Nuper
2428 5041 2685 5095 inventus
2726 5049 2811 5094 est
2855 5039 2950 5108 qui
3013 5038 3348 5108 suppositam
3393 5037 3541 5090 credi

1976 5135 2161 5198 vellet,
2193 5141 2287 5188 aut
2311 5133 2492 5202 potius
2524 5137 2780 5200 optaret;
2825 5131 3095 5185 sentiebat
3126 5128 3272 5182 enim
3309 5127 3422 5181 suis
3459 5141 3543 5180 re-

1976 5224 2081 5279 bus
2101 5228 2454 5280 vehementer
2491 5223 2895 5278 incommodare
2922 5240 2936 5289 ;
2963 5222 3057 5277 sed
3089 5237 3179 5286 ne,
3204 5219 3352 5289 quod
3390 5226 3542 5273 certo

1974 5317 2221 5373 laturum
2253 5327 2390 5384 erat,
2414 5334 2444 5372 a
2475 5318 2751 5372 communi
2786 5330 2952 5372 sensu
2991 5315 3205 5370 alienus
3235 5313 3539 5374 videretur,

1585 5469 1896 5527 SCHULZII
1934 5470 2170 5528 ΝΟΤιΕ.

359 5619 377 5649 ⁸
403 5616 486 5671 Ad
507 5615 778 5684 epistolas
809 5612 1055 5684 165-168,
1081 5612 1460 5684 nihilmonuit
1490 5611 1805 5667 Garnerius.
1840 5611 1962 5667 Vid.
2001 5621 2180 5667 autem
2223 5612 2382 5679 infra,
2422 5611 2555 5667 diss.
2589 5610 2641 5675 5,
2669 5608 2924 5681 epist.l9,
2948 5606 3037 5676 20,
3060 5606 3244 5662 Eli-9.6.
3271 5603 3351 5662 Ad
3375 5604 3538 5662 linem

288 5682 696 5758 epistoltelfib',
735 5683 846 5740 vid.
879 5699 1062 5754 supra,
1097 5699 1148 5753 p.
1181 5682 1298 5736 itii.
