3952 6294
389 292 496 360 319

1523 297 1901 360 GARNERH
1941 294 2438 356 DISSERTA‘TIO
2478 295 2558 354 ll.

3560 287 3665 352 3‘20

391 412 590 468 maluit
624 411 879 470 inutilem
916 415 1124 480 dicere,
1148 413 1214 470 ad
1254 413 1329 479 id,
1361 423 1588 486 propter
1621 415 1769 485 quod
1797 411 1975 482 profe-
2003 416 2051 470 Λ
2081 410 2275 474 verim,
2302 409 2591 466 manifeste
2623 415 2892 464 memorat
2920 409 3071 464 velut
3102 421 3257 464 suam
3287 406 3461 478 :quin
3483 416 3666 464 tamen

396 506 649 571 rebatur,
682 504 1053 570 efﬁciendum,
1085 505 1154 560 ad
1189 505 1602 562 Theodoretum
1639 509 1847 563 scilicet
1880 507 1976 562 sd-

396 600 657 656 haesionis
677 597 745 654 ad
770 614 987 654 errores
1011 599 1249 654 Nestorii
1274 600 1734 656 convincendum.
1755 601 1981 656 Fatetur

399 697 582 744 tamen
621 690 676 744 in
715 705 780 744 ea
824 688 984 758 prodi
1038 689 1331 760 insigniter
1379 690 1520 746 duos
1567 692 1812 746 auctoris
1847 691 1980 746 aﬂ‘e-

397 787 555 846 etus;
592 781 825 835 alterum
855 781 1060 837 amoris
1080 797 1209 853 erga
1238 783 1574 847 Nestorium,
1603 785 1836 839 alterum
1866 783 1978 838 odii

397 889 527 944 erga
551 873 725 928 sancti
769 872 958 944 Cyrilli
984 876 1244 946 capitula,
1271 892 1393 946 qua;
1428 877 1685 932 haeretica
1715 876 1871 931 dicit.
1901 876 1980 932 Ita

399 961 513 1018 ille.
540 962 744 1019 Verum
785 965 1027 1031 nemini,
1068 966 1292 1036 opinor,
1345 968 1599 1038 theologo
1648 965 1979 1022 sententiam

398 1071 553 1110 suam
592 1057 933 1125 persuaserit
962 1074 975 1111 :
1009 1058 1286 1127 quomodo
1316 1059 1463 1114 enim
1494 1060 1578 1113 vir
1599 1075 1707 1116 non
1735 1059 1984 1114 tardissi-

399 1161 543 1210 mus,
572 1147 877 1217 cujusmodi
927 1158 1078 1203 certe
1117 1165 1225 1204 non
1271 1159 1392 1206 erat
1429 1151 1830 1213 Theodoretus,
1857 1159 1982 1221 post

397 1238 648 1309 exposita
685 1239 907 1292 tertium
939 1255 969 1293 a
995 1238 1202 1311 Cyrillo
1239 1242 1502 1311 capitula,
1539 1244 1983 1300 animadvertere

399 1347 511 1386 non
543 1331 743 1401 potuit,
773 1331 1101 1388 catholicam
1139 1334 1300 1388 ﬁdem
1330 1336 1397 1390 iis
1432 1338 1724 1402 contineri,
1753 1339 1796 1392 si
1819 1338 1984 1394 modo

402 1421 565 1476 fldem
610 1420 757 1475 illam
783 1421 960 1476 sensit
991 1438 1112 1477 esse
1149 1424 1499 1489 catholicam,
1547 1442 1669 1495 quae
1719 1427 1982 1482 unionem

400 1514 684 1584 physicam
709 1521 765 1568 et
792 1514 912 1567 καθ’
955 1515 1254 1569 ὑπόστασιν
1291 1515 1538 1570 fatetur?
1567 1517 1723 1582 Quod
1759 1518 1804 1572 si
1848 1534 1983 1573 vero

401 1603 728 1658 catholicam
758 1619 869 1658 non
895 1605 1069 1659 sensit
1100 1604 1262 1659 fidem
1299 1606 1468 1673 illam,
1497 1607 1771 1676 quomodo
1790 1608 1984 1663 Nesto-

403 1694 544 1749 riani
577 1696 780 1750 erroris
812 1711 922 1751 non
957 1707 1042 1752 est
1077 1697 1246 1752 reus?

477 1785 612 1840 VIII.
652 1784 1092 1852 Observandum,
1143 1804 1176 1842 a
1227 1788 1578 1844 Theodoreto
1611 1789 1727 1845 haec
1762 1790 1818 1844 in
1859 1793 1980 1862 epi-

403 1877 542 1931 stola
587 1887 775 1949 aperte
822 1879 1002 1947 prodi,
1052 1879 1331 1949 quomodo
1383 1889 1528 1936 esset
1571 1881 1806 1938 affectus
1855 1899 1984 1954 erga

406 1965 596 2021 Patres
639 1967 968 2036 Ephesinos,
1021 1969 1226 2038 quippe
1279 1985 1418 2040 quos
1467 1972 1665 2041 impios
1695 1982 1876 2038 vocat,
1929 1984 1987 2030 et

405 2054 531 2112 fidei
559 2059 999 2126 adulteratores;
1026 2061 1303 2130 quomodo
1333 2063 1463 2117 item
1491 2079 1619 2134 erga
1644 2064 1984 2132 Nestorium,

403 2165 568 2219 quem
601 2152 842 2206 amicum
887 2161 943 2206 et
985 2162 1200 2224 patrem
1233 2155 1503 2219 nominat,
1539 2157 1815 2225 quomodo
1859 2172 1986 2229 erga

405 2257 622 2296 sacrum
657 2243 814 2313 371
849 2245 1337 2312 consistorium,et
1362 2248 1500 2302 aula:
1533 2249 1830 2319 principes,
1848 2265 1988 2319 quos

405 2348 542 2388 auro
572 2347 863 2405 corruptos
899 2337 1115 2403 scribit;
1158 2339 1436 2407 quomodo
1476 2339 1695 2393 tandem
1722 2355 1850 2409 erga
1881 2339 1987 2393 im-

406 2434 741 2496 peratorem,
785 2443 912 2482 cum
955 2445 1064 2499 quo
1110 2429 1496 2485 immodestum
1537 2431 1776 2502 jurgium
1805 2440 1990 2486 osten-

407 2523 506 2570 tat.

477 2606 568 2662 ιχ.
620 2607 1039 2664 Observandum
1087 2611 1312 2680 pariter,
1371 2611 1517 2682 quod
1565 2621 1794 2667 narrat:
1837 2613 1891 2666 1ο
1921 2612 1989 2668 de

407 2701 595 2756 favore
627 2711 682 2755 et
713 2702 1064 2757 multitudine
1113 2704 1322 2773 populi,
1386 2705 1454 2759 ad
1506 2721 1634 2760 suas
1696 2707 1992 2762 conciones

408 2793 700 2849 confertim
735 2810 832 2864 per
867 2810 1018 2850 mare
1050 2796 1430 2862 allluentis;2°
1459 2797 1527 2852 de
1557 2797 1699 2862 loco,
1731 2797 1824 2852 ubi
1862 2813 1993 2852 eon-

408 2884 622 2939 cionem
651 2885 921 2954 habebat;
950 2886 1005 2940 5°
1026 2887 1094 2942 de
1119 2901 1345 2942 suorum
1366 2889 1663 2951 nonnullis,
1695 2889 1790 2958 qui
1815 2888 1882 2945 ad
1909 2904 1995 2944 sa-

410 2975 623 3031 niorem
651 2989 894 3034 mentem
930 2979 1140 3034 reversi
1177 2978 1246 3033 ad
1281 2978 1596 3034 Catholieos
1621 2980 1990 3047 recedebant;

2081 503 2256 574 ipsius
2281 505 2370 568 sit,
2396 503 2582 558 nullus
2601 502 2819 558 dubito.
2851 501 2986 556 Nam
3010 502 3211 572 primo,
3238 516 3441 556 nomen
3485 501 3668 557 Theo-

2081 595 2260 650 doreti
2304 612 2430 652 cum
2482 596 2610 650 aliis
2656 595 2963 666 legatorum
3015 594 3334 650 nominibus
3375 595 3664 666 inscriptio

2081 686 2323 755 praefert.
2381 686 2449 740 Et
2499 685 2883 740 Theodoretus
2927 684 3293 740 Orientalium
3331 685 3457 750 fuit,
3497 694 3554 740 et
3609 687 3665 742 in

2083 783 2312 854 synodo,
2339 790 2396 837 et
2425 783 2481 837 in
2513 783 2808 854 legatione,
2841 798 2952 837 non
2990 798 3053 838 os
3090 791 3326 848 tantum,
3353 796 3480 837 cum
3510 781 3662 848 loqui

2083 875 2332 945 oportuit
2356 891 2368 928 :
2399 875 2494 931 sed
2517 876 2686 930 etiam
2714 891 2932 939 manus,
2964 891 3088 930 cum
3113 874 3418 929 scribendae
3445 873 3661 928 littera.

2082 966 2293 1022 Deinde
2345 967 2521 1038 stylus
2575 967 2988 1022 Theodoretum
3029 947 3239 1020 statim
3291 964 3486 1019 lectori
3553 980 3665 1018 non

2081 1058 2459 1130 peregrinanti
2495 1059 2549 1113 in
2591 1059 2835 1114 auctoris
2876 1059 3107 1128 hujusce
3138 1058 3425 1128 operibus,
3459 1057 3661 1126 prodit.

2082 1151 2238 1207 Adde
2261 1151 2408 1222 quod
2439 1151 2778 1206 locutionum
2807 1165 3182 1219 sensuumque
3205 1151 3469 1219 ταυτότης
3505 1149 3560 1203 id
3591 1150 3664 1203 ita

2084 1243 2346 1309 ostendit,
2384 1253 2443 1298 ut
2475 1243 2588 1298 fere
2627 1259 2808 1299 caecus
2849 1243 2939 1308 sit,
2983 1245 3075 1312 qui
3111 1241 3518 1297 Theodoretum
3562 1255 3663 1295 no-

2085 1334 2254 1398 mine,
2279 1333 2482 1397 verbis,
2507 1333 2669 1404 stylo,
2689 1333 2964 1397 sensibus,
2981 1332 3369 1389 animiali‘ectu
3393 1340 3452 1386 et
3480 1346 3666 1386 rerum

2085 1439 2308 1479 suarum
2351 1423 2691 1486 narratione,
2743 1423 2953 1477 clarere
2996 1422 3272 1477 volentem
3301 1437 3412 1476 non
3457 1419 3664 1475 videat.

2155 1515 2222 1570 ll.
2248 1515 2406 1582 Quod
2440 1514 2631 1585 objicit
2657 1513 2926 1568 Baronius
2947 1511 2993 1577 ⁸,
3037 1512 3257 1568 Martini
3291 1511 3666 1566 Mediolanen—

2086 1606 2228 1662 sium
2269 1606 2510 1676 episcopi
2563 1604 2901 1660 mentionem
2955 1601 3095 1667 fieri,
3155 1617 3281 1656 cum
3329 1602 3515 1657 nullus
3564 1602 3668 1657 hoc

2087 1697 2310 1752 nomine
2334 1697 2795 1753 Mediolanensem
2822 1695 3124 1750 Ecclesiam
3147 1702 3279 1748 tune
3305 1694 3532 1758 rexerit,
3556 1709 3669 1749 non

2090 1788 2272 1858 magni
2323 1787 2587 1842 momenti
2640 1796 2744 1842 est.
2795 1784 3251 1854 Quandoquidem
3293 1784 3474 1854 potuit
3509 1783 3668 1842 facile

2089 1889 2185 1933 aut
2233 1879 2349 1948 ipse
2393 1878 2800 1941 Theodoretus,
2838 1877 3004 1932 homo
3035 1877 3196 1948 longe
3220 1877 3451 1946 positus,
3484 1876 3672 1932 Marti-

2088 1985 2220 2023 num
2248 1969 2456 2033 dicere,
2488 1969 2582 2040 qui
2623 1984 2753 2024 vere
2775 1967 3142 2024 Martinianus
3173 1975 3330 2033 erat;
3367 1976 3465 2022 aut
3493 1967 3670 2023 libra-

2089 2060 2226 2126 rius,
2248 2061 2563 2117 Martiniani
2597 2060 2818 2116 nomine
2852 2059 3136 2126 breviato,
3185 2059 3482 2114 Martinam
3530 2060 3678 2115 seri--

2089 2152 2241 2208 bere.

2152 2245 2315 2315 372
2346 2244 2434 2300 lll.
2463 2243 2542 2300 Eo
2579 2253 2822 2316 tempore
2843 2245 2970 2300 data
2995 2255 3101 2310 est,
3133 2261 3244 2316 quo
3272 2246 3439 2318 legati
3469 2245 3670 2302 Orien-

2091 2335 2230 2390 tales
2258 2335 2664 2392 Chalcedonem
2693 2338 2944 2408 appulsi,
2978 2338 3184 2392 ibidem
3209 2339 3517 2394 consistere
3530 2339 3668 2409 jussi

2091 2435 2240 2492 sunt,
2274 2427 2384 2482 imo
2410 2438 2536 2498 post
2559 2429 2817 2498 quintum
2843 2429 3194 2499 imperatoris
3234 2429 3290 2484 in
3315 2429 3668 2486 Rufinianum

2090 2519 2322 2589 profecti
2375 2520 2648 2575 allatum:
2693 2522 2847 2592 prius
2891 2531 3072 2580 tamen
3114 2536 3278 2593 quam
3305 2523 3448 2594 jussi
3485 2532 3672 2580 essent

2092 2627 2221 2666 suas
2255 2612 2309 2665 in
2353 2612 2619 2667 ecclesias
2645 2614 2872 2669 reverti.

2160 2702 2247 2758 IV.
2276 2703 2402 2758 Fuit
2435 2719 2568 2760 vero
2595 2705 2878 2761 scribendi
2913 2707 3227 2772 consilium,
3257 2715 3319 2762 ut
3338 2723 3548 2778 magna;
3577 2723 3673 2762 cu-

2087 2795 2304 2865 jusdam
2367 2797 2666 2866 provinciasI
2708 2797 2935 2852 antistes
2981 2798 3036 2852 in
3085 2806 3271 2867 partes
3304 2796 3671 2853 Orientalium

2097 2887 2433 2953 traheretur,
2483 2905 2587 2945 nec
2624 2889 2902 2946 sineretur
2939 2889 3202 2944 Flaviano
3236 2889 3673 2958 Philippensium

2096 2978 2394 3048 episcopo,
2453 2979 2544 3034 cui
2589 2980 2740 3035 vices
2798 2995 2928 3035 suas
2979 2980 3364 3044 commiserat,
3413 2978 3674 3035 referenti

409 3067 467 3122 4°
494 3068 562 3124 de
591 3069 856 3125 Ecclesiis
891 3072 1128 3126 occlusis
1165 3087 1200 3126 a
1237 3071 1668 3128 Chalcedonensi
1710 3075 1991 3145 episcopo,
2021 3094 2064 3152 ο
2097 3078 2300 3123 sancta:
2321 3070 2515 3141 synodi
2542 3086 2643 3140 pro
2676 3070 3190 3142 Cyrillojudicium.
3223 3070 3384 3126 ﬁdem
3411 3070 3615 3125 habere
3657 3087 3671 3125 :

412 3175 482 3215 ne
509 3170 764 3230 paterent
798 3161 1164 3217 schismaticis
1189 3179 1204 3229 ;
1231 3162 1286 3216 5°
1310 3162 1548 3233 denique
1575 3163 1642 3218 de
1673 3165 1793 3220 zelo
1833 3164 1996 3220 cleri-

412 3264 604 3305 corum
645 3260 702 3305 et
745 3253 1140 3307 monachorum
1194 3253 1351 3308 urbis
1424 3255 1603 3323 regiae.
1653 3255 1996 3310 Clericorum

414 3341 526 3397 dux
555 3352 676 3397 erat
703 3345 991 3414 Philippus
1020 3344 1336 3416 presbyter,
1357 3346 1751 3400 monachorum
1775 3355 1999 3404 sanctus

416 3434 741 3490 Dalmatius.

495 3525 560 3581 Χ.
603 3525 1018 3584 Observandum
1054 3532 1245 3596 etiam,
1297 3533 1710 3588 consonantiam
1771 3535 2000 3605 hujusce

416 3619 669 3690 epistola
715 3629 772 3675 et
819 3621 1102 3676 concionis
1133 3622 1484 3678 Chalcedone
1526 3623 1745 3689 habitae,
1794 3633 2001 3680 tantam

418 3727 560 3774 esse,
589 3721 649 3767 ut
674 3713 846 3768 altera
867 3714 1022 3768 alteri
1062 3714 1223 3770 fidem
1247 3716 1538 3782 conciliet;
1575 3725 1808 3787 utraque
1853 3726 2002 3772 certe

421 3802 749 3858 seditionem
776 3803 970 3873 spirat,
1006 3813 1062 3860 et
1103 3805 1510 3862 Theodoretum
1545 3817 1827 3863 auctorem
1855 3808 2006 3862 clare

423 3895 784 3951 demonstrat.

495 3986 586 4042 XI.
611 3987 1028 4044 Observandum
1051 3989 1310 4061 denique,
1329 3992 1476 4062 quod
1495 3993 1570 4047 ait
1599 3993 2000 4058 Theodoretus,

425 4079 734 4137 Orientales
761 4091 1121 4153 congregatos
1162 4081 1330 4139 fuisse
1371 4085 1594 4154 quidem
1629 4084 2002 4148 Chalcedone,

425 4170 523 4226 sed
549 4179 702 4225 extra
757 4171 1046 4226 ecclesiam
1086 4189 1099 4225 :
1139 4187 1313 4243 eaque
1354 4173 1410 4228 in
1445 4175 1867 4246 congregatione
1920 4173 2007 4228 fu-

427 4259 574 4316 disse
610 4277 822 4331 preces,
867 4279 975 4317 non
1029 4271 1209 4319 tamen
1263 4265 1540 4326 habuisse,
1590 4277 1686 4321 aut
1723 4281 2004 4320 sacrarum

429 4351 838 4424 Scripturarum
872 4355 1184 4420 lectionem,
1216 4365 1310 4411 aut
1337 4357 1710 4422 oblationem;
1749 4363 2006 4426 propter-

2100 3167 2264 3230 atque
2300 3159 2417 3214 haec
2451 3176 2616 3216 causa
2647 3170 2752 3226 est,
2783 3177 2882 3216 cur
2920 3159 3107 3231 Cyrilli
3143 3159 3674 3216 sententia-menda-

2101 3251 2274 3316 citer;
2305 3250 2668 3307 Orientalium
2693 3268 2802 3316 res,
2830 3250 3204 3322 jactabunde;
3241 3259 3448 3306 sancte
3479 3250 3676 3324 synodi

2099 3351 2272 3410 gesta,
2303 3343 2574 3398 invidiose
2610 3352 2974 3414 exponantur.

2173 3433 2236 3488 V.
2272 3434 2352 3488 Ex
2381 3434 2485 3487 hac
2507 3433 2740 3501 epistola
2769 3433 2929 3488 nobis
2960 3442 3218 3502 quatuor,
3257 3434 3402 3489 unde
3417 3433 3677 3490 ecclesia-

2105 3525 2261 3580 sticae
2293 3523 2539 3578 historiae
2570 3539 2681 3579 non
2708 3539 2876 3592 parva
2919 3523 3012 3579 lux
3039 3525 3290 3591 affertur,
3331 3535 3428 3580 aut
3462 3526 3680 3580 innote-

2103 3623 2264 3670 scunt
2288 3613 2548 3682 primum,
2582 3621 2677 3666 aut
2697 3621 2845 3667 certe
2879 3613 3296 3676 conﬁrmantur.

2171 3707 2221 3760 l.
2255 3704 2339 3759 Fit
2366 3703 2576 3757 mentio
2610 3702 2812 3758 Juliani
2839 3704 3120 3774 cujusdam
3155 3705 3388 3761 Eridiea:
3410 3705 3674 3777 episcopi,

2105 3807 2166 3852 ut
2195 3805 2278 3851 est
2311 3797 2366 3850 in
2397 3794 2562 3851 editis
2587 3795 2937 3863 codicibus',
2971 3798 3039 3852 ad
3065 3814 3226 3868 quem
3259 3799 3435 3854 Rufus
3467 3799 3537 3856 de
3573 3798 3677 3856 fide

2103 3887 2500 3950 Niczena,velut
2521 3887 2826 3944 sufliciente
2847 3889 2918 3944 ad
2951 3891 3239 3946 veritatem
3259 3891 3675 3957 ostendendam,

2105 3976 2413 4041 retinenda,
2447 3986 2611 4046 atque
2640 3977 2695 4032 in
2725 3978 2937 4049 synodo
2975 3978 3322 4034 defendenda
3365 3979 3676 4050 Scripserat.

2107 4065 2388 4123 Gerardus
2417 4067 2646 4125 Vossius
2673 4067 2714 4100 '°
2740 4067 2998 4137 opinatus
3031 4078 3136 4134 est,
3183 4068 3332 4123 hunc
3358 4085 3482 4124 esse
3514 4069 3684 4125 lulia-

2106 4173 2242 4214 num
2272 4158 2613 4223 hmreticum,
2643 4158 2760 4228 qui,
2793 4174 2918 4214 eum
2951 4161 3160 4230 ejectus
3197 4175 3262 4214 ea
3305 4159 3462 4215 Italia
3491 4160 3684 4215 confu-

2107 4252 2275 4323 gisset
2303 4251 2372 4306 ad
2394 4251 2684 4316 Asiaticos,
2724 4269 2742 4303 ι
2776 4252 2846 4306 ab
2875 4251 2962 4307 his
2989 4269 3087 4307 seu
3117 4268 3310 4307 verum
3335 4253 3682 4324 episcOpatus

2112 4342 2447 4398 Eridicensis
2480 4343 2770 4408 honorem,
2820 4358 2916 4397 seu
2962 4343 3184 4398 titulum
3232 4343 3422 4398 saltem
3458 4343 3684 4399 honoris

426 4459 492 4499 ea
525 4444 671 4514 quod
698 4445 851 4498 nefas
883 4454 1004 4499 erat
1041 4461 1105 4501 ea
1156 4454 1480 4515 jempesme
1521 4454 1812 4516 utramque
1865 4461 1998 4515 per-
2035 4445 2079 4500 ι)
2111 4449 2243 4504 ergo
2275 4441 2606 4488 consecutus
2632 4433 2726 4488 sit.
2765 4452 2783 4484 ι
2815 4431 3105 4503 Opinionis
3131 4431 3421 4488 falsitatem
3441 4434 3684 4490 ostendit

428 4551 611 4606 agere,
647 4536 753 4591 nisi
797 4537 856 4590 in
904 4538 1158 4592 ecclesia.
1211 4537 1366 4592 Unde
1403 4537 1690 4590 Nestorius
1746 4535 2000 4606 Philippo

428 4628 750 4698 presbytero
774 4643 970 4699 magno
1003 4628 1220 4683 crimini
1249 4627 1413 4681 vertit
1442 4626 1610 4694 quod,
1639 4634 1764 4694 post
1789 4625 2001 4682 disces-

429 4719 640 4774 sionem
680 4736 711 4775 a
731 4721 947 4776 clericis
972 4722 1291 4790 episcopum
1317 4735 1477 4774 suum
1506 4720 1656 4773 velut
1683 4719 2000 4774 haereticum

427 4809 764 4882 fugientibus
795 4811 1174 4880 factam,apud
1208 4826 1265 4865 se
1293 4811 1562 4864 coitiones
1589 4818 1645 4865 et
1664 4811 2000 4866 oblationem

429 4905 748 4974 peregisset.
785 4905 940 4960 Unde
977 4904 1145 4957 etiam
1173 4901 1558 4957 Theodoretus
1600 4903 1715 4973 ipse
1741 4903 2004 4974 singulari

429 4996 839 5067 dispensatione
890 5010 1024 5050 usus
1057 5003 1160 5057 est,
1203 5009 1328 5048 cum
1373 4993 1427 5048 in
1457 4994 1621 5049 Maris
1643 4995 1884 5050 eremitae
1914 5005 2004 5051 tu-

431 5089 612 5157 gurio,
640 5104 738 5158 pro
781 5087 939 5140 altari
975 5100 1105 5139 usus
1149 5085 1506 5139 diaconorum
1552 5086 1824 5152 manibus,
1850 5102 2005 5142 sacra

432 5182 692 5252 mysteria
723 5179 936 5247 peregit
959 5178 1000 5228 ⁷.
1271 5184 1273 5186 ·

649 5286 892 5358 Epistola
929 5286 1044 5350 I70,
1075 5284 1423 5340 Orientalium
1465 5289 1534 5341 ad
1578 5287 1791 5358 Rufum.

504 5381 547 5437 l.
577 5381 726 5434 lianc
761 5378 1141 5434 Theodoretus
1171 5379 1444 5448 nuspiam,
1476 5380 1620 5449 quod
1657 5380 1876 5449 quidem
1903 5394 2004 5434 ηοω

2113 4523 2450 4588 Ilolstenius,
2475 4538 2600 4578 cum
2635 4538 2880 4578 errorem
2912 4524 3114 4594 vulgati
3151 4524 3360 4579 codicis
3405 4525 3685 4590 emendat,

2109 4625 2166 4670 et
2193 4615 2316 4669 loco
2343 4616 2442 4684 τῆς
2473 4613 2744 4685 Ἐριδικῆς
2785 4613 3111 4686 Ἐκκλησίας
3131 4616 3264 4686 legit
3290 4615 3388 4686 τῆς
3418 4617 3684 4688 Σαρδικῆς

2127 4706 2477 4775 Ἑκκλησίας.

2176 4819 2232 4874 2.
2263 4817 2479 4873 Dicitur
2521 4816 2761 4889 Cyrillus
2787 4817 3092 4888 depositus,
3132 4833 3244 4873 non
3283 4825 3346 4872 ut
3395 4817 3688 4874 haereticus

2115 4922 2348 4976 tantum,
2402 4911 2490 4966 cui
2520 4911 2744 4980 patebat
2789 4910 3002 4964 reditus
3026 4925 3125 4980 per
3148 4910 3567 4980 paenitentiam;
3592 4911 3685 4966 sed

2113 5014 2371 5074 tanquam
2399 5002 2769 5058 haeresiarcha
2816 5001 2934 5055 sine
2975 5001 3086 5055 ulla
3128 5015 3222 5070 spe
3269 5001 3682 5056 restitutionis:

2111 5096 2259 5166 quod
2289 5096 2570 5150 sanciebat
2602 5103 2760 5148 vetus
2790 5093 3051 5148 Ecclesia:
3073 5092 3379 5162 disciplina.

2177 5191 2229 5245 5.
2257 5189 2582 5259 Su5pieione
2622 5202 2732 5241 non
2777 5196 2948 5253 caret,
2979 5187 3126 5257 quod
3165 5187 3687 5256 dieiturimperator

2113 5283 2404 5339 mandasse
2435 5280 2751 5344 Catholicis,
2783 5289 2845 5334 ut
2885 5279 2970 5334 vel
2999 5279 3176 5350 capita
3215 5279 3400 5350 Cyrilli
3428 5288 3685 5347 tanquam

2115 5376 2241 5430 fidei
2260 5375 2489 5430 adversa
2534 5371 2806 5441 rejieiant,
2837 5372 2924 5427 vel
2946 5381 3094 5426 certe
3121 5379 3376 5441 suscepto
3405 5386 3462 5425 in
3493 5381 3684 5424 eorum

1769 5529 2086 5588 SCHULZII
2136 5527 2228 5583 NO
2248 5526 2362 5581 ΓΕ.

475 5707 479 5710 ~
507 5679 527 5708 "
554 5679 669 5733 Vid.
690 5681 852 5734 etiam
881 5693 1066 5744 supra,
1103 5693 1155 5744 p.
1187 5675 1308 5730 160.

438 5748 736 5807 Sirmondi.
811 5751 850 5781 ὀ
882 5744 1002 5804 Lib.
1031 5763 1046 5803 ι
1075 5747 1147 5802 Dc
1165 5751 1292 5802 ha'r.
1328 5745 1532 5816 Pclag.,
1565 5760 1682 5816 cap.
1717 5744 1766 5798 6.

1391 5677 1412 5707 ⁸
1444 5674 1636 5729 Annal.
1675 5683 1808 5727 tom.
1846 5672 1908 5741 Υ,
1946 5689 1997 5743 p.
2038 5672 2157 5728 6'77.
2235 5671 2255 5702 ’
2294 5668 2355 5725 Ut
2384 5699 2450 5708 ρο-
2479 5667 2752 5722 codicibus.
2814 5667 2890 5721 lla
2957 5683 3174 5736 quoque
3218 5664 3453 5722 habebat
3515 5663 3683 5720 editio
