  <div class='ocr_page' id='page_1' title='image "/cluster/home/n/w/nwhite01/storage/ocr_20150623/84/pst.000005712830/168.png"; bbox 0 0 3952 6294; ppageno 0'>
   <div class='ocr_carea' id='block_1_1' title="bbox 292 268 391 335">
    <p class='ocr_par' dir='ltr' id='par_1_1' title="bbox 292 268 391 335">
     <span class='ocr_line' id='line_1_1' title="bbox 292 268 391 335; baseline -0.02 -1"><span class='ocrx_word' id='word_1_1' title='bbox 292 268 391 335; x_wconf 81' lang='grc'><strong>321</strong></span> 
     </span>
    </p>
   </div>
   <div class='ocr_carea' id='block_1_2' title="bbox 1458 271 2390 334">
    <p class='ocr_par' dir='ltr' id='par_1_2' title="bbox 1458 271 2390 334">
     <span class='ocr_line' id='line_1_2' title="bbox 1458 271 2390 334; baseline -0.001 -1"><span class='ocrx_word' id='word_1_2' title='bbox 1458 273 1554 334; x_wconf 82' lang='lat' dir='ltr'><strong>DE</strong></span> <span class='ocrx_word' id='word_1_3' title='bbox 1592 271 1847 333; x_wconf 69' lang='lat' dir='ltr'><strong>LiBRIS</strong></span> <span class='ocrx_word' id='word_1_4' title='bbox 1882 271 2390 333; x_wconf 78' lang='lat' dir='ltr'><strong>THEODOBETI.</strong></span> 
     </span>
    </p>
   </div>
   <div class='ocr_carea' id='block_1_3' title="bbox 3443 269 3548 333">
    <p class='ocr_par' dir='ltr' id='par_1_3' title="bbox 3443 269 3548 333">
     <span class='ocr_line' id='line_1_3' title="bbox 3443 269 3548 333; baseline 0 0"><span class='ocrx_word' id='word_1_5' title='bbox 3443 269 3548 333; x_wconf 77' lang='lat'><strong>3‘22</strong></span> 
     </span>
    </p>
   </div>
   <div class='ocr_carea' id='block_1_4' title="bbox 297 379 3544 455">
    <p class='ocr_par' dir='ltr' id='par_1_4' title="bbox 297 379 3544 455">
     <span class='ocr_line' id='line_1_4' title="bbox 297 379 3544 455; baseline 0.002 -21"><span class='ocrx_word' id='word_1_6' title='bbox 297 379 674 438; x_wconf 87' lang='lat' dir='ltr'><strong>defensionem</strong></span> <span class='ocrx_word' id='word_1_7' title='bbox 735 382 1058 448; x_wconf 76' lang='lat' dir='ltr'><strong>certamine,</strong></span> <span class='ocrx_word' id='word_1_8' title='bbox 1115 393 1430 439; x_wconf 87' lang='lat' dir='ltr'><strong>sanctorum</strong></span> <span class='ocrx_word' id='word_1_9' title='bbox 1481 384 1703 438; x_wconf 78' lang='lat' dir='ltr'><strong>Patrum</strong></span> <span class='ocrx_word' id='word_1_10' title='bbox 1748 399 1878 438; x_wconf 77' lang='lat' dir='ltr'><strong>cou-</strong></span> <span class='ocrx_word' id='word_1_11' title='bbox 1907 389 1946 443; x_wconf 88' lang='grc' dir='ltr'><strong>Α</strong></span> <span class='ocrx_word' id='word_1_12' title='bbox 1977 393 2033 437; x_wconf 91' lang='lat' dir='ltr'><strong>et</strong></span> <span class='ocrx_word' id='word_1_13' title='bbox 2077 383 2194 454; x_wconf 80' lang='lat' dir='ltr'><strong>ipsa</strong></span> <span class='ocrx_word' id='word_1_14' title='bbox 2243 381 2521 455; x_wconf 84' lang='lat' dir='ltr'><strong>synodalis</strong></span> <span class='ocrx_word' id='word_1_15' title='bbox 2550 391 2654 446; x_wconf 89' lang='lat' dir='ltr'><strong>est,</strong></span> <span class='ocrx_word' id='word_1_16' title='bbox 2680 389 2742 438; x_wconf 92' lang='lat' dir='ltr'><strong>ut</strong></span> <span class='ocrx_word' id='word_1_17' title='bbox 2781 397 2882 439; x_wconf 89' lang='lat' dir='ltr'><strong>suo</strong></span> <span class='ocrx_word' id='word_1_18' title='bbox 2907 382 3030 439; x_wconf 92' lang='lat' dir='ltr'><strong>loco</strong></span> <span class='ocrx_word' id='word_1_19' title='bbox 3059 383 3544 452; x_wconf 79' lang='lat' dir='ltr'><strong>demonstrabitur,</strong></span> 
     </span>
    </p>
   </div>
   <div class='ocr_carea' id='block_1_5' title="bbox 295 475 1872 548">
    <p class='ocr_par' dir='ltr' id='par_1_5' title="bbox 295 475 1872 548">
     <span class='ocr_line' id='line_1_5' title="bbox 295 475 1872 548; baseline 0 -18"><span class='ocrx_word' id='word_1_20' title='bbox 295 475 521 531; x_wconf 90' lang='lat' dir='ltr'><strong>fessioni</strong></span> <span class='ocrx_word' id='word_1_21' title='bbox 554 483 926 531; x_wconf 76' lang='lat' dir='ltr'><strong>consentanea</strong></span> <span class='ocrx_word' id='word_1_22' title='bbox 949 492 1072 530; x_wconf 90' lang='lat' dir='ltr'><strong>esse</strong></span> <span class='ocrx_word' id='word_1_23' title='bbox 1096 476 1272 546; x_wconf 81' lang='lat' dir='ltr'><strong>palam</strong></span> <span class='ocrx_word' id='word_1_24' title='bbox 1299 476 1610 532; x_wconf 77' lang='lat' dir='ltr'><strong>ostendant.</strong></span> <span class='ocrx_word' id='word_1_25' title='bbox 1645 477 1702 531; x_wconf 87' lang='lat' dir='ltr'><strong>Si</strong></span> <span class='ocrx_word' id='word_1_26' title='bbox 1741 476 1872 548; x_wconf 90' lang='lat' dir='ltr'><strong>quid</strong></span> 
     </span>
    </p>
   </div>
   <div class='ocr_carea' id='block_1_6' title="bbox 297 565 1872 637">
    <p class='ocr_par' dir='ltr' id='par_1_6' title="bbox 297 565 1872 637">
     <span class='ocr_line' id='line_1_6' title="bbox 297 565 1872 637; baseline 0.001 -16"><span class='ocrx_word' id='word_1_27' title='bbox 297 566 573 637; x_wconf 85' lang='lat' dir='ltr'><strong>ejusmodi</strong></span> <span class='ocrx_word' id='word_1_28' title='bbox 619 565 934 621; x_wconf 86' lang='lat' dir='ltr'><strong>mandasset</strong></span> <span class='ocrx_word' id='word_1_29' title='bbox 976 567 1322 623; x_wconf 85' lang='lat' dir='ltr'><strong>Theodosius</strong></span> <span class='ocrx_word' id='word_1_30' title='bbox 1376 568 1704 633; x_wconf 85' lang='lat' dir='ltr'><strong>Catholicis,</strong></span> <span class='ocrx_word' id='word_1_31' title='bbox 1764 585 1872 623; x_wconf 80' lang='lat' dir='ltr'><strong>non</strong></span> 
     </span>
    </p>
   </div>
   <div class='ocr_carea' id='block_1_7' title="bbox 297 659 1873 730">
    <p class='ocr_par' dir='ltr' id='par_1_7' title="bbox 297 659 1873 730">
     <span class='ocr_line' id='line_1_7' title="bbox 297 659 1873 730; baseline -0.001 -16"><span class='ocrx_word' id='word_1_32' title='bbox 297 660 452 729; x_wconf 87' lang='lat' dir='ltr'><strong>prius</strong></span> <span class='ocrx_word' id='word_1_33' title='bbox 480 659 535 713; x_wconf 89' lang='lat' dir='ltr'><strong>in</strong></span> <span class='ocrx_word' id='word_1_34' title='bbox 567 659 763 714; x_wconf 87' lang='lat' dir='ltr'><strong>urbem</strong></span> <span class='ocrx_word' id='word_1_35' title='bbox 796 661 999 730; x_wconf 79' lang='lat' dir='ltr'><strong>regiam</strong></span> <span class='ocrx_word' id='word_1_36' title='bbox 1025 659 1092 715; x_wconf 89' lang='lat' dir='ltr'><strong>ad</strong></span> <span class='ocrx_word' id='word_1_37' title='bbox 1138 660 1518 716; x_wconf 78' lang='lat' dir='ltr'><strong>suﬂlciendum</strong></span> <span class='ocrx_word' id='word_1_38' title='bbox 1553 660 1791 715; x_wconf 76' lang='lat' dir='ltr'><strong>Nestorii</strong></span> <span class='ocrx_word' id='word_1_39' title='bbox 1820 661 1873 713; x_wconf 82' lang='lat' dir='ltr'><strong>in</strong></span> 
     </span>
    </p>
   </div>
   <div class='ocr_carea' id='block_1_8' title="bbox 299 749 1874 821">
    <p class='ocr_par' dir='ltr' id='par_1_8' title="bbox 299 749 1874 821">
     <span class='ocr_line' id='line_1_8' title="bbox 299 749 1874 821; baseline -0.001 -17"><span class='ocrx_word' id='word_1_40' title='bbox 299 749 486 804; x_wconf 82' lang='lat' dir='ltr'><strong>sedem</strong></span> <span class='ocrx_word' id='word_1_41' title='bbox 516 749 836 819; x_wconf 87' lang='lat' dir='ltr'><strong>episcopum</strong></span> <span class='ocrx_word' id='word_1_42' title='bbox 870 750 1193 820; x_wconf 76' lang='lat' dir='ltr'><strong>excepisset,</strong></span> <span class='ocrx_word' id='word_1_43' title='bbox 1243 766 1406 821; x_wconf 89' lang='lat' dir='ltr'><strong>quam</strong></span> <span class='ocrx_word' id='word_1_44' title='bbox 1451 749 1638 820; x_wconf 85' lang='lat' dir='ltr'><strong>Cyrilli</strong></span> <span class='ocrx_word' id='word_1_45' title='bbox 1695 749 1874 819; x_wconf 86' lang='lat' dir='ltr'><strong>capita</strong></span> 
     </span>
    </p>
   </div>
   <div class='ocr_carea' id='block_1_9' title="bbox 300 839 1873 912">
    <p class='ocr_par' dir='ltr' id='par_1_9' title="bbox 300 839 1873 912">
     <span class='ocr_line' id='line_1_9' title="bbox 300 839 1873 912; baseline 0 -18"><span class='ocrx_word' id='word_1_46' title='bbox 300 839 676 904; x_wconf 83' lang='lat' dir='ltr'><strong>damnassent,</strong></span> <span class='ocrx_word' id='word_1_47' title='bbox 727 856 849 912; x_wconf 71' lang='lat' dir='ltr'><strong>qua:</strong></span> <span class='ocrx_word' id='word_1_48' title='bbox 891 851 1039 894; x_wconf 88' lang='lat' dir='ltr'><strong>certe</strong></span> <span class='ocrx_word' id='word_1_49' title='bbox 1080 856 1189 894; x_wconf 89' lang='lat' dir='ltr'><strong>non</strong></span> <span class='ocrx_word' id='word_1_50' title='bbox 1243 840 1596 895; x_wconf 88' lang='lat' dir='ltr'><strong>damnarunt.</strong></span> <span class='ocrx_word' id='word_1_51' title='bbox 1639 840 1774 893; x_wconf 84' lang='lat' dir='ltr'><strong>Nam</strong></span> <span class='ocrx_word' id='word_1_52' title='bbox 1827 840 1873 894; x_wconf 89' lang='lat' dir='ltr'><strong>si</strong></span> 
     </span>
    </p>
   </div>
   <div class='ocr_carea' id='block_1_10' title="bbox 297 928 1873 1000">
    <p class='ocr_par' dir='ltr' id='par_1_10' title="bbox 297 928 1873 1000">
     <span class='ocr_line' id='line_1_10' title="bbox 297 928 1873 1000; baseline -0.001 -17"><span class='ocrx_word' id='word_1_53' title='bbox 297 929 672 993; x_wconf 86' lang='lat' dir='ltr'><strong>damnassent,</strong></span> <span class='ocrx_word' id='word_1_54' title='bbox 727 945 829 983; x_wconf 88' lang='lat' dir='ltr'><strong>cur</strong></span> <span class='ocrx_word' id='word_1_55' title='bbox 875 929 930 982; x_wconf 92' lang='lat' dir='ltr'><strong>in</strong></span> <span class='ocrx_word' id='word_1_56' title='bbox 971 929 1383 984; x_wconf 88' lang='lat' dir='ltr'><strong>conditionibus</strong></span> <span class='ocrx_word' id='word_1_57' title='bbox 1431 930 1583 1000; x_wconf 82' lang='lat' dir='ltr'><strong>pacis</strong></span> <span class='ocrx_word' id='word_1_58' title='bbox 1621 930 1770 983; x_wconf 90' lang='lat' dir='ltr'><strong>nulla</strong></span> <span class='ocrx_word' id='word_1_59' title='bbox 1814 928 1873 983; x_wconf 81' lang='lat' dir='ltr'><strong>lit</strong></span> 
     </span>
    </p>
   </div>
   <div class='ocr_carea' id='block_1_11' title="bbox 297 1018 1876 1091">
    <p class='ocr_par' dir='ltr' id='par_1_11' title="bbox 297 1018 1876 1091">
     <span class='ocr_line' id='line_1_11' title="bbox 297 1018 1876 1091; baseline -0.001 -15"><span class='ocrx_word' id='word_1_60' title='bbox 297 1021 671 1076; x_wconf 85' lang='lat' dir='ltr'><strong>damnationis</strong></span> <span class='ocrx_word' id='word_1_61' title='bbox 698 1020 904 1076; x_wconf 88' lang='lat' dir='ltr'><strong>mentio</strong></span> <span class='ocrx_word' id='word_1_62' title='bbox 927 1021 950 1072; x_wconf 84' lang='lat'><strong>?</strong></span> <span class='ocrx_word' id='word_1_63' title='bbox 973 1018 1083 1076; x_wconf 85' lang='lat' dir='ltr'><strong>Cur</strong></span> <span class='ocrx_word' id='word_1_64' title='bbox 1113 1023 1284 1091; x_wconf 89' lang='lat' dir='ltr'><strong>petita</strong></span> <span class='ocrx_word' id='word_1_65' title='bbox 1326 1030 1410 1076; x_wconf 87' lang='lat' dir='ltr'><strong>est</strong></span> <span class='ocrx_word' id='word_1_66' title='bbox 1448 1029 1561 1075; x_wconf 88' lang='lat' dir='ltr'><strong>tam</strong></span> <span class='ocrx_word' id='word_1_67' title='bbox 1603 1021 1876 1075; x_wconf 80' lang='lat' dir='ltr'><strong>instanter</strong></span> 
     </span>
    </p>
   </div>
   <div class='ocr_carea' id='block_1_12' title="bbox 294 1108 1874 1182">
    <p class='ocr_par' dir='ltr' id='par_1_12' title="bbox 294 1108 1874 1182">
     <span class='ocr_line' id='line_1_12' title="bbox 294 1108 1874 1182; baseline 0.001 -19"><span class='ocrx_word' id='word_1_68' title='bbox 294 1110 363 1165; x_wconf 88' lang='lat' dir='ltr'><strong>ab</strong></span> <span class='ocrx_word' id='word_1_69' title='bbox 383 1109 794 1165; x_wconf 78' lang='lat' dir='ltr'><strong>Orientalibus?</strong></span> <span class='ocrx_word' id='word_1_70' title='bbox 808 1108 920 1164; x_wconf 89' lang='lat' dir='ltr'><strong>Cur</strong></span> <span class='ocrx_word' id='word_1_71' title='bbox 949 1119 1056 1164; x_wconf 88' lang='lat' dir='ltr'><strong>tam</strong></span> <span class='ocrx_word' id='word_1_72' title='bbox 1077 1118 1459 1165; x_wconf 88' lang='lat' dir='ltr'><strong>asseveranter</strong></span> <span class='ocrx_word' id='word_1_73' title='bbox 1474 1110 1710 1182; x_wconf 82' lang='lat' dir='ltr'><strong>Cyrillus</strong></span> <span class='ocrx_word' id='word_1_74' title='bbox 1737 1109 1874 1164; x_wconf 86' lang='lat' dir='ltr'><strong>nihil</strong></span> 
     </span>
    </p>
   </div>
   <div class='ocr_carea' id='block_1_13' title="bbox 295 1201 1875 1272">
    <p class='ocr_par' dir='ltr' id='par_1_13' title="bbox 295 1201 1875 1272">
     <span class='ocr_line' id='line_1_13' title="bbox 295 1201 1875 1272; baseline -0.002 -15"><span class='ocrx_word' id='word_1_75' title='bbox 295 1219 326 1257; x_wconf 87' lang='lat' dir='ltr'><strong>a</strong></span> <span class='ocrx_word' id='word_1_76' title='bbox 351 1218 412 1257; x_wconf 89' lang='lat' dir='ltr'><strong>se</strong></span> <span class='ocrx_word' id='word_1_77' title='bbox 442 1203 711 1271; x_wconf 90' lang='lat' dir='ltr'><strong>scriptum</strong></span> <span class='ocrx_word' id='word_1_78' title='bbox 745 1201 1048 1265; x_wconf 88' lang='lat' dir='ltr'><strong>contendit,</strong></span> <span class='ocrx_word' id='word_1_79' title='bbox 1085 1202 1231 1272; x_wconf 88' lang='lat' dir='ltr'><strong>quod</strong></span> <span class='ocrx_word' id='word_1_80' title='bbox 1279 1202 1560 1257; x_wconf 88' lang='lat' dir='ltr'><strong>obliterari</strong></span> <span class='ocrx_word' id='word_1_81' title='bbox 1596 1201 1875 1256; x_wconf 77' lang='lat' dir='ltr'><strong>deberet?</strong></span> 
     </span>
    </p>
   </div>
   <div class='ocr_carea' id='block_1_14' title="bbox 293 1292 1872 1364">
    <p class='ocr_par' dir='ltr' id='par_1_14' title="bbox 293 1292 1872 1364">
     <span class='ocr_line' id='line_1_14' title="bbox 293 1292 1872 1364; baseline -0.002 -15"><span class='ocrx_word' id='word_1_82' title='bbox 293 1294 408 1350; x_wconf 90' lang='lat' dir='ltr'><strong>Cur</strong></span> <span class='ocrx_word' id='word_1_83' title='bbox 455 1295 862 1357; x_wconf 86' lang='lat' dir='ltr'><strong>Theodoretus,</strong></span> <span class='ocrx_word' id='word_1_84' title='bbox 899 1308 1026 1349; x_wconf 89' lang='lat' dir='ltr'><strong>cum</strong></span> <span class='ocrx_word' id='word_1_85' title='bbox 1080 1295 1215 1349; x_wconf 89' lang='lat' dir='ltr'><strong>alias</strong></span> <span class='ocrx_word' id='word_1_86' title='bbox 1261 1295 1625 1364; x_wconf 87' lang='lat' dir='ltr'><strong>capitulorum</strong></span> <span class='ocrx_word' id='word_1_87' title='bbox 1681 1292 1872 1364; x_wconf 89' lang='lat' dir='ltr'><strong>Cyrilli</strong></span> 
     </span>
    </p>
   </div>
   <div class='ocr_carea' id='block_1_15' title="bbox 296 1382 1872 1454">
    <p class='ocr_par' dir='ltr' id='par_1_15' title="bbox 296 1382 1872 1454">
     <span class='ocr_line' id='line_1_15' title="bbox 296 1382 1872 1454; baseline -0.001 -16"><span class='ocrx_word' id='word_1_88' title='bbox 296 1385 550 1438; x_wconf 88' lang='lat' dir='ltr'><strong>meminit</strong></span> <span class='ocrx_word' id='word_1_89' title='bbox 571 1384 845 1453; x_wconf 86' lang='lat' dir='ltr'><strong>(meminit</strong></span> <span class='ocrx_word' id='word_1_90' title='bbox 873 1399 1024 1447; x_wconf 88' lang='lat' dir='ltr'><strong>vero,</strong></span> <span class='ocrx_word' id='word_1_91' title='bbox 1044 1383 1260 1453; x_wconf 88' lang='lat' dir='ltr'><strong>quoties</strong></span> <span class='ocrx_word' id='word_1_92' title='bbox 1293 1385 1506 1438; x_wconf 83' lang='lat' dir='ltr'><strong>occasio</strong></span> <span class='ocrx_word' id='word_1_93' title='bbox 1531 1400 1589 1439; x_wconf 90' lang='lat' dir='ltr'><strong>se</strong></span> <span class='ocrx_word' id='word_1_94' title='bbox 1621 1382 1872 1454; x_wconf 79' lang='lat' dir='ltr'><strong>praebet),</strong></span> 
     </span>
    </p>
   </div>
   <div class='ocr_carea' id='block_1_16' title="bbox 295 1473 1875 1544">
    <p class='ocr_par' dir='ltr' id='par_1_16' title="bbox 295 1473 1875 1544">
     <span class='ocr_line' id='line_1_16' title="bbox 295 1473 1875 1544; baseline -0.001 -15"><span class='ocrx_word' id='word_1_95' title='bbox 295 1474 440 1529; x_wconf 88' lang='lat' dir='ltr'><strong>hanc</strong></span> <span class='ocrx_word' id='word_1_96' title='bbox 491 1473 1006 1529; x_wconf 85' lang='lat' dir='ltr'><strong>condemnationem</strong></span> <span class='ocrx_word' id='word_1_97' title='bbox 1048 1489 1158 1528; x_wconf 92' lang='lat' dir='ltr'><strong>non</strong></span> <span class='ocrx_word' id='word_1_98' title='bbox 1211 1473 1454 1543; x_wconf 85' lang='lat' dir='ltr'><strong>objecit?</strong></span> <span class='ocrx_word' id='word_1_99' title='bbox 1503 1473 1612 1528; x_wconf 86' lang='lat' dir='ltr'><strong>Cur</strong></span> <span class='ocrx_word' id='word_1_100' title='bbox 1641 1473 1875 1544; x_wconf 89' lang='lat' dir='ltr'><strong>Cyrillus</strong></span> 
     </span>
    </p>
   </div>
   <div class='ocr_carea' id='block_1_17' title="bbox 296 1563 1872 1635">
    <p class='ocr_par' dir='ltr' id='par_1_17' title="bbox 296 1563 1872 1635">
     <span class='ocr_line' id='line_1_17' title="bbox 296 1563 1872 1635; baseline 0.001 -19"><span class='ocrx_word' id='word_1_101' title='bbox 296 1565 498 1619; x_wconf 82' lang='lat' dir='ltr'><strong>Acacio</strong></span> <span class='ocrx_word' id='word_1_102' title='bbox 531 1563 807 1627; x_wconf 85' lang='lat' dir='ltr'><strong>Meliteno,</strong></span> <span class='ocrx_word' id='word_1_103' title='bbox 843 1565 937 1633; x_wconf 90' lang='lat' dir='ltr'><strong>qui</strong></span> <span class='ocrx_word' id='word_1_104' title='bbox 968 1564 1073 1618; x_wconf 87' lang='lat' dir='ltr'><strong>fuit</strong></span> <span class='ocrx_word' id='word_1_105' title='bbox 1117 1579 1262 1619; x_wconf 87' lang='lat' dir='ltr'><strong>unus</strong></span> <span class='ocrx_word' id='word_1_106' title='bbox 1294 1564 1362 1618; x_wconf 94' lang='lat' dir='ltr'><strong>de</strong></span> <span class='ocrx_word' id='word_1_107' title='bbox 1396 1565 1586 1635; x_wconf 77' lang='lat' dir='ltr'><strong>legatis</strong></span> <span class='ocrx_word' id='word_1_108' title='bbox 1628 1563 1872 1618; x_wconf 83' lang='lat' dir='ltr'><strong>Catholi-</strong></span> 
     </span>
    </p>
   </div>
   <div class='ocr_carea' id='block_1_18' title="bbox 297 1658 1875 1728">
    <p class='ocr_par' dir='ltr' id='par_1_18' title="bbox 297 1658 1875 1728">
     <span class='ocr_line' id='line_1_18' title="bbox 297 1658 1875 1728; baseline -0.002 -15"><span class='ocrx_word' id='word_1_109' title='bbox 297 1673 512 1722; x_wconf 90' lang='lat' dir='ltr'><strong>corum,</strong></span> <span class='ocrx_word' id='word_1_110' title='bbox 546 1658 800 1728; x_wconf 90' lang='lat' dir='ltr'><strong>querenti</strong></span> <span class='ocrx_word' id='word_1_111' title='bbox 831 1658 978 1728; x_wconf 88' lang='lat' dir='ltr'><strong>quod</strong></span> <span class='ocrx_word' id='word_1_112' title='bbox 1000 1658 1154 1712; x_wconf 81' lang='lat' dir='ltr'><strong>visus</strong></span> <span class='ocrx_word' id='word_1_113' title='bbox 1174 1666 1321 1712; x_wconf 86' lang='lat' dir='ltr'><strong>esset</strong></span> <span class='ocrx_word' id='word_1_114' title='bbox 1341 1658 1624 1728; x_wconf 83' lang='lat' dir='ltr'><strong>pristinam</strong></span> <span class='ocrx_word' id='word_1_115' title='bbox 1655 1664 1875 1711; x_wconf 80' lang='lat' dir='ltr'><strong>senten-</strong></span> 
     </span>
    </p>
   </div>
   <div class='ocr_carea' id='block_1_19' title="bbox 1973 473 3303 545">
    <p class='ocr_par' dir='ltr' id='par_1_19' title="bbox 1973 473 3303 545">
     <span class='ocr_line' id='line_1_19' title="bbox 1973 473 3303 545; baseline 0.002 -19"><span class='ocrx_word' id='word_1_116' title='bbox 1973 480 2032 526; x_wconf 89' lang='lat' dir='ltr'><strong>et</strong></span> <span class='ocrx_word' id='word_1_117' title='bbox 2066 473 2134 526; x_wconf 89' lang='lat' dir='ltr'><strong>ab</strong></span> <span class='ocrx_word' id='word_1_118' title='bbox 2166 473 2358 528; x_wconf 87' lang='lat' dir='ltr'><strong>eadem</strong></span> <span class='ocrx_word' id='word_1_119' title='bbox 2390 473 2598 545; x_wconf 85' lang='lat' dir='ltr'><strong>synodo</strong></span> <span class='ocrx_word' id='word_1_120' title='bbox 2617 475 2810 530; x_wconf 83' lang='lat' dir='ltr'><strong>eodem</strong></span> <span class='ocrx_word' id='word_1_121' title='bbox 2847 482 3092 545; x_wconf 89' lang='lat' dir='ltr'><strong>tempore</strong></span> <span class='ocrx_word' id='word_1_122' title='bbox 3118 475 3303 530; x_wconf 87' lang='lat' dir='ltr'><strong>missa.</strong></span> 
     </span>
    </p>
   </div>
   <div class='ocr_carea' id='block_1_20' title="bbox 2051 563 3552 636">
    <p class='ocr_par' dir='ltr' id='par_1_20' title="bbox 2051 563 3552 636">
     <span class='ocr_line' id='line_1_20' title="bbox 2051 563 3552 636; baseline 0.003 -19"><span class='ocrx_word' id='word_1_123' title='bbox 2051 564 2138 617; x_wconf 92' lang='lat' dir='ltr'><strong>lll.</strong></span> <span class='ocrx_word' id='word_1_124' title='bbox 2174 563 2343 618; x_wconf 84' lang='lat' dir='ltr'><strong>Docet</strong></span> <span class='ocrx_word' id='word_1_125' title='bbox 2370 566 2654 635; x_wconf 85' lang='lat' dir='ltr'><strong>inscriptio</strong></span> <span class='ocrx_word' id='word_1_126' title='bbox 2682 565 2862 620; x_wconf 87' lang='lat' dir='ltr'><strong>datam</strong></span> <span class='ocrx_word' id='word_1_127' title='bbox 2895 581 3014 620; x_wconf 89' lang='lat' dir='ltr'><strong>esse</strong></span> <span class='ocrx_word' id='word_1_128' title='bbox 3042 567 3106 631; x_wconf 76' lang='lat'><strong>“,</strong></span> <span class='ocrx_word' id='word_1_129' title='bbox 3143 582 3267 620; x_wconf 92' lang='lat' dir='ltr'><strong>cum</strong></span> <span class='ocrx_word' id='word_1_130' title='bbox 3299 566 3366 620; x_wconf 93' lang='lat' dir='ltr'><strong>de</strong></span> <span class='ocrx_word' id='word_1_131' title='bbox 3400 567 3552 636; x_wconf 81' lang='lat' dir='ltr'><strong>pacis</strong></span> 
     </span>
    </p>
   </div>
   <div class='ocr_carea' id='block_1_21' title="bbox 1979 653 3552 726">
    <p class='ocr_par' dir='ltr' id='par_1_21' title="bbox 1979 653 3552 726">
     <span class='ocr_line' id='line_1_21' title="bbox 1979 653 3552 726; baseline 0.006 -22"><span class='ocrx_word' id='word_1_132' title='bbox 1979 653 2392 709; x_wconf 85' lang='lat' dir='ltr'><strong>conditionibus</strong></span> <span class='ocrx_word' id='word_1_133' title='bbox 2419 668 2676 726; x_wconf 80' lang='lat' dir='ltr'><strong>ageretur</strong></span> <span class='ocrx_word' id='word_1_134' title='bbox 2705 658 2751 688; x_wconf 75' lang='lat'>“</span> <span class='ocrx_word' id='word_1_135' title='bbox 2779 657 2834 710; x_wconf 90' lang='lat' dir='ltr'><strong>in</strong></span> <span class='ocrx_word' id='word_1_136' title='bbox 2884 658 3116 712; x_wconf 84' lang='lat' dir='ltr'><strong>concilio</strong></span> <span class='ocrx_word' id='word_1_137' title='bbox 3169 659 3396 714; x_wconf 76' lang='lat' dir='ltr'><strong>Joannis</strong></span> <span class='ocrx_word' id='word_1_138' title='bbox 3440 660 3552 713; x_wconf 81' lang='lat' dir='ltr'><strong>An—</strong></span> 
     </span>
    </p>
   </div>
   <div class='ocr_carea' id='block_1_22' title="bbox 1979 743 3556 817">
    <p class='ocr_par' dir='ltr' id='par_1_22' title="bbox 1979 743 3556 817">
     <span class='ocr_line' id='line_1_22' title="bbox 1979 743 3556 817; baseline 0.004 -22"><span class='ocrx_word' id='word_1_139' title='bbox 1979 743 2224 797; x_wconf 87' lang='lat' dir='ltr'><strong>tiocheni</strong></span> <span class='ocrx_word' id='word_1_140' title='bbox 2271 745 2413 813; x_wconf 90' lang='lat' dir='ltr'><strong>apud</strong></span> <span class='ocrx_word' id='word_1_141' title='bbox 2438 745 2700 801; x_wconf 83' lang='lat' dir='ltr'><strong>Acacium</strong></span> <span class='ocrx_word' id='word_1_142' title='bbox 2748 746 3116 810; x_wconf 74' lang='lat' dir='ltr'><strong>Bermenscm,</strong></span> <span class='ocrx_word' id='word_1_143' title='bbox 3155 755 3441 817; x_wconf 83' lang='lat' dir='ltr'><strong>postquam</strong></span> <span class='ocrx_word' id='word_1_144' title='bbox 3466 762 3556 802; x_wconf 89' lang='lat' dir='ltr'><strong>ac-</strong></span> 
     </span>
    </p>
   </div>
   <div class='ocr_carea' id='block_1_23' title="bbox 1977 835 3554 909">
    <p class='ocr_par' dir='ltr' id='par_1_23' title="bbox 1977 835 3554 909">
     <span class='ocr_line' id='line_1_23' title="bbox 1977 835 3554 909; baseline 0.004 -21"><span class='ocrx_word' id='word_1_145' title='bbox 1977 842 2133 903; x_wconf 89' lang='lat' dir='ltr'><strong>cepta</strong></span> <span class='ocrx_word' id='word_1_146' title='bbox 2160 843 2245 889; x_wconf 92' lang='lat' dir='ltr'><strong>est</strong></span> <span class='ocrx_word' id='word_1_147' title='bbox 2267 835 2336 889; x_wconf 90' lang='lat' dir='ltr'><strong>ab</strong></span> <span class='ocrx_word' id='word_1_148' title='bbox 2359 835 2730 891; x_wconf 88' lang='lat' dir='ltr'><strong>Orientalibus</strong></span> <span class='ocrx_word' id='word_1_149' title='bbox 2760 837 2931 891; x_wconf 90' lang='lat' dir='ltr'><strong>forma</strong></span> <span class='ocrx_word' id='word_1_150' title='bbox 2957 838 3104 902; x_wconf 76' lang='lat' dir='ltr'><strong>ﬁdei,</strong></span> <span class='ocrx_word' id='word_1_151' title='bbox 3129 853 3289 907; x_wconf 88' lang='lat' dir='ltr'><strong>quam</strong></span> <span class='ocrx_word' id='word_1_152' title='bbox 3316 838 3554 909; x_wconf 81' lang='lat' dir='ltr'><strong>Cyrillus</strong></span> 
     </span>
    </p>
   </div>
   <div class='ocr_carea' id='block_1_24' title="bbox 1983 926 3554 999">
    <p class='ocr_par' dir='ltr' id='par_1_24' title="bbox 1983 926 3554 999">
     <span class='ocr_line' id='line_1_24' title="bbox 1983 926 3554 999; baseline 0.004 -21"><span class='ocrx_word' id='word_1_153' title='bbox 1983 926 2385 990; x_wconf 84' lang='lat' dir='ltr'><strong>transmiserat,</strong></span> <span class='ocrx_word' id='word_1_154' title='bbox 2413 937 2469 981; x_wconf 91' lang='lat' dir='ltr'><strong>et</strong></span> <span class='ocrx_word' id='word_1_155' title='bbox 2505 929 2823 997; x_wconf 82' lang='lat' dir='ltr'><strong>priusquam</strong></span> <span class='ocrx_word' id='word_1_156' title='bbox 2866 930 3246 984; x_wconf 87' lang='lat' dir='ltr'><strong>absolveretur</strong></span> <span class='ocrx_word' id='word_1_157' title='bbox 3274 930 3426 999; x_wconf 87' lang='lat' dir='ltr'><strong>pacis</strong></span> <span class='ocrx_word' id='word_1_158' title='bbox 3453 945 3554 984; x_wconf 87' lang='lat' dir='ltr'><strong>ne-</strong></span> 
     </span>
    </p>
   </div>
   <div class='ocr_carea' id='block_1_25' title="bbox 1975 1016 3554 1085">
    <p class='ocr_par' dir='ltr' id='par_1_25' title="bbox 1975 1016 3554 1085">
     <span class='ocr_line' id='line_1_25' title="bbox 1975 1016 3554 1085; baseline 0.003 -16"><span class='ocrx_word' id='word_1_159' title='bbox 1975 1016 2183 1085; x_wconf 77' lang='lat' dir='ltr'><strong>gotium</strong></span> <span class='ocrx_word' id='word_1_160' title='bbox 2217 1033 2232 1069; x_wconf 88' lang='lat'><strong>:</strong></span> <span class='ocrx_word' id='word_1_161' title='bbox 2261 1017 2574 1071; x_wconf 85' lang='lat' dir='ltr'><strong>absolutum</strong></span> <span class='ocrx_word' id='word_1_162' title='bbox 2619 1033 2750 1072; x_wconf 80' lang='lat' dir='ltr'><strong>vero</strong></span> <span class='ocrx_word' id='word_1_163' title='bbox 2779 1027 2872 1073; x_wconf 89' lang='lat' dir='ltr'><strong>est</strong></span> <span class='ocrx_word' id='word_1_164' title='bbox 2910 1021 3066 1074; x_wconf 91' lang='lat' dir='ltr'><strong>initio</strong></span> <span class='ocrx_word' id='word_1_165' title='bbox 3086 1020 3212 1073; x_wconf 89' lang='lat' dir='ltr'><strong>anni</strong></span> <span class='ocrx_word' id='word_1_166' title='bbox 3238 1020 3361 1082; x_wconf 70' lang='grc'><strong>455,</strong></span> <span class='ocrx_word' id='word_1_167' title='bbox 3388 1020 3554 1074; x_wconf 83' lang='lat' dir='ltr'><strong>missa</strong></span> 
     </span>
    </p>
   </div>
   <div class='ocr_carea' id='block_1_26' title="bbox 1975 1108 3553 1180">
    <p class='ocr_par' dir='ltr' id='par_1_26' title="bbox 1975 1108 3553 1180">
     <span class='ocr_line' id='line_1_26' title="bbox 1975 1108 3553 1180; baseline 0.003 -20"><span class='ocrx_word' id='word_1_168' title='bbox 1975 1120 2109 1161; x_wconf 85' lang='lat' dir='ltr'><strong>vero</strong></span> <span class='ocrx_word' id='word_1_169' title='bbox 2138 1108 2310 1162; x_wconf 87' lang='lat' dir='ltr'><strong>forma</strong></span> <span class='ocrx_word' id='word_1_170' title='bbox 2337 1108 2462 1162; x_wconf 80' lang='lat' dir='ltr'><strong>fidei</strong></span> <span class='ocrx_word' id='word_1_171' title='bbox 2491 1109 2714 1164; x_wconf 89' lang='lat' dir='ltr'><strong>circiter</strong></span> <span class='ocrx_word' id='word_1_172' title='bbox 2738 1109 3112 1180; x_wconf 83' lang='lat' dir='ltr'><strong>Septembrem</strong></span> <span class='ocrx_word' id='word_1_173' title='bbox 3143 1126 3386 1165; x_wconf 87' lang='lat' dir='ltr'><strong>mensem</strong></span> <span class='ocrx_word' id='word_1_174' title='bbox 3423 1112 3553 1165; x_wconf 90' lang='lat' dir='ltr'><strong>anui</strong></span> 
     </span>
    </p>
   </div>
   <div class='ocr_carea' id='block_1_27' title="bbox 1976 1198 3554 1272">
    <p class='ocr_par' dir='ltr' id='par_1_27' title="bbox 1976 1198 3554 1272">
     <span class='ocr_line' id='line_1_27' title="bbox 1976 1198 3554 1272; baseline 0.001 -19"><span class='ocrx_word' id='word_1_175' title='bbox 1976 1198 2102 1253; x_wconf 68' lang='lat'><strong>452.</strong></span> <span class='ocrx_word' id='word_1_176' title='bbox 2129 1199 2365 1254; x_wconf 82' lang='lat' dir='ltr'><strong>Necesse</strong></span> <span class='ocrx_word' id='word_1_177' title='bbox 2397 1207 2482 1254; x_wconf 90' lang='lat' dir='ltr'><strong>est</strong></span> <span class='ocrx_word' id='word_1_178' title='bbox 2508 1202 2674 1270; x_wconf 77' lang='lat' dir='ltr'><strong>igitur</strong></span> <span class='ocrx_word' id='word_1_179' title='bbox 2717 1204 3032 1272; x_wconf 80' lang='lat' dir='ltr'><strong>synodicam</strong></span> <span class='ocrx_word' id='word_1_180' title='bbox 3072 1204 3214 1256; x_wconf 90' lang='lat' dir='ltr'><strong>hanc</strong></span> <span class='ocrx_word' id='word_1_181' title='bbox 3263 1204 3364 1256; x_wconf 92' lang='lat' dir='ltr'><strong>sub</strong></span> <span class='ocrx_word' id='word_1_182' title='bbox 3391 1204 3554 1257; x_wconf 86' lang='lat' dir='ltr'><strong>tinem</strong></span> 
     </span>
    </p>
   </div>
   <div class='ocr_carea' id='block_1_28' title="bbox 1979 1289 3554 1364">
    <p class='ocr_par' dir='ltr' id='par_1_28' title="bbox 1979 1289 3554 1364">
     <span class='ocr_line' id='line_1_28' title="bbox 1979 1289 3554 1364; baseline 0.001 -19"><span class='ocrx_word' id='word_1_183' title='bbox 1979 1289 2320 1361; x_wconf 87' lang='lat' dir='ltr'><strong>Septembris</strong></span> <span class='ocrx_word' id='word_1_184' title='bbox 2360 1301 2454 1346; x_wconf 89' lang='lat' dir='ltr'><strong>aut</strong></span> <span class='ocrx_word' id='word_1_185' title='bbox 2491 1307 2679 1347; x_wconf 84' lang='lat' dir='ltr'><strong>mense</strong></span> <span class='ocrx_word' id='word_1_186' title='bbox 2721 1292 2942 1348; x_wconf 87' lang='lat' dir='ltr'><strong>Octobri</strong></span> <span class='ocrx_word' id='word_1_187' title='bbox 2985 1295 3244 1364; x_wconf 87' lang='lat' dir='ltr'><strong>scriptam</strong></span> <span class='ocrx_word' id='word_1_188' title='bbox 3273 1310 3413 1358; x_wconf 86' lang='lat' dir='ltr'><strong>esse,</strong></span> <span class='ocrx_word' id='word_1_189' title='bbox 3445 1308 3554 1363; x_wconf 90' lang='lat' dir='ltr'><strong>quo</strong></span> 
     </span>
    </p>
   </div>
   <div class='ocr_carea' id='block_1_29' title="bbox 1976 1383 3554 1455">
    <p class='ocr_par' dir='ltr' id='par_1_29' title="bbox 1976 1383 3554 1455">
     <span class='ocr_line' id='line_1_29' title="bbox 1976 1383 3554 1455; baseline 0.001 -18"><span class='ocrx_word' id='word_1_190' title='bbox 1976 1392 2222 1452; x_wconf 86' lang='lat' dir='ltr'><strong>tempore</strong></span> <span class='ocrx_word' id='word_1_191' title='bbox 2249 1383 2495 1453; x_wconf 82' lang='lat' dir='ltr'><strong>synods</strong></span> <span class='ocrx_word' id='word_1_192' title='bbox 2520 1386 2855 1439; x_wconf 83' lang='lat' dir='ltr'><strong>autumnalis</strong></span> <span class='ocrx_word' id='word_1_193' title='bbox 2893 1401 2956 1439; x_wconf 83' lang='lat' dir='ltr'><strong>ex</strong></span> <span class='ocrx_word' id='word_1_194' title='bbox 2991 1386 3312 1455; x_wconf 74' lang='lat' dir='ltr'><strong>praescripto</strong></span> <span class='ocrx_word' id='word_1_195' title='bbox 3345 1384 3554 1439; x_wconf 67' lang='lat' dir='ltr'><strong>Nicmni</strong></span> 
     </span>
    </p>
   </div>
   <div class='ocr_carea' id='block_1_30' title="bbox 1975 1473 3202 1544">
    <p class='ocr_par' dir='ltr' id='par_1_30' title="bbox 1975 1473 3202 1544">
     <span class='ocr_line' id='line_1_30' title="bbox 1975 1473 3202 1544; baseline 0.002 -18"><span class='ocrx_word' id='word_1_196' title='bbox 1975 1473 2202 1526; x_wconf 86' lang='lat' dir='ltr'><strong>canonis</strong></span> <span class='ocrx_word' id='word_1_197' title='bbox 2228 1474 2295 1526; x_wconf 90' lang='lat' dir='ltr'><strong>ab</strong></span> <span class='ocrx_word' id='word_1_198' title='bbox 2311 1473 2782 1544; x_wconf 86' lang='lat' dir='ltr'><strong>Euphratensibus</strong></span> <span class='ocrx_word' id='word_1_199' title='bbox 2805 1476 3202 1530; x_wconf 78' lang='lat' dir='ltr'><strong>celebrabatur.</strong></span> 
     </span>
    </p>
   </div>
   <div class='ocr_carea' id='block_1_31' title="bbox 2045 1565 3555 1636">
    <p class='ocr_par' dir='ltr' id='par_1_31' title="bbox 2045 1565 3555 1636">
     <span class='ocr_line' id='line_1_31' title="bbox 2045 1565 3555 1636; baseline 0.001 -16"><span class='ocrx_word' id='word_1_200' title='bbox 2045 1566 2135 1620; x_wconf 76' lang='grc' dir='ltr'><strong>Ν.</strong></span> <span class='ocrx_word' id='word_1_201' title='bbox 2169 1567 2634 1636; x_wconf 85' lang='lat' dir='ltr'><strong>Euphratensium</strong></span> <span class='ocrx_word' id='word_1_202' title='bbox 2655 1581 2819 1636; x_wconf 87' lang='lat' dir='ltr'><strong>porro</strong></span> <span class='ocrx_word' id='word_1_203' title='bbox 2850 1567 3048 1621; x_wconf 87' lang='lat' dir='ltr'><strong>animis</strong></span> <span class='ocrx_word' id='word_1_204' title='bbox 3075 1566 3454 1620; x_wconf 89' lang='lat' dir='ltr'><strong>Theodoretus</strong></span> <span class='ocrx_word' id='word_1_205' title='bbox 3480 1565 3555 1621; x_wconf 85' lang='lat' dir='ltr'><strong>ita</strong></span> 
     </span>
    </p>
   </div>
   <div class='ocr_carea' id='block_1_32' title="bbox 1979 1657 3554 1731">
    <p class='ocr_par' dir='ltr' id='par_1_32' title="bbox 1979 1657 3554 1731">
     <span class='ocr_line' id='line_1_32' title="bbox 1979 1657 3554 1731; baseline 0 -19"><span class='ocrx_word' id='word_1_206' title='bbox 1979 1657 2391 1722; x_wconf 82' lang='lat' dir='ltr'><strong>dominabatur,</strong></span> <span class='ocrx_word' id='word_1_207' title='bbox 2424 1659 2588 1731; x_wconf 59' lang='lat'><strong>37‘.</strong></span> <span class='ocrx_word' id='word_1_208' title='bbox 2626 1669 2688 1714; x_wconf 89' lang='lat' dir='ltr'><strong>ut</strong></span> <span class='ocrx_word' id='word_1_209' title='bbox 2723 1674 2818 1714; x_wconf 86' lang='lat' dir='ltr'><strong>eos</strong></span> <span class='ocrx_word' id='word_1_210' title='bbox 2858 1661 2910 1714; x_wconf 91' lang='lat' dir='ltr'><strong>in</strong></span> <span class='ocrx_word' id='word_1_211' title='bbox 2958 1676 3084 1714; x_wconf 86' lang='lat' dir='ltr'><strong>suas</strong></span> <span class='ocrx_word' id='word_1_212' title='bbox 3125 1669 3308 1729; x_wconf 89' lang='lat' dir='ltr'><strong>partes</strong></span> <span class='ocrx_word' id='word_1_213' title='bbox 3341 1670 3554 1728; x_wconf 85' lang='lat' dir='ltr'><strong>pertra-</strong></span> 
     </span>
    </p>
   </div>
   <div class='ocr_carea' id='block_1_33' title="bbox 299 1719 3556 1820">
    <p class='ocr_par' dir='ltr' id='par_1_33' title="bbox 299 1719 3556 1820">
     <span class='ocr_line' id='line_1_33' title="bbox 299 1719 3556 1820; baseline -0 -15"><span class='ocrx_word' id='word_1_214' title='bbox 299 1750 432 1805; x_wconf 91' lang='lat' dir='ltr'><strong>tiam</strong></span> <span class='ocrx_word' id='word_1_215' title='bbox 464 1759 814 1813; x_wconf 87' lang='lat' dir='ltr'><strong>retractasse,</strong></span> <span class='ocrx_word' id='word_1_216' title='bbox 842 1765 968 1804; x_wconf 91' lang='lat' dir='ltr'><strong>cum</strong></span> <span class='ocrx_word' id='word_1_217' title='bbox 1005 1749 1366 1804; x_wconf 88' lang='lat' dir='ltr'><strong>Orientalium</strong></span> <span class='ocrx_word' id='word_1_218' title='bbox 1404 1749 1565 1802; x_wconf 73' lang='lat' dir='ltr'><strong>fidem</strong></span> <span class='ocrx_word' id='word_1_219' title='bbox 1601 1748 1871 1818; x_wconf 83' lang='lat' dir='ltr'><strong>probavit,</strong></span> <span class='ocrx_word' id='word_1_220' title='bbox 1911 1719 1950 1773; x_wconf 72' lang='grc' dir='ltr'><strong>Β</strong></span> <span class='ocrx_word' id='word_1_221' title='bbox 1977 1750 2154 1814; x_wconf 87' lang='lat' dir='ltr'><strong>heret,</strong></span> <span class='ocrx_word' id='word_1_222' title='bbox 2183 1766 2290 1820; x_wconf 86' lang='lat' dir='ltr'><strong>qua</strong></span> <span class='ocrx_word' id='word_1_223' title='bbox 2313 1719 2670 1812; x_wconf 36' lang='lat' dir='ltr'><strong>velletmijnde</strong></span> <span class='ocrx_word' id='word_1_224' title='bbox 2698 1750 2949 1806; x_wconf 81' lang='lat' dir='ltr'><strong>Nestorio</strong></span> <span class='ocrx_word' id='word_1_225' title='bbox 2972 1719 3167 1806; x_wconf 64' lang='lat' dir='ltr'><strong>favisse</strong></span> <span class='ocrx_word' id='word_1_226' title='bbox 3187 1751 3324 1804; x_wconf 90' lang='lat' dir='ltr'><strong>nihil</strong></span> <span class='ocrx_word' id='word_1_227' title='bbox 3341 1719 3556 1804; x_wconf 45' lang='lat' dir='ltr'><strong>.mirum</strong></span> 
     </span>
    </p>
   </div>
   <div class='ocr_carea' id='block_1_34' title="bbox 299 1838 3553 1910">
    <p class='ocr_par' dir='ltr' id='par_1_34' title="bbox 299 1838 3553 1910">
     <span class='ocr_line' id='line_1_34' title="bbox 299 1838 3553 1910; baseline -0 -16"><span class='ocrx_word' id='word_1_228' title='bbox 299 1855 412 1894; x_wconf 88' lang='lat' dir='ltr'><strong>non</strong></span> <span class='ocrx_word' id='word_1_229' title='bbox 442 1840 725 1909; x_wconf 87' lang='lat' dir='ltr'><strong>respondit</strong></span> <span class='ocrx_word' id='word_1_230' title='bbox 751 1841 908 1910; x_wconf 83' lang='lat' dir='ltr'><strong>pejus</strong></span> <span class='ocrx_word' id='word_1_231' title='bbox 934 1839 1196 1910; x_wconf 86' lang='lat' dir='ltr'><strong>quiddam</strong></span> <span class='ocrx_word' id='word_1_232' title='bbox 1238 1839 1308 1893; x_wconf 84' lang='lat' dir='ltr'><strong>ab</strong></span> <span class='ocrx_word' id='word_1_233' title='bbox 1341 1839 1460 1909; x_wconf 91' lang='lat' dir='ltr'><strong>ipso</strong></span> <span class='ocrx_word' id='word_1_234' title='bbox 1490 1838 1716 1902; x_wconf 84' lang='lat' dir='ltr'><strong>factum,</strong></span> <span class='ocrx_word' id='word_1_235' title='bbox 1748 1853 1874 1892; x_wconf 89' lang='lat' dir='ltr'><strong>cum</strong></span> <span class='ocrx_word' id='word_1_236' title='bbox 1973 1849 2059 1895; x_wconf 84' lang='lat' dir='ltr'><strong>est</strong></span> <span class='ocrx_word' id='word_1_237' title='bbox 2077 1842 2341 1896; x_wconf 85' lang='lat' dir='ltr'><strong>Joannem</strong></span> <span class='ocrx_word' id='word_1_238' title='bbox 2371 1841 2750 1906; x_wconf 70' lang='lat' dir='ltr'><strong>Germaniciae,</strong></span> <span class='ocrx_word' id='word_1_239' title='bbox 2779 1843 3052 1896; x_wconf 81' lang='lat' dir='ltr'><strong>Andream</strong></span> <span class='ocrx_word' id='word_1_240' title='bbox 3089 1842 3553 1906; x_wconf 89' lang='lat' dir='ltr'><strong>Samosatcnsem,</strong></span> 
     </span>
    </p>
   </div>
   <div class='ocr_carea' id='block_1_35' title="bbox 294 1929 1874 2002">
    <p class='ocr_par' dir='ltr' id='par_1_35' title="bbox 294 1929 1874 2002">
     <span class='ocr_line' id='line_1_35' title="bbox 294 1929 1874 2002; baseline -0.001 -16"><span class='ocrx_word' id='word_1_241' title='bbox 294 1932 538 2002; x_wconf 84' lang='lat' dir='ltr'><strong>capitula</strong></span> <span class='ocrx_word' id='word_1_242' title='bbox 565 1947 750 1986; x_wconf 88' lang='lat' dir='ltr'><strong>coram</strong></span> <span class='ocrx_word' id='word_1_243' title='bbox 776 1933 1129 2002; x_wconf 89' lang='lat' dir='ltr'><strong>imperatore,</strong></span> <span class='ocrx_word' id='word_1_244' title='bbox 1146 1933 1490 2000; x_wconf 83' lang='lat' dir='ltr'><strong>testibusque</strong></span> <span class='ocrx_word' id='word_1_245' title='bbox 1512 1929 1874 1985; x_wconf 87' lang='lat' dir='ltr'><strong>Orientalium</strong></span> 
     </span>
    </p>
   </div>
   <div class='ocr_carea' id='block_1_36' title="bbox 291 2020 1873 2090">
    <p class='ocr_par' dir='ltr' id='par_1_36' title="bbox 291 2020 1873 2090">
     <span class='ocr_line' id='line_1_36' title="bbox 291 2020 1873 2090; baseline -0.001 -15"><span class='ocrx_word' id='word_1_246' title='bbox 291 2020 490 2090; x_wconf 79' lang='lat' dir='ltr'><strong>legatis</strong></span> <span class='ocrx_word' id='word_1_247' title='bbox 517 2021 897 2090; x_wconf 85' lang='lat' dir='ltr'><strong>reprobasset?</strong></span> <span class='ocrx_word' id='word_1_248' title='bbox 926 2021 1036 2076; x_wconf 82' lang='lat' dir='ltr'><strong>Hac</strong></span> <span class='ocrx_word' id='word_1_249' title='bbox 1069 2021 1234 2075; x_wconf 88' lang='lat' dir='ltr'><strong>etiam</strong></span> <span class='ocrx_word' id='word_1_250' title='bbox 1281 2021 1496 2076; x_wconf 89' lang='lat' dir='ltr'><strong>ratione</strong></span> <span class='ocrx_word' id='word_1_251' title='bbox 1533 2035 1643 2074; x_wconf 90' lang='lat' dir='ltr'><strong>non</strong></span> <span class='ocrx_word' id='word_1_252' title='bbox 1677 2021 1873 2074; x_wconf 88' lang='lat' dir='ltr'><strong>imme-</strong></span> 
     </span>
    </p>
   </div>
   <div class='ocr_carea' id='block_1_37' title="bbox 292 2111 1876 2182">
    <p class='ocr_par' dir='ltr' id='par_1_37' title="bbox 292 2111 1876 2182">
     <span class='ocr_line' id='line_1_37' title="bbox 292 2111 1876 2182; baseline -0.001 -17"><span class='ocrx_word' id='word_1_253' title='bbox 292 2111 406 2165; x_wconf 90' lang='lat' dir='ltr'><strong>rito</strong></span> <span class='ocrx_word' id='word_1_254' title='bbox 438 2119 731 2166; x_wconf 87' lang='lat' dir='ltr'><strong>revocatur</strong></span> <span class='ocrx_word' id='word_1_255' title='bbox 758 2111 811 2164; x_wconf 91' lang='lat' dir='ltr'><strong>in</strong></span> <span class='ocrx_word' id='word_1_256' title='bbox 838 2112 997 2182; x_wconf 73' lang='lat'><strong>373</strong></span> <span class='ocrx_word' id='word_1_257' title='bbox 1018 2111 1270 2176; x_wconf 85' lang='lat' dir='ltr'><strong>dubium,</strong></span> <span class='ocrx_word' id='word_1_258' title='bbox 1312 2127 1434 2181; x_wconf 79' lang='lat' dir='ltr'><strong>quae</strong></span> <span class='ocrx_word' id='word_1_259' title='bbox 1460 2127 1638 2180; x_wconf 87' lang='lat' dir='ltr'><strong>nuper</strong></span> <span class='ocrx_word' id='word_1_260' title='bbox 1670 2111 1876 2180; x_wconf 84' lang='lat' dir='ltr'><strong>prodiit</strong></span> 
     </span>
    </p>
   </div>
   <div class='ocr_carea' id='block_1_38' title="bbox 293 2201 1876 2274">
    <p class='ocr_par' dir='ltr' id='par_1_38' title="bbox 293 2201 1876 2274">
     <span class='ocr_line' id='line_1_38' title="bbox 293 2201 1876 2274; baseline -0.002 -16"><span class='ocrx_word' id='word_1_261' title='bbox 293 2204 352 2258; x_wconf 84' lang='lat' dir='ltr'><strong>in</strong></span> <span class='ocrx_word' id='word_1_262' title='bbox 386 2204 565 2258; x_wconf 91' lang='lat' dir='ltr'><strong>lucem</strong></span> <span class='ocrx_word' id='word_1_263' title='bbox 599 2201 766 2257; x_wconf 81' lang='lat' dir='ltr'><strong>Sacra</strong></span> <span class='ocrx_word' id='word_1_264' title='bbox 809 2203 1126 2267; x_wconf 85' lang='lat' dir='ltr'><strong>Theodosii,</strong></span> <span class='ocrx_word' id='word_1_265' title='bbox 1163 2204 1451 2274; x_wconf 81' lang='lat' dir='ltr'><strong>episcopos</strong></span> <span class='ocrx_word' id='word_1_266' title='bbox 1498 2203 1699 2273; x_wconf 84' lang='lat' dir='ltr'><strong>Ephesi</strong></span> <span class='ocrx_word' id='word_1_267' title='bbox 1741 2218 1876 2256; x_wconf 89' lang='lat' dir='ltr'><strong>con-</strong></span> 
     </span>
    </p>
   </div>
   <div class='ocr_carea' id='block_1_39' title="bbox 291 2295 1876 2367">
    <p class='ocr_par' dir='ltr' id='par_1_39' title="bbox 291 2295 1876 2367">
     <span class='ocr_line' id='line_1_39' title="bbox 291 2295 1876 2367; baseline -0.001 -17"><span class='ocrx_word' id='word_1_268' title='bbox 291 2304 550 2367; x_wconf 80' lang='lat' dir='ltr'><strong>gregatos</strong></span> <span class='ocrx_word' id='word_1_269' title='bbox 577 2295 907 2350; x_wconf 79' lang='lat' dir='ltr'><strong>dimittentis</strong></span> <span class='ocrx_word' id='word_1_270' title='bbox 948 2296 1014 2350; x_wconf 90' lang='lat' dir='ltr'><strong>ad</strong></span> <span class='ocrx_word' id='word_1_271' title='bbox 1043 2309 1169 2350; x_wconf 88' lang='lat' dir='ltr'><strong>suas</strong></span> <span class='ocrx_word' id='word_1_272' title='bbox 1193 2296 1468 2350; x_wconf 87' lang='lat' dir='ltr'><strong>Ecclesias</strong></span> <span class='ocrx_word' id='word_1_273' title='bbox 1498 2313 1510 2346; x_wconf 88' lang='lat'><strong>:</strong></span> <span class='ocrx_word' id='word_1_274' title='bbox 1558 2295 1702 2349; x_wconf 83' lang='lat' dir='ltr'><strong>idem</strong></span> <span class='ocrx_word' id='word_1_275' title='bbox 1729 2295 1876 2349; x_wconf 83' lang='lat' dir='ltr'><strong>enim</strong></span> 
     </span>
    </p>
   </div>
   <div class='ocr_carea' id='block_1_40' title="bbox 290 2387 1876 2457">
    <p class='ocr_par' dir='ltr' id='par_1_40' title="bbox 290 2387 1876 2457">
     <span class='ocr_line' id='line_1_40' title="bbox 290 2387 1876 2457; baseline -0.001 -15"><span class='ocrx_word' id='word_1_276' title='bbox 290 2387 646 2442; x_wconf 82' lang='lat' dir='ltr'><strong>mendacium</strong></span> <span class='ocrx_word' id='word_1_277' title='bbox 691 2389 956 2442; x_wconf 86' lang='lat' dir='ltr'><strong>continet.</strong></span> <span class='ocrx_word' id='word_1_278' title='bbox 1002 2387 1204 2454; x_wconf 85' lang='lat' dir='ltr'><strong>Quare,</strong></span> <span class='ocrx_word' id='word_1_279' title='bbox 1261 2389 1309 2442; x_wconf 88' lang='lat' dir='ltr'><strong>si</strong></span> <span class='ocrx_word' id='word_1_280' title='bbox 1362 2387 1488 2457; x_wconf 84' lang='lat' dir='ltr'><strong>quis</strong></span> <span class='ocrx_word' id='word_1_281' title='bbox 1538 2387 1876 2456; x_wconf 82' lang='lat' dir='ltr'><strong>suppositam</strong></span> 
     </span>
    </p>
   </div>
   <div class='ocr_carea' id='block_1_41' title="bbox 287 2479 1878 2552">
    <p class='ocr_par' dir='ltr' id='par_1_41' title="bbox 287 2479 1878 2552">
     <span class='ocr_line' id='line_1_41' title="bbox 287 2479 1878 2552; baseline -0.001 -18"><span class='ocrx_word' id='word_1_282' title='bbox 287 2490 453 2552; x_wconf 82' lang='lat' dir='ltr'><strong>putet</strong></span> <span class='ocrx_word' id='word_1_283' title='bbox 490 2496 520 2534; x_wconf 87' lang='lat' dir='ltr'><strong>a</strong></span> <span class='ocrx_word' id='word_1_284' title='bbox 561 2480 911 2535; x_wconf 88' lang='lat' dir='ltr'><strong>Theodoreto</strong></span> <span class='ocrx_word' id='word_1_285' title='bbox 953 2481 1014 2544; x_wconf 81' lang='lat'><strong>“,</strong></span> <span class='ocrx_word' id='word_1_286' title='bbox 1052 2489 1146 2534; x_wconf 90' lang='lat' dir='ltr'><strong>aut</strong></span> <span class='ocrx_word' id='word_1_287' title='bbox 1186 2495 1216 2534; x_wconf 89' lang='lat' dir='ltr'><strong>a</strong></span> <span class='ocrx_word' id='word_1_288' title='bbox 1270 2479 1603 2534; x_wconf 82' lang='lat' dir='ltr'><strong>Theodoreti</strong></span> <span class='ocrx_word' id='word_1_289' title='bbox 1631 2479 1878 2533; x_wconf 79' lang='lat' dir='ltr'><strong>studioso</strong></span> 
     </span>
    </p>
   </div>
   <div class='ocr_carea' id='block_1_42' title="bbox 289 2569 1874 2641">
    <p class='ocr_par' dir='ltr' id='par_1_42' title="bbox 289 2569 1874 2641">
     <span class='ocr_line' id='line_1_42' title="bbox 289 2569 1874 2641; baseline -0.001 -16"><span class='ocrx_word' id='word_1_290' title='bbox 289 2569 522 2626; x_wconf 72' lang='lat' dir='ltr'><strong>Sacrani</strong></span> <span class='ocrx_word' id='word_1_291' title='bbox 542 2615 556 2638; x_wconf 90' lang='lat'><strong>,</strong></span> <span class='ocrx_word' id='word_1_292' title='bbox 599 2587 710 2627; x_wconf 91' lang='lat' dir='ltr'><strong>non</strong></span> <span class='ocrx_word' id='word_1_293' title='bbox 743 2572 1025 2627; x_wconf 90' lang='lat' dir='ltr'><strong>videbitur</strong></span> <span class='ocrx_word' id='word_1_294' title='bbox 1052 2572 1194 2627; x_wconf 90' lang='lat' dir='ltr'><strong>forte</strong></span> <span class='ocrx_word' id='word_1_295' title='bbox 1217 2587 1247 2626; x_wconf 83' lang='lat' dir='ltr'><strong>a</strong></span> <span class='ocrx_word' id='word_1_296' title='bbox 1279 2587 1414 2626; x_wconf 87' lang='lat' dir='ltr'><strong>vero</strong></span> <span class='ocrx_word' id='word_1_297' title='bbox 1443 2571 1634 2641; x_wconf 83' lang='lat' dir='ltr'><strong>procul</strong></span> <span class='ocrx_word' id='word_1_298' title='bbox 1663 2570 1874 2625; x_wconf 83' lang='lat' dir='ltr'><strong>abesse.</strong></span> 
     </span>
    </p>
   </div>
   <div class='ocr_carea' id='block_1_43' title="bbox 364 2662 1878 2734">
    <p class='ocr_par' dir='ltr' id='par_1_43' title="bbox 364 2662 1878 2734">
     <span class='ocr_line' id='line_1_43' title="bbox 364 2662 1878 2734; baseline 0 -18"><span class='ocrx_word' id='word_1_299' title='bbox 364 2663 419 2718; x_wconf 76' lang='grc' dir='ltr'><strong>ι.</strong></span> <span class='ocrx_word' id='word_1_300' title='bbox 459 2663 676 2728; x_wconf 75' lang='lat' dir='ltr'><strong>Mirum,</strong></span> <span class='ocrx_word' id='word_1_301' title='bbox 715 2664 861 2734; x_wconf 86' lang='lat' dir='ltr'><strong>quod</strong></span> <span class='ocrx_word' id='word_1_302' title='bbox 905 2663 1153 2718; x_wconf 72' lang='lat' dir='ltr'><strong>Euchiue</strong></span> <span class='ocrx_word' id='word_1_303' title='bbox 1185 2673 1241 2718; x_wconf 91' lang='lat' dir='ltr'><strong>et</strong></span> <span class='ocrx_word' id='word_1_304' title='bbox 1277 2662 1645 2717; x_wconf 76' lang='lat' dir='ltr'><strong>Enthusiasta:</strong></span> <span class='ocrx_word' id='word_1_305' title='bbox 1675 2662 1878 2716; x_wconf 85' lang='lat' dir='ltr'><strong>dicun-</strong></span> 
     </span>
    </p>
   </div>
   <div class='ocr_carea' id='block_1_44' title="bbox 291 2755 1878 2826">
    <p class='ocr_par' dir='ltr' id='par_1_44' title="bbox 291 2755 1878 2826">
     <span class='ocr_line' id='line_1_44' title="bbox 291 2755 1878 2826; baseline -0.003 -15"><span class='ocrx_word' id='word_1_306' title='bbox 291 2764 388 2811; x_wconf 88' lang='lat' dir='ltr'><strong>tur</strong></span> <span class='ocrx_word' id='word_1_307' title='bbox 410 2756 605 2810; x_wconf 82' lang='lat' dir='ltr'><strong>eadem</strong></span> <span class='ocrx_word' id='word_1_308' title='bbox 635 2770 848 2825; x_wconf 87' lang='lat' dir='ltr'><strong>sapere,</strong></span> <span class='ocrx_word' id='word_1_309' title='bbox 889 2772 1010 2826; x_wconf 75' lang='lat' dir='ltr'><strong>qua:</strong></span> <span class='ocrx_word' id='word_1_310' title='bbox 1036 2756 1331 2811; x_wconf 56' lang='lat' dir='ltr'><strong>Caelestius</strong></span> <span class='ocrx_word' id='word_1_311' title='bbox 1361 2765 1420 2809; x_wconf 88' lang='lat' dir='ltr'><strong>et</strong></span> <span class='ocrx_word' id='word_1_312' title='bbox 1451 2755 1725 2824; x_wconf 85' lang='lat' dir='ltr'><strong>Pelagius,</strong></span> <span class='ocrx_word' id='word_1_313' title='bbox 1753 2769 1878 2808; x_wconf 92' lang='lat' dir='ltr'><strong>cum</strong></span> 
     </span>
    </p>
   </div>
   <div class='ocr_carea' id='block_1_45' title="bbox 289 2847 1880 2919">
    <p class='ocr_par' dir='ltr' id='par_1_45' title="bbox 289 2847 1880 2919">
     <span class='ocr_line' id='line_1_45' title="bbox 289 2847 1880 2919; baseline -0.001 -16"><span class='ocrx_word' id='word_1_314' title='bbox 289 2848 576 2919; x_wconf 84' lang='lat' dir='ltr'><strong>Pelagiani</strong></span> <span class='ocrx_word' id='word_1_315' title='bbox 601 2849 850 2903; x_wconf 81' lang='lat' dir='ltr'><strong>eamdem</strong></span> <span class='ocrx_word' id='word_1_316' title='bbox 882 2848 1182 2903; x_wconf 87' lang='lat' dir='ltr'><strong>Catholicis</strong></span> <span class='ocrx_word' id='word_1_317' title='bbox 1216 2848 1523 2918; x_wconf 86' lang='lat' dir='ltr'><strong>objicerent</strong></span> <span class='ocrx_word' id='word_1_318' title='bbox 1561 2847 1880 2902; x_wconf 89' lang='lat' dir='ltr'><strong>consensio-</strong></span> 
     </span>
    </p>
   </div>
   <div class='ocr_carea' id='block_1_46' title="bbox 1980 1932 3558 2003">
    <p class='ocr_par' dir='ltr' id='par_1_46' title="bbox 1980 1932 3558 2003">
     <span class='ocr_line' id='line_1_46' title="bbox 1980 1932 3558 2003; baseline -0.002 -15"><span class='ocrx_word' id='word_1_319' title='bbox 1980 1933 2349 1989; x_wconf 80' lang='lat' dir='ltr'><strong>Alexandrum</strong></span> <span class='ocrx_word' id='word_1_320' title='bbox 2375 1933 2868 2003; x_wconf 74' lang='lat' dir='ltr'><strong>Hierapolitanum,</strong></span> <span class='ocrx_word' id='word_1_321' title='bbox 2901 1933 3146 2002; x_wconf 87' lang='lat' dir='ltr'><strong>aliosque</strong></span> <span class='ocrx_word' id='word_1_322' title='bbox 3181 1932 3558 2001; x_wconf 69' lang='lat' dir='ltr'><strong>Euphratesia:</strong></span> 
     </span>
    </p>
   </div>
   <div class='ocr_carea' id='block_1_47' title="bbox 1981 2025 3560 2096">
    <p class='ocr_par' dir='ltr' id='par_1_47' title="bbox 1981 2025 3560 2096">
     <span class='ocr_line' id='line_1_47' title="bbox 1981 2025 3560 2096; baseline -0.002 -16"><span class='ocrx_word' id='word_1_323' title='bbox 1981 2027 2250 2096; x_wconf 69' lang='lat' dir='ltr'><strong>pmsules</strong></span> <span class='ocrx_word' id='word_1_324' title='bbox 2281 2044 2293 2079; x_wconf 93' lang='lat'><strong>:</strong></span> <span class='ocrx_word' id='word_1_325' title='bbox 2325 2041 2505 2094; x_wconf 88' lang='lat' dir='ltr'><strong>neque</strong></span> <span class='ocrx_word' id='word_1_326' title='bbox 2533 2026 2697 2080; x_wconf 84' lang='lat' dir='ltr'><strong>etiam</strong></span> <span class='ocrx_word' id='word_1_327' title='bbox 2724 2026 2922 2078; x_wconf 86' lang='lat' dir='ltr'><strong>mirum</strong></span> <span class='ocrx_word' id='word_1_328' title='bbox 2947 2025 3014 2078; x_wconf 87' lang='lat' dir='ltr'><strong>ab</strong></span> <span class='ocrx_word' id='word_1_329' title='bbox 3038 2025 3403 2094; x_wconf 81' lang='lat' dir='ltr'><strong>Euphratensi</strong></span> <span class='ocrx_word' id='word_1_330' title='bbox 3430 2039 3560 2092; x_wconf 85' lang='lat' dir='ltr'><strong>pro-</strong></span> 
     </span>
    </p>
   </div>
   <div class='ocr_carea' id='block_1_48' title="bbox 1979 2111 3560 2184">
    <p class='ocr_par' dir='ltr' id='par_1_48' title="bbox 1979 2111 3560 2184">
     <span class='ocr_line' id='line_1_48' title="bbox 1979 2111 3560 2184; baseline -0.003 -15"><span class='ocrx_word' id='word_1_331' title='bbox 1979 2115 2159 2169; x_wconf 77' lang='lat' dir='ltr'><strong>vincia</strong></span> <span class='ocrx_word' id='word_1_332' title='bbox 2188 2114 2505 2184; x_wconf 83' lang='lat' dir='ltr'><strong>synodicam</strong></span> <span class='ocrx_word' id='word_1_333' title='bbox 2555 2130 2665 2171; x_wconf 89' lang='lat' dir='ltr'><strong>non</strong></span> <span class='ocrx_word' id='word_1_334' title='bbox 2713 2111 2883 2167; x_wconf 85' lang='lat' dir='ltr'><strong>fuisse</strong></span> <span class='ocrx_word' id='word_1_335' title='bbox 2914 2114 3132 2167; x_wconf 90' lang='lat' dir='ltr'><strong>missam</strong></span> <span class='ocrx_word' id='word_1_336' title='bbox 3167 2113 3335 2167; x_wconf 87' lang='lat' dir='ltr'><strong>Leoni</strong></span> <span class='ocrx_word' id='word_1_337' title='bbox 3386 2113 3560 2183; x_wconf 86' lang='lat' dir='ltr'><strong>impe-</strong></span> 
     </span>
    </p>
   </div>
   <div class='ocr_carea' id='block_1_49' title="bbox 1978 2203 3557 2275">
    <p class='ocr_par' dir='ltr' id='par_1_49' title="bbox 1978 2203 3557 2275">
     <span class='ocr_line' id='line_1_49' title="bbox 1978 2203 3557 2275; baseline -0.001 -14"><span class='ocrx_word' id='word_1_338' title='bbox 1978 2205 2148 2261; x_wconf 84' lang='lat' dir='ltr'><strong>ratori</strong></span> <span class='ocrx_word' id='word_1_339' title='bbox 2186 2215 2311 2274; x_wconf 85' lang='lat' dir='ltr'><strong>post</strong></span> <span class='ocrx_word' id='word_1_340' title='bbox 2340 2205 2529 2275; x_wconf 79' lang='lat' dir='ltr'><strong>viginti</strong></span> <span class='ocrx_word' id='word_1_341' title='bbox 2570 2207 2812 2275; x_wconf 90' lang='lat' dir='ltr'><strong>quinque</strong></span> <span class='ocrx_word' id='word_1_342' title='bbox 2855 2203 3055 2259; x_wconf 90' lang='lat' dir='ltr'><strong>abhinc</strong></span> <span class='ocrx_word' id='word_1_343' title='bbox 3097 2220 3289 2268; x_wconf 89' lang='lat' dir='ltr'><strong>annos,</strong></span> <span class='ocrx_word' id='word_1_344' title='bbox 3325 2220 3448 2258; x_wconf 88' lang='lat' dir='ltr'><strong>cum</strong></span> <span class='ocrx_word' id='word_1_345' title='bbox 3488 2205 3557 2260; x_wconf 85' lang='lat' dir='ltr'><strong>de</strong></span> 
     </span>
    </p>
   </div>
   <div class='ocr_carea' id='block_1_50' title="bbox 1977 2296 3560 2367">
    <p class='ocr_par' dir='ltr' id='par_1_50' title="bbox 1977 2296 3560 2367">
     <span class='ocr_line' id='line_1_50' title="bbox 1977 2296 3560 2367; baseline 0 -15"><span class='ocrx_word' id='word_1_346' title='bbox 1977 2298 2151 2353; x_wconf 86' lang='lat' dir='ltr'><strong>rebus</strong></span> <span class='ocrx_word' id='word_1_347' title='bbox 2171 2297 2391 2352; x_wconf 84' lang='lat' dir='ltr'><strong>concilii</strong></span> <span class='ocrx_word' id='word_1_348' title='bbox 2423 2296 2886 2352; x_wconf 84' lang='lat' dir='ltr'><strong>Chalcedonensis</strong></span> <span class='ocrx_word' id='word_1_349' title='bbox 2915 2297 3244 2351; x_wconf 87' lang='lat' dir='ltr'><strong>sententiam</strong></span> <span class='ocrx_word' id='word_1_350' title='bbox 3273 2297 3560 2367; x_wconf 83' lang='lat' dir='ltr'><strong>episcopo-</strong></span> 
     </span>
    </p>
   </div>
   <div class='ocr_carea' id='block_1_51' title="bbox 1979 2388 3561 2454">
    <p class='ocr_par' dir='ltr' id='par_1_51' title="bbox 1979 2388 3561 2454">
     <span class='ocr_line' id='line_1_51' title="bbox 1979 2388 3561 2454; baseline 0.001 -11"><span class='ocrx_word' id='word_1_351' title='bbox 1979 2403 2102 2443; x_wconf 85' lang='lat' dir='ltr'><strong>rum</strong></span> <span class='ocrx_word' id='word_1_352' title='bbox 2136 2389 2514 2443; x_wconf 83' lang='lat' dir='ltr'><strong>sciscitaretur</strong></span> <span class='ocrx_word' id='word_1_353' title='bbox 2552 2407 2566 2441; x_wconf 89' lang='lat'><strong>:</strong></span> <span class='ocrx_word' id='word_1_354' title='bbox 2601 2397 2730 2443; x_wconf 89' lang='lat' dir='ltr'><strong>tunc</strong></span> <span class='ocrx_word' id='word_1_355' title='bbox 2758 2390 2904 2443; x_wconf 87' lang='lat' dir='ltr'><strong>enim</strong></span> <span class='ocrx_word' id='word_1_356' title='bbox 2937 2388 3026 2442; x_wconf 87' lang='lat' dir='ltr'><strong>vel</strong></span> <span class='ocrx_word' id='word_1_357' title='bbox 3066 2389 3331 2454; x_wconf 85' lang='lat' dir='ltr'><strong>nondum,</strong></span> <span class='ocrx_word' id='word_1_358' title='bbox 3361 2390 3448 2443; x_wconf 84' lang='lat' dir='ltr'><strong>vel</strong></span> <span class='ocrx_word' id='word_1_359' title='bbox 3471 2405 3561 2444; x_wconf 89' lang='lat' dir='ltr'><strong>re-</strong></span> 
     </span>
    </p>
   </div>
   <div class='ocr_carea' id='block_1_52' title="bbox 1981 2481 3560 2552">
    <p class='ocr_par' dir='ltr' id='par_1_52' title="bbox 1981 2481 3560 2552">
     <span class='ocr_line' id='line_1_52' title="bbox 1981 2481 3560 2552; baseline -0.001 -15"><span class='ocrx_word' id='word_1_360' title='bbox 1981 2497 2115 2537; x_wconf 88' lang='lat' dir='ltr'><strong>cens</strong></span> <span class='ocrx_word' id='word_1_361' title='bbox 2147 2481 2529 2536; x_wconf 85' lang='lat' dir='ltr'><strong>Theodoretus</strong></span> <span class='ocrx_word' id='word_1_362' title='bbox 2573 2481 2806 2546; x_wconf 86' lang='lat' dir='ltr'><strong>obierat,</strong></span> <span class='ocrx_word' id='word_1_363' title='bbox 2843 2482 3072 2552; x_wconf 88' lang='lat' dir='ltr'><strong>ejusque</strong></span> <span class='ocrx_word' id='word_1_364' title='bbox 3111 2481 3291 2535; x_wconf 83' lang='lat' dir='ltr'><strong>adhuc</strong></span> <span class='ocrx_word' id='word_1_365' title='bbox 3335 2481 3560 2551; x_wconf 86' lang='lat' dir='ltr'><strong>spiritus</strong></span> 
     </span>
    </p>
   </div>
   <div class='ocr_carea' id='block_1_53' title="bbox 1979 2571 2589 2642">
    <p class='ocr_par' dir='ltr' id='par_1_53' title="bbox 1979 2571 2589 2642">
     <span class='ocr_line' id='line_1_53' title="bbox 1979 2571 2589 2642; baseline 0 -18"><span class='ocrx_word' id='word_1_366' title='bbox 1979 2571 2318 2642; x_wconf 80' lang='lat' dir='ltr'><strong>provinciam</strong></span> <span class='ocrx_word' id='word_1_367' title='bbox 2347 2571 2589 2625; x_wconf 89' lang='lat' dir='ltr'><strong>tenebat.</strong></span> 
     </span>
    </p>
   </div>
   <div class='ocr_carea' id='block_1_54' title="bbox 2052 2661 3561 2732">
    <p class='ocr_par' dir='ltr' id='par_1_54' title="bbox 2052 2661 3561 2732">
     <span class='ocr_line' id='line_1_54' title="bbox 2052 2661 3561 2732; baseline -0.001 -14"><span class='ocrx_word' id='word_1_368' title='bbox 2052 2664 2119 2718; x_wconf 82' lang='lat' dir='ltr'><strong>V.</strong></span> <span class='ocrx_word' id='word_1_369' title='bbox 2159 2663 2272 2718; x_wconf 80' lang='lat' dir='ltr'><strong>Hac</strong></span> <span class='ocrx_word' id='word_1_370' title='bbox 2299 2663 2528 2732; x_wconf 85' lang='lat' dir='ltr'><strong>epistola</strong></span> <span class='ocrx_word' id='word_1_371' title='bbox 2567 2662 2723 2717; x_wconf 89' lang='lat' dir='ltr'><strong>Nilus</strong></span> <span class='ocrx_word' id='word_1_372' title='bbox 2759 2661 3265 2718; x_wconf 84' lang='lat' dir='ltr'><strong>Thessalonicensis</strong></span> <span class='ocrx_word' id='word_1_373' title='bbox 3311 2671 3369 2717; x_wconf 89' lang='lat' dir='ltr'><strong>et</strong></span> <span class='ocrx_word' id='word_1_374' title='bbox 3409 2661 3561 2717; x_wconf 82' lang='lat' dir='ltr'><strong>Jose-</strong></span> 
     </span>
    </p>
   </div>
   <div class='ocr_carea' id='block_1_55' title="bbox 1981 2754 3560 2824">
    <p class='ocr_par' dir='ltr' id='par_1_55' title="bbox 1981 2754 3560 2824">
     <span class='ocr_line' id='line_1_55' title="bbox 1981 2754 3560 2824; baseline 0 -16"><span class='ocrx_word' id='word_1_375' title='bbox 1981 2754 2125 2824; x_wconf 90' lang='lat' dir='ltr'><strong>phus</strong></span> <span class='ocrx_word' id='word_1_376' title='bbox 2187 2754 2483 2808; x_wconf 86' lang='lat' dir='ltr'><strong>Briennius</strong></span> <span class='ocrx_word' id='word_1_377' title='bbox 2531 2754 2687 2808; x_wconf 87' lang='lat' dir='ltr'><strong>abusi</strong></span> <span class='ocrx_word' id='word_1_378' title='bbox 2734 2761 2880 2816; x_wconf 86' lang='lat' dir='ltr'><strong>sunt,</strong></span> <span class='ocrx_word' id='word_1_379' title='bbox 2936 2768 3058 2807; x_wconf 89' lang='lat' dir='ltr'><strong>cum</strong></span> <span class='ocrx_word' id='word_1_380' title='bbox 3099 2754 3166 2807; x_wconf 89' lang='lat' dir='ltr'><strong>de</strong></span> <span class='ocrx_word' id='word_1_381' title='bbox 3212 2756 3560 2823; x_wconf 71' lang='lat' dir='ltr'><strong>proceSs-ione</strong></span> 
     </span>
    </p>
   </div>
   <div class='ocr_carea' id='block_1_56' title="bbox 1985 2841 3559 2914">
    <p class='ocr_par' dir='ltr' id='par_1_56' title="bbox 1985 2841 3559 2914">
     <span class='ocr_line' id='line_1_56' title="bbox 1985 2841 3559 2914; baseline -0.003 -16"><span class='ocrx_word' id='word_1_382' title='bbox 1985 2845 2226 2914; x_wconf 81' lang='lat' dir='ltr'><strong>Spiritus</strong></span> <span class='ocrx_word' id='word_1_383' title='bbox 2255 2845 2428 2897; x_wconf 88' lang='lat' dir='ltr'><strong>sancti</strong></span> <span class='ocrx_word' id='word_1_384' title='bbox 2455 2843 2827 2912; x_wconf 88' lang='lat' dir='ltr'><strong>disputarent,</strong></span> <span class='ocrx_word' id='word_1_385' title='bbox 2855 2843 3274 2910; x_wconf 75' lang='lat' dir='ltr'><strong>niterenturque</strong></span> <span class='ocrx_word' id='word_1_386' title='bbox 3309 2841 3559 2895; x_wconf 61' lang='lat' dir='ltr'><strong>te’stimoo</strong></span> 
     </span>
    </p>
   </div>
   <div class='ocr_carea' id='block_1_57' title="bbox 286 2931 3560 3003">
    <p class='ocr_par' dir='ltr' id='par_1_57' title="bbox 286 2931 3560 3003">
     <span class='ocr_line' id='line_1_57' title="bbox 286 2931 3560 3003; baseline -0.004 -7"><span class='ocrx_word' id='word_1_387' title='bbox 286 2957 418 2996; x_wconf 80' lang='lat' dir='ltr'><strong>nem</strong></span> <span class='ocrx_word' id='word_1_388' title='bbox 470 2956 595 2994; x_wconf 88' lang='lat' dir='ltr'><strong>cum</strong></span> <span class='ocrx_word' id='word_1_389' title='bbox 653 2941 904 2996; x_wconf 88' lang='lat' dir='ltr'><strong>Euchitis</strong></span> <span class='ocrx_word' id='word_1_390' title='bbox 951 2949 1008 2995; x_wconf 95' lang='lat' dir='ltr'><strong>et</strong></span> <span class='ocrx_word' id='word_1_391' title='bbox 1043 2939 1434 2994; x_wconf 88' lang='lat' dir='ltr'><strong>Enthusiastis.</strong></span> <span class='ocrx_word' id='word_1_392' title='bbox 1487 2937 1881 2993; x_wconf 85' lang='lat' dir='ltr'><strong>Admirationis</strong></span> <span class='ocrx_word' id='word_1_393' title='bbox 1985 2937 2079 2990; x_wconf 92' lang='lat' dir='ltr'><strong>nio</strong></span> <span class='ocrx_word' id='word_1_394' title='bbox 2100 2934 2432 2989; x_wconf 86' lang='lat' dir='ltr'><strong>Theodoreti</strong></span> <span class='ocrx_word' id='word_1_395' title='bbox 2463 2934 2721 3003; x_wconf 88' lang='lat' dir='ltr'><strong>probare,</strong></span> <span class='ocrx_word' id='word_1_396' title='bbox 2759 2931 3015 3002; x_wconf 87' lang='lat' dir='ltr'><strong>aCyrillo</strong></span> <span class='ocrx_word' id='word_1_397' title='bbox 3041 2940 3412 2993; x_wconf 81' lang='lat' dir='ltr'><strong>retractatam,</strong></span> <span class='ocrx_word' id='word_1_398' title='bbox 3435 2945 3560 2984; x_wconf 89' lang='lat' dir='ltr'><strong>cum</strong></span> 
     </span>
    </p>
   </div>
   <div class='ocr_carea' id='block_1_58' title="bbox 288 3019 3560 3107">
    <p class='ocr_par' dir='ltr' id='par_1_58' title="bbox 288 3019 3560 3107">
     <span class='ocr_line' id='line_1_58' title="bbox 288 3019 3560 3107; baseline -0.004 -21"><span class='ocrx_word' id='word_1_399' title='bbox 288 3045 518 3086; x_wconf 86' lang='lat' dir='ltr'><strong>causam</strong></span> <span class='ocrx_word' id='word_1_400' title='bbox 567 3029 948 3084; x_wconf 89' lang='lat' dir='ltr'><strong>Theodoretus</strong></span> <span class='ocrx_word' id='word_1_401' title='bbox 1003 3029 1118 3098; x_wconf 90' lang='lat' dir='ltr'><strong>ipse</strong></span> <span class='ocrx_word' id='word_1_402' title='bbox 1152 3027 1289 3081; x_wconf 89' lang='lat' dir='ltr'><strong>alias</strong></span> <span class='ocrx_word' id='word_1_403' title='bbox 1313 3025 1476 3088; x_wconf 89' lang='lat' dir='ltr'><strong>tollit,</strong></span> <span class='ocrx_word' id='word_1_404' title='bbox 1511 3024 1732 3094; x_wconf 89' lang='lat' dir='ltr'><strong>quando</strong></span> <span class='ocrx_word' id='word_1_405' title='bbox 1772 3024 1884 3078; x_wconf 83' lang='lat' dir='ltr'><strong>Eu-</strong></span> <span class='ocrx_word' id='word_1_406' title='bbox 1909 3052 1950 3107; x_wconf 69' lang='grc' dir='ltr'>ο</span> <span class='ocrx_word' id='word_1_407' title='bbox 1985 3043 2091 3097; x_wconf 77' lang='lat' dir='ltr'><strong>pax</strong></span> <span class='ocrx_word' id='word_1_408' title='bbox 2121 3026 2378 3086; x_wconf 89' lang='lat' dir='ltr'><strong>iniretur,</strong></span> <span class='ocrx_word' id='word_1_409' title='bbox 2413 3038 2574 3092; x_wconf 89' lang='lat' dir='ltr'><strong>quam</strong></span> <span class='ocrx_word' id='word_1_410' title='bbox 2625 3021 2925 3075; x_wconf 85' lang='lat' dir='ltr'><strong>tradiderat</strong></span> <span class='ocrx_word' id='word_1_411' title='bbox 2967 3020 3022 3074; x_wconf 87' lang='lat' dir='ltr'><strong>in</strong></span> <span class='ocrx_word' id='word_1_412' title='bbox 3069 3019 3560 3084; x_wconf 87' lang='lat' dir='ltr'><strong>auathematismis,</strong></span> 
     </span>
    </p>
   </div>
   <div class='ocr_carea' id='block_1_59' title="bbox 289 3109 3560 3190">
    <p class='ocr_par' dir='ltr' id='par_1_59' title="bbox 289 3109 3560 3190">
     <span class='ocr_line' id='line_1_59' title="bbox 289 3109 3560 3190; baseline -0.005 -11"><span class='ocrx_word' id='word_1_413' title='bbox 289 3123 574 3179; x_wconf 86' lang='lat' dir='ltr'><strong>cbitarurn</strong></span> <span class='ocrx_word' id='word_1_414' title='bbox 615 3121 847 3176; x_wconf 73' lang='lat' dir='ltr'><strong>haeresin</strong></span> <span class='ocrx_word' id='word_1_415' title='bbox 892 3127 1077 3190; x_wconf 89' lang='lat' dir='ltr'><strong>partes</strong></span> <span class='ocrx_word' id='word_1_416' title='bbox 1110 3120 1247 3173; x_wconf 91' lang='lat' dir='ltr'><strong>duas</strong></span> <span class='ocrx_word' id='word_1_417' title='bbox 1280 3118 1539 3172; x_wconf 88' lang='lat' dir='ltr'><strong>habuisse</strong></span> <span class='ocrx_word' id='word_1_418' title='bbox 1563 3116 1726 3170; x_wconf 86' lang='lat' dir='ltr'><strong>docet</strong></span> <span class='ocrx_word' id='word_1_419' title='bbox 1764 3115 1882 3169; x_wconf 80' lang='lat' dir='ltr'><strong>:al-</strong></span> <span class='ocrx_word' id='word_1_420' title='bbox 1985 3116 2292 3170; x_wconf 89' lang='lat' dir='ltr'><strong>doctrinam</strong></span> <span class='ocrx_word' id='word_1_421' title='bbox 2339 3113 2416 3166; x_wconf 79' lang='lat' dir='ltr'><strong>de</strong></span> <span class='ocrx_word' id='word_1_422' title='bbox 2441 3112 2651 3181; x_wconf 83' lang='lat' dir='ltr'><strong>Spiritu</strong></span> <span class='ocrx_word' id='word_1_423' title='bbox 2703 3119 2894 3164; x_wconf 75' lang='lat' dir='ltr'><strong>sancto</strong></span> <span class='ocrx_word' id='word_1_424' title='bbox 2937 3109 3272 3179; x_wconf 86' lang='lat' dir='ltr'><strong>procedente</strong></span> <span class='ocrx_word' id='word_1_425' title='bbox 3316 3126 3347 3163; x_wconf 88' lang='lat' dir='ltr'><strong>a</strong></span> <span class='ocrx_word' id='word_1_426' title='bbox 3401 3109 3560 3164; x_wconf 87' lang='lat' dir='ltr'><strong>Patre</strong></span> 
     </span>
    </p>
   </div>
   <div class='ocr_carea' id='block_1_60' title="bbox 288 3214 1878 3285">
    <p class='ocr_par' dir='ltr' id='par_1_60' title="bbox 288 3214 1878 3285">
     <span class='ocr_line' id='line_1_60' title="bbox 288 3214 1878 3285; baseline -0.008 -13"><span class='ocrx_word' id='word_1_427' title='bbox 288 3224 492 3280; x_wconf 85' lang='lat' dir='ltr'><strong>teram,</strong></span> <span class='ocrx_word' id='word_1_428' title='bbox 549 3231 656 3285; x_wconf 90' lang='lat' dir='ltr'><strong>qua</strong></span> <span class='ocrx_word' id='word_1_429' title='bbox 702 3215 953 3270; x_wconf 88' lang='lat' dir='ltr'><strong>dicerent</strong></span> <span class='ocrx_word' id='word_1_430' title='bbox 1001 3214 1304 3275; x_wconf 87' lang='lat' dir='ltr'><strong>hominem,</strong></span> <span class='ocrx_word' id='word_1_431' title='bbox 1362 3225 1487 3264; x_wconf 92' lang='lat' dir='ltr'><strong>cum</strong></span> <span class='ocrx_word' id='word_1_432' title='bbox 1540 3215 1878 3272; x_wconf 85' lang='lat' dir='ltr'><strong>nasceretur,</strong></span> 
     </span>
    </p>
   </div>
   <div class='ocr_carea' id='block_1_61' title="bbox 287 3300 1882 3382">
    <p class='ocr_par' dir='ltr' id='par_1_61' title="bbox 287 3300 1882 3382">
     <span class='ocr_line' id='line_1_61' title="bbox 287 3300 1882 3382; baseline -0.009 -17"><span class='ocrx_word' id='word_1_433' title='bbox 287 3309 555 3382; x_wconf 84' lang='lat' dir='ltr'><strong>potestati</strong></span> <span class='ocrx_word' id='word_1_434' title='bbox 599 3307 864 3362; x_wconf 67' lang='lat' dir='ltr'><strong>daemonis</strong></span> <span class='ocrx_word' id='word_1_435' title='bbox 900 3321 1020 3360; x_wconf 88' lang='lat' dir='ltr'><strong>esse</strong></span> <span class='ocrx_word' id='word_1_436' title='bbox 1069 3302 1408 3367; x_wconf 79' lang='lat' dir='ltr'><strong>obnoxium;</strong></span> <span class='ocrx_word' id='word_1_437' title='bbox 1463 3300 1715 3363; x_wconf 86' lang='lat' dir='ltr'><strong>alteram,</strong></span> <span class='ocrx_word' id='word_1_438' title='bbox 1771 3313 1882 3368; x_wconf 88' lang='lat' dir='ltr'><strong>qua</strong></span> 
     </span>
    </p>
   </div>
   <div class='ocr_carea' id='block_1_62' title="bbox 289 3393 1882 3471">
    <p class='ocr_par' dir='ltr' id='par_1_62' title="bbox 289 3393 1882 3471">
     <span class='ocr_line' id='line_1_62' title="bbox 289 3393 1882 3471; baseline -0.008 -15"><span class='ocrx_word' id='word_1_439' title='bbox 289 3401 571 3471; x_wconf 86' lang='lat' dir='ltr'><strong>baptisma</strong></span> <span class='ocrx_word' id='word_1_440' title='bbox 597 3399 738 3454; x_wconf 77' lang='lat' dir='ltr'><strong>nihil</strong></span> <span class='ocrx_word' id='word_1_441' title='bbox 773 3396 1205 3467; x_wconf 87' lang='lat' dir='ltr'><strong>suscipientibus</strong></span> <span class='ocrx_word' id='word_1_442' title='bbox 1250 3393 1512 3464; x_wconf 86' lang='lat' dir='ltr'><strong>prodesse</strong></span> <span class='ocrx_word' id='word_1_443' title='bbox 1549 3396 1882 3445; x_wconf 77' lang='lat' dir='ltr'><strong>assererem.</strong></span> 
     </span>
    </p>
   </div>
   <div class='ocr_carea' id='block_1_63' title="bbox 288 3479 1884 3551">
    <p class='ocr_par' dir='ltr' id='par_1_63' title="bbox 288 3479 1884 3551">
     <span class='ocr_line' id='line_1_63' title="bbox 288 3479 1884 3551; baseline -0.009 -3"><span class='ocrx_word' id='word_1_444' title='bbox 288 3495 538 3549; x_wconf 90' lang='lat' dir='ltr'><strong>Primam</strong></span> <span class='ocrx_word' id='word_1_445' title='bbox 569 3491 886 3547; x_wconf 82' lang='lat' dir='ltr'><strong>Caelestiani</strong></span> <span class='ocrx_word' id='word_1_446' title='bbox 918 3487 1218 3544; x_wconf 87' lang='lat' dir='ltr'><strong>Catholicis</strong></span> <span class='ocrx_word' id='word_1_447' title='bbox 1241 3483 1572 3551; x_wconf 88' lang='lat' dir='ltr'><strong>;secundam</strong></span> <span class='ocrx_word' id='word_1_448' title='bbox 1613 3479 1884 3536; x_wconf 82' lang='lat' dir='ltr'><strong>Catholici</strong></span> 
     </span>
    </p>
   </div>
   <div class='ocr_carea' id='block_1_64' title="bbox 289 3572 1885 3655">
    <p class='ocr_par' dir='ltr' id='par_1_64' title="bbox 289 3572 1885 3655">
     <span class='ocr_line' id='line_1_64' title="bbox 289 3572 1885 3655; baseline -0.01 -14"><span class='ocrx_word' id='word_1_449' title='bbox 289 3585 648 3642; x_wconf 67' lang='lat' dir='ltr'><strong>Caelestianis</strong></span> <span class='ocrx_word' id='word_1_450' title='bbox 677 3583 1035 3655; x_wconf 83' lang='lat' dir='ltr'><strong>objiciebant.</strong></span> <span class='ocrx_word' id='word_1_451' title='bbox 1057 3580 1381 3649; x_wconf 84' lang='lat' dir='ltr'><strong>Quanquam</strong></span> <span class='ocrx_word' id='word_1_452' title='bbox 1429 3573 1773 3645; x_wconf 88' lang='lat' dir='ltr'><strong>probabilius</strong></span> <span class='ocrx_word' id='word_1_453' title='bbox 1799 3572 1885 3626; x_wconf 64' lang='lat' dir='ltr'><strong>.vi-</strong></span> 
     </span>
    </p>
   </div>
   <div class='ocr_carea' id='block_1_65' title="bbox 291 3665 1884 3744">
    <p class='ocr_par' dir='ltr' id='par_1_65' title="bbox 291 3665 1884 3744">
     <span class='ocr_line' id='line_1_65' title="bbox 291 3665 1884 3744; baseline -0.012 -9"><span class='ocrx_word' id='word_1_454' title='bbox 291 3679 517 3743; x_wconf 87' lang='lat' dir='ltr'><strong>deatur,</strong></span> <span class='ocrx_word' id='word_1_455' title='bbox 562 3693 672 3731; x_wconf 87' lang='lat' dir='ltr'><strong>non</strong></span> <span class='ocrx_word' id='word_1_456' title='bbox 701 3684 810 3729; x_wconf 87' lang='lat' dir='ltr'><strong>tam</strong></span> <span class='ocrx_word' id='word_1_457' title='bbox 836 3673 1130 3744; x_wconf 79' lang='lat' dir='ltr'><strong>dogmatis,</strong></span> <span class='ocrx_word' id='word_1_458' title='bbox 1159 3685 1323 3740; x_wconf 82' lang='lat' dir='ltr'><strong>quam</strong></span> <span class='ocrx_word' id='word_1_459' title='bbox 1352 3665 1757 3724; x_wconf 88' lang='lat' dir='ltr'><strong>communionis</strong></span> <span class='ocrx_word' id='word_1_460' title='bbox 1797 3678 1884 3717; x_wconf 86' lang='lat' dir='ltr'><strong>so-</strong></span> 
     </span>
    </p>
   </div>
   <div class='ocr_carea' id='block_1_66' title="bbox 290 3765 1350 3835">
    <p class='ocr_par' dir='ltr' id='par_1_66' title="bbox 290 3765 1350 3835">
     <span class='ocr_line' id='line_1_66' title="bbox 290 3765 1350 3835; baseline -0.013 -6"><span class='ocrx_word' id='word_1_461' title='bbox 290 3773 556 3829; x_wconf 86' lang='lat' dir='ltr'><strong>cietatem</strong></span> <span class='ocrx_word' id='word_1_462' title='bbox 582 3769 715 3823; x_wconf 89' lang='lat' dir='ltr'><strong>hinc</strong></span> <span class='ocrx_word' id='word_1_463' title='bbox 749 3766 876 3822; x_wconf 91' lang='lat' dir='ltr'><strong>inde</strong></span> <span class='ocrx_word' id='word_1_464' title='bbox 913 3765 1184 3835; x_wconf 90' lang='lat' dir='ltr'><strong>objectam</strong></span> <span class='ocrx_word' id='word_1_465' title='bbox 1209 3776 1350 3817; x_wconf 90' lang='lat' dir='ltr'><strong>esse.</strong></span> 
     </span>
    </p>
   </div>
   <div class='ocr_carea' id='block_1_67' title="bbox 294 3914 1886 4000">
    <p class='ocr_par' dir='ltr' id='par_1_67' title="bbox 294 3914 1886 4000">
     <span class='ocr_line' id='line_1_67' title="bbox 294 3914 1886 4000; baseline -0.011 -17"><span class='ocrx_word' id='word_1_466' title='bbox 294 3925 546 4000; x_wconf 76' lang='lat' dir='ltr'><strong>Epistula</strong></span> <span class='ocrx_word' id='word_1_467' title='bbox 587 3925 708 3990; x_wconf 81' lang='grc'><strong>1⁵11,</strong></span> <span class='ocrx_word' id='word_1_468' title='bbox 733 3939 896 3994; x_wconf 84' lang='lat' dir='ltr'><strong>quam</strong></span> <span class='ocrx_word' id='word_1_469' title='bbox 928 3920 1279 4000; x_wconf 60' lang='lat' dir='ltr'><strong>Theodoreus</strong></span> <span class='ocrx_word' id='word_1_470' title='bbox 1300 3916 1512 3986; x_wconf 69' lang='lat' dir='ltr'><strong>scripsit</strong></span> <span class='ocrx_word' id='word_1_471' title='bbox 1541 3915 1611 3969; x_wconf 86' lang='lat' dir='ltr'><strong>ad</strong></span> <span class='ocrx_word' id='word_1_472' title='bbox 1623 3914 1886 3968; x_wconf 74' lang='lat' dir='ltr'><strong>Joannem</strong></span> 
     </span>
    </p>
   </div>
   <div class='ocr_carea' id='block_1_68' title="bbox 905 3993 1312 4047">
    <p class='ocr_par' dir='ltr' id='par_1_68' title="bbox 905 3993 1312 4047">
     <span class='ocr_line' id='line_1_68' title="bbox 905 3993 1312 4047; baseline -0.012 0"><span class='ocrx_word' id='word_1_473' title='bbox 905 3993 1312 4047; x_wconf 68' lang='lat' dir='ltr'><strong>Antiochenam.</strong></span> 
     </span>
    </p>
   </div>
   <div class='ocr_carea' id='block_1_69' title="bbox 364 4119 1890 4202">
    <p class='ocr_par' dir='ltr' id='par_1_69' title="bbox 364 4119 1890 4202">
     <span class='ocr_line' id='line_1_69' title="bbox 364 4119 1890 4202; baseline -0.014 -11"><span class='ocrx_word' id='word_1_474' title='bbox 364 4135 408 4192; x_wconf 92' lang='grc'><strong>1.</strong></span> <span class='ocrx_word' id='word_1_475' title='bbox 443 4132 510 4187; x_wconf 83' lang='lat' dir='ltr'><strong>In</strong></span> <span class='ocrx_word' id='word_1_476' title='bbox 536 4131 690 4186; x_wconf 82' lang='lat' dir='ltr'><strong>Actis</strong></span> <span class='ocrx_word' id='word_1_477' title='bbox 721 4147 754 4185; x_wconf 92' lang='lat' dir='ltr'><strong>v</strong></span> <span class='ocrx_word' id='word_1_478' title='bbox 787 4127 1000 4202; x_wconf 78' lang='lat' dir='ltr'><strong>synodi,</strong></span> <span class='ocrx_word' id='word_1_479' title='bbox 1022 4127 1147 4182; x_wconf 92' lang='lat' dir='ltr'><strong>coll.</strong></span> <span class='ocrx_word' id='word_1_480' title='bbox 1182 4126 1234 4189; x_wconf 82' lang='lat'><strong>5,</strong></span> <span class='ocrx_word' id='word_1_481' title='bbox 1265 4123 1466 4195; x_wconf 83' lang='lat' dir='ltr'><strong>legitur</strong></span> <span class='ocrx_word' id='word_1_482' title='bbox 1490 4122 1654 4192; x_wconf 92' lang='lat' dir='ltr'><strong>hujus</strong></span> <span class='ocrx_word' id='word_1_483' title='bbox 1686 4119 1890 4189; x_wconf 86' lang='lat' dir='ltr'><strong>episto-</strong></span> 
     </span>
    </p>
   </div>
   <div class='ocr_carea' id='block_1_70' title="bbox 292 4207 1889 4288">
    <p class='ocr_par' dir='ltr' id='par_1_70' title="bbox 292 4207 1889 4288">
     <span class='ocr_line' id='line_1_70' title="bbox 292 4207 1889 4288; baseline -0.01 -12"><span class='ocrx_word' id='word_1_484' title='bbox 292 4223 358 4276; x_wconf 72' lang='lat' dir='ltr'><strong>la:</strong></span> <span class='ocrx_word' id='word_1_485' title='bbox 400 4219 593 4276; x_wconf 88' lang='lat' dir='ltr'><strong>media</strong></span> <span class='ocrx_word' id='word_1_486' title='bbox 646 4219 761 4273; x_wconf 85' lang='lat' dir='ltr'><strong>fere</strong></span> <span class='ocrx_word' id='word_1_487' title='bbox 803 4233 950 4288; x_wconf 88' lang='lat' dir='ltr'><strong>pars,</strong></span> <span class='ocrx_word' id='word_1_488' title='bbox 986 4215 1082 4271; x_wconf 90' lang='lat' dir='ltr'><strong>sed</strong></span> <span class='ocrx_word' id='word_1_489' title='bbox 1121 4215 1314 4269; x_wconf 88' lang='lat' dir='ltr'><strong>Latine</strong></span> <span class='ocrx_word' id='word_1_490' title='bbox 1346 4222 1556 4267; x_wconf 90' lang='lat' dir='ltr'><strong>tantum</strong></span> <span class='ocrx_word' id='word_1_491' title='bbox 1581 4213 1622 4242; x_wconf 81' lang='lat'>“</span> <span class='ocrx_word' id='word_1_492' title='bbox 1661 4227 1674 4262; x_wconf 91' lang='lat'><strong>:</strong></span> <span class='ocrx_word' id='word_1_493' title='bbox 1714 4207 1889 4278; x_wconf 83' lang='lat' dir='ltr'><strong>proli-</strong></span> 
     </span>
    </p>
   </div>
   <div class='ocr_carea' id='block_1_71' title="bbox 295 4296 1892 4368">
    <p class='ocr_par' dir='ltr' id='par_1_71' title="bbox 295 4296 1892 4368">
     <span class='ocr_line' id='line_1_71' title="bbox 295 4296 1892 4368; baseline -0.011 -2"><span class='ocrx_word' id='word_1_494' title='bbox 295 4313 515 4368; x_wconf 85' lang='lat' dir='ltr'><strong>xiorem</strong></span> <span class='ocrx_word' id='word_1_495' title='bbox 543 4309 718 4364; x_wconf 88' lang='lat' dir='ltr'><strong>edidit</strong></span> <span class='ocrx_word' id='word_1_496' title='bbox 742 4307 931 4362; x_wconf 76' lang='lat' dir='ltr'><strong>Grzeee</strong></span> <span class='ocrx_word' id='word_1_497' title='bbox 957 4314 1013 4361; x_wconf 90' lang='lat' dir='ltr'><strong>et</strong></span> <span class='ocrx_word' id='word_1_498' title='bbox 1034 4305 1226 4358; x_wconf 87' lang='lat' dir='ltr'><strong>Latine</strong></span> <span class='ocrx_word' id='word_1_499' title='bbox 1254 4318 1399 4357; x_wconf 90' lang='lat' dir='ltr'><strong>anno</strong></span> <span class='ocrx_word' id='word_1_500' title='bbox 1430 4300 1561 4355; x_wconf 84' lang='grc'><strong>1661</strong></span> <span class='ocrx_word' id='word_1_501' title='bbox 1609 4298 1720 4352; x_wconf 91' lang='lat' dir='ltr'><strong>Leo</strong></span> <span class='ocrx_word' id='word_1_502' title='bbox 1746 4296 1892 4350; x_wconf 88' lang='lat' dir='ltr'><strong>Alla-</strong></span> 
     </span>
    </p>
   </div>
   <div class='ocr_carea' id='block_1_72' title="bbox 1982 3200 3562 3271">
    <p class='ocr_par' dir='ltr' id='par_1_72' title="bbox 1982 3200 3562 3271">
     <span class='ocr_line' id='line_1_72' title="bbox 1982 3200 3562 3271; baseline -0.006 -7"><span class='ocrx_word' id='word_1_503' title='bbox 1982 3208 2225 3264; x_wconf 56' lang='lat' dir='ltr'><strong>et&#39;Filio.</strong></span> <span class='ocrx_word' id='word_1_504' title='bbox 2257 3206 2367 3259; x_wconf 87' lang='lat' dir='ltr'><strong>Leo</strong></span> <span class='ocrx_word' id='word_1_505' title='bbox 2393 3203 2626 3258; x_wconf 86' lang='lat' dir='ltr'><strong>Allatius</strong></span> <span class='ocrx_word' id='word_1_506' title='bbox 2665 3202 2719 3256; x_wconf 89' lang='lat' dir='ltr'><strong>in</strong></span> <span class='ocrx_word' id='word_1_507' title='bbox 2760 3201 3004 3256; x_wconf 77' lang='lat' dir='ltr'><strong>Vindiciis</strong></span> <span class='ocrx_word' id='word_1_508' title='bbox 3035 3201 3222 3271; x_wconf 77' lang='lat' dir='ltr'><strong>synodi</strong></span> <span class='ocrx_word' id='word_1_509' title='bbox 3261 3200 3562 3271; x_wconf 69' lang='lat' dir='ltr'><strong>Ephesius,</strong></span> 
     </span>
    </p>
   </div>
   <div class='ocr_carea' id='block_1_73' title="bbox 1981 3292 3562 3368">
    <p class='ocr_par' dir='ltr' id='par_1_73' title="bbox 1981 3292 3562 3368">
     <span class='ocr_line' id='line_1_73' title="bbox 1981 3292 3562 3368; baseline -0.008 -13"><span class='ocrx_word' id='word_1_510' title='bbox 1981 3310 2046 3355; x_wconf 89' lang='lat' dir='ltr'><strong>ut</strong></span> <span class='ocrx_word' id='word_1_511' title='bbox 2079 3301 2222 3353; x_wconf 90' lang='lat' dir='ltr'><strong>hanc</strong></span> <span class='ocrx_word' id='word_1_512' title='bbox 2246 3297 2630 3368; x_wconf 86' lang='lat' dir='ltr'><strong>probationem</strong></span> <span class='ocrx_word' id='word_1_513' title='bbox 2663 3295 2858 3358; x_wconf 87' lang='lat' dir='ltr'><strong>diluat,</strong></span> <span class='ocrx_word' id='word_1_514' title='bbox 2883 3293 3088 3362; x_wconf 87' lang='lat' dir='ltr'><strong>excipit</strong></span> <span class='ocrx_word' id='word_1_515' title='bbox 3113 3292 3260 3346; x_wconf 91' lang='lat' dir='ltr'><strong>duo:</strong></span> <span class='ocrx_word' id='word_1_516' title='bbox 3302 3293 3562 3358; x_wconf 83' lang='lat' dir='ltr'><strong>alterum,</strong></span> 
     </span>
    </p>
   </div>
   <div class='ocr_carea' id='block_1_74' title="bbox 1983 3382 3563 3462">
    <p class='ocr_par' dir='ltr' id='par_1_74' title="bbox 1983 3382 3563 3462">
     <span class='ocr_line' id='line_1_74' title="bbox 1983 3382 3563 3462; baseline -0.006 -17"><span class='ocrx_word' id='word_1_517' title='bbox 1983 3389 2270 3462; x_wconf 89' lang='lat' dir='ltr'><strong>epistolam</strong></span> <span class='ocrx_word' id='word_1_518' title='bbox 2305 3387 2480 3441; x_wconf 82' lang='lat' dir='ltr'><strong>videri</strong></span> <span class='ocrx_word' id='word_1_519' title='bbox 2535 3387 2639 3440; x_wconf 88' lang='lat' dir='ltr'><strong>sibi</strong></span> <span class='ocrx_word' id='word_1_520' title='bbox 2674 3385 3079 3456; x_wconf 88' lang='lat' dir='ltr'><strong>supposititiam</strong></span> <span class='ocrx_word' id='word_1_521' title='bbox 3107 3401 3122 3450; x_wconf 90' lang='lat'><strong>;</strong></span> <span class='ocrx_word' id='word_1_522' title='bbox 3173 3385 3404 3438; x_wconf 84' lang='lat' dir='ltr'><strong>alterum</strong></span> <span class='ocrx_word' id='word_1_523' title='bbox 3431 3423 3446 3448; x_wconf 91' lang='lat'><strong>,</strong></span> <span class='ocrx_word' id='word_1_524' title='bbox 3497 3382 3563 3437; x_wconf 88' lang='lat' dir='ltr'><strong>de</strong></span> 
     </span>
    </p>
   </div>
   <div class='ocr_carea' id='block_1_75' title="bbox 1988 3477 3564 3551">
    <p class='ocr_par' dir='ltr' id='par_1_75' title="bbox 1988 3477 3564 3551">
     <span class='ocr_line' id='line_1_75' title="bbox 1988 3477 3564 3551; baseline -0.005 -13"><span class='ocrx_word' id='word_1_525' title='bbox 1988 3483 2340 3539; x_wconf 89' lang='lat' dir='ltr'><strong>Theodoreto</strong></span> <span class='ocrx_word' id='word_1_526' title='bbox 2367 3479 2630 3551; x_wconf 81' lang='lat' dir='ltr'><strong>Cyrillum</strong></span> <span class='ocrx_word' id='word_1_527' title='bbox 2653 3479 2940 3533; x_wconf 82' lang='lat' dir='ltr'><strong>occasione</strong></span> <span class='ocrx_word' id='word_1_528' title='bbox 2969 3478 3131 3548; x_wconf 90' lang='lat' dir='ltr'><strong>hujus</strong></span> <span class='ocrx_word' id='word_1_529' title='bbox 3151 3478 3394 3546; x_wconf 76' lang='lat' dir='ltr'><strong>epistola:</strong></span> <span class='ocrx_word' id='word_1_530' title='bbox 3422 3477 3564 3546; x_wconf 92' lang='lat' dir='ltr'><strong>apud</strong></span> 
     </span>
    </p>
   </div>
   <div class='ocr_carea' id='block_1_76' title="bbox 1983 3571 3139 3640">
    <p class='ocr_par' dir='ltr' id='par_1_76' title="bbox 1983 3571 3139 3640">
     <span class='ocr_line' id='line_1_76' title="bbox 1983 3571 3139 3640; baseline -0.006 -10"><span class='ocrx_word' id='word_1_531' title='bbox 1983 3576 2246 3631; x_wconf 87' lang='lat' dir='ltr'><strong>Joannem</strong></span> <span class='ocrx_word' id='word_1_532' title='bbox 2279 3571 2683 3626; x_wconf 87' lang='lat' dir='ltr'><strong>Antiochenum</strong></span> <span class='ocrx_word' id='word_1_533' title='bbox 2712 3579 2968 3640; x_wconf 90' lang='lat' dir='ltr'><strong>questum</strong></span> <span class='ocrx_word' id='word_1_534' title='bbox 2998 3585 3139 3624; x_wconf 90' lang='lat' dir='ltr'><strong>esse.</strong></span> 
     </span>
    </p>
   </div>
   <div class='ocr_carea' id='block_1_77' title="bbox 2060 3658 3568 3728">
    <p class='ocr_par' dir='ltr' id='par_1_77' title="bbox 2060 3658 3568 3728">
     <span class='ocr_line' id='line_1_77' title="bbox 2060 3658 3568 3728; baseline -0.003 -9"><span class='ocrx_word' id='word_1_535' title='bbox 2060 3665 2143 3721; x_wconf 87' lang='lat' dir='ltr'><strong>Vl.</strong></span> <span class='ocrx_word' id='word_1_536' title='bbox 2181 3664 2293 3719; x_wconf 88' lang='lat' dir='ltr'><strong>Nec</strong></span> <span class='ocrx_word' id='word_1_537' title='bbox 2328 3663 2440 3725; x_wconf 91' lang='lat' dir='ltr'><strong>hic,</strong></span> <span class='ocrx_word' id='word_1_538' title='bbox 2466 3677 2569 3716; x_wconf 89' lang='lat' dir='ltr'><strong>nec</strong></span> <span class='ocrx_word' id='word_1_539' title='bbox 2603 3661 2680 3715; x_wconf 89' lang='lat' dir='ltr'><strong>illi</strong></span> <span class='ocrx_word' id='word_1_540' title='bbox 2723 3660 2981 3715; x_wconf 85' lang='lat' dir='ltr'><strong>audiendi</strong></span> <span class='ocrx_word' id='word_1_541' title='bbox 3012 3669 3158 3714; x_wconf 84' lang='lat' dir='ltr'><strong>sunt.</strong></span> <span class='ocrx_word' id='word_1_542' title='bbox 3201 3659 3337 3714; x_wconf 88' lang='lat' dir='ltr'><strong>Nam</strong></span> <span class='ocrx_word' id='word_1_543' title='bbox 3387 3658 3568 3728; x_wconf 90' lang='lat' dir='ltr'><strong>primo</strong></span> 
     </span>
    </p>
   </div>
   <div class='ocr_carea' id='block_1_78' title="bbox 1985 3750 3566 3812">
    <p class='ocr_par' dir='ltr' id='par_1_78' title="bbox 1985 3750 3566 3812">
     <span class='ocr_line' id='line_1_78' title="bbox 1985 3750 3566 3812; baseline -0.005 0"><span class='ocrx_word' id='word_1_544' title='bbox 1985 3756 2393 3812; x_wconf 79' lang='lat' dir='ltr'><strong>inconsiderate</strong></span> <span class='ocrx_word' id='word_1_545' title='bbox 2435 3753 2666 3808; x_wconf 77' lang='lat' dir='ltr'><strong>aﬂ‘ertur</strong></span> <span class='ocrx_word' id='word_1_546' title='bbox 2709 3770 2741 3808; x_wconf 85' lang='lat' dir='ltr'><strong>a</strong></span> <span class='ocrx_word' id='word_1_547' title='bbox 2786 3752 3153 3808; x_wconf 85' lang='lat' dir='ltr'><strong>schismaticis</strong></span> <span class='ocrx_word' id='word_1_548' title='bbox 3193 3750 3566 3806; x_wconf 89' lang='lat' dir='ltr'><strong>testimonium</strong></span> 
     </span>
    </p>
   </div>
   <div class='ocr_carea' id='block_1_79' title="bbox 1986 3841 3566 3904">
    <p class='ocr_par' dir='ltr' id='par_1_79' title="bbox 1986 3841 3566 3904">
     <span class='ocr_line' id='line_1_79' title="bbox 1986 3841 3566 3904; baseline -0.006 -2"><span class='ocrx_word' id='word_1_549' title='bbox 1986 3847 2231 3902; x_wconf 88' lang='lat' dir='ltr'><strong>hominis</strong></span> <span class='ocrx_word' id='word_1_550' title='bbox 2284 3845 2549 3901; x_wconf 88' lang='lat' dir='ltr'><strong>iracunde</strong></span> <span class='ocrx_word' id='word_1_551' title='bbox 2616 3843 3020 3898; x_wconf 81' lang='lat' dir='ltr'><strong>calumniantis.</strong></span> <span class='ocrx_word' id='word_1_552' title='bbox 3052 3842 3258 3898; x_wconf 85' lang='lat' dir='ltr'><strong>Deinde</strong></span> <span class='ocrx_word' id='word_1_553' title='bbox 3319 3841 3566 3904; x_wconf 85' lang='lat' dir='ltr'><strong>Allatius,</strong></span> 
     </span>
    </p>
   </div>
   <div class='ocr_carea' id='block_1_80' title="bbox 1987 3933 3568 4005">
    <p class='ocr_par' dir='ltr' id='par_1_80' title="bbox 1987 3933 3568 4005">
     <span class='ocr_line' id='line_1_80' title="bbox 1987 3933 3568 4005; baseline -0.008 -9"><span class='ocrx_word' id='word_1_554' title='bbox 1987 3956 2112 3996; x_wconf 90' lang='lat' dir='ltr'><strong>cum</strong></span> <span class='ocrx_word' id='word_1_555' title='bbox 2141 3938 2530 4003; x_wconf 90' lang='lat' dir='ltr'><strong>ait,occasione</strong></span> <span class='ocrx_word' id='word_1_556' title='bbox 2563 3937 2726 4005; x_wconf 90' lang='lat' dir='ltr'><strong>hujus</strong></span> <span class='ocrx_word' id='word_1_557' title='bbox 2754 3936 3000 4005; x_wconf 72' lang='lat' dir='ltr'><strong>epistolae</strong></span> <span class='ocrx_word' id='word_1_558' title='bbox 3023 3933 3284 4004; x_wconf 88' lang='lat' dir='ltr'><strong>Cyrillum</strong></span> <span class='ocrx_word' id='word_1_559' title='bbox 3313 3939 3568 4001; x_wconf 83' lang='lat' dir='ltr'><strong>questum</strong></span> 
     </span>
    </p>
   </div>
   <div class='ocr_carea' id='block_1_81' title="bbox 1987 4025 3567 4096">
    <p class='ocr_par' dir='ltr' id='par_1_81' title="bbox 1987 4025 3567 4096">
     <span class='ocr_line' id='line_1_81' title="bbox 1987 4025 3567 4096; baseline -0.01 -9"><span class='ocrx_word' id='word_1_560' title='bbox 1987 4046 2109 4087; x_wconf 88' lang='lat' dir='ltr'><strong>esse</strong></span> <span class='ocrx_word' id='word_1_561' title='bbox 2137 4030 2204 4085; x_wconf 85' lang='lat' dir='ltr'><strong>de</strong></span> <span class='ocrx_word' id='word_1_562' title='bbox 2242 4028 2592 4083; x_wconf 89' lang='lat' dir='ltr'><strong>Theodoreto</strong></span> <span class='ocrx_word' id='word_1_563' title='bbox 2630 4026 2774 4096; x_wconf 91' lang='lat' dir='ltr'><strong>apud</strong></span> <span class='ocrx_word' id='word_1_564' title='bbox 2823 4025 3112 4090; x_wconf 87' lang='lat' dir='ltr'><strong>Joannem,</strong></span> <span class='ocrx_word' id='word_1_565' title='bbox 3156 4030 3347 4092; x_wconf 87' lang='lat' dir='ltr'><strong>peccat</strong></span> <span class='ocrx_word' id='word_1_566' title='bbox 3376 4029 3567 4074; x_wconf 88' lang='lat' dir='ltr'><strong>contra</strong></span> 
     </span>
    </p>
   </div>
   <div class='ocr_carea' id='block_1_82' title="bbox 1989 4111 3570 4188">
    <p class='ocr_par' dir='ltr' id='par_1_82' title="bbox 1989 4111 3570 4188">
     <span class='ocr_line' id='line_1_82' title="bbox 1989 4111 3570 4188; baseline -0.009 -12"><span class='ocrx_word' id='word_1_567' title='bbox 1989 4123 2260 4176; x_wconf 85' lang='lat' dir='ltr'><strong>rationem</strong></span> <span class='ocrx_word' id='word_1_568' title='bbox 2313 4117 2610 4188; x_wconf 80' lang='lat' dir='ltr'><strong>temporis;</strong></span> <span class='ocrx_word' id='word_1_569' title='bbox 2665 4115 3109 4185; x_wconf 86' lang='lat' dir='ltr'><strong>quandoquidem</strong></span> <span class='ocrx_word' id='word_1_570' title='bbox 3175 4113 3290 4167; x_wconf 75' lang='lat' dir='ltr'><strong>hzec</strong></span> <span class='ocrx_word' id='word_1_571' title='bbox 3339 4111 3570 4180; x_wconf 89' lang='lat' dir='ltr'><strong>epistola</strong></span> 
     </span>
    </p>
   </div>
   <div class='ocr_carea' id='block_1_83' title="bbox 1990 4203 3570 4274">
    <p class='ocr_par' dir='ltr' id='par_1_83' title="bbox 1990 4203 3570 4274">
     <span class='ocr_line' id='line_1_83' title="bbox 1990 4203 3570 4274; baseline -0.008 -8"><span class='ocrx_word' id='word_1_572' title='bbox 1990 4212 2116 4266; x_wconf 88' lang='lat' dir='ltr'><strong>data</strong></span> <span class='ocrx_word' id='word_1_573' title='bbox 2159 4220 2245 4266; x_wconf 90' lang='lat' dir='ltr'><strong>est</strong></span> <span class='ocrx_word' id='word_1_574' title='bbox 2291 4224 2435 4264; x_wconf 86' lang='lat' dir='ltr'><strong>anno</strong></span> <span class='ocrx_word' id='word_1_575' title='bbox 2466 4207 2590 4272; x_wconf 67' lang='lat'><strong>452,</strong></span> <span class='ocrx_word' id='word_1_576' title='bbox 2643 4207 2746 4260; x_wconf 89' lang='lat' dir='ltr'><strong>sub</strong></span> <span class='ocrx_word' id='word_1_577' title='bbox 2781 4204 2982 4270; x_wconf 76' lang='lat' dir='ltr'><strong>tinem;</strong></span> <span class='ocrx_word' id='word_1_578' title='bbox 3028 4203 3260 4274; x_wconf 86' lang='lat' dir='ltr'><strong>epistola</strong></span> <span class='ocrx_word' id='word_1_579' title='bbox 3283 4217 3437 4265; x_wconf 89' lang='lat' dir='ltr'><strong>vero,</strong></span> <span class='ocrx_word' id='word_1_580' title='bbox 3462 4216 3570 4270; x_wconf 89' lang='lat' dir='ltr'><strong>qua</strong></span> 
     </span>
    </p>
   </div>
   <div class='ocr_carea' id='block_1_84' title="bbox 1990 4291 3570 4374">
    <p class='ocr_par' dir='ltr' id='par_1_84' title="bbox 1990 4291 3570 4374">
     <span class='ocr_line' id='line_1_84' title="bbox 1990 4291 3570 4374; baseline -0.009 -16"><span class='ocrx_word' id='word_1_581' title='bbox 1990 4302 2228 4374; x_wconf 78' lang='lat' dir='ltr'><strong>Cyrillus</strong></span> <span class='ocrx_word' id='word_1_582' title='bbox 2253 4299 2688 4370; x_wconf 90' lang='lat' dir='ltr'><strong>queritur,anno</strong></span> <span class='ocrx_word' id='word_1_583' title='bbox 2736 4297 2860 4362; x_wconf 66' lang='lat'><strong>458,</strong></span> <span class='ocrx_word' id='word_1_584' title='bbox 2897 4311 3060 4366; x_wconf 90' lang='lat' dir='ltr'><strong>quam</strong></span> <span class='ocrx_word' id='word_1_585' title='bbox 3088 4293 3372 4350; x_wconf 89' lang='lat' dir='ltr'><strong>citissime.</strong></span> <span class='ocrx_word' id='word_1_586' title='bbox 3407 4291 3570 4346; x_wconf 86' lang='lat' dir='ltr'><strong>Deni-</strong></span> 
     </span>
    </p>
   </div>
   <div class='ocr_carea' id='block_1_85' title="bbox 299 4383 3572 4469">
    <p class='ocr_par' dir='ltr' id='par_1_85' title="bbox 299 4383 3572 4469">
     <span class='ocr_line' id='line_1_85' title="bbox 299 4383 3572 4469; baseline -0.007 -11"><span class='ocrx_word' id='word_1_587' title='bbox 299 4404 410 4458; x_wconf 91' lang='lat' dir='ltr'><strong>tius</strong></span> <span class='ocrx_word' id='word_1_588' title='bbox 445 4403 503 4455; x_wconf 91' lang='lat' dir='ltr'><strong>in</strong></span> <span class='ocrx_word' id='word_1_589' title='bbox 554 4399 799 4454; x_wconf 81' lang='lat' dir='ltr'><strong>Vindiciis</strong></span> <span class='ocrx_word' id='word_1_590' title='bbox 838 4396 1022 4469; x_wconf 83' lang='lat' dir='ltr'><strong>synodi</strong></span> <span class='ocrx_word' id='word_1_591' title='bbox 1059 4393 1339 4465; x_wconf 66' lang='lat' dir='ltr'><strong>Ephesium</strong></span> <span class='ocrx_word' id='word_1_592' title='bbox 1369 4409 1386 4446; x_wconf 93' lang='lat'><strong><em>:</em></strong></span> <span class='ocrx_word' id='word_1_593' title='bbox 1422 4390 1596 4446; x_wconf 79' lang='lat' dir='ltr'><strong>edidit</strong></span> <span class='ocrx_word' id='word_1_594' title='bbox 1625 4397 1680 4444; x_wconf 90' lang='lat' dir='ltr'><strong>et</strong></span> <span class='ocrx_word' id='word_1_595' title='bbox 1709 4401 1889 4456; x_wconf 87' lang='lat' dir='ltr'><strong>nuper</strong></span> <span class='ocrx_word' id='word_1_596' title='bbox 1918 4399 1966 4455; x_wconf 79' lang='grc' dir='ltr'><strong>ι)</strong></span> <span class='ocrx_word' id='word_1_597' title='bbox 1996 4407 2102 4463; x_wconf 86' lang='lat' dir='ltr'><strong>que</strong></span> <span class='ocrx_word' id='word_1_598' title='bbox 2126 4390 2192 4446; x_wconf 86' lang='lat' dir='ltr'><strong>de</strong></span> <span class='ocrx_word' id='word_1_599' title='bbox 2225 4387 2608 4460; x_wconf 88' lang='lat' dir='ltr'><strong>suppositione</strong></span> <span class='ocrx_word' id='word_1_600' title='bbox 2641 4386 2916 4457; x_wconf 74' lang='lat' dir='ltr'><strong>excipitur</strong></span> <span class='ocrx_word' id='word_1_601' title='bbox 2940 4386 3057 4440; x_wconf 87' lang='lat' dir='ltr'><strong>sine</strong></span> <span class='ocrx_word' id='word_1_602' title='bbox 3099 4383 3294 4438; x_wconf 90' lang='lat' dir='ltr'><strong>idonea</strong></span> <span class='ocrx_word' id='word_1_603' title='bbox 3335 4383 3443 4437; x_wconf 90' lang='lat' dir='ltr'><strong>ulla</strong></span> <span class='ocrx_word' id='word_1_604' title='bbox 3481 4396 3572 4436; x_wconf 92' lang='lat' dir='ltr'><strong>ra-</strong></span> 
     </span>
    </p>
   </div>
   <div class='ocr_carea' id='block_1_86' title="bbox 296 4477 1885 4552">
    <p class='ocr_par' dir='ltr' id='par_1_86' title="bbox 296 4477 1885 4552">
     <span class='ocr_line' id='line_1_86' title="bbox 296 4477 1885 4552; baseline -0.012 -1"><span class='ocrx_word' id='word_1_605' title='bbox 296 4493 614 4552; x_wconf 87' lang='lat' dir='ltr'><strong>Cotelerius</strong></span> <span class='ocrx_word' id='word_1_606' title='bbox 672 4491 729 4545; x_wconf 89' lang='lat' dir='ltr'><strong>in</strong></span> <span class='ocrx_word' id='word_1_607' title='bbox 790 4489 1140 4544; x_wconf 83' lang='lat' dir='ltr'><strong>Monumentis</strong></span> <span class='ocrx_word' id='word_1_608' title='bbox 1202 4483 1451 4540; x_wconf 69' lang='lat' dir='ltr'><strong>Ecclesiae</strong></span> <span class='ocrx_word' id='word_1_609' title='bbox 1507 4481 1732 4546; x_wconf 68' lang='lat' dir='ltr'><strong>Graece;</strong></span> <span class='ocrx_word' id='word_1_610' title='bbox 1791 4477 1885 4533; x_wconf 85' lang='lat' dir='ltr'><strong>sed</strong></span> 
     </span>
    </p>
   </div>
   <div class='ocr_carea' id='block_1_87' title="bbox 300 4569 1888 4656">
    <p class='ocr_par' dir='ltr' id='par_1_87' title="bbox 300 4569 1888 4656">
     <span class='ocr_line' id='line_1_87' title="bbox 300 4569 1888 4656; baseline -0.013 -12"><span class='ocrx_word' id='word_1_611' title='bbox 300 4601 543 4656; x_wconf 86' lang='lat' dir='ltr'><strong>uterque</strong></span> <span class='ocrx_word' id='word_1_612' title='bbox 591 4585 773 4639; x_wconf 90' lang='lat' dir='ltr'><strong>adhuc</strong></span> <span class='ocrx_word' id='word_1_613' title='bbox 813 4582 1062 4636; x_wconf 90' lang='lat' dir='ltr'><strong>mutilam</strong></span> <span class='ocrx_word' id='word_1_614' title='bbox 1116 4587 1393 4650; x_wconf 90' lang='lat' dir='ltr'><strong>postrema</strong></span> <span class='ocrx_word' id='word_1_615' title='bbox 1425 4583 1600 4646; x_wconf 88' lang='lat' dir='ltr'><strong>parte,</strong></span> <span class='ocrx_word' id='word_1_616' title='bbox 1633 4571 1679 4628; x_wconf 92' lang='lat' dir='ltr'><strong>si</strong></span> <span class='ocrx_word' id='word_1_617' title='bbox 1704 4569 1888 4626; x_wconf 88' lang='lat' dir='ltr'><strong>credi-</strong></span> 
     </span>
    </p>
   </div>
   <div class='ocr_carea' id='block_1_88' title="bbox 298 4664 1886 4750">
    <p class='ocr_par' dir='ltr' id='par_1_88' title="bbox 298 4664 1886 4750">
     <span class='ocr_line' id='line_1_88' title="bbox 298 4664 1886 4750; baseline -0.011 -15"><span class='ocrx_word' id='word_1_618' title='bbox 298 4696 427 4735; x_wconf 89' lang='lat' dir='ltr'><strong>mus</strong></span> <span class='ocrx_word' id='word_1_619' title='bbox 465 4676 645 4732; x_wconf 91' lang='lat' dir='ltr'><strong>codici</strong></span> <span class='ocrx_word' id='word_1_620' title='bbox 670 4675 967 4738; x_wconf 82' lang='lat' dir='ltr'><strong>Vaticano,</strong></span> <span class='ocrx_word' id='word_1_621' title='bbox 1007 4672 1165 4742; x_wconf 90' lang='lat' dir='ltr'><strong>cujus</strong></span> <span class='ocrx_word' id='word_1_622' title='bbox 1190 4667 1566 4750; x_wconf 82' lang='lat' dir='ltr'><strong>apographum</strong></span> <span class='ocrx_word' id='word_1_623' title='bbox 1599 4664 1886 4727; x_wconf 87' lang='lat' dir='ltr'><strong>habemus,</strong></span> 
     </span>
    </p>
   </div>
   <div class='ocr_carea' id='block_1_89' title="bbox 301 4762 1653 4844">
    <p class='ocr_par' dir='ltr' id='par_1_89' title="bbox 301 4762 1653 4844">
     <span class='ocr_line' id='line_1_89' title="bbox 301 4762 1653 4844; baseline -0.011 -17"><span class='ocrx_word' id='word_1_624' title='bbox 301 4785 623 4844; x_wconf 87' lang='lat' dir='ltr'><strong>quanquam</strong></span> <span class='ocrx_word' id='word_1_625' title='bbox 653 4783 851 4822; x_wconf 83' lang='lat' dir='ltr'><strong>vereor</strong></span> <span class='ocrx_word' id='word_1_626' title='bbox 880 4776 940 4820; x_wconf 92' lang='lat' dir='ltr'><strong>ut</strong></span> <span class='ocrx_word' id='word_1_627' title='bbox 963 4764 1126 4818; x_wconf 82' lang='lat' dir='ltr'><strong>ﬁdem</strong></span> <span class='ocrx_word' id='word_1_628' title='bbox 1159 4762 1332 4817; x_wconf 87' lang='lat' dir='ltr'><strong>codex</strong></span> <span class='ocrx_word' id='word_1_629' title='bbox 1354 4768 1653 4815; x_wconf 90' lang='lat' dir='ltr'><strong>mereatur.</strong></span> 
     </span>
    </p>
   </div>
   <div class='ocr_carea' id='block_1_90' title="bbox 370 4849 1890 4919">
    <p class='ocr_par' dir='ltr' id='par_1_90' title="bbox 370 4849 1890 4919">
     <span class='ocr_line' id='line_1_90' title="bbox 370 4849 1890 4919; baseline -0.009 -4"><span class='ocrx_word' id='word_1_630' title='bbox 370 4861 441 4916; x_wconf 91' lang='lat' dir='ltr'><strong>ll.</strong></span> <span class='ocrx_word' id='word_1_631' title='bbox 470 4859 588 4914; x_wconf 80' lang='lat' dir='ltr'><strong>Non</strong></span> <span class='ocrx_word' id='word_1_632' title='bbox 609 4856 945 4912; x_wconf 89' lang='lat' dir='ltr'><strong>Theodoreti</strong></span> <span class='ocrx_word' id='word_1_633' title='bbox 977 4855 1148 4910; x_wconf 91' lang='lat' dir='ltr'><strong>solius</strong></span> <span class='ocrx_word' id='word_1_634' title='bbox 1167 4869 1308 4917; x_wconf 90' lang='lat' dir='ltr'><strong>esse,</strong></span> <span class='ocrx_word' id='word_1_635' title='bbox 1328 4851 1424 4907; x_wconf 90' lang='lat' dir='ltr'><strong>sed</strong></span> <span class='ocrx_word' id='word_1_636' title='bbox 1451 4850 1620 4904; x_wconf 89' lang='lat' dir='ltr'><strong>totius</strong></span> <span class='ocrx_word' id='word_1_637' title='bbox 1638 4849 1890 4919; x_wconf 87' lang='lat' dir='ltr'><strong>Euphra-</strong></span> 
     </span>
    </p>
   </div>
   <div class='ocr_carea' id='block_1_91' title="bbox 301 4941 1890 5024">
    <p class='ocr_par' dir='ltr' id='par_1_91' title="bbox 301 4941 1890 5024">
     <span class='ocr_line' id='line_1_91' title="bbox 301 4941 1890 5024; baseline -0.01 -13"><span class='ocrx_word' id='word_1_638' title='bbox 301 4953 484 5011; x_wconf 84' lang='lat' dir='ltr'><strong>tensis</strong></span> <span class='ocrx_word' id='word_1_639' title='bbox 515 4952 731 5024; x_wconf 88' lang='lat' dir='ltr'><strong>synodi,</strong></span> <span class='ocrx_word' id='word_1_640' title='bbox 771 4951 939 5021; x_wconf 64' lang='lat' dir='ltr'><strong>cujusj</strong></span> <span class='ocrx_word' id='word_1_641' title='bbox 968 4949 1190 5003; x_wconf 89' lang='lat' dir='ltr'><strong>nomine</strong></span> <span class='ocrx_word' id='word_1_642' title='bbox 1230 4945 1298 5000; x_wconf 88' lang='lat' dir='ltr'><strong>ad</strong></span> <span class='ocrx_word' id='word_1_643' title='bbox 1327 4945 1594 5001; x_wconf 90' lang='lat' dir='ltr'><strong>Joannem</strong></span> <span class='ocrx_word' id='word_1_644' title='bbox 1635 4941 1890 4996; x_wconf 88' lang='lat' dir='ltr'><strong>Theodo-</strong></span> 
     </span>
    </p>
   </div>
   <div class='ocr_carea' id='block_1_92' title="bbox 300 5031 1893 5113">
    <p class='ocr_par' dir='ltr' id='par_1_92' title="bbox 300 5031 1893 5113">
     <span class='ocr_line' id='line_1_92' title="bbox 300 5031 1893 5113; baseline -0.009 -13"><span class='ocrx_word' id='word_1_645' title='bbox 300 5055 464 5100; x_wconf 87' lang='lat' dir='ltr'><strong>retus</strong></span> <span class='ocrx_word' id='word_1_646' title='bbox 483 5043 728 5112; x_wconf 89' lang='lat' dir='ltr'><strong>scripsit,</strong></span> <span class='ocrx_word' id='word_1_647' title='bbox 749 5041 949 5113; x_wconf 87' lang='lat' dir='ltr'><strong>probat</strong></span> <span class='ocrx_word' id='word_1_648' title='bbox 973 5041 1215 5110; x_wconf 90' lang='lat' dir='ltr'><strong>primum</strong></span> <span class='ocrx_word' id='word_1_649' title='bbox 1253 5037 1368 5092; x_wconf 72' lang='lat' dir='ltr'><strong>haec</strong></span> <span class='ocrx_word' id='word_1_650' title='bbox 1395 5051 1499 5090; x_wconf 81' lang='lat' dir='ltr'><strong>vox</strong></span> <span class='ocrx_word' id='word_1_651' title='bbox 1532 5037 1589 5088; x_wconf 81' lang='grc' dir='ltr'><strong>ὲν</strong></span> <span class='ocrx_word' id='word_1_652' title='bbox 1619 5031 1804 5102; x_wconf 83' lang='grc' dir='ltr'><strong>κοινῷ,</strong></span> <span class='ocrx_word' id='word_1_653' title='bbox 1836 5034 1893 5086; x_wconf 79' lang='lat' dir='ltr'><strong>in</strong></span> 
     </span>
    </p>
   </div>
   <div class='ocr_carea' id='block_1_93' title="bbox 305 5124 1892 5202">
    <p class='ocr_par' dir='ltr' id='par_1_93' title="bbox 305 5124 1892 5202">
     <span class='ocr_line' id='line_1_93' title="bbox 305 5124 1892 5202; baseline -0.009 -12"><span class='ocrx_word' id='word_1_654' title='bbox 305 5142 584 5190; x_wconf 82' lang='lat' dir='ltr'><strong>conventu</strong></span> <span class='ocrx_word' id='word_1_655' title='bbox 613 5148 630 5186; x_wconf 91' lang='lat'><strong><em>:</em></strong></span> <span class='ocrx_word' id='word_1_656' title='bbox 655 5131 854 5187; x_wconf 90' lang='lat' dir='ltr'><strong>deinde</strong></span> <span class='ocrx_word' id='word_1_657' title='bbox 888 5131 1118 5202; x_wconf 88' lang='lat' dir='ltr'><strong>pluralis</strong></span> <span class='ocrx_word' id='word_1_658' title='bbox 1141 5143 1406 5184; x_wconf 89' lang='lat' dir='ltr'><strong>numerus</strong></span> <span class='ocrx_word' id='word_1_659' title='bbox 1428 5127 1632 5196; x_wconf 88' lang='lat' dir='ltr'><strong>ubique</strong></span> <span class='ocrx_word' id='word_1_660' title='bbox 1659 5124 1892 5195; x_wconf 90' lang='lat' dir='ltr'><strong>positus:</strong></span> 
     </span>
    </p>
   </div>
   <div class='ocr_carea' id='block_1_94' title="bbox 305 5217 1898 5300">
    <p class='ocr_par' dir='ltr' id='par_1_94' title="bbox 305 5217 1898 5300">
     <span class='ocr_line' id='line_1_94' title="bbox 305 5217 1898 5300; baseline -0.009 -16"><span class='ocrx_word' id='word_1_661' title='bbox 305 5228 554 5300; x_wconf 81' lang='lat' dir='ltr'><strong>denique</strong></span> <span class='ocrx_word' id='word_1_662' title='bbox 580 5241 667 5290; x_wconf 90' lang='lat' dir='ltr'><strong>ea,</strong></span> <span class='ocrx_word' id='word_1_663' title='bbox 691 5240 813 5296; x_wconf 66' lang='lat' dir='ltr'><strong>quae</strong></span> <span class='ocrx_word' id='word_1_664' title='bbox 839 5233 968 5279; x_wconf 90' lang='lat' dir='ltr'><strong>sunt</strong></span> <span class='ocrx_word' id='word_1_665' title='bbox 994 5224 1049 5277; x_wconf 92' lang='lat' dir='ltr'><strong>in</strong></span> <span class='ocrx_word' id='word_1_666' title='bbox 1077 5221 1308 5294; x_wconf 88' lang='lat' dir='ltr'><strong>epistola</strong></span> <span class='ocrx_word' id='word_1_667' title='bbox 1334 5219 1402 5274; x_wconf 90' lang='lat' dir='ltr'><strong>ad</strong></span> <span class='ocrx_word' id='word_1_668' title='bbox 1427 5217 1751 5281; x_wconf 77' lang='lat' dir='ltr'><strong>Himerium,</strong></span> <span class='ocrx_word' id='word_1_669' title='bbox 1776 5231 1898 5285; x_wconf 73' lang='lat' dir='ltr'><strong>quae</strong></span> 
     </span>
    </p>
   </div>
   <div class='ocr_carea' id='block_1_95' title="bbox 1993 4473 3463 4549">
    <p class='ocr_par' dir='ltr' id='par_1_95' title="bbox 1993 4473 3463 4549">
     <span class='ocr_line' id='line_1_95' title="bbox 1993 4473 3463 4549; baseline -0.007 -11"><span class='ocrx_word' id='word_1_670' title='bbox 1993 4483 2140 4538; x_wconf 91' lang='lat' dir='ltr'><strong>tione</strong></span> <span class='ocrx_word' id='word_1_671' title='bbox 2169 4499 2182 4536; x_wconf 87' lang='lat'><strong>:</strong></span> <span class='ocrx_word' id='word_1_672' title='bbox 2216 4481 2402 4536; x_wconf 81' lang='lat' dir='ltr'><strong>futiles</strong></span> <span class='ocrx_word' id='word_1_673' title='bbox 2436 4479 2583 4536; x_wconf 91' lang='lat' dir='ltr'><strong>enim</strong></span> <span class='ocrx_word' id='word_1_674' title='bbox 2610 4488 2758 4544; x_wconf 90' lang='lat' dir='ltr'><strong>sunt,</strong></span> <span class='ocrx_word' id='word_1_675' title='bbox 2777 4494 2912 4549; x_wconf 91' lang='lat' dir='ltr'><strong>quas</strong></span> <span class='ocrx_word' id='word_1_676' title='bbox 2957 4476 3190 4531; x_wconf 87' lang='lat' dir='ltr'><strong>Allatius</strong></span> <span class='ocrx_word' id='word_1_677' title='bbox 3221 4473 3463 4529; x_wconf 90' lang='lat' dir='ltr'><strong>adducit.</strong></span> 
     </span>
    </p>
   </div>
   <div class='ocr_carea' id='block_1_96' title="bbox 2053 4564 3576 4641">
    <p class='ocr_par' dir='ltr' id='par_1_96' title="bbox 2053 4564 3576 4641">
     <span class='ocr_line' id='line_1_96' title="bbox 2053 4564 3576 4641; baseline -0.009 -10"><span class='ocrx_word' id='word_1_678' title='bbox 2053 4573 2168 4631; x_wconf 81' lang='lat' dir='ltr'><strong>Vll.</strong></span> <span class='ocrx_word' id='word_1_679' title='bbox 2203 4573 2339 4628; x_wconf 86' lang='lat' dir='ltr'><strong>Tres</strong></span> <span class='ocrx_word' id='word_1_680' title='bbox 2367 4572 2594 4627; x_wconf 90' lang='lat' dir='ltr'><strong>omnino</strong></span> <span class='ocrx_word' id='word_1_681' title='bbox 2629 4570 2859 4641; x_wconf 86' lang='lat' dir='ltr'><strong>profert.</strong></span> <span class='ocrx_word' id='word_1_682' title='bbox 2889 4567 3201 4638; x_wconf 80' lang='lat' dir='ltr'><strong>l.Epistola</strong></span> <span class='ocrx_word' id='word_1_683' title='bbox 3226 4567 3328 4621; x_wconf 90' lang='lat' dir='ltr'><strong>ista</strong></span> <span class='ocrx_word' id='word_1_684' title='bbox 3354 4564 3576 4620; x_wconf 85' lang='lat' dir='ltr'><strong>videtur</strong></span> 
     </span>
    </p>
   </div>
   <div class='ocr_carea' id='block_1_97' title="bbox 1993 4657 3575 4733">
    <p class='ocr_par' dir='ltr' id='par_1_97' title="bbox 1993 4657 3575 4733">
     <span class='ocr_line' id='line_1_97' title="bbox 1993 4657 3575 4733; baseline -0.008 -14"><span class='ocrx_word' id='word_1_685' title='bbox 1993 4663 2291 4725; x_wconf 83' lang='lat' dir='ltr'><strong>admodum</strong></span> <span class='ocrx_word' id='word_1_686' title='bbox 2319 4663 2516 4717; x_wconf 87' lang='lat' dir='ltr'><strong>similis</strong></span> <span class='ocrx_word' id='word_1_687' title='bbox 2549 4663 2622 4729; x_wconf 90' lang='lat' dir='ltr'><strong>ei,</strong></span> <span class='ocrx_word' id='word_1_688' title='bbox 2653 4677 2773 4733; x_wconf 66' lang='lat' dir='ltr'><strong>quae</strong></span> <span class='ocrx_word' id='word_1_689' title='bbox 2810 4660 2864 4714; x_wconf 93' lang='lat' dir='ltr'><strong>in</strong></span> <span class='ocrx_word' id='word_1_690' title='bbox 2901 4660 3054 4715; x_wconf 89' lang='lat' dir='ltr'><strong>obitu</strong></span> <span class='ocrx_word' id='word_1_691' title='bbox 3089 4657 3280 4730; x_wconf 88' lang='lat' dir='ltr'><strong>Cyrilli</strong></span> <span class='ocrx_word' id='word_1_692' title='bbox 3330 4657 3506 4711; x_wconf 83' lang='lat' dir='ltr'><strong>fertur</strong></span> <span class='ocrx_word' id='word_1_693' title='bbox 3543 4669 3575 4708; x_wconf 90' lang='lat' dir='ltr'><strong>a</strong></span> 
     </span>
    </p>
   </div>
   <div class='ocr_carea' id='block_1_98' title="bbox 1994 4748 3572 4818">
    <p class='ocr_par' dir='ltr' id='par_1_98' title="bbox 1994 4748 3572 4818">
     <span class='ocr_line' id='line_1_98' title="bbox 1994 4748 3572 4818; baseline -0.008 -7"><span class='ocrx_word' id='word_1_694' title='bbox 1994 4755 2346 4811; x_wconf 88' lang='lat' dir='ltr'><strong>Theodoreto</strong></span> <span class='ocrx_word' id='word_1_695' title='bbox 2379 4754 2635 4809; x_wconf 87' lang='lat' dir='ltr'><strong>indecore</strong></span> <span class='ocrx_word' id='word_1_696' title='bbox 2657 4794 2671 4818; x_wconf 95' lang='lat'><strong>,</strong></span> <span class='ocrx_word' id='word_1_697' title='bbox 2709 4768 2778 4806; x_wconf 89' lang='lat' dir='ltr'><strong>ne</strong></span> <span class='ocrx_word' id='word_1_698' title='bbox 2815 4751 2992 4806; x_wconf 89' lang='lat' dir='ltr'><strong>dicam</strong></span> <span class='ocrx_word' id='word_1_699' title='bbox 3033 4749 3313 4813; x_wconf 87' lang='lat' dir='ltr'><strong>atrociter,</strong></span> <span class='ocrx_word' id='word_1_700' title='bbox 3349 4748 3572 4816; x_wconf 87' lang='lat' dir='ltr'><strong>scripta.</strong></span> 
     </span>
    </p>
   </div>
   <div class='ocr_carea' id='block_1_99' title="bbox 1994 4840 3574 4917">
    <p class='ocr_par' dir='ltr' id='par_1_99' title="bbox 1994 4840 3574 4917">
     <span class='ocr_line' id='line_1_99' title="bbox 1994 4840 3574 4917; baseline -0.011 -12"><span class='ocrx_word' id='word_1_701' title='bbox 1994 4847 2133 4905; x_wconf 88' lang='lat' dir='ltr'><strong>Cum</strong></span> <span class='ocrx_word' id='word_1_702' title='bbox 2183 4862 2316 4917; x_wconf 87' lang='lat' dir='ltr'><strong>ergo</strong></span> <span class='ocrx_word' id='word_1_703' title='bbox 2357 4844 2719 4916; x_wconf 89' lang='lat' dir='ltr'><strong>posteriorem</strong></span> <span class='ocrx_word' id='word_1_704' title='bbox 2768 4842 2925 4898; x_wconf 90' lang='lat' dir='ltr'><strong>multi</strong></span> <span class='ocrx_word' id='word_1_705' title='bbox 2979 4840 3314 4910; x_wconf 89' lang='lat' dir='ltr'><strong>suppositam</strong></span> <span class='ocrx_word' id='word_1_706' title='bbox 3358 4844 3574 4907; x_wconf 90' lang='lat' dir='ltr'><strong>putent,</strong></span> 
     </span>
    </p>
   </div>
   <div class='ocr_carea' id='block_1_100' title="bbox 1997 4927 3579 5001">
    <p class='ocr_par' dir='ltr' id='par_1_100' title="bbox 1997 4927 3579 5001">
     <span class='ocr_line' id='line_1_100' title="bbox 1997 4927 3579 5001; baseline -0.01 -7"><span class='ocrx_word' id='word_1_707' title='bbox 1997 4940 2144 4994; x_wconf 83' lang='lat' dir='ltr'><strong>idem</strong></span> <span class='ocrx_word' id='word_1_708' title='bbox 2174 4937 2462 4992; x_wconf 88' lang='lat' dir='ltr'><strong>ferendum</strong></span> <span class='ocrx_word' id='word_1_709' title='bbox 2481 4935 2699 4989; x_wconf 89' lang='lat' dir='ltr'><strong>videtur</strong></span> <span class='ocrx_word' id='word_1_710' title='bbox 2719 4933 2786 4988; x_wconf 92' lang='lat' dir='ltr'><strong>de</strong></span> <span class='ocrx_word' id='word_1_711' title='bbox 2809 4933 2991 5001; x_wconf 89' lang='lat' dir='ltr'><strong>priore</strong></span> <span class='ocrx_word' id='word_1_712' title='bbox 3014 4931 3308 5001; x_wconf 90' lang='lat' dir='ltr'><strong>judicium.</strong></span> <span class='ocrx_word' id='word_1_713' title='bbox 3329 4927 3579 4980; x_wconf 57' lang='grc' dir='ltr'><strong>218οη-</strong></span> 
     </span>
    </p>
   </div>
   <div class='ocr_carea' id='block_1_101' title="bbox 1997 5015 3578 5084">
    <p class='ocr_par' dir='ltr' id='par_1_101' title="bbox 1997 5015 3578 5084">
     <span class='ocr_line' id='line_1_101' title="bbox 1997 5015 3578 5084; baseline -0.01 0"><span class='ocrx_word' id='word_1_714' title='bbox 1997 5031 2110 5084; x_wconf 90' lang='lat' dir='ltr'><strong>tius</strong></span> <span class='ocrx_word' id='word_1_715' title='bbox 2151 5037 2340 5082; x_wconf 89' lang='lat' dir='ltr'><strong>monet</strong></span> <span class='ocrx_word' id='word_1_716' title='bbox 2379 5025 2582 5080; x_wconf 88' lang='lat' dir='ltr'><strong>multas</strong></span> <span class='ocrx_word' id='word_1_717' title='bbox 2624 5024 2692 5077; x_wconf 89' lang='lat' dir='ltr'><strong>ab</strong></span> <span class='ocrx_word' id='word_1_718' title='bbox 2731 5022 3008 5077; x_wconf 64' lang='lat' dir='ltr'><strong>hwreticis</strong></span> <span class='ocrx_word' id='word_1_719' title='bbox 3051 5019 3312 5074; x_wconf 86' lang='lat' dir='ltr'><strong>confictas</strong></span> <span class='ocrx_word' id='word_1_720' title='bbox 3341 5015 3578 5071; x_wconf 89' lang='lat' dir='ltr'><strong>Nestorii</strong></span> 
     </span>
    </p>
   </div>
   <div class='ocr_carea' id='block_1_102' title="bbox 2001 5108 3576 5180">
    <p class='ocr_par' dir='ltr' id='par_1_102' title="bbox 2001 5108 3576 5180">
     <span class='ocr_line' id='line_1_102' title="bbox 2001 5108 3576 5180; baseline -0.01 -6"><span class='ocrx_word' id='word_1_721' title='bbox 2001 5127 2058 5174; x_wconf 89' lang='lat' dir='ltr'><strong>et</strong></span> <span class='ocrx_word' id='word_1_722' title='bbox 2077 5117 2412 5172; x_wconf 88' lang='lat' dir='ltr'><strong>Theodoreti</strong></span> <span class='ocrx_word' id='word_1_723' title='bbox 2444 5125 2666 5170; x_wconf 89' lang='lat' dir='ltr'><strong>mutuas</strong></span> <span class='ocrx_word' id='word_1_724' title='bbox 2698 5113 2913 5168; x_wconf 90' lang='lat' dir='ltr'><strong>litteras</strong></span> <span class='ocrx_word' id='word_1_725' title='bbox 2942 5129 2956 5164; x_wconf 90' lang='lat'>:</span> <span class='ocrx_word' id='word_1_726' title='bbox 2997 5109 3191 5180; x_wconf 89' lang='lat' dir='ltr'><strong>quidni</strong></span> <span class='ocrx_word' id='word_1_727' title='bbox 3235 5109 3320 5163; x_wconf 74' lang='lat' dir='ltr'><strong>hac</strong></span> <span class='ocrx_word' id='word_1_728' title='bbox 3358 5108 3576 5162; x_wconf 87' lang='lat' dir='ltr'><strong>illarum</strong></span> 
     </span>
    </p>
   </div>
   <div class='ocr_carea' id='block_1_103' title="bbox 2004 5197 3578 5276">
    <p class='ocr_par' dir='ltr' id='par_1_103' title="bbox 2004 5197 3578 5276">
     <span class='ocr_line' id='line_1_103' title="bbox 2004 5197 3578 5276; baseline -0.012 -8"><span class='ocrx_word' id='word_1_729' title='bbox 2004 5227 2128 5268; x_wconf 58' lang='lat' dir='ltr'><strong>una;</strong></span> <span class='ocrx_word' id='word_1_730' title='bbox 2177 5210 2328 5266; x_wconf 87' lang='lat' dir='ltr'><strong>sint?</strong></span> <span class='ocrx_word' id='word_1_731' title='bbox 2390 5211 2444 5265; x_wconf 78' lang='grc'><strong>5.</strong></span> <span class='ocrx_word' id='word_1_732' title='bbox 2502 5205 2873 5276; x_wconf 85' lang='lat' dir='ltr'><strong>Conqueritur</strong></span> <span class='ocrx_word' id='word_1_733' title='bbox 2925 5202 3180 5275; x_wconf 78' lang='lat' dir='ltr'><strong>Cyrillus,</strong></span> <span class='ocrx_word' id='word_1_734' title='bbox 3236 5197 3578 5256; x_wconf 87' lang='lat' dir='ltr'><strong>circumferri</strong></span> 
     </span>
    </p>
   </div>
   <div class='ocr_carea' id='block_1_104' title="bbox 1634 5371 2202 5430">
    <p class='ocr_par' dir='ltr' id='par_1_104' title="bbox 1634 5371 2202 5430">
     <span class='ocr_line' id='line_1_104' title="bbox 1634 5371 2202 5430; baseline -0.009 0"><span class='ocrx_word' id='word_1_735' title='bbox 1634 5372 1949 5430; x_wconf 81' lang='lat' dir='ltr'><strong>SCHULZII</strong></span> <span class='ocrx_word' id='word_1_736' title='bbox 1971 5371 2202 5430; x_wconf 66' lang='grc' dir='ltr'><strong>ΝΟΤᾸεέ.</strong></span> 
     </span>
    </p>
   </div>
   <div class='ocr_carea' id='block_1_105' title="bbox 379 5499 1056 5572">
    <p class='ocr_par' dir='ltr' id='par_1_105' title="bbox 379 5499 1056 5572">
     <span class='ocr_line' id='line_1_105' title="bbox 379 5499 1056 5572; baseline -0.013 -11"><span class='ocrx_word' id='word_1_737' title='bbox 379 5508 424 5539; x_wconf 75' lang='grc'>⁸³</span> <span class='ocrx_word' id='word_1_738' title='bbox 453 5504 583 5560; x_wconf 77' lang='lat' dir='ltr'><strong>Vid.</strong></span> <span class='ocrx_word' id='word_1_739' title='bbox 626 5517 816 5572; x_wconf 91' lang='lat' dir='ltr'><strong>supra,</strong></span> <span class='ocrx_word' id='word_1_740' title='bbox 847 5516 900 5569; x_wconf 95' lang='lat' dir='ltr'><strong>p.</strong></span> <span class='ocrx_word' id='word_1_741' title='bbox 934 5499 1056 5572; x_wconf 68' lang='lat' dir='ltr'><strong>liii.</strong></span> 
     </span>
    </p>
   </div>
   <div class='ocr_carea' id='block_1_106' title="bbox 1148 5477 3191 5560">
    <p class='ocr_par' dir='ltr' id='par_1_106' title="bbox 1148 5477 3191 5560">
     <span class='ocr_line' id='line_1_106' title="bbox 1148 5477 3191 5560; baseline -0.01 -9"><span class='ocrx_word' id='word_1_742' title='bbox 1148 5497 1190 5529; x_wconf 80' lang='lat'>&quot;</span> <span class='ocrx_word' id='word_1_743' title='bbox 1214 5495 1336 5550; x_wconf 85' lang='lat' dir='ltr'><strong>Lat.</strong></span> <span class='ocrx_word' id='word_1_744' title='bbox 1368 5502 1596 5548; x_wconf 78' lang='lat' dir='ltr'><strong>tantum.</strong></span> <span class='ocrx_word' id='word_1_745' title='bbox 1641 5491 1722 5546; x_wconf 87' lang='lat' dir='ltr'><strong>Ita</strong></span> <span class='ocrx_word' id='word_1_746' title='bbox 1761 5503 1980 5560; x_wconf 85' lang='lat' dir='ltr'><strong>quoque</strong></span> <span class='ocrx_word' id='word_1_747' title='bbox 2006 5487 2162 5560; x_wconf 76' lang='lat' dir='ltr'><strong>apud</strong></span> <span class='ocrx_word' id='word_1_748' title='bbox 2191 5486 2488 5560; x_wconf 80' lang='lat' dir='ltr'><strong>Baronium</strong></span> <span class='ocrx_word' id='word_1_749' title='bbox 2533 5482 2765 5560; x_wconf 32' lang='lat' dir='ltr'><strong>Annal,</strong></span> <span class='ocrx_word' id='word_1_750' title='bbox 2801 5487 2852 5560; x_wconf 41' lang='grc' dir='ltr'><strong>ι...</strong></span> <span class='ocrx_word' id='word_1_751' title='bbox 2877 5480 2943 5547; x_wconf 74' lang='grc' dir='ltr'><strong>ν,</strong></span> <span class='ocrx_word' id='word_1_752' title='bbox 2973 5495 3034 5560; x_wconf 74' lang='lat' dir='ltr'><strong>p.</strong></span> <span class='ocrx_word' id='word_1_753' title='bbox 3071 5477 3191 5560; x_wconf 71' lang='lat' dir='ltr'><strong>&quot;7H.</strong></span> 
     </span>
    </p>
   </div>
   <div class='ocr_carea' id='block_1_107' title="bbox 3299 5473 3577 5528">
    <p class='ocr_par' dir='ltr' id='par_1_107' title="bbox 3299 5473 3577 5528">
     <span class='ocr_line' id='line_1_107' title="bbox 3299 5473 3577 5528; baseline -0.007 0"><span class='ocrx_word' id='word_1_754' title='bbox 3299 5476 3344 5507; x_wconf 86' lang='grc'><strong>¹³</strong></span> <span class='ocrx_word' id='word_1_755' title='bbox 3379 5473 3440 5528; x_wconf 87' lang='grc' dir='ltr'><strong>1η</strong></span> <span class='ocrx_word' id='word_1_756' title='bbox 3473 5487 3577 5527; x_wconf 91' lang='lat' dir='ltr'><strong>ms.</strong></span> 
     </span>
    </p>
   </div>
   <div class='ocr_carea' id='block_1_108' title="bbox 305 5541 3584 5649">
    <p class='ocr_par' dir='ltr' id='par_1_108' title="bbox 305 5541 3584 5649">
     <span class='ocr_line' id='line_1_108' title="bbox 305 5541 3584 5649; baseline -0.004 13"><span class='ocrx_word' id='word_1_757' title='bbox 305 5541 1596 5649; x_wconf 55' lang='grc' dir='ltr'><strong>ειυοειέιὶςῑ’γῖῖιξίδῑῖοῖιξειίεῖ’έδρυειῖέίηξέεῖιξῑς</strong></span> <span class='ocrx_word' id='word_1_758' title='bbox 1619 5541 1864 5649; x_wconf 55' lang='lat' dir='ltr'><strong>nixo-T3;</strong></span> <span class='ocrx_word' id='word_1_759' title='bbox 1879 5541 1974 5649; x_wconf 62' lang='lat' dir='ltr'><strong>fa;</strong></span> <span class='ocrx_word' id='word_1_760' title='bbox 2139 5541 3188 5649; x_wconf 52' lang='lat' dir='ltr'><strong>__9§§*=33_-ﬁt.“EE-£§‘B)3..F?F§33¥§:</strong></span> <span class='ocrx_word' id='word_1_761' title='bbox 3209 5541 3584 5649; x_wconf 57' lang='lat' dir='ltr'><strong>suum</strong></span> 
     </span>
    </p>
   </div>
   <div class='ocr_carea' id='block_1_109' title="bbox 354 5614 3281 5708">
    <p class='ocr_par' dir='ltr' id='par_1_109' title="bbox 354 5614 3281 5708">
     <span class='ocr_line' id='line_1_109' title="bbox 354 5614 3281 5708; baseline -0.011 -9"><span class='ocrx_word' id='word_1_762' title='bbox 583 5614 1490 5708; x_wconf 47' lang='lat' dir='ltr'><strong>alé&#39;o&#39;i&#39;éﬁéi&#39;éa&#39;é;“e&#39;thCEHoié&#39;</strong></span> <span class='ocrx_word' id='word_1_763' title='bbox 1509 5614 1784 5708; x_wconf 54' lang='lat' dir='ltr'><strong>Kuptﬂ&#39;ov</strong></span> <span class='ocrx_word' id='word_1_764' title='bbox 2009 5630 2108 5708; x_wconf 66' lang='grc' dir='ltr'><strong>τᾲς</strong></span> <span class='ocrx_word' id='word_1_765' title='bbox 2139 5627 2280 5679; x_wconf 72' lang='grc' dir='ltr'><strong>κατὰ</strong></span> <span class='ocrx_word' id='word_1_766' title='bbox 2316 5625 2432 5708; x_wconf 20' lang='grc' dir='ltr'><strong>*τῷν</strong></span> <span class='ocrx_word' id='word_1_767' title='bbox 2469 5621 2903 5708; x_wconf 34' lang='grc' dir='ltr'><strong>ιϐ’(κιφαλαιων</strong></span> <span class='ocrx_word' id='word_1_768' title='bbox 2935 5614 3180 5690; x_wconf 74' lang='grc' dir='ltr'><strong>’μέμψεις</strong></span> <span class='ocrx_word' id='word_1_769' title='bbox 3209 5614 3281 5667; x_wconf 76' lang='grc' dir='ltr'><strong>Θι</strong></span> 
     </span>
    </p>
   </div>
   <div class='ocr_carea' id='block_1_110' title="bbox 3392 5613 3581 5684">
    <p class='ocr_par' dir='ltr' id='par_1_110' title="bbox 3392 5613 3581 5684">
     <span class='ocr_line' id='line_1_110' title="bbox 3392 5613 3581 5684; baseline -0.005 -19"><span class='ocrx_word' id='word_1_770' title='bbox 3392 5613 3581 5684; x_wconf 77' lang='grc' dir='ltr'><strong>ρήτου.</strong></span> 
     </span>
    </p>
   </div>
   <div class='ocr_carea' id='block_1_111' title="bbox 329 5694 2631 5783">
    <p class='ocr_par' dir='ltr' id='par_1_111' title="bbox 329 5694 2631 5783">
     <span class='ocr_line' id='line_1_111' title="bbox 329 5694 2631 5783; baseline -0.012 -10"><span class='ocrx_word' id='word_1_771' title='bbox 329 5694 913 5783; x_wconf 30' lang='lat' dir='ltr'><strong>iEnni—r9ageretur.</strong></span> <span class='ocrx_word' id='word_1_772' title='bbox 942 5707 1173 5764; x_wconf 74' lang='lat' dir='ltr'><strong>Videtur</strong></span> <span class='ocrx_word' id='word_1_773' title='bbox 1199 5694 1384 5777; x_wconf 74' lang='lat' dir='ltr'><strong>potius</strong></span> <span class='ocrx_word' id='word_1_774' title='bbox 1415 5694 1642 5772; x_wconf 76' lang='lat' dir='ltr'><strong>scripta,</strong></span> <span class='ocrx_word' id='word_1_775' title='bbox 1673 5714 1797 5754; x_wconf 92' lang='lat' dir='ltr'><strong>cum</strong></span> <span class='ocrx_word' id='word_1_776' title='bbox 1821 5694 1934 5770; x_wconf 85' lang='lat' dir='ltr'><strong>jam</strong></span> <span class='ocrx_word' id='word_1_777' title='bbox 1973 5704 2155 5753; x_wconf 88' lang='lat' dir='ltr'><strong>actum</strong></span> <span class='ocrx_word' id='word_1_778' title='bbox 2187 5705 2332 5751; x_wconf 86' lang='lat' dir='ltr'><strong>esset</strong></span> <span class='ocrx_word' id='word_1_779' title='bbox 2360 5694 2428 5750; x_wconf 90' lang='lat' dir='ltr'><strong>de</strong></span> <span class='ocrx_word' id='word_1_780' title='bbox 2472 5707 2631 5764; x_wconf 82' lang='lat' dir='ltr'><strong>pace.</strong></span> 
     </span>
    </p>
   </div>
  </div>
