3952 6294
210 272 316 336 325

1378 268 1475 327 DE
1513 266 1769 326 LIBRIS
1807 264 2164 325 THEODOR
2173 265 2312 326 ET].

3371 267 3473 334 3‘26

211 379 349 434 nino
396 395 410 443 ;
447 385 504 432 et
548 384 772 446 propter
822 374 1029 439 turbas,
1065 388 1204 444 quas
1229 374 1591 430 discursando
1620 374 1800 428 Theo-
1829 383 1870 436 Α
1898 372 2130 429 Joannis
2151 371 2380 430 inscribi
2413 392 2428 430 :
2463 373 2560 430 sed
2589 373 2734 430 docti
2761 388 2952 430 omnes
2992 373 3104 430 fere
3126 376 3480 437 consentiunt

214 469 446 525 doretus
471 468 618 522 ciere
657 483 766 520 non
788 466 1021 529 destitit,
1041 468 1230 536 jussus
1249 476 1332 521 est
1353 483 1498 521 anno
1521 467 1644 532 445,
1673 465 1798 537 Cyri

216 561 423 616 ﬁnibus
445 572 511 613 'se
541 560 850 624 continere,
879 558 1060 631 magni
1094 559 1181 612 sui
1219 559 1388 614 animi
1418 575 1674 614 mmrore.
1708 559 1799 614 Vi-

217 653 286 706 de
313 662 477 722 caput
505 650 538 704 8
574 651 729 705 vum.

217 761 466 834 Epistola
517 760 637 834 180,
684 777 844 834 quam
889 759 1345 834 Tlteodogretus‘nd
1379 759 1640 813 Damnum
1686 758 1799 815 Att--

575 832 869 884 tiae-lienam
915 831 1182 899 scripsisse
1232 831 1441 884 dicitur.

288 925 333 979 1.
382 925 590 979 Inserta
644 932 728 977 est
777 922 928 976 Actis
979 939 1010 975 v
1059 922 1251 994 synodi
1306 923 1348 953 "
1379 921 1592 975 actione
1621 921 1674 985 5,
1705 921 1800 976 sed

217 1026 484 1087 corrupta
535 1015 893 1085 inscriptione
927 1031 938 1067 :
974 1029 1073 1083 pro
1113 1013 1322 1068 Joanne
1363 1013 1509 1066 enim
1537 1021 1803 1082 reponen-

216 1108 326 1163 dus
366 1109 612 1161 Domnus
663 1107 727 1170 ",
769 1114 826 1160 ut
876 1120 1023 1159 nunc
1047 1121 1240 1159 onmes
1269 1105 1380 1159 fere
1407 1105 1552 1159 docti
1578 1111 1800 1169 norunt,

217 1207 275 1254 et
306 1200 485 1253 series
529 1197 792 1252 Actorum
825 1197 1181 1251 demonstrat.
1215 1197 1428 1266 Scripta
1458 1213 1588 1250 vero
1621 1197 1802 1251 statim

217 1298 392 1360 atque
439 1289 592 1344 venit
643 1289 695 1342 in
744 1288 1025 1342 Orientem
1080 1289 1308 1342 nuntius
1340 1288 1408 1342 de
1440 1287 1594 1342 obitu
1630 1289 1803 1344 sancti

217 1378 459 1450 Cyrilli:
507 1395 677 1448 quare
728 1379 969 1448 pertinet
1018 1379 1085 1433 ad
1134 1378 1260 1432 anni
1289 1379 1391 1432 Mli
1416 1393 1661 1432 mensem
1707 1379 1803 1433 Ju-

220 1472 362 1525 lium
391 1488 406 1536 ;
435 1470 703 1539 siquidem
750 1469 1050 1524 secundum
1099 1469 1414 1540 opinionem
1467 1468 1801 1534 Crtecorum,

219 1577 349 1631 qua:
405 1560 768 1630 probabilior,
802 1560 915 1613 vita
963 1560 1188 1615 functus
1216 1567 1300 1615 est
1330 1569 1548 1615 sanctus
1569 1560 1805 1632 Cyrillus

219 1651 314 1704 die
346 1651 379 1703 9
409 1650 578 1704 Junii.

293 1740 362 1794 ll.
392 1740 524 1794 inde
549 1740 713 1793 etiam
751 1740 1049 1795 innotescit
1081 1749 1297 1811 tempus
1350 1755 1460 1811 quo
1503 1741 1690 1796 habita
1723 1751 1807 1797 est

220 1833 444 1894 concio,
496 1835 652 1901 cujus
689 1831 1053 1903 fragmentum
1098 1833 1264 1886 habet
1293 1833 1495 1888 Marius
1517 1833 1804 1900 Mercator,

220 1937 457 1992 quaeque
493 1921 688 1976 iisdem
738 1924 942 1992 quintae
987 1923 1178 1994 synodi
1204 1922 1357 1977 Actis
1379 1923 1681 1978 inseritur:
1722 1939 1809 1978 se-

221 2022 355 2067 cuta
405 2014 553 2066 enim
607 2022 692 2067 est
735 2012 1047 2082 epistolam,
1094 2021 1256 2083 atque
1299 2013 1372 2066 ita
1418 2013 1613 2067 referri
1643 2012 1809 2069 debet

220 2105 290 2159 ad
321 2113 538 2172 tempus
569 2103 762 2174 synodi
791 2104 1145 2158 Antiochense
1173 2103 1487 2170 ordinariae,
1531 2105 1597 2159 ad
1642 2120 1808 2174 quam

220 2194 612 2252 Theodoretus
635 2196 785 2250 venit
806 2196 1056 2250 autumni
1087 2205 1354 2266 tempore.

293 2286 387 2340 111.
439 2285 856 2356 Supposititiam
902 2288 1159 2358 opinatur
1201 2287 1496 2344 cardinalis
1524 2287 1686 2358 877
1709 2286 1810 2342 Ba-

221 2378 420 2432 runius
455 2378 496 2409 ¹⁸
547 2377 727 2433 tribus
758 2378 824 2434 de
869 2379 1068 2434 causis.
1097 2379 1302 2445 Primo,
1334 2379 1480 2450 quod
1505 2380 1700 2434 Joanni
1727 2379 1810 2433 in-

221 2469 428 2537 scripta
464 2469 574 2534 sit;
620 2484 744 2523 cum
803 2478 985 2523 tamen
1042 2469 1132 2524 ille
1165 2469 1534 2539 quadriennio
1579 2477 1692 2524 toto
1715 2469 1812 2523 de-

219 2558 451 2612 functus
496 2557 567 2614 sit
597 2568 723 2613 ante
749 2558 1034 2630 Cyrillum.
1076 2560 1306 2624 Deinde,
1345 2561 1492 2631 quod
1517 2561 1586 2614 sit
1616 2559 1812 2616 Nesto-

221 2651 370 2706 riani
417 2651 682 2717 hominis,
735 2661 795 2707 ut
843 2654 935 2723 qui
987 2669 1084 2708 eos
1127 2663 1339 2724 arguat,
1368 2654 1656 2724 quiDeum
1686 2669 1807 2708 esse

222 2758 450 2814 passum
482 2754 755 2799 asserunt.
800 2745 1065 2816 Denique,
1119 2745 1266 2816 quod
1307 2744 1567 2816 Cyrillum
1620 2745 1806 2809 tantis,

224 2840 455 2902 tamque
486 2833 788 2896 atrocibus,
812 2843 975 2903 atque
1005 2833 1168 2888 etiam
1197 2833 1425 2904 abjectis
1461 2833 1810 2888 contumeliis

224 2923 450 2989 alliciat,
481 2925 621 2978 utin
679 2927 998 2995 episcopum
1045 2924 1393 2980 Theodoreto
1434 2925 1670 2979 similem
1721 2937 1810 2978 ca-

225 3017 359 3072 dere
379 3018 472 3071 vix
496 3033 654 3087 posse
678 3018 988 3072 videantur.

297 3110 387 3164 Ν.
422 3108 563 3163 Ante
591 3109 884 3164 Baronium
929 3108 1157 3174 nemini,
1194 3107 1342 3178 quod
1373 3107 1809 3171 sciam,venerat

226 3201 282 3256 in
306 3209 554 3256 mentem
584 3201 700 3256 haec
721 3200 1119 3270 suppositionis
1157 3200 1348 3269 opinio
1377 3216 1392 3264 ;
1428 3206 1810 3252 verumtamen

225 3302 522 3363 postquam
571 3291 628 3345 in
677 3291 970 3347 Annalibus
1023 3291 1355 3345 sententiam
1413 3289 1573 3354 dixit,
1603 3287 1813 3358 placuit

227 3385 487 3455 pluribus
525 3393 736 3439 tantum
779 3385 998 3448 duoem,
1024 3384 1141 3438 sine
1165 3383 1276 3437 ulla
1299 3383 1412 3438 fere
1432 3381 1808 3451 inquisitione,

227 3478 437 3548 sequi;
483 3492 587 3531 nec
640 3477 848 3548 placuit
905 3484 1138 3539 tantum,
1196 3473 1291 3530 sed
1349 3472 1614 3528 addidere
1647 3487 1814 3528 voces

230 3569 631 3640 indignationis
673 3568 948 3624 iracundae
995 3567 1204 3637 plenas.
1255 3565 1412 3628 Nam,
1462 3573 1520 3620 ut
1568 3564 1704 3619 alios
1733 3575 1815 3619 ta-

230 3673 410 3724 ceam,
460 3659 808 3715 Christianus
851 3659 1060 3729 Lupus,
1121 3677 1140 3710 ι
1174 3656 1472 3712 infernales
1529 3655 1630 3727 (sic
1663 3655 1810 3710 enim

232 3751 502 3822 loquitur)
538 3751 764 3822 soloque
795 3751 1041 3805 dazmone
1066 3749 1257 3820 dignas
1284 3748 1495 3802 litteras
1529 3765 1546 3798 ι
1581 3746 1719 3800 dixit
1744 3747 1810 3814 ",

240 3863 258 3896 ς
290 3858 404 3897 non
457 3842 792 3897 Theodoreti
851 3856 990 3911 opus
1039 3855 1180 3906 esse,
1211 3847 1305 3894 aut
1329 3838 1498 3894 ullius
1515 3836 1814 3893 Christiani

232 3933 518 4006 episcopi,
574 3933 667 3988 sed
717 3931 942 4003 pessimi
989 3946 1226 3996 scurrae,
1275 3928 1712 4000 prostibulique,
1758 3936 1814 3983 et

233 4025 550 4082 nebulonis.
579 4043 597 4075 ι

303 4115 368 4170 V.
421 4113 688 4168 Inventus
739 4120 824 4167 est
867 4112 1032 4167 etiam
1067 4126 1264 4181 nuper,
1296 4109 1391 4180 qui
1420 4110 1476 4164 in
1495 4108 1814 4179 praefatione

235 4204 302 4259 ad
319 4205 636 4259 versionem
657 4202 918 4258 Gallicam
958 4202 1203 4257 Historia!
1234 4201 1598 4255 ecclesiastica
1636 4199 1817 4252 Theo—

236 4296 415 4352 doreti
470 4296 537 4359 ὀ,
572 4311 696 4349 cum
739 4295 906 4349 vellet
955 4295 1154 4348 addere
1185 4292 1392 4363 aliquid
1417 4291 1485 4344 de
1509 4306 1610 4344 suo
1633 4290 1696 4344 ad
1731 4303 1813 4343 ra-

1901 463 1958 518 in
1987 464 2040 519 id
2063 467 2110 497 ¹¹
2159 467 2308 536 quod
2346 475 2593 536 apertum
2628 477 2731 531 est,
2765 481 2959 536 nempe
2997 466 3287 536 irrepsisse
3318 483 3472 524 men-

1900 555 2030 610 dum
2071 557 2128 610 in
2167 557 2602 628 inscriptionem,
2639 559 2974 628 Joannisque
3001 575 3200 614 nomen
3233 576 3334 630 pro
3366 561 3480 615 Do-

1899 659 2032 702 mno
2063 663 2186 703 esse
2226 651 2466 719 positum
2494 651 2564 704 ab
2605 651 2864 719 imperito
2905 651 3150 705 librario.
3186 653 3356 706 Nemo
3399 661 3483 708 ta-

1901 753 2027 793 men
2053 739 2295 808 prudens
2332 740 2553 804 dixerit,
2580 755 2698 795 eam
2731 740 2802 794 ob
2841 754 3060 795 causam
3091 741 3242 810 rejici
3279 743 3488 798 debere

1901 829 2210 900 epistolam.
2269 831 2407 898 Quis
2467 831 2613 886 enim
2674 831 3005 886 Theodoreti
3059 822 3321 902 epistolas
3375 834 3484 888 117

1902 929 1959 975 et
1989 921 2091 976 159
2115 921 2483 990 repudiandas
2506 929 2748 985 censeat,
2799 923 2902 976 etsi
2950 922 3236 992 utriusque
3287 924 3485 979 inscri—

1903 1012 2018 1081 ptio
2048 1012 2389 1067 mentiatur?
2429 1013 2563 1067 Nam
2589 1013 2636 1044 υ
2665 1027 2842 1082 neque
2883 1013 3036 1082 prior
3056 1014 3122 1067 ad
3147 1014 3482 1071 Florentium

1903 1105 2226 1172 episcopum
2275 1105 2402 1159 data
2451 1112 2553 1168 est,
2597 1120 2778 1173 neque
2823 1106 3096 1173 posterior
3117 1105 3182 1159 ad
3213 1106 3476 1176 Asparem

1904 1195 2228 1262 consulem,
2283 1210 2408 1248 cum
2463 1195 2553 1250 illa
2603 1197 2676 1250 sit
2723 1196 2788 1250 ad
2831 1197 3040 1265 plures,
3113 1197 3214 1250 ista
3261 1212 3393 1252 vero
3417 1200 3485 1253 ad

1917 1285 2186 1340 Avienum
2214 1287 2493 1340 (onsulem
2523 1287 2592 1352 ³³,
2624 1296 2787 1354 prout
2817 1287 3020 1355 scripta
3044 1287 3372 1355 supponitur
3392 1298 3487 1344 aut

1905 1391 2052 1430 anno
2109 1377 2235 1441 449,
2285 1387 2379 1431 aut
2420 1375 2542 1431 450.
2585 1376 2749 1431 Certe
2793 1377 2967 1445 Aspar
3005 1377 3348 1431 consulatum
3375 1395 3487 1434 non

1905 1466 2096 1536 gessit,
2119 1481 2230 1533 quo
2255 1474 2498 1533 tempore
2525 1463 2907 1519 Theodoretus
2930 1466 2999 1520 de
3047 1466 3250 1537 injuria
3296 1467 3404 1521 sibi
3453 1483 3487 1522 a

1905 1556 2166 1610 Dioscoro
2200 1555 2339 1609 facta
2373 1555 2635 1624 conqueri
2663 1556 2859 1623 potuit.
3447 1607 3449 1609 ,

1977 1644 2112 1700 Vill.
2161 1645 2467 1700 Fatendum
2513 1659 2731 1715 quoque
2779 1647 3069 1714 epistolam
3122 1647 3264 1702 hanc
3287 1648 3490 1703 Nesto-

1907 1737 2048 1790 riani
2076 1738 2316 1792 hominis
2339 1753 2477 1806 opus
2502 1753 2622 1792 esse
2649 1755 2664 1804 ;
2695 1754 2886 1792 verum
2914 1739 3043 1794 inde
3076 1739 3294 1793 Baronii
3348 1735 3488 1794 ratio

1907 1827 2258 1898 infringitur:
2286 1841 2412 1882 nam
2444 1828 2652 1882 idcirco
2671 1829 2881 1884 inserta
2909 1839 2996 1884 est
3029 1830 3177 1885 Actis
3216 1848 3248 1885 v
3270 1832 3485 1902 synodi,

1906 1926 1970 1973 ut
2019 1919 2148 1973 inde
2192 1919 2574 1974 Theodoretus
2625 1921 3006 1975 consensionis
3049 1937 3175 1975 cum
3231 1922 3484 1976 Nestorio

1907 2012 2336 2067 convinceretur
2361 2031 2372 2065 :
2395 2021 2451 2067 et
2466 2029 2600 2069 vero
2619 2015 2764 2083 quod
2783 2014 3020 2084 scriptor
3040 2029 3135 2069 eos
3159 2023 3366 2086 arguat.
3393 2016 3487 2085 qui

1906 2102 2079 2158 Deum
2105 2119 2325 2173 passum
2351 2119 2473 2160 esse
2527 2113 2802 2170 asserunt,
2841 2113 3032 2160 contra
3071 2105 3366 2161 Baronium
3407 2105 3489 2162 fa-

1859 2195 1863 2204 ‘
1907 2193 2002 2258 cit,
2041 2202 2102 2248 ut
2131 2194 2237 2249 hoc
2269 2195 2565 2250 abhorreat
2591 2211 2620 2250 a
2650 2195 2980 2252 Theodoreti
2998 2195 3164 2266 378
3188 2185 3486 2263 sententia,

1908 2289 1972 2335 ut
2023 2283 2228 2352 ubique
2287 2285 2493 2354 passim
2541 2285 2599 2339 in
2649 2286 2823 2355 ipsius
2870 2285 3090 2356 scriptis
3131 2287 3246 2342 haec
3294 2287 3487 2342 eadem

1907 2373 2266 2441 reprehensio
2283 2382 2557 2429 occurrat.

1978 2462 2070 2517 IX.
2129 2463 2432 2538 Fatendum
2485 2466 2726 2536 denique
2775 2467 3046 2540 Cyrillum
3108 2469 3163 2523 in
3213 2483 3280 2524 ea
3331 2469 3488 2525 illudi

1907 2555 2260 2610 contumeliis
2293 2558 2578 2612 atrocibus
2626 2567 2683 2613 et
2734 2559 3000 2630 abiectis:
3043 2561 3139 2615 sed
3189 2575 3294 2616 nec
3341 2561 3487 2618 istud

1909 2643 2040 2698 facit
2083 2659 2183 2714 pro
2238 2644 2516 2701 Baronio:
2555 2661 2683 2701 nam
2708 2647 3088 2705 Theodoretus
3111 2651 3392 2705 collectam
3419 2667 3488 2706 ex

1910 2733 2073 2804 longo
2133 2733 2300 2788 bilem
2348 2737 2413 2800 “,
2465 2750 2948 2806 eompressamque
3000 2747 3172 2800 metu,
3206 2738 3488 2794 exundare

1909 2823 2152 2889 tandem,
2202 2840 2327 2879 cum
2361 2826 2534 2881 libere
2580 2827 2840 2896 primum,
2866 2827 2994 2880 licet
3018 2827 3347 2896 impotenter
3367 2843 3492 2896 per-

1911 2917 2122 2969 mittit:
2159 2916 2550 2980 familiaribus,
2593 2928 2656 2971 ut
2687 2917 2770 2983 ﬁt,
2805 2917 3028 2982 litteris,
3060 2918 3205 2986 apud
3247 2918 3490 2985 singula-

1913 3022 2030 3061 rem
2065 3007 2322 3071 amicum,
2358 3009 2428 3063 de
2456 3008 2671 3063 infenso
2699 3009 3114 3076 communique,
3157 3016 3218 3061 ut
3264 3009 3487 3077 quidem

1908 3097 2157 3168 putabat,
2192 3098 2436 3162 inimico,
2461 3097 2529 3154 de
2556 3097 2778 3152 homine
2808 3097 2903 3167 qui
2947 3111 3164 3161 novam,
3219 3098 3492 3167 pejorem-

1908 3203 2018 3260 que
2049 3189 2248 3258 prima,
2276 3189 2608 3258 moliebatur
2634 3187 3106 3257 Constantinopoli
3130 3188 3350 3258 utrique
3395 3204 3490 3244 ac-

1909 3281 2276 3344 cusationem,
2307 3293 2529 3334 sensum
2556 3281 2724 3335 animi
2757 3282 3060 3350 deponens,
3087 3283 3345 3347 exsultat,
3369 3299 3493 3354 gra-

1911 3373 2225 3442 tulaturque
2252 3371 2435 3426 datam
2469 3371 2627 3426 hoste
2657 3379 2931 3442 prostrato
2958 3387 2988 3426 a
3036 3373 3149 3427 Deo
3179 3374 3487 3429 victoriam.

1909 3464 2031 3520 Non
2072 3477 2209 3534 ergo
2253 3463 2476 3525 mirum,
2506 3463 2602 3518 sed
2625 3463 2889 3519 credibile
2917 3465 3119 3533 potius,
3150 3474 3374 3535 propter
3398 3481 3493 3520 ex-

1910 3555 2239 3625 perientiam
2269 3563 2379 3608 tam
2422 3553 2695 3608 infelicem
2723 3569 2887 3624 quam
2916 3555 3312 3623 quotidianam,
3341 3556 3489 3625 quod

1913 3646 2082 3700 homo
2105 3645 2328 3700 aliunde
2355 3645 2552 3710 bonus,
2592 3647 2829 3701 humana
2861 3662 3053 3717 passus
3083 3649 3171 3713 sit,
3195 3649 3492 3719 impotens-

1913 3752 2020 3807 que
2057 3746 2114 3793 et
2157 3737 2253 3792 ira:
2281 3745 2512 3808 propter
2549 3737 2864 3793 frustratam
2917 3741 3107 3809 gloriae
3151 3742 3166 3761 '
3214 3755 3388 3810 spem,
3434 3750 3494 3796 et

1913 3829 2098 3900 gaudii
2130 3838 2356 3899 propter
2382 3829 2757 3884 adversarium
2783 3830 3081 3896 sublatum,
3113 3831 3337 3903 indigna
3368 3833 3492 3903 epi-

1913 3935 2082 3991 scopo
2103 3921 2211 3975 sibi
2237 3921 2494 3976 excidere
2515 3936 2709 3991 passus
2731 3920 2822 3976 sit.

1984 4013 2052 4068 Χ.
2099 4011 2205 4068 Sed
2256 4027 2379 4083 qua:
2435 4013 2656 4067 tandem
2705 4012 2950 4067 convicia
2977 4012 3358 4067 Theodoretus
3382 4013 3492 4084 Cy-

1913 4106 2038 4160 rillo
2061 4105 2152 4159 hic
2173 4103 2326 4168 fecit,
2353 4103 2558 4173 quibus
2577 4103 2846 4157 atrociora
2866 4104 2921 4156 in
2942 4103 3218 4165 eumdem,
3245 4104 3496 4173 aliosque

1915 4199 2292 4252 sanctissimos
2343 4195 2513 4258 viros,
2576 4210 2684 4248 non
2745 4192 3006 4247 elfuderit
3053 4193 3380 4249 indubitatis
3432 4197 3490 4251 in

1915 4288 2070 4342 libris
2106 4288 2131 4340 ἓ
2183 4285 2385 4341 Malum
2438 4284 2529 4338 hic
2584 4283 2846 4337 hominem
2897 4290 3057 4336 vocat
3106 4293 3162 4336 et
3219 4285 3491 4348 miserum,

236 4389 417 4442 tiones
451 4387 688 4452 Baronii,
715 4387 1046 4442 asseveravit
1065 4385 1352 4456 septennio
1375 4383 1640 4439 Joannem
1689 4391 1813 4435 ante
1848 4399 1891 4456 ι)
1927 4399 1945 4431 ‹
1975 4380 2132 4450 cujus
2177 4378 2489 4446 malignitas
2514 4375 2775 4430 Ecclesia:
2799 4375 2952 4430 velut
2988 4374 3156 4443 pestis
3183 4391 3212 4429 a
3242 4376 3353 4430 Deo
3385 4377 3489 4430 im-

233 4479 500 4549 Cyrillum
531 4477 641 4532 fato
672 4491 792 4532 esse
821 4477 1091 4539 functum,
1122 4476 1177 4528 in
1215 4487 1326 4543 quo
1363 4471 1811 4542 parachronismo

235 4586 345 4625 non
401 4571 599 4624 leviter
659 4569 960 4638 peccavit:
1017 4566 1254 4638 Cyrillus
1302 4565 1449 4618 enim
1509 4562 1812 4617 certissime

236 4675 382 4713 anno
403 4659 508 4713 144
533 4656 824 4712 defunctus
852 4665 955 4718 est,
987 4655 1224 4710 Joannes
1241 4651 1366 4716 440,
1393 4659 1487 4706 aut
1511 4649 1634 4705 441.

305 4751 395 4804 γι.
435 4751 634 4804 Verum
666 4750 894 4804 dimisso
923 4748 1029 4802 hoc
1065 4754 1289 4801 auctore
1331 4759 1456 4799 cum
1509 4757 1611 4798 suo
1655 4756 1814 4811 para-

237 4841 580 4904 chronismo,
627 4841 854 4894 dimisso
897 4851 1118 4907 quoque
1154 4836 1308 4906 Lupo
1341 4850 1465 4889 cum
1495 4831 1811 4887 iracundio-

237 4934 397 4988 ribus
443 4933 691 4997 vocibus,
747 4931 1124 4986 examinemus
1172 4943 1293 5000 qua:
1327 4925 1617 4982 Annalium
1674 4923 1812 4977 scri-

238 5033 366 5095 ptor
407 5024 616 5092 objicit.

314 5116 426 5172 VII.
471 5115 772 5170 Fatendum
806 5124 894 5171 est
933 5114 987 5168 in
1016 5111 1252 5184 vulgatis
1287 5110 1570 5166 codicibus
1613 5121 1812 5161 nomen

1917 4480 2104 4543 putata
2133 4472 2224 4525 sit.
2265 4491 2281 4521 ›
2316 4471 2396 4523 Eo
2425 4469 2573 4523 enim
2603 4468 2786 4522 omnia
2831 4467 3102 4523 recidunt.

1987 4564 2077 4619 XI.
2111 4565 2177 4618 At
2203 4564 2258 4617 in
2298 4563 2526 4632 epistola
2554 4562 2621 4616 ad
2662 4561 2928 4615 Joannem
2986 4558 3385 4614 Antiochenum
3445 4558 3492 4591 "

1918 4653 2209 4724 praeposita
2232 4651 2646 4720 reprehensioni
2665 4650 3247 4704 anathematismorum
3266 4650 3496 4704 sanctis-

1920 4746 2118 4801 simum
2147 4743 2453 4799 divinitatis
2479 4741 2684 4796 Christi
2713 4741 3060 4796 defensorem
3103 4751 3264 4795 vocat
3307 4751 3491 4810 pasto-

1919 4853 2057 4900 rem,
2117 4855 2136 4886 ς
2171 4834 2264 4905 qui
2293 4833 2576 4887 crudelius
2609 4832 2742 4886 feris
2763 4847 2893 4886 oves
2923 4847 3050 4886 suas
3075 4831 3369 4899 discerpat,
3397 4831 3492 4899 qui

1919 4927 2022 4980 sub
2067 4924 2288 4995 pietatis
2324 4921 2546 4976 nomine
2591 4921 2830 4976 haereses
2877 4929 2932 4975 et
2963 4921 3326 4984 blasphemias
3357 4936 3494 4987 pras-

1920 5016 2087 5076 dicet,
2133 5015 2224 5084 qui
2273 5013 2492 5082 impiam
2537 5012 2842 5065 doctrinam
2876 5019 3121 5070 renovet,
3156 5011 3310 5076 cujus
3339 5008 3492 5076 capi-

1921 5107 2035 5160 tula
2061 5105 2374 5159 haereticum
2395 5117 2614 5156 sensum
2639 5101 2979 5162 contineant,
3022 5121 3039 5150 ι
3069 5107 3173 5180 etc.

1576 5259 1639 5312 Si
1664 5255 1893 5312 HULZII
1942 5253 2161 5310 ΝΟΤΙΕ.

315 5414 358 5445 ⁸⁸
389 5411 512 5466 Vid.
548 5409 741 5464 Mansii
776 5407 992 5460 Collecl.
1041 5403 1227 5478 concil.
1271 5400 1430 5478 t.._l3_{,
1476 5415 1530 5478 ρ.
1717 5412 1832 5478 seq.
1911 5397 1988 5478 "n‘

239 5498 360 5552 seq.
412 5465 480 5552 δ’
507 5481 666 5534 Tom.
692 5479 711 5532 l
734 5477 932 5552 schol.,
956 5493 1075 5545 pag.
1110 5474 1230 5552 720.
1251 5543 1265 5552 _
1307 5473 1352 5503 ³ο
1383 5465 1442 5552 In
1471 5465 1771 5550 Cousinum
1799 5465 1914 5548 haec
1937 5465 2285 5552 dietamsupt.

1911 5393 2108 5492 Ἐγμι.
2141 5408 2328 5492 supra,
2359 5407 2414 5492 pi.
2450 5389 2570 5492 l{\T'M.

2661 5390 2703 5422 ’⁸
2733 5388 2856 5443 Vid.
2918 5389 3114 5445 Annal.
3151 5399 3192 5444 t.
3222 5390 3311 5452 Vl,
3345 5403 3399 5456 ιι.
3426 5387 3498 5442 25

2450 5461 2561 5516 Nec
2589 5460 2873 5515 doctorum
2917 5463 3235 5528 applausum
3275 5458 3494 5521 meruit,

383 5530 873 5618 adeo—apertagdici
900 5530 1079 5614 potest
1109 5545 1212 5618 ista
1251 5540 1588 5618 hypothesis2
1617 5553 1747 5618 quas.
1788 5537 1878 5618 vi_x
1915 5536 2154 5618 aliquam
2172 5617 2178 5618 γ
2199 5533 2391 5618 habet
2420 5530 3109 5618 veroi-s'psciern:
3137 5543 3493 5618 stupra-pag.

238 5598 346 5675 ΞΕ
382 5598 518 5689 alii
551 5598 1078 5689 V'r'FVVidéuprraIp.
1111 5613 1233 5668 552.
1291 5598 1355 5643 ’δ’
1387 5611 1541 5666 Justo
1575 5598 1819 5676 iniquius
1841 5606 1958 5662 hac
1985 5598 2132 5659 dicta
2161 5610 2218 5658 et
2245 5601 2314 5657 ab
2342 5601 2565 5674 ingenio
2589 5598 2920 5656 Theodoreti
2945 5600 3109 5654 nimis
3133 5598 3312 5654 aliena
3345 5606 3496 5653 sunt.

241 5690 290 5724 ⁸⁸
324 5690 441 5748 Yid.
463 5684 653 5760 supra,
686 5702 741 5756 p.
773 5684 876 5739 565
896 5699 1008 5757 seq.
