3952 6294
483 238 588 302 327

1607 240 1950 300 GARNERI
1958 240 1982 301 Ι
2026 236 2519 299 DlSSERTATIO
2555 235 2641 297 II.

3624 238 3731 305 328

550 347 662 405 XII.
691 346 761 402 Et
782 345 837 400 in
859 346 1089 416 cpistola
1111 345 1178 401 ad
1201 345 1400 400 Rufum
1424 345 2056 408 Thessalonicensem",
2088 349 2130 402 A
2162 357 2440 412 nunquam
2465 342 2664 412 potuit,
2683 341 3031 404 sententiam,
3053 338 3186 393 Deus
3210 356 3392 410 passus
3414 350 3509 394 est.
3530 343 3732 408 Quinta

488 458 507 490 ι
534 436 955 493 hreresiarcham
993 444 1182 500 vocat,
1227 436 1616 505 hominemque
1673 450 2057 506 perverserum

481 529 798 599 dogmatum
838 535 1139 590 auctorem,
1187 527 1284 596 qui
1330 527 1691 582 orthodoxam
1741 527 1903 581 fidem
1933 543 2058 583 eor-

481 628 724 688 rumpat,
745 619 904 687 cujus
929 617 1108 685 capita
1151 616 1210 671 in
1238 619 1542 688 perniciem
1572 619 1833 674 Ecclesia:
1862 633 2062 688 prope-

481 711 586 765 sita
617 710 745 763 sint.
779 726 796 758 ι
845 706 948 760 Hic
969 722 1099 777 ergo
1130 707 1366 763 libenter
1412 708 1742 777 interrogem
1764 709 2061 778 rejectores

480 799 746 868 epistola),
791 812 859 851 an
905 812 1014 851 non
1067 796 1209 852 malo
1239 799 1468 861 homine,
1499 799 1788 868 miseroque
1812 800 1963 868 pejor
1988 799 2062 852 sit

479 891 884 946 haeresiarcha?
919 906 988 944 an
1033 907 1143 945 non
1171 891 1502 962 malignitate
1532 892 1913 948 detestabilior
1955 894 2060 946 im-

479 984 668 1054 pietas,
702 985 931 1043 heresis.
959 983 1283 1054 blasphemia
1307 985 1332 1036 ?

551 1075 690 1132 XIII.
746 1076 851 1132 Sed
897 1077 1102 1146 quibus
1145 1076 1394 1132 dicteriis
1415 1077 1724 1147 insequitur
1756 1075 2062 1146 Ephesinos

481 1166 688 1229 Patres,
745 1166 801 1220 id
854 1174 958 1228 est,
1009 1167 1273 1222 Ecclesiae
1329 1167 1603 1231 doctores,
1655 1177 1712 1221 et
1759 1165 2062 1222 sanctitatis

482 1257 815 1327 magistros?
870 1276 887 1307 ι
923 1257 1102 1314 Mente
1154 1269 1342 1328 captos
1398 1258 1666 1321 nominat,
1729 1266 2063 1327 spontaneos

482 1361 657 1401 caecos
710 1353 770 1400 et
818 1346 1041 1401 invidiae
1087 1348 1376 1417 mancipia,
1411 1347 1783 1410 theomachos,
1816 1354 2064 1415 pastores

483 1437 579 1506 qui
612 1452 834 1507 gregem
861 1438 1010 1507 lupis
1038 1439 1276 1503 tradant,
1304 1439 1400 1507 qui
1430 1438 1626 1493 ovibus
1648 1438 1837 1492 noxias
1862 1438 2062 1492 herbas

485 1529 787 1600 porrigant,
816 1548 834 1580 ι
874 1537 985 1582 etc.

557 1619 698 1674 XIV.
746 1619 817 1674 At
871 1621 1110 1691 excipiet
1150 1621 1290 1678 forte
1339 1621 1612 1692 quispiam
1643 1639 1656 1674 :
1684 1620 1914 1690 Scripsit
1946 1621 2063 1675 haec

485 1710 866 1766 Tbeodoretus
889 1712 1083 1780 primis
1121 1715 1480 1783 temporibus,
1507 1729 1635 1770 cum
1667 1714 1909 1767 nondum
1933 1728 2062 1782 per-

485 1803 716 1858 vidisset
761 1804 1126 1872 capitulorum
1177 1820 1400 1860 sensum
1439 1806 1810 1860 catholicum:
1846 1803 2066 1872 scripsit

485 1902 612 1950 ante
665 1909 855 1962 pacem
879 1895 1274 1960 Ecclesiarum,
1317 1913 1440 1951 cum
1465 1897 1661 1952 infensi
1685 1903 1870 1950 essent
1893 1894 2064 1948 animi

485 1993 582 2036 aut
607 1991 760 2037 certe
807 1999 932 2038 cum
987 1985 1238 2041 nondum
1283 1987 1539 2041 rediisset
1590 2002 1714 2040 cum
1755 1985 1956 2057 Cyrillo
2009 1986 2062 2038 in

486 2071 735 2141 gratiam.
761 2073 958 2128 Fateor
979 2075 1036 2130 id
1063 2090 1227 2142 sane;
1250 2092 1440 2132 verum
1464 2092 1534 2132 ne
1549 2091 1692 2132 anno
1718 2076 1943 2146 quidem
1961 2075 2065 2130 M9

488 2161 824 2232 deposuerat
861 2181 1016 2220 suam
1041 2166 1110 2221 de
1137 2167 1395 2238 capitulis
1418 2168 1760 2238 opinionem,
1784 2182 1908 2222 cum
1933 2166 2067 2222 scri-

485 2253 624 2319 bens
672 2255 881 2318 Domno
921 2259 1110 2316 veneni
1159 2258 1318 2329 plena
1351 2259 1582 2316 diceret.
1626 2259 1917 2328 Nunquam
1955 2257 2064 2312 nisi

487 2345 707 2399 attritus
727 2346 904 2409 malis,
937 2347 1082 2415 quod
1108 2349 1272 2418 379
1299 2350 1530 2420 contigit
1559 2359 1685 2419 post
1716 2365 1920 2406 annum
1940 2349 2065 2424 447.,

487 2436 542 2490 iu
573 2452 764 2505 pacem
797 2438 1169 2496 Ecclesiarum
1221 2442 1533 2496 consentire
1575 2441 1726 2498 visus
1773 2448 1876 2506 est,
1909 2456 2069 2495 nun-

487 2543 652 2596 quam
699 2528 914 2586 sincere
953 2529 1162 2594 Cyrillo
1203 2533 1588 2588 reconciliatus
1627 2540 1732 2599 est,
1763 2532 1909 2602 quod
1935 2548 2070 2602 qne-

489 2617 629 2672 ritur
657 2617 892 2690 Cyrillus
913 2620 1109 2676 Joanni
1132 2623 1400 2679 scribens.

561 2707 674 2764 XV.
719 2709 828 2764 Sed
884 2719 946 2765 ut
994 2711 1340 2768 manilestius
1389 2723 1591 2783 pateat,
1641 2729 1804 2783 quam
1853 2713 2070 2769 levibus

488 2803 823 2871 conjecturis
854 2804 1066 2859 nitatur
1092 2805 1281 2874 opinio
1303 2806 1707 2875 repudiantium
1757 2807 2068 2877 epistolam,

488 2908 672 2962 opera:
701 2894 939 2963 pretium
967 2903 1050 2950 est
1075 2910 1194 2949 eam
1224 2897 1387 2965 paulo
1411 2898 1672 2952 attentius
1693 2897 2066 2954 considerare.

2160 440 2370 488 tantum
2419 434 2596 498 abest,
2641 442 2700 487 ut
2742 431 3136 502 suppositionis
3157 433 3529 502 conjecturam
3553 435 3729 503 juvet,

2159 531 2220 576 ut
2251 532 2476 594 propter
2508 524 2923 578 consonantiam
2959 539 3083 577 cum
3119 523 3444 578 indubitatis
3485 524 3734 582 historia:

2159 611 2522 674 documentis,
2573 621 2784 665 certum
2837 611 2909 666 sit
2939 605 3273 665 Theodoreti
3315 612 3559 667 auctoris
3581 615 3730 684 judi-

2160 703 2345 767 cium;
2378 702 2522 756 idcm
2565 703 2712 756 enim
2743 703 2924 768 docet,
2956 701 3102 772 quod
3131 701 3365 772 Cyrillus
3397 703 3452 755 in
3487 703 3734 772 epistolis

2159 794 2226 848 ad
2260 794 2550 848 Maximum
2594 795 2910 859 diaconum,
2936 794 3003 848 ad
3034 795 3291 848 Acacium
3321 793 3638 848 Melitenam
3668 795 3736 850 de

2159 885 2413 950 Maximo,
2451 885 2518 939 ad
2543 886 2772 939 clericos
2811 894 2867 940 et
2896 885 3229 955 Lamponem
3263 883 3647 955 presbyterum
3667 885 3734 940 de

2160 978 2407 1048 ejusdem
2438 978 2654 1034 Maximi
2693 979 2955 1048 querelis,
2983 978 3050 1032 ad
3071 977 3321 1031 Proclum
3353 975 3737 1032 Constantino-

2160 1074 2485 1142 politanum,
2526 1072 2782 1142 quodque
2823 1072 3204 1126 Tbeodoretus
3239 1069 3294 1124 in
3342 1071 3588 1138 epistolis
3645 1071 3731 1136 84,

2162 1161 2250 1225 85,
2285 1171 2392 1217 etc.

2233 1253 2393 1309 XVII.
2431 1254 2508 1308 Ad
2545 1254 2680 1319 haec,
2717 1270 2837 1324 quae
2865 1268 2964 1323 pro
2989 1252 3349 1308 defendendis
3379 1253 3587 1322 quintae
3608 1270 3734 1324 syn-

2161 1345 2252 1400 odi
2295 1345 2470 1410 Actis,
2499 1345 2701 1414 quibus
2744 1346 2976 1416 epistola
3001 1345 3283 1408 inseritur,
3307 1345 3574 1399 hactenus
3594 1345 3735 1400 dicta

2163 1444 2322 1501 sunt,
2335 1436 2551 1492 accedit
2577 1436 2836 1506 primum,
2866 1436 3013 1506 quod
3034 1435 3171 1489 nihil
3193 1435 3461 1506 dogmatis
3481 1435 3737 1504 objicitur

2163 1527 2385 1600 Cyrillo,
2413 1536 2610 1599 praeter
2633 1529 2687 1582 id
2717 1529 2865 1598 quod
2893 1529 3096 1596 ubique
3123 1528 3261 1582 solet
3295 1543 3326 1580 a
3355 1528 3734 1583 Tbeodoreto:

2173 1639 2190 1668 ι
2225 1621 2390 1681 Deus,
2425 1636 2643 1690 nempe,
2668 1635 2879 1688 passus,
2913 1627 3086 1672 morte
3117 1618 3464 1674 circumdans
3485 1630 3737 1676 naturam

2165 1711 2548 1776 immortalem.
2597 1729 2616 1761 ι
2670 1710 2900 1773 Deinde,
2957 1709 3124 1779 quod,
3161 1710 3205 1764 si
3238 1725 3346 1779 qua
3390 1711 3587 1767 fuisset
3609 1713 3737 1767 olim

2167 1797 2562 1869 suppositionis
2601 1797 2812 1866 species
2852 1796 2937 1850 vel
2989 1796 3205 1861 umbra,
3235 1796 3569 1850 schismatici
3593 1805 3740 1850 certe

2166 1889 2332 1943 trium
2362 1888 2600 1958 capitum
2633 1886 2972 1948 defensores,
3023 1900 3146 1939 cum
3188 1885 3461 1940 curiosius
3506 1885 3562 1938 in
3607 1885 3740 1940 Acta

2165 1981 2371 2049 quintae
2397 1979 2589 2050 synodi
2617 1978 2978 2048 inquirerent,
3015 1992 3125 2047 quo
3177 1992 3371 2031 eorum
3425 1978 3740 2032 auctoritati

2166 2071 2523 2126 detraherent
2554 2087 2568 2136 ;
2599 2069 2666 2125 de
2697 2070 2832 2124 falso
2863 2068 3210 2138 excepissent
3246 2067 3512 2123 adversus
3537 2069 3745 2138 episto—

2165 2164 2295 2228 lam,
2327 2163 2475 2234 quod
2510 2172 2689 2216 tamen
2745 2163 2952 2218 nemini
2987 2176 3215 2232 prorsus
3247 2168 3539 2230 antequam
3579 2162 3746 2216 Baro-

2166 2253 2435 2329 nio.venit
2456 2253 2519 2322 in
2551 2262 2811 2308 mentem.

2237 2329 2423 2399 XVIII.
2455 2343 2586 2400 Inde
2609 2358 2740 2397 vero
2773 2351 2987 2402 constat
3005 2341 3201 2396 vitium
3225 2342 3472 2412 inscripti
3503 2344 3748 2400 nominis

2168 2436 2446 2506 prioribus
2471 2435 2635 2505 380
2666 2434 2721 2487 in
2745 2433 3030 2488 codicibus
3065 2434 3274 2488 nullum
3319 2433 3507 2498 fuisse,
3551 2436 3648 2489 sed
3686 2436 3748 2502 in

2169 2526 2576 2582 recentioribus
2613 2533 2824 2589 tantum
2850 2542 2862 2578 :
2891 2524 3168 2594 quomodo
3215 2525 3362 2579 enim
3407 2525 3750 2582 schismatici

2171 2618 2511 2673 tacuissent?
2541 2618 2646 2672 Sed
2677 2615 2949 2687 quomodo
2994 2617 3063 2672 ah
3102 2616 3334 2672 eruditis
3383 2618 3750 2687 conciliorum

2168 2711 2412 2781 antiquis
2448 2709 2753 2765 editoribus
2797 2724 2907 2764 non
2949 2708 3051 2763 fuit
3083 2707 3532 2777 deprehensum?
3559 2709 3750 2764 Potuit

2169 2802 2320 2857 enim
2355 2801 2512 2856 facile
2559 2816 2628 2856 ex
2674 2799 2979 2871 fragmento
3027 2806 3418 2868 consequente,
3466 2799 3576 2854 nisi
3614 2815 3753 2856 con-

2170 2889 2407 2946 suetudo
2425 2889 2642 2960 legendi
2663 2889 2953 2943 avertisset
2984 2889 3228 2942 animum
3255 2905 3269 2940 :
3297 2896 3546 2957 apertum
3566 2887 3750 2958 siqui-

488 2981 714 3039 Constat
757 2985 1002 3055 quinque
1024 2987 1250 3042 omnino
1279 2988 1548 3056 partibus,
1571 3004 1802 3058 quarum
1822 2990 1877 3043 in
1896 2987 2069 3058 prima
2097 3008 2139 3067 α
2173 2985 2296 3038 dem
2344 2992 2428 3037 est
2460 2991 2516 3037 et
2556 2980 2840 3051 epistolam
2875 2991 2931 3036 et
2968 2979 3251 3036 concionis
3268 2980 3656 3051 fragmentum,
3683 2993 3753 3036 ut

489 3078 710 3132 occulta
755 3076 1102 3147 benignaque
1146 3078 1242 3132 Dei
1273 3079 1616 3147 providentia
1649 3079 1924 3143 laudatur,
1947 3095 2070 3148 quae

488 3167 786 3236 aliquando
845 3167 1004 3224 bonis
1057 3169 1303 3234 brevem,
1337 3169 1601 3238 improbis
1635 3170 1950 3228 diuturnam
1983 3171 2070 3225 ia-

488 3258 679 3328 dulget
716 3261 882 3314 vitam
909 3279 922 3313 :
954 3262 1065 3316 illis
1094 3269 1154 3314 ut
1201 3262 1507 3316 liberentur
1525 3263 1636 3316 cito
1661 3263 1837 3328 malis,
1869 3263 1990 3318 istis
2011 3271 2072 3318 ut

489 3350 830 3418 paenitentiae
902 3352 1084 3406 locum
1139 3351 1444 3405 obtineant.
1495 3353 1754 3416 Secunda,
1795 3363 1852 3408 et
1909 3355 2070 3408 tertia

489 3439 776 3494 continent
822 3441 1188 3496 imitationem
1239 3443 1524 3509 locorum,
1577 3443 1781 3512 quibus
1832 3446 2070 3514 aspergit

487 3545 620 3585 suos
646 3529 922 3586 Lucianus
950 3530 1015 3586 de
1045 3531 1275 3586 mortuis
1295 3530 1564 3602 Dialogus,
1585 3541 1642 3586 et
1663 3549 1790 3588 eum
1811 3534 2066 3599 maxime,

489 3621 586 3689 qui
617 3620 900 3691 Tyrannus
928 3621 1271 3686 inscribitur,
1300 3623 1354 3676 in
1385 3639 1494 3691 quo
1519 3623 1902 3694 Megapenthes
1926 3625 2071 3679 Rha-

489 3711 746 3765 damanto
770 3711 1002 3777 sistitur,
1029 3721 1102 3776 et,
1129 3712 1359 3784 Cynisco
1403 3714 1726 3785 philosopho
1756 3724 2066 3781 accusante,

489 3817 684 3871 poenas
731 3802 850 3856 luit.
895 3801 1099 3868 Quarta
1149 3802 1472 3859 Christianae
1505 3805 1726 3874 pietatis
1751 3807 2068 3861 testimonio

495 3892 653 3962 plena
677 3901 782 3958 est,
815 3909 1124 3963 quanquam
1147 3896 1463 3950 acrimonia:
1488 3898 1783 3952 admistqu
1813 3897 2068 3952 nonnihil

491 3981 692 4037 habeat
723 4002 737 4037 :
771 3985 976 4038 mortui
999 3987 1146 4040 enim
1176 3987 1558 4043 Tbeodoretus
1603 3987 1752 4042 dolet
1793 3988 1961 4052 vices,
2013 3995 2070 4041 et

490 4074 676 4144 petita
696 4076 905 4130 Damno
927 4075 1028 4144 ipsi
1053 4093 1246 4146 preces
1276 4077 1538 4148 impendi,
1585 4077 2067 4147 Christianumque

489 4166 850 4236 obsequium,
917 4183 1230 4236 quanquam
1289 4170 1506 4239 utrique
1554 4169 1835 4238 negotium
1902 4168 2066 4223 morti

489 4257 772 4326 proximus
816 4267 1044 4315 crearet.
1098 4258 1295 4323 Quinta
1349 4259 1611 4314 historica
1638 4268 1742 4323 est,
1774 4259 2063 4329 docetque,

2171 3083 2302 3130 sunt
2362 3074 2608 3145 ejusdem
2655 3073 2962 3144 argumenti
3026 3072 3380 3142 ejusdemque
3441 3072 3612 3138 modi,
3671 3073 3752 3129 ita

2172 3171 2336 3224 unius
2361 3167 2475 3222 fere
2497 3182 2616 3222 esse
2640 3167 2904 3235 temporis
2934 3183 2946 3219 :
2979 3164 3130 3234 atqui
3154 3164 3434 3220 concionis
3457 3165 3750 3237 inscriptio

2171 3259 2364 3313 Domni
2393 3273 2591 3312 nomen
2630 3255 2870 3326 praefert.

2241 3349 2383 3404 XIX.
2431 3350 2724 3419 Postquam
2778 3356 2986 3404 asserta
3029 3357 3114 3403 est
3138 3348 3337 3404 veritas
3361 3347 3626 3419 epistolae,
3660 3362 3752 3401 rc-

2171 3448 2279 3496 stat
2323 3439 2530 3508 aliquid
2563 3438 2880 3501 emendare,
2922 3438 3066 3507 quod
3093 3440 3289 3509 partim
3321 3439 3639 3507 interpretis
3665 3437 3751 3492 in-

2171 3531 2345 3594 curia,
2368 3530 2566 3599 partim
2588 3530 2938 3584 librariorum
2977 3531 3111 3585 vitio
3152 3532 3381 3602 legitur,
3409 3530 3464 3584 in
3499 3529 3748 3584 editione

2172 3631 2286 3676 tum
2333 3622 2722 3685 Conciliorum,
2773 3630 2888 3674 tum
2930 3622 3169 3676 Baronii.
3222 3623 3276 3676 Id
3340 3637 3472 3678 vero
3506 3638 3617 3679 non
3659 3631 3748 3676 est

2170 3727 2486 3782 operosum,
2525 3713 2775 3782 quamvis
2805 3711 3028 3770 Graecus
3071 3722 3250 3768 textus
3281 3713 3526 3767 nondum
3557 3709 3744 3768 editus

2169 3805 2260 3864 sit,
2308 3805 2418 3859 imo
2464 3805 2734 3860 incertum
2785 3805 2857 3858 sit
2890 3821 2958 3859 an
3000 3807 3214 3875 uspiam
3255 3805 3438 3860 lateat.
3465 3805 3744 3860 Restituto

2171 3894 2336 3963 igitur
2387 3893 2440 3948 in
2495 3894 2853 3963 inscriptione
2909 3895 3103 3948 Domni
3144 3894 3386 3961 nomine,
3418 3893 3744 3965 corrigenda

2168 3983 2393 4037 fuerunt
2429 3984 2472 4014 "
2513 3999 2580 4037 ex
2619 3985 2933 4054 conjectura
2973 3985 3220 4053 quaedam
3247 3987 3314 4040 ad
3337 3987 3590 4058 syntaxin
3621 4001 3747 4040 ver-

2168 4074 2363 4130 borum
2411 4069 2766 4146 pertinentia,
2819 4077 3058 4146 primum
3088 4086 3143 4131 ut
3174 4079 3408 4149 capiant,
3440 4078 3665 4143 discant,
3696 4091 3746 4135 et

2168 4165 2310 4230 dent,
2360 4183 2460 4236 pro
2510 4177 2779 4238 caperent,
2811 4169 3090 4235 discerent,
3120 4177 3172 4222 et
3203 4169 3410 4225 darent.
3439 4169 3644 4228 Deinde
3675 4171 3748 4225 ad

2168 4257 2464 4329 exemplum
2514 4259 2744 4314 aliorum
2785 4277 2890 4315 non
2930 4261 3148 4324 dimisit,
3182 4275 3304 4330 pro,
3353 4276 3444 4314 nec
3477 4259 3544 4313 ad
3570 4275 3750 4316 exem-

486 4348 636 4418 quod
677 4356 736 4403 et
778 4349 1001 4402 aliunde
1051 4351 1242 4416 scitur,
1271 4350 1535 4420 Cyrillum
1556 4351 1721 4419 paulo
1752 4360 1879 4406 ante
1912 4367 2062 4406 mor-
2095 4339 2140 4394 ι)
2167 4347 2316 4418 plum
2367 4349 2599 4404 aliorum
2653 4351 2894 4417 dimisit;
2945 4351 3180 4420 denique
3211 4347 3417 4421 Cynisci
3451 4349 3497 4381 ⁸⁸
3519 4347 3748 4405 Luciani

486 4448 618 4504 tem,
643 4441 898 4510 querelas
947 4439 1017 4496 de
1068 4440 1310 4497 Orientis
1363 4440 1639 4511 episcopis
1685 4442 1953 4498 detulisse
1992 4442 2060 4496 ad

483 4529 889 4600 imperatorem.

553 4621 693 4677 XVI.
724 4621 867 4689 Quid
900 4622 1064 4676 habet
1093 4623 1291 4692 prima,
1317 4622 1364 4675 si
1399 4622 1562 4676 modo
1589 4622 1936 4691 excipiantur
1979 4621 2063 4676 hae

483 4728 668 4778 voces,
715 4714 888 4769 malus
945 4717 1120 4778 homo,
1172 4712 1456 4781 indignum
1489 4712 1752 4781 episcopo
1775 4713 1796 4764 ?
1823 4713 2060 4776 Habent,

480 4804 680 4871 fateor,
711 4805 953 4860 secunda
975 4813 1030 4860 et
1061 4803 1242 4867 tertia,
1277 4803 1521 4873 joculare
1547 4803 1809 4871 quiddam
1859 4812 1914 4858 et
1960 4804 2064 4858 hu-

481 4897 632 4961 mile,
679 4898 776 4952 sed
820 4897 926 4950 hoc
953 4895 1121 4949 etiam
1144 4893 1420 4948 scribendi
1443 4910 1643 4963 genere
1663 4912 2059 4967 nonnunquam

479 4988 586 5042 viri
637 5003 832 5058 graves
885 4994 1139 5048 utuntur,
1186 4999 1310 5038 cum
1358 4999 1426 5038 ex
1475 4986 1762 5042 commdiis
1809 4997 1906 5042 aut
1936 4989 2060 5044 aliis

477 5077 749 5148 ejusmodi
779 5075 1002 5144 scriptis
1029 5074 1324 5129 desumunt
1359 5076 1568 5145 aliquid
1606 5093 1716 5146 quo
1755 5079 1923 5134 animi
1969 5079 2055 5134 sui

476 5183 636 5224 sensa
663 5165 806 5234 apud
834 5163 1108 5220 familares
1134 5177 1426 5236 exponant.
1466 5167 1668 5233 Quarta
1715 5156 1864 5223 aliud
1917 5171 2054 5223 nihil

475 5258 646 5312 habet
688 5255 1024 5322 acrimonias,
1051 5274 1215 5328 quam
1240 5261 1386 5329 quod
1411 5261 1734 5330 jamdudum
1762 5263 2057 5331 collegerat

475 5347 780 5417 indignatio
803 5347 1066 5404 adversus
1093 5350 1253 5406 hanc.
1277 5366 1441 5421 quam
1477 5351 1858 5408 Tbeodoretus
1907 5352 2053 5405 ferre

2168 4455 2290 4509 pro,
2329 4439 2500 4512 Cynni
2534 4440 2794 4497 Ciliciam.

2240 4531 2358 4586 XX.
2398 4532 2558 4598 Sunt,
2591 4533 2683 4602 qui
2728 4533 2846 4588 haec
2886 4531 3055 4587 verba
3095 4549 3107 4585 :
3156 4550 3174 4582 ‹
3203 4531 3403 4602 Majora
3454 4539 3510 4585 et
3552 4531 3748 4601 pejora

2172 4628 2508 4692 pertentans,
2551 4621 2842 4676 defunctus
2879 4629 3002 4687 est;
3055 4621 3350 4676 somniavit
3383 4620 3551 4683 enim,
3599 4619 3752 4674 sicut

2169 4717 2383 4781 dicunt,
2433 4724 2491 4785 et
2523 4715 2726 4786 regiam
2751 4715 2945 4769 urbem
2973 4715 3319 4786 perturbare,
3348 4722 3404 4768 et
3433 4721 3579 4766 tuam
3612 4726 3748 4766 san-

2167 4807 2412 4863 ctitatem
2469 4821 2798 4870 accusare,»
2863 4814 2995 4871 etc.,
3050 4804 3484 4875 interpretentur
3531 4803 3625 4866 ita,
3681 4813 3750 4859 ut

2137 4899 2295 4953 .velit
2315 4897 2577 4968 Cyrillum
2600 4897 2762 4966 paulo
2784 4905 2910 4952 ante
2945 4904 3178 4951 mortem
3212 4894 3749 4964 Constantinopolim

2164 4985 2402 5048 venisse,
2437 4983 2626 5053 ibique
2657 4999 2781 5038 cum
2806 4983 3001 5038 Proclo
3033 4999 3275 5048 causam,
3305 4982 3582 5038 Athanasii
3610 4981 3749 5035 Per-

2163 5077 2464 5130 rhenorum
2487 5073 2730 5143 episc0pi
2764 5073 3105 5143 cognovisse,
3133 5080 3297 5142 atque
3326 5073 3452 5128 inde
3475 5072 3540 5126 ad
3569 5071 3748 5126 Dom-

2163 5181 2317 5230 num,
2373 5181 2404 5218 a
2451 5179 2560 5233 quo
2606 5163 2939 5218 Athanasius
2969 5165 3355 5234 appellaverat,
3404 5164 3614 5217 litteras
3641 5161 3749 5217 de-

2162 5257 2330 5312 disse.
2376 5255 2496 5309 Huc
2543 5255 2693 5309 enim
2745 5256 2972 5308 trahunt
3018 5255 3182 5309 verba
3233 5253 3514 5309 Athanasii
3565 5253 3748 5309 relata

2163 5349 2378 5404 actione
2403 5348 2460 5400 ll
2509 5345 2728 5400 concilii
2777 5345 3292 5402 Chalcedonensis:
3343 5365 3360 5398 ε
3391 5343 3541 5398 Hanc
3586 5344 3751 5416 (cau-

1799 5487 2114 5543 SCHULZII
2182 5483 2404 5539 NOTAE.

541 5576 586 5649 Ἀθ
610 5576 733 5649 Vid.
765 5593 954 5649 supra,
983 5580 1270 5649 epistolam
1310 5579 1426 5634 I70.

480 5643 523 5675 ’⁸
547 5647 694 5704 Edit.
738 5643 892 5720 prior
916 5643 1153 5706 habebat
1184 5647 1387 5721 Cynici,
1417 5659 1475 5704 ut
1506 5649 1533 5719 ᾖ
1568 5651 1653 5717 l5,
1685 5648 1898 5722 Cynico.

1527 5569 1679 5654 "Ex
1699 5580 2088 5654 his‘corrigas,
2116 5582 2163 5637 si
2181 5582 2316 5636 tanti
2346 5583 2437 5651 sit,
2459 5591 2672 5654 partem
2700 5589 2884 5637 textus
2912 5577 3256 5645 Garneriani,
3294 5587 3335 5634 t.
3365 5577 3453 5644 IV,
3486 5591 3543 5647 p.
3575 5573 3743 5632 1569.
