3952 6294
245 311 349 375 3‘29

1404 320 1498 378 DE
1535 318 1789 383 LIBRIS
1829 319 2335 382 THEODORETI.

3326 353 3336 364 ν
3381 321 3484 386 330

247 424 382 495 sam)
411 422 709 479 audierunt
739 428 754 444 '
783 425 953 482 beata:
985 429 1278 484 memoria!
1302 431 1536 502 Cyrillus
1582 441 1637 487 et
1683 434 1815 486 Pro-
1846 438 1884 492 A
1916 450 2103 488 nasum
2146 445 2315 498 tuum,
2366 443 2413 489 et
2463 434 2669 504 {retium
2704 434 2756 488 in
2789 433 2928 488 labia
2955 443 3068 498 tua,
3092 441 3139 487 et
3174 439 3410 488 avertam
3440 443 3491 489 te

245 514 383 577 elus,
411 521 466 568 et
496 521 674 568 certas
704 513 905 568 formas
924 515 1265 586 scripserunt
1307 519 1533 583 Domno,
1575 521 1667 589 qui
1720 520 1822 574 fuit

244 601 621 655 Antiochenus
639 601 950 672 epiSCOpus,
974 604 1332 674 promisitque
1352 621 1444 661 eas
1463 607 1550 661 ille
1570 608 1816 677 implere:

245 690 338 744 sed
366 704 493 743 cum
517 690 865 758 cognovisset
897 701 1129 746 mortem
1165 693 1311 748 beati
1331 694 1538 765 Cyrilli,
1569 695 1816 760 resilivit,

245 789 294 838 et
320 781 388 834 ad
441 780 713 851 judicium
755 797 842 836 me
883 783 1117 837 vocavit.
1146 803 1166 834 ι
1216 785 1449 841 Nomine
1496 786 1817 851 formarum,

245 873 466 934 τύπων,
530 873 788 943 intelligit
856 874 1068 929 litteras
1113 876 1400 947 utriusque
1456 879 1704 946 prtesnlis
1750 878 1822 933 ad

245 965 540 1026 Domuum,
585 980 707 1034 quae
732 965 905 1020 ambae
928 966 1248 1020 inseruntur
1271 968 1423 1022 Actis
1447 969 1638 1040 synodi
1661 970 1824 1024 Chal-

245 1054 594 1117 cedonensis,
637 1054 854 1110 actione
899 1056 1084 1110 citata.
1141 1058 1340 1111 Verum
1369 1074 1489 1128 quae
1518 1060 1822 1129 sitspecies

246 1147 503 1200 veritatis
563 1147 617 1200 in
671 1147 772 1201 hac
820 1149 1160 1218 conjectura,
1209 1150 1393 1205 nullus
1445 1151 1627 1206 video.
1685 1152 1821 1206 Nam

245 1238 417 1291 verba
466 1237 746 1291 Athanasii
775 1238 925 1293 aliud
958 1239 1094 1293 nihil
1118 1239 1446 1306 significant,
1475 1258 1639 1312 quam
1673 1242 1822 1312 quod

248 1329 452 1397 singuli
509 1329 791 1398 praasules,
828 1345 966 1398 quos
987 1331 1039 1384 in
1064 1333 1177 1386 suis
1205 1333 1432 1387 urbibus
1462 1334 1824 1388 consistentes

248 1419 443 1483 adivit,
470 1421 680 1475 Domno
710 1421 1049 1491 scripserint.
1077 1423 1304 1488 Deinde,
1359 1441 1479 1495 quze
1519 1411 1823 1496 causapo-

247 1511 374 1571 tuit,
409 1510 514 1564 nisi
546 1510 840 1565 admodum
871 1512 1070 1582 gravis,
1102 1512 1363 1584 Cyrillum
1393 1516 1822 1570 Alexandrinum

249 1601 642 1670 patriarcham,
684 1602 917 1657 fraetum
962 1604 1139 1669 senio,
1191 1614 1380 1675 utpote
1404 1608 1824 1678 septuagenario

249 1694 534 1764 majorem,
563 1709 755 1763 cogere
778 1693 844 1746 ad
880 1702 1088 1748 tantum
1134 1695 1260 1758 iter,
1310 1696 1507 1750 hiemis
1558 1705 1820 1766 tempore,

251 1792 629 1854 tempestuoso
705 1784 840 1838 mari
911 1785 1364 1855 suscipiendum?
1428 1787 1598 1841 Tanta
1671 1796 1821 1843 certe
1855 1782 1894 1836 Β

251 1891 416 1930 causa
475 1891 587 1929 non
624 1875 875 1930 latuisset
910 1875 1207 1943 scriptores
1229 1876 1394 1947 hujus
1424 1877 1707 1946 temporis,
1734 1878 1820 1932 di-

252 1967 488 2037 ligentes
503 1965 833 2034 aeteroquin
852 1981 1035 2018 rerum
1055 1964 1242 2036 Cyrilli
1265 1975 1618 2022 scrutatores.
1647 1967 1822 2033 Quid?

251 2060 400 2131 quod
444 2058 762 2112 incredibile
792 2064 895 2122 est,
940 2059 1262 2113 convenisse
1293 2057 1346 2112 in
1373 2074 1532 2113 unam
1557 2059 1824 2130 synodum

253 2152 598 2222 patriarchas
633 2150 791 2214 duos,
845 2165 1048 2220 eosque
1095 2149 1162 2204 de
1198 2150 1436 2219 primatu
1493 2138 1828 2206 contendend-

256 2251 370 2305 tes,
419 2240 525 2295 nisi
572 2240 896 2310 gravissima
954 2247 1174 2310 urgeret
1214 2239 1298 2293 vel
1356 2239 1684 2304 auctoritas,
1739 2241 1824 2294 vel

253 2348 442 2393 causa,
468 2346 590 2400 qute
615 2331 762 2384 nulla
802 2338 981 2400 potest
1023 2329 1380 2401 probabiliter
1415 2330 1573 2400 381
1617 2331 1822 2385 afferri.

255 2424 503 2488 Accedit,
559 2422 704 2493 quod
753 2424 1039 2492 utriusque
1081 2421 1406 2492 patriarcha:
1429 2421 1697 2476 distincta:
1717 2423 1829 2476 sint

253 2516 319 2568 ad
348 2515 622 2568 Domuum
649 2513 864 2578 litterae,
900 2527 1079 2582 neque
1112 2512 1278 2566 ullius
1306 2511 1613 2566 communis
1636 2512 1827 2583 synodi

255 2606 591 2660 mentionem
615 2604 849 2658 faciant:
872 2618 1047 2672 eoque
1073 2613 1230 2673 pacto
1253 2620 1364 2658 non
1387 2604 1618 2659 obscure
1648 2611 1830 2658 osten-

255 2699 411 2763 dant,
461 2713 521 2751 se
575 2695 810 2750 diversis
860 2709 890 2749 e
936 2695 1072 2749 locis
1102 2695 1296 2751 missas
1317 2710 1456 2751 esse.
1486 2696 1673 2765 NeQUe
1701 2710 1830 2749 vero

254 2804 588 2861 quemquam
620 2803 837 2842 movere
867 2787 1049 2852 debet,
1080 2787 1226 2857 quod
1271 2788 1518 2858 ejusdem
1565 2788 1679 2842 fere
1721 2788 1832 2841 sint

252 2881 448 2936 formae
481 2897 495 2932 :
548 2879 929 2948 unusquisque
985 2879 1131 2932 enim
1178 2879 1355 2933 tenuit
1387 2894 1514 2934 eum
1550 2878 1831 2936 scribendi

257 2973 505 3037 modum,
560 2986 720 3040 quem
771 2970 1102 3024 Athanasius
1127 2969 1241 3025 suis
1274 2977 1388 3024 tum
1420 2971 1679 3040 querelis,
1711 2979 1831 3026 tum

258 3062 522 3133 precibus
563 3061 632 3115 ab
687 3068 918 3129 utroque
949 3061 1200 3114 extorsit.
1227 3061 1475 3130 Denique
1501 3060 1736 3131 Cyrillus
1760 3061 1829 3115 de

255 3151 858 3221 Constantinopolitana
903 3150 1109 3220 synodo
1135 3151 1396 3220 loquitur,
1425 3159 1680 3221 tanquam
1710 3168 1832 3206 eam

258 3262 324 3300 ex
355 3247 470 3300 sola
515 3243 796 3299 Athanasii
843 3242 1108 3298 relatione
1164 3251 1389 3308 nosset;
1437 3258 1547 3296 non
1589 3243 1833 3314 loquitur

260 3338 488 3392 Proclus
537 3335 604 3390 de
648 3334 835 3406 Cyrilli
881 3333 1082 3388 litteris
1127 3333 1278 3388 velut
1322 3335 1706 3389 communibus
1731 3334 1835 3404 (di~

260 3444 430 3485 versa:
451 3428 597 3483 enim
619 3426 790 3496 sunt),
812 3425 909 3481 sed
933 3426 1084 3482 velut
1107 3439 1216 3478 una
1243 3424 1556 3483 deferendis
1580 3427 1644 3480 ad
1675 3427 1834 3481 Dom-

262 3538 391 3576 num
419 3521 489 3575 ab
527 3519 848 3582 Athanasio,
893 3518 987 3587 qui
1037 3517 1307 3571 immenso
1360 3517 1596 3586 quodam
1636 3518 1832 3574 itinere

257 3627 290 3668 e
330 3628 428 3666 sua
469 3609 748 3680 provincia
775 3607 1300 3677 Constantinopolim
1332 3608 1400 3661 ad
1449 3608 1749 3678 principem
1777 3620 1834 3664 et

262 3700 538 3762 Proclum,
577 3697 704 3752 inde
726 3695 1110 3750 Alexandriam
1136 3692 1204 3747 ad
1235 3693 1518 3764 Cyrillum,
1543 3709 1736 3748 rursus
1766 3709 1833 3748 ex

256 3791 491 3862 Λίδη)ιο
529 3785 1079 3856 Οοηςιεηιίηοροιίῐη,
1136 3776 1355 3840 tandem
1399 3800 1466 3840 ex
1511 3785 1649 3840 urbe
1686 3786 1833 3855 regia

261 3881 630 3945 Antiochiam,
684 3895 809 3935 cum
862 3877 1130 3949 principis
1151 3885 1205 3933 et
1229 3877 1664 3947 patriarcharum
1692 3877 1831 3932 scri-

261 3974 367 4044 ptis
402 3972 573 4026 venit.
593 4027 600 4032 _

331 4063 473 4118 XXI.
533 4062 689 4130 Quod
737 4069 919 4117 autem
956 4061 1088 4125 dixi,
1132 4061 1372 4116 secunda
1403 4069 1458 4117 et
1489 4063 1646 4117 tertia
1678 4069 1832 4130 parte

260 4154 533 4209 imitatum
564 4168 686 4208 esse
736 4152 1142 4206 Theodoretum
1192 4150 1421 4206 Luciani
1450 4153 1626 4222 jocos,
1664 4164 1828 4204 nemo

261 4262 369 4300 nou
391 4243 746 4307 assentietur,
804 4243 898 4314 qui
949 4242 1225 4312 dialogum
1265 4243 1571 4314 Tyrannum
1617 4241 1828 4311 legerit,

258 4347 316 4392 et
350 4337 649 4391 contulerit
675 4351 802 4390 cum
831 4335 918 4389 his
941 4335 1127 4389 verbis
1157 4351 1170 4388 :
1221 4353 1238 4386 ‹
1265 4334 1370 4389 Iste
1402 4347 1536 4387 vero
1579 4339 1636 4387 et
1682 4331 1832 4386 aliud

1921 526 2002 580 via
2028 544 2134 596 qua
2166 528 2364 580 venisti.
2398 527 2569 581 Porro
2597 534 2776 580 autem
2812 541 2922 580 non
2950 526 3165 581 erudite
3193 524 3488 580 admodum

1921 614 2195 684 interpres
2236 617 2483 686 epistolae
2515 616 2601 672 vel
2635 615 2862 670 retinuit
2887 630 3088 671 nomen
3115 616 3362 672 Graecum
3397 633 3488 684 φι-

1924 705 2061 776 μοῦ,
2110 707 2194 760 vel
2245 706 2434 760 Latine
2483 706 2704 776 scripsit
2757 708 3028 777 phimum,
3079 706 3226 776 quod
3280 707 3490 761 librarii

1920 806 2305 866 perverterunt
2333 797 2386 850 in
2413 796 2619 864 ﬁmum.

2096 889 2339 959 Epistola
2380 889 2500 954 lSl,
2544 891 2616 944 ad
2657 891 2953 945 Abundium
2997 893 3314 963 episcopum.

1995 979 2034 1033 I.
2065 979 2369 1046 Abundius,
2403 989 2464 1035 ut
2490 991 2574 1035 est
2595 983 2647 1036 in
2665 983 2784 1052 ejus
2799 983 2920 1037 Vita
2937 983 3077 1053 apud
3097 984 3490 1051 Mombrilium,

1923 1069 2312 1124 Thessalonica
2359 1069 2515 1124 duxit
2543 1071 2808 1142 originem
2836 1089 2849 1125 :
2879 1071 3006 1128 inde
3040 1073 3094 1126 in
3129 1075 3336 1130 Italiam
3360 1091 3490 1146 pro-

1923 1161 2100 1216 fectus
2146 1162 2374 1216 adhaesit
2425 1163 2680 1218 Amantio
2729 1164 2982 1222 Comensi
3008 1167 3288 1238 episcopo,
3324 1184 3352 1223 a
3383 1184 3492 1239 quo

1923 1263 2147 1322 propter
2173 1253 2400 1308 eximias
2428 1255 2662 1310 virtutes
2689 1257 2977 1312 ordinatus
3004 1267 3108 1316 est.
3136 1261 3490 1328 praepositus-

1923 1361 2029 1415 que
2063 1345 2318 1402 Comensi
2359 1346 2636 1412 Ecclesiae,
2670 1362 2835 1416 quam
2869 1348 3048 1403 noluit
3067 1347 3351 1404 Amantius
3379 1367 3496 1406 mo-

1923 1437 2071 1492 rieus
2091 1437 2310 1492 viduam
2335 1437 2666 1506 relinquere.
2999 1446 3024 1459 '

1994 1526 2061 1582 II.
2107 1526 2188 1581 Ad
2229 1527 2380 1581 illum
2415 1525 2887 1598 Constantinopoli
2910 1530 3173 1599 positum,
3198 1545 3322 1585 cum
3351 1531 3496 1603 lega-

1925 1620 2072 1673 tione
2095 1618 2267 1673 saacti
2291 1617 2491 1672 Leonis
2510 1616 2854 1688 fungeretur,
2878 1620 3166 1690 epistolam
3187 1620 3330 1677 hanc
3349 1637 3494 1677 anno

1923 1711 2047 1774 450,
2107 1709 2264 1764 initio
2316 1709 2564 1763 autumni
2622 1709 2772 1766 misit
2823 1711 3202 1768 Theodorctus
3243 1728 3494 1768 emona-

1924 1802 2093 1857 sterio
2140 1815 2312 1872 prope
2349 1801 2665 1871 Apameam,
2695 1803 2751 1858 in
2785 1803 2932 1873 quod
2961 1811 3262 1859 secesserat
3288 1805 3495 1876 ejectus

1924 1895 2072 1951 sede.

1993 1989 2082 2042 III.
2141 1987 2316 2043 Causa
2367 1988 2646 2043 mittenda:
2692 1986 2984 2058 legationis
3030 1985 3132 2042 ista
3190 1987 3337 2043 fuit:
3369 2003 3493 2042 cum

1925 2087 2147 2134 sanctus
2186 2079 2297 2133 Leo
2347 2079 2641 2149 impetrare
2686 2093 2798 2133 non
2837 2078 3161 2148 potuisseta
3184 2077 3495 2133 Theodosio

1925 2169 2277 2239 imperatore,
2328 2178 2389 2224 ut
2438 2171 2493 2224 in
2545 2171 2699 2224 Italia
2740 2179 3029 2240 cogeretur
3075 2169 3334 2240 synodus,
3374 2187 3496 2240 qua:

1927 2259 2260 2314 latrocinalis
2290 2259 2573 2330 Ephesinae
2599 2260 2733 2314 Acta
2762 2259 3102 2326 emendaret,
3131 2262 3187 2316 in
3215 2262 3494 2318 Orientem

1927 2365 2049 2404 cum
2103 2351 2302 2406 litteris
2357 2350 2426 2405 ad
2484 2351 2856 2406 Theodosium
2905 2352 3105 2407 direxit
3160 2353 3307 2408 viros
3334 2353 3496 2424 382

1930 2442 2214 2512 utriusque
2235 2443 2436 2513 lingua:
2467 2442 2676 2511 peritos
2706 2452 2870 2513 atque
2903 2443 3204 2499 industrios
3233 2453 3494 2515 quatuor,

1928 2532 2217 2602 episcopos
2256 2549 2454 2602 nempe
2499 2531 2658 2597 duos,
2714 2533 3031 2588 Abundium
3080 2532 3406 2592 Comensem
3443 2545 3498 2590 rt

1930 2623 2206 2678 Asterium
2231 2625 2592 2690 Venusiuum,
2634 2625 2989 2697 presbyteros
3011 2625 3176 2680 etiam
3199 2627 3360 2693 duos,
3395 2628 3498 2682 Ba-

1931 2714 2112 2769 silium
2137 2725 2193 2771 et
2218 2715 2556 2770 Senatorem.
2582 2717 2787 2772 Direxit
2805 2732 2959 2783 vero,
2983 2726 3043 2772 ut
3063 2717 3299 2773 Anatolii
3339 2719 3498 2774 fidem

1930 2807 2266 2876 probarent;
2298 2818 2418 2863 erat
2436 2808 2583 2862 enim
2607 2809 2804 2863 merito
2832 2816 3104 2879 suspecta,
3136 2809 3404 2878 siquidem
3433 2827 3500 2864 ex

1931 2896 2289 2966 apocrisiario
2329 2897 2574 2952 Dioscori
2603 2896 3221 2968 Constantinopolitanae
3243 2897 3503 2955 Ecclesia:

1931 2984 2160 3039 antistes
2189 2993 2405 3040 creatus
2443 2985 2638 3040 fuerat.

2005 3075 2093 3130 IV.
2126 3075 2312 3145 Legati
2350 3077 2521 3130 Roma
2555 3077 2708 3131 missi
2763 3077 2852 3132 die
2898 3078 2964 3133 I6
3001 3078 3131 3133 Julii
3171 3081 3504 3150 appulerunt

1932 3161 2458 3232 Constantinopolim
2476 3163 2720 3218 nondum
2739 3164 2995 3220 defuncto
3014 3166 3323 3225 Theodosio
3339 3190 3351 3226 :
3366 3172 3504 3226 obiit

1932 3251 2080 3306 enim
2109 3251 2197 3306 die
2243 3253 2312 3307 29
2371 3255 2616 3323 ejusdem
2666 3256 2870 3311 mensis
2902 3274 2914 3310 :
2941 3258 3196 3328 nactique
3245 3260 3503 3316 Marciani

1935 3343 2284 3414 imperatoris
2312 3353 2367 3400 et
2394 3346 2696 3401 Pulcheriae
2727 3347 2981 3418 Augustae
3027 3349 3213 3405 faciles
3268 3353 3499 3415 animos.

1933 3453 2040 3492 non
2067 3453 2263 3508 magno
2286 3438 2507 3510 negotio
2538 3439 2900 3495 obtinuerunt
2948 3449 3009 3494 ut
3052 3443 3338 3498 Anatolius
3383 3447 3504 3516 epi-

1933 3528 2128 3584 stolam
2175 3529 2377 3584 Leonis
2430 3529 2500 3584 ad
2538 3530 2855 3585 Flavianum
2905 3533 3196 3602 reciperet,
3232 3543 3288 3589 et
3317 3545 3506 3591 coacta

1933 3620 2140 3692 synodo
2182 3621 2510 3694 ὲνδημούσῃ,
2551 3621 2620 3676 ab
2648 3623 2770 3678 aliis
2817 3632 2929 3678 tum
2979 3624 3252 3695 episcopis
3306 3627 3363 3682 in
3412 3643 3508 3684 co-

1934 3710 2128 3766 mitatu
2174 3709 2586 3776 exsistentibus,
2631 3720 2748 3766 tum
2816 3712 3264 3768 archimandritis
3290 3723 3347 3769 et
3381 3731 3505 3786 pre-

1934 3798 2169 3871 sbyteris
2192 3800 2346 3857 urbis
2371 3802 2535 3872 regite
2558 3802 2930 3872 recipiendam
2957 3813 3196 3859 curaret.

2003 3887 2066 3944 V.
2105 3887 2248 3956 Quin
2277 3889 2505 3960 epistola
2543 3890 2660 3945 haec
2684 3891 2918 3962 genuina
2948 3892 3038 3956 sit,
3071 3907 3232 3948 nemo
3263 3895 3505 3964 pruden-

1938 3987 2022 4034 ter
2063 3980 2322 4036 dubitet:
2366 3991 2632 4036 consonat
2669 3982 2816 4037 enim
2862 3997 2987 4036 cum
3037 3983 3263 4038 historia
3299 3994 3508 4056 tempo-

1934 4086 2078 4136 rum,
2129 4071 2332 4126 litteris
2381 4072 2556 4126 sancti
2597 4071 2817 4136 Leonis,
2843 4079 2899 4126 et
2924 4072 3155 4140 epistola
3191 4072 3290 4128 IO7
3321 4074 3503 4130 Theo-
3579 4148 3582 4149 ν

1934 4161 2132 4227 doreti,
2185 4165 2201 4183 '
2252 4178 2416 4232 quam
2475 4162 2562 4217 vel
2608 4161 2675 4215 ad
2721 4163 3028 4216 Romanum
3059 4164 3403 4230 clerum,‘vel
3433 4170 3500 4224 ad

1933 4250 2336 4308 Occidentalem
2367 4252 2551 4322 potius
2580 4251 2845 4324 synodum
2865 4252 3121 4322 scriptam
3140 4254 3307 4310 fuisse
3323 4267 3507 4313 osten-

1936 4340 2128 4398 demus
2156 4342 2211 4398 in
2242 4344 2382 4398 loco.

262 4427 432 4481 habet
479 4427 809 4481 silentium:
846 4424 1054 4480 nudata
1086 4423 1232 4479 enim
1259 4423 1408 4478 illius
1439 4423 1579 4477 facta
1611 4423 1832 4493 alligant
1865 4443 1908 4498 ι)
2008 4433 2093 4488 v1,
2148 4433 2526 4489 Τιιεοάοτειυε
2573 4434 2678 4489 sibi
2735 4434 2866 4491 fecit,
2919 4451 3139 4494 causam
3190 4440 3500 4502 scribendi,

261 4517 528 4587 linguam,
587 4515 885 4570 obstruunt
909 4530 993 4579 os,
1035 4513 1253 4568 frenant
1278 4528 1520 4576 sensum,
1561 4512 1718 4567 silere
1752 4511 1836 4566 fa-

258 4609 436 4671 ciunt,
474 4609 528 4662 in
557 4616 760 4662 terram
785 4607 1052 4663 inclinare
1075 4615 1296 4677 cogunt.
1325 4624 1342 4656 i
1371 4604 1644 4659 Alluditur
1663 4604 1833 4669 enim,

259 4706 378 4752 tum
435 4697 502 4750 ad
554 4697 981 4752 denudationem
1035 4695 1432 4767 Megapenthis,
1482 4709 1591 4764 quo
1619 4703 1838 4766 pateant

258 4788 440 4859 ipsius
492 4786 627 4842 facta
657 4805 671 4853 ;
722 4796 838 4843 tum
877 4788 944 4843 ad
973 4787 1218 4858 ejusdem
1245 4786 1544 4851 silentium,
1572 4802 1680 4857 prie
1708 4802 1840 4840 eon-

257 4879 511 4934 seientiae
532 4879 869 4944 testimonio,
895 4888 951 4933 et
980 4879 1225 4950 dejectos
1243 4877 1314 4932 ob
1343 4877 1600 4932 ruborem
1641 4879 1696 4932 iu
1731 4885 1839 4932 ter-

257 4987 374 5025 ram
403 4971 610 5035 oculos,
633 4981 738 5026 etc.

332 5066 457 5120 Ilaec
481 5082 612 5120 vero
647 5066 833 5129 verba,
894 5087 910 5117 ι
939 5065 1170 5121 Immisit
1203 5064 1390 5118 fimum
1427 5064 1482 5117 in
1511 5079 1573 5118 os
1603 5065 1739 5134 ejus,
1775 5073 1832 5118 et

253 5155 477 5212 frenum
507 5158 562 5212 in
583 5157 744 5212 labiis
770 5159 910 5226 ejus,
950 5166 1004 5210 et
1027 5156 1298 5212 convertit
1331 5170 1458 5209 eum
1506 5155 1562 5209 in
1603 5164 1830 5220 terram,

253 5247 329 5302 de
364 5264 470 5317 qua
493 5257 744 5318 sumptus
766 5258 871 5312 est,
900 5268 916 5299 ι
954 5247 1208 5302 alludunt
1234 5247 1301 5302 ad
1329 5247 1382 5301 id
1409 5246 1555 5317 quod
1579 5255 1662 5301 est
1690 5246 1832 5316 apud

254 5339 455 5394 Isaiam
480 5355 601 5410 cap.
641 5356 837 5399 xxxvii,
867 5339 936 5394 ἓξ)
970 5357 982 5391 :
1033 5338 1285 5405 Ἐμϐαλῶ
1310 5338 1472 5407 φιμὸν
1493 5338 1571 5399 εἰς
1597 5337 1687 5390 τὸν
1715 5338 1837 5407 ρῖνὰ

255 5446 382 5496 σου,
440 5432 534 5486 καὶ
580 5432 794 5502 χαλινὸν
844 5433 920 5494 εἰς
946 5431 1014 5484 τὰ
1051 5431 1198 5500 χείλη
1233 5446 1348 5492 σου,
1386 5427 1480 5481 καὶ
1507 5429 1835 5498 ἀποστρέψω

256 5537 326 5576 σε
356 5526 422 5595 τῇ
452 5523 578 5596 ὁδῷ,
697 5521 858 5595 ἦλθες
885 5526 942 5576 ἐν
976 5525 1134 5593 αὐτῇ.
1169 5522 1460 5576 Immittam
1495 5518 1746 5574 circulum
1778 5521 1834 5573 in

1935 4522 2131 4592 partim
2183 4530 2243 4576 ut
2297 4523 2554 4579 Romanae
2601 4523 2748 4579 sedis
2790 4525 3026 4596 legatum
3078 4529 3392 4586 hortaretur
3435 4533 3503 4585 all

1936 4621 2160 4666 strenue
2209 4627 2324 4666 rem
2374 4613 2698 4670 catholicam
2739 4614 3032 4685 gerendam
3065 4616 3120 4672 in
3168 4617 3304 4673 urbe
3334 4619 3505 4691 regia,

1937 4700 2331 4770 sarciendaque
2387 4699 2512 4756 ﬁdei
2561 4701 2762 4758 damna
2813 4703 2870 4758 in
2911 4704 3203 4762 latrocinio
3228 4707 3506 4778 Ephesino

1938 4791 2086 4845 illata
2114 4807 2129 4856 ;
2173 4790 2369 4857 partim
2411 4798 2467 4845 ut
2501 4807 2613 4848 suae
2646 4792 2792 4858 fidei,
2822 4795 3234 4866 amicorumque
3269 4798 3504 4854 duorum

1942 4880 2050 4936 Ibaa
2095 4889 2152 4936 et
2203 4881 2463 4951 Aquilini,
2523 4884 2895 4941 testimonium
2939 4887 3312 4944 firmissimum
3378 4905 3508 4945 san-

1943 4971 2357 5042 ctissimumque
2401 4974 2713 5043 apostolicae
2764 4976 3052 5046 legationis
3073 4979 3309 5049 principi
3330 4979 3507 5036 daret.

1939 5063 2065 5118 Suis
2112 5065 2259 5119 enim
2311 5064 2510 5120 litteris
2540 5066 2825 5137 epistolam
2862 5069 3065 5125 Leonis
3092 5070 3159 5124 ad
3192 5071 3507 5128 Flavianum

1938 5168 2035 5209 sua
2051 5155 2458 5226 amicorumque
2473 5157 2875 5228 subscriptione
2903 5160 3185 5230 probatam
3208 5159 3479 5231 subjunxi:
3494 5202 3508 5216 .

2008 5245 2119 5301 VII.
2153 5246 2230 5300 De
2263 5245 2392 5301 sede
2431 5245 2630 5302 Asterii
2682 5246 2846 5302 silent
2895 5248 3193 5318 scriptores
3226 5269 3240 5302 :
3271 5263 3372 5320 ego
3406 5249 3509 5303 Ve-

1937 5337 2148 5393 nusinae
2172 5338 2429 5394 Ecclesiae
2451 5331 2728 5409 praafuisse
2761 5347 2912 5408 puto.
2939 5339 3125 5410 Neque
3152 5340 3298 5395 enim
3325 5358 3356 5395 a
3379 5357 3511 5396 vero

1936 5429 2174 5484 alienum
2215 5439 2317 5494 est,
2369 5431 2642 5486 Asterium
2692 5430 2844 5484 illum
2877 5431 3254 5485 admirabilem
3282 5432 3510 5486 Venusi-

1936 5537 2066 5576 num
2101 5523 2168 5586 η,
2200 5524 2291 5593 qui
2327 5539 2470 5578 anno
2491 5523 2594 5579 495
2624 5522 2872 5577 interfuit
2903 5523 3236 5578 dedicationi
3261 5523 3510 5582 ecclesia

1592 5652 1764 5708 SCIIl“
1779 5653 1910 5711 LZII
1950 5655 2174 5711 NOTAE.

325 5740 367 5772 ”
396 5742 522 5804 Vid.
567 5747 685 5802 Act.
719 5747 774 5802 S.
804 5747 1011 5802 Sabini.

550 5844 821 5902 PATROL.
856 5842 976 5903 Gn.
1018 5840 1355 5902 LXXXIV.

2976 5859 3038 5920 II
