3952 6294
451 315 550 383 331

1544 310 1918 370 GARNERII
1960 310 2454 371 DISSERTATIO
2508 310 2591 369 ῙΙ.

3617 308 3728 374 332

451 424 625 481 sancti
653 417 935 480 Michaelis
969 422 1025 477 in
1056 428 1240 475 monte
1264 417 1533 487 Gargano,
1579 414 1827 471 functum
1867 415 2036 470 fuisse
2066 423 2107 474 A
2139 415 2376 470 Verbum
2433 416 2505 471 sit
2560 412 2964 479 immutabilis;
3014 412 3189 477 alter,
3239 412 3384 482 quod
3436 413 3725 470 inconfnsa

452 517 725 588 legatione
754 515 931 572 sancti
961 512 1163 568 Leonis
1204 524 1352 564 anno
1383 507 1509 573 450,
1560 523 1685 562 cum
1728 515 1874 563 esset
1910 506 2031 577 cpi-

453 621 654 676 sc0pus
676 606 787 675 jam
818 602 946 658 inde
966 617 999 656 α
1023 607 1262 669 quatuor
1290 605 1387 653 aut
1411 597 1655 667 quinque
1679 598 1858 652 anuis.
1897 597 2033 652 Inde

453 696 600 749 enim
630 695 686 750 id
715 709 884 748 unum
917 706 1262 763 consequens
1291 688 1421 755 erit,
1454 697 1515 743 ut
1560 689 1766 744 obiisse
1815 689 2034 744 dicatur

453 784 859 856 octogenarius,
894 793 988 839 aut
1019 782 1182 852 paulo
1205 781 1401 852 major,
1435 780 1830 850 praefuisseque
1859 795 2034 835 annos

454 878 524 932 t5
568 876 824 931 circiter:
872 874 1020 944 quod
1071 889 1252 944 neque
1296 873 1560 938 insolens,
1590 889 1769 943 neque
1798 873 2034 928 incredi-

455 969 583 1024 bile.

524 1059 661 1115 Vlll.
691 1059 880 1129 Neque
903 1074 1037 1114 vero
1057 1058 1260 1124 obstat,
1294 1057 1443 1128 quod
1473 1057 1734 1121 Joannes,
1772 1057 1829 1112 in
1876 1058 2036 1128 cujus

454 1152 639 1206 sedem
680 1151 927 1215 Asterius
972 1149 1306 1205 successisse
1355 1150 1552 1212 fertur,
1584 1147 1785 1203 vixisse
1822 1148 2038 1202 dicatur

454 1242 556 1297 sub
604 1241 786 1297 Leone
833 1240 876 1305 l,
926 1255 1073 1295 anno
1119 1240 1250 1305 445,
1293 1240 1575 1309 multaque
1598 1255 1697 1310 per
1734 1239 1789 1294 id
1820 1247 2038 1309 tempus

453 1332 709 1402 praeclare
761 1333 959 1402 egisse,
1000 1338 1064 1386 ut
1108 1330 1257 1401 quod
1302 1330 1486 1385 Attila:
1539 1329 1838 1385 Venusiam
1863 1343 2039 1399 oppu—

453 1424 642 1495 gnanti
670 1423 976 1479 occurrerit
1009 1437 1136 1477 cum
1170 1423 1321 1477 clero
1347 1430 1403 1477 et
1440 1436 1629 1486 cruce,
1660 1421 2038 1491 impetumque

455 1514 676 1570 barbari
727 1513 1056 1585 represserit
1075 1553 1092 1579 ,
1138 1512 1215 1568 ita
1268 1520 1330 1568 ut
1376 1512 1700 1568 barbaricus
1741 1511 2039 1577 exercitus,

454 1606 571 1662 visa
595 1605 665 1662 de
688 1606 831 1662 creto
852 1605 1100 1676 Deiparat
1123 1604 1382 1676 imagine,
1410 1619 1470 1660 re
1488 1593 1704 1659 infecta
1725 1602 2035 1660 recesserit.

455 1698 591 1751 Nam
626 1706 992 1767 praeterquam
1033 1696 1182 1767 quod
1210 1696 1381 1753 Attila
1416 1695 1718 1752 Venusiam
1757 1711 2037 1767 nunquam

456 1787 767 1851 recesserit,
791 1801 1022 1857 quaeque
1046 1795 1342 1841 narrantur
1375 1785 1444 1841 de
1466 1786 1676 1842 Joanne
1707 1786 1812 1855 ipsi
1837 1802 2033 1843 occur-

457 1888 632 1938 rente.
686 1895 796 1933 non
850 1877 1146 1933 admodum
1171 1885 1426 1932 constant
1451 1895 1464 1930 :
1492 1877 1672 1947 potuit
1702 1885 1850 1932 certe
1876 1878 2034 1935 Aste-

458 1968 572 2021 rius
617 1967 846 2023 Joannis
891 1967 950 2021 in
992 1966 1175 2022 locum
1201 1965 1523 2030 succedere,
1556 1981 1623 2021 eo
1655 1967 1918 2037 temporis
1944 1967 2034 2021 in-

458 2058 704 2121 tervallo,
750 2057 899 2127 quod
944 2057 1014 2112 ab
1062 2070 1208 2111 anno
1253 2056 1357 2112 443
1385 2055 1451 2109 ad
1483 2054 1587 2111 450
1608 2054 1836 2120 ellluxit,
1873 2063 1934 2110 ut
1967 2071 2036 2111 ex

455 2148 618 2204 dictis
645 2158 895 2219 apertum
936 2157 1040 2204 est.

526 2239 617 2294 IX.
653 2240 825 2311 Digna
849 2248 977 2294 sunt
997 2255 1121 2309 quae
1142 2239 1502 2294 observentur
1524 2237 1644 2293 ista.
1666 2238 1717 2291 l.
1735 2238 1897 2294 Novae
1920 2239 2031 2293 lute-

457 2332 596 2386 resis
628 2331 851 2386 nomine
898 2330 1060 2401 383
1113 2345 1144 2385 a
1198 2329 1547 2383 Theodoreto
1602 2345 1724 2384 eam
1778 2329 2029 2400 intelligi,

454 2439 618 2493 quam
670 2422 875 2494 Cyrillo
922 2424 1146 2492 quidem
1170 2420 1460 2492 aﬂingebat
1485 2461 1500 2487 ,
1548 2422 1728 2491 reipsa
1760 2438 1890 2477 vero
1918 2423 2032 2477 Eu-

454 2515 648 2586 tyches
679 2513 955 2569 tuebatur.
986 2514 1040 2566 2.
1062 2513 1340 2578 Quantum
1369 2513 1640 2567 tribueret
1663 2513 1862 2567 litteris
1885 2529 2034 2568 sum-

450 2619 691 2660 morum.
718 2603 1040 2673 pontiﬁcum
1076 2603 1130 2658 in
1168 2618 1330 2658 causa
1376 2603 1503 2657 fidei
1537 2620 1550 2656 :
1601 2603 1834 2672 loquens
1881 2605 2031 2659 enim

451 2697 520 2751 de
548 2695 783 2766 epistola
816 2695 991 2749 sancti
1024 2694 1225 2749 Leonis
1254 2694 1320 2748 ad
1353 2695 1671 2748 Flavianum
1698 2694 1815 2750 hac
1842 2696 2026 2751 habet:

458 2805 476 2835 ι
502 2784 604 2839 Cui
637 2783 802 2839 etiam
858 2783 1181 2853 subscripsi,
1227 2793 1283 2837 et
1330 2798 1395 2836 ex
1436 2784 1541 2839 hoc
1584 2784 1834 2853 probavi,
1880 2786 2031 2855 quod

449 2876 665 2947 regulas
685 2875 1030 2944 apostolicos,
1056 2875 1161 2929 hoc
1182 2883 1267 2928 est
1295 2889 1424 2928 vera
1453 2873 1727 2944 dogmata,
1753 2890 1977 2945 sequor.
2000 2894 2019 2927 ι

447 2965 500 3018 '5.
535 2964 706 3031 Quam
731 2963 946 3017 sincere
969 2962 1236 3017 fateretur
1263 2961 1391 3016 ﬁdei
1429 2962 1741 3016 columnam
1784 2964 1861 3018 ita
1905 2979 2027 3020 esse

2137 506 2300 572 unio;
2331 507 2546 570 tertius,
2572 504 2721 575 quod
2746 504 2893 559 Deus
2927 503 3272 573 impatibilis.
3298 504 3530 560 Accedit
3553 521 3727 575 quat-

2138 607 2246 662 tus,
2288 599 2346 652 in
2383 613 2495 667 quo
2520 596 2847 669 syllogismis
2871 596 2987 651 hzec
3019 596 3209 650 eadem
3234 604 3519 666 urgentur.
3556 617 3576 649 ι

2120 684 2125 689 ’
2209 690 2301 744 Ill.
2341 690 2590 745 Meminit
2628 690 2793 743 etiam
2822 687 3168 756 Nicephorus
3194 687 3291 740 lib.
3326 703 3446 752 11v,
3478 702 3600 758 cap.
3631 689 3726 755 54,

2137 780 2236 835 ubi
2285 788 2578 850 postquam
2630 777 2911 834 recensuit
2958 778 3114 847 plura
3158 777 3490 832 Theodoreti
3530 795 3723 849 opera,

2137 873 2504 928 enumerandi
2531 871 2697 926 ﬁnem
2723 870 2854 925 facit
2889 870 2976 924 his
3007 869 3233 924 verbis:
3276 888 3295 919 ‹
3330 869 3477 923 Libri
3509 880 3623 925 tres
3654 871 3723 927 de

2137 964 2346 1020 divinis
2373 963 2720 1034 dogmatibus
2746 963 2801 1017 in
2825 962 3040 1031 dialogo
3075 962 3393 1031 conscripti.
3427 961 3554 1031 Legi
3581 978 3724 1032 prae-

2138 1064 2288 1111 terea
2312 1071 2478 1126 supra
2527 1056 2857 1126 quingentas
2895 1055 3017 1124 ejus
3055 1055 3340 1123 epistolas,
3369 1054 3560 1110 Gratco
3599 1069 3722 1109 ser-

2136 1159 2298 1199 mone
2321 1143 2526 1213 optime
2552 1144 2883 1213 compositas
2903 1144 2967 1195 ³¹.
3006 1160 3025 1194 ι

2210 1236 2299 1290 IV.
2328 1234 2576 1290 Meminit
2601 1234 2982 1291 Theodoretus
3012 1233 3232 1290 duobus
3255 1234 3311 1288 in
3335 1234 3492 1300 locis,
3522 1250 3723 1306 nempe

2137 1327 2371 1398 epistola
2416 1327 2482 1381 l6
2524 1326 2591 1381 ad
2626 1326 2893 1384 Irenaeum
2918 1366 2935 1391 ,
2971 1326 3066 1380 ubi
3110 1327 3378 1381 rationem
3416 1327 3596 1392 aﬂ‘ert,
3622 1344 3724 1383 cur

2138 1419 2285 1475 inter
2327 1417 2712 1489 subjungenda
2754 1417 2990 1488 singulis
3018 1417 3267 1488 dialogis
3307 1417 3530 1473 Patrum
3563 1421 3722 1475 testi~

2138 1507 2347 1574 monia,
2392 1523 2573 1579 neque
2609 1508 2836 1563 Diodori
2876 1508 3186 1575 Tarsensis,
3220 1525 3401 1581 neque
3443 1509 3722 1567 Theodori

2138 1599 2511 1670 Hopsuesteni
2550 1600 2888 1655 mentionem
2940 1600 3205 1668 fecisset;
3260 1612 3317 1659 et
3367 1604 3601 1673 epistola
3652 1603 3725 1658 85

2140 1690 2210 1745 ad
2234 1690 2558 1747 Dioscorum
2608 1691 2954 1748 Alexandria:
3005 1692 3328 1759 antistitem,
3381 1709 3505 1749 cum
3562 1711 3722 1751 suam

2138 1782 2307 1838 vellet
2355 1783 2765 1839 observantiam
2824 1799 2953 1855 erga
3013 1784 3382 1855 Theophilum
3444 1796 3501 1842 et
3537 1787 3719 1859 (ιδ-τηρ

2135 1873 2287 1939 lum,
2324 1874 2580 1929 ,Dioscori
2634 1890 3017 1946 praecessores,
3076 1878 3288 1942 testari,
3338 1878 3455 1935 haec
3505 1879 3715 1937 habet:

2137 1966 2262 2019 Ὀτι
2290 1964 2348 2018 δὲ
2379 1967 2472 2021 καὶ
2502 1969 2616 2031 τοῖς
2660 1967 2768 2021 τῶν
2820 1968 3108 2040 μακαρίων
3160 1969 3421 2040 Θεοφίλου
3476 1973 3570 2024 καὶ
3601 1974 3717 2024 Κυ-

2137 2056 2318 2127 ριλλου
2370 2058 2770 2128 συγγράμμασι
2824 2060 3174 2130 κεχρημένοι,
3226 2061 3353 2124 τοὺς
3412 2061 3718 2130 ἀντιλέγειν

2131 2144 2445 2216 τολμῶντας
2467 2145 2887 2217 ὲπιστομίζομεν
2906 2148 2970 2215 ³⁸,
2988 2148 3126 2202 αὐτὰ
3147 2152 3415 2220 μαρτυρεί
3439 2150 3506 2203 τὰ
3530 2150 3715 2221 γράμ-

2136 2249 2283 2301 ματα
2302 2247 2315 2260 °
2346 2234 2472 2296 τοὺς
2489 2234 2598 2302 γὰρ
2626 2236 2726 2306 τῆς
2745 2237 3079 2306 Δεσποτικῆς
3112 2238 3313 2309 σαρκὸς
3341 2242 3435 2293 καὶ
3463 2241 3559 2310 τῆς
3593 2242 3715 2294 θεό-

2130 2339 2293 2394 τητος
2330 2324 2427 2393 τὴν
2453 2324 2716 2397 διαφορὰν
2746 2328 3136 2398 ἀρνουμένους,
3183 2330 3276 2383 καὶ
3319 2332 3449 2384 ποτὲ
3480 2333 3579 2402 μὲν
3613 2335 3717 2404 τὴν

2132 2414 2281 2468 θείαν
2312 2416 2473 2485 φύσιν
2499 2419 2578 2480 εὶς
2610 2417 2789 2489 σάρκα
2827 2419 3127 2490 τετράφθαι
3175 2421 3448 2490 λέγοντας,
3499 2425 3628 2478 ποτὲ
3650 2427 3713 2478 δὲ

2130 2507 2231 2578 τὴν
2264 2509 2444 2580 σάρκα
2472 2511 2554 2572 εἰς
2590 2509 2848 2580 θεότητος
2893 2513 3330 2585 μεταϐεϐλῆσθαι
3373 2515 3555 2584 φύσιν,
3597 2520 3712 2580 τοῖς

2132 2598 2235 2653 τῶν
2293 2598 2609 2670 θαυμασίων
2673 2601 2877 2655 τούτων
2924 2604 3132 2674 ἀνδρῶν
3188 2607 3502 2676 φαρμάκοις
3548 2607 3712 2679 θερα-

2130 2687 2315 2741 πεύειν
2345 2687 2755 2759 σπουδάζομεν
2819 2690 3005 2759 σαφῶς
3050 2691 3158 2763 γὰρ
3213 2696 3305 2747 καὶ
3349 2696 3458 2748 τῶν
3488 2696 3583 2750 δύο
3609 2698 3712 2767 φύ-

2130 2792 2268 2830 σεων
2332 2779 2480 2847 ἡμᾶς
2538 2779 2636 2848 τὴν
2697 2779 2960 2851 διαφορὰν
3027 2781 3441 2848 ἐκπαιδεύουσι,
3499 2786 3595 2838 καὶ
3646 2788 3713 2841 τὸ

2126 2866 2395 2938 ἄτρεπτον
2441 2868 2540 2939 τῆς
2594 2869 2742 2933 θείας
2792 2870 3125 2942 κηρύττουσι
3170 2872 3420 2941 φύσεως,
3466 2877 3560 2929 καὶ
3606 2878 3711 2949 τὴν

2124 2962 2461 3033 Δεσποτικὴν
2486 2964 2665 3034 σάρκα
2686 2964 2838 3019 θείαν
2861 2968 2958 3036 μὲν
2980 2968 3349 3022 ἀποκαλοῦσιν
3363 2972 3438 3034 ὡς
3458 2972 3549 3025 τοῦ
3568 2972 3708 3027 Θεοῦ

446 3056 592 3126 apud
633 3053 1028 3119 Occidentales,
1091 3060 1199 3108 «ut
1242 3069 1312 3108 ex
1362 3052 1430 3106 iis
1496 3052 1662 3107 etiam
1718 3053 2025 3109 Orientales

2130 3053 2303 3120 Λόγου
2337 3052 2517 3122 σάρκα
2543 3055 2939 3125 γεγενημένην,
2971 3057 3032 3109 τὸ
3060 3057 3116 3111 δὲ
3145 3059 3224 3122 εἰς
3255 3058 3508 3131 θεότητος
3534 3064 3708 3132 αὐτὴν

447 3154 805 3202 sacrosancta:
824 3145 1083 3200 Ecclesiae
1105 3159 1294 3199 veram
1316 3144 1629 3199 custodiant
1644 3145 2016 3217 religionem.»

1045 3272 1271 3330 CAPUT
1317 3274 1407 3330 VI.

513 3384 765 3439 Recensio
787 3381 1015 3454 Operum
1036 3423 1050 3447 ,
1077 3400 1200 3464 quia.
1227 3392 1365 3464 torno
1417 3385 1494 3440 IV
1524 3387 1651 3440 edit.
1685 3385 1954 3444 Sirmondi

1060 3461 1413 3509 continentur.

518 3573 724 3629 Tomus
760 3580 995 3643 quartus
1032 3571 1415 3641 complectitur
1441 3572 1712 3629 Eranista:
1737 3589 1831 3629 seu
1856 3575 2022 3647 Poly-

451 3665 654 3736 morphi
691 3664 862 3718 libros
905 3672 1160 3732 quatuor,
1188 3661 1571 3719 ercticarum
1614 3665 1918 3736 fabularum
1954 3667 2022 3720 li-

450 3759 576 3811 bros
600 3755 841 3826 quinque
867 3795 881 3818 ,
911 3753 987 3825 De
1014 3753 1349 3810 Providentia
1377 3772 1670 3812 sermones
1694 3758 1883 3813 decem
1908 3799 1922 3822 ,
1946 3758 2022 3812 De

449 3850 765 3906 ercanicis
811 3848 1163 3920 aﬂ'ectionibus
1214 3850 1461 3904 curandis
1498 3851 1667 3905 libros
1706 3850 2018 3916 duodecim,

449 3950 506 3995 et
532 3939 926 4011 Appendicem.
973 4013 984 4022 .

756 4049 785 4119 ἓ
808 4048 849 4104 ἰ.
882 4047 1158 4103 Eranistes
1182 4066 1273 4104 seu
1305 4050 1710 4121 Polpmorplius.

515 4163 557 4217 Ι.
584 4162 856 4218 Eranistes
888 4180 985 4219 seu
1014 4164 1393 4236 Polymarpttus
1433 4162 1588 4215 libris
1616 4169 1854 4231 quatuor
1886 4178 2020 4218 eon-

447 4251 674 4316 tiuetur,
704 4267 943 4322 quorum
984 4263 1100 4308 tres
1147 4254 1363 4323 priores
1400 4250 1601 4320 dialogi
1643 4250 1876 4306 formam
1918 4252 2021 4309 ha-

442 4343 596 4397 bent.
620 4342 863 4410 Quartus
889 4345 1214 4399 inscribitur
1240 4343 1650 4397 Demonstratio
1696 4357 1798 4413 per
1850 4346 2019 4416 syllo-

2131 3143 2568 3213 μεταϐεϐλῆσθαι
2601 3145 2783 3214 φύσιν,
2808 3147 2886 3209 ὡς
2914 3148 3108 3212 ἀσεϐὲς
3138 3151 3610 3221 ἁποκηρύττουσιν
3637 3156 3705 3209 ³³.

2125 3233 2278 3299 Quod
2298 3251 2419 3288 vero
2447 3234 2723 3291 beatorum
2745 3254 2948 3309 quoque
2974 3239 3238 3310 Theophili
3274 3250 3323 3293 et
3359 3241 3546 3313 Cyrilli
3569 3248 3706 3299 scri-

2124 3328 2228 3396 ptis
2269 3337 2506 3392 utamur,
2547 3329 2616 3382 ad
2667 3330 3020 3383 retundendos
3066 3331 3299 3387 homines
3349 3337 3706 3391 contradicere

2125 3432 2281 3471 ausos
2303 3457 2317 3482 ,
2351 3417 2471 3470 libri
2509 3419 2609 3488 ipsi
2655 3427 2937 3473 testantur.
2970 3420 3076 3474 Eos
3118 3422 3257 3475 enim
3299 3425 3389 3492 qui
3413 3423 3707 3481 Dominicis

2122 3510 2300 3562 carnis
2342 3527 2405 3562 ac
2443 3509 2653 3563 deitutis
2691 3511 3046 3580 differentiam
3082 3528 3297 3582 negant,
3329 3523 3380 3567 et
3408 3532 3552 3570 nunc
3590 3522 3706 3589 qui~

2122 3599 2239 3652 dem
2272 3599 2505 3653 divinam
2540 3608 2793 3654 naturam
2824 3603 2881 3655 in
2919 3618 3133 3655 carnem
3162 3605 3318 3657 aiunt
3345 3622 3455 3659 esse
3481 3625 3702 3663 conuer-

2119 3707 2256 3754 sam,
2289 3707 2427 3743 nunc
2447 3707 2566 3745 vero
2595 3708 2811 3746 carnem
2840 3694 2896 3746 in
2923 3693 3214 3748 divinitatis
3247 3706 3501 3752 naturam
3518 3711 3700 3756 trans-

2119 3783 2272 3847 iisse,
2335 3785 2772 3838 admirandorum
2800 3785 3024 3838 Patrum
3051 3786 3274 3840 istorum
3310 3790 3701 3848 medicamentis

2120 3890 2310 3927 curare
2347 3876 2586 3928 nitimur.
2616 3876 2811 3947 Aperte
2835 3878 3091 3948 siquidem
3129 3890 3177 3934 et
3211 3882 3439 3937 duarum
3469 3893 3698 3941 natura-

2121 3983 2239 4019 rum
2267 3966 2547 4020 discrimen
2578 3986 2669 4023 nos
2699 3970 2901 4033 docent,
2933 3983 2982 4025 ct
3003 3975 3483 4030 inmutabilitatem
3508 3979 3700 4033 divina:

2119 4067 2330 4113 natura:
2365 4060 2686 4130 praedicant,
2733 4072 2785 4115 et
2824 4064 3151 4122 Dominicam
3196 4086 3411 4123 carnem
3463 4070 3697 4125 divinam

2120 4153 2327 4222 quidem
2359 4163 2567 4218 uocant,
2600 4165 2860 4227 tauquam
2895 4160 2992 4214 Dei
3024 4162 3176 4215 Verbi
3210 4179 3426 4217 carnem
3455 4164 3695 4234 factum:

2118 4243 2271 4298 illam
2295 4255 2474 4300 autem
2504 4248 2560 4301 in
2588 4249 2877 4305 divinitatis
2896 4269 3199 4307 conversam
3222 4254 3382 4323 fuisse
3418 4264 3692 4320 naturam,

2118 4333 2261 4388 velut
2287 4337 2509 4406 impium
2532 4340 2795 4409 rejiciunt.

441 4428 684 4529 gismos;
735 4448 857 4502 quas
893 4432 1056 4529 enim-
1092 4430 1148 4485 in
1170 4429 1405 4529 dialogis
1452 4429 1735 4529 fusius-et
1766 4435 2017 4529 oratorie
2049 4422 2092 4477 Ῑ)
2188 4445 2355 4519 384
2393 4444 2457 4503 V.
2498 4447 2581 4503 Ad
2620 4450 2762 4506 hanc
2802 4462 3093 4526 utramque
3125 4456 3453 4513 Theodoreti
3491 4459 3691 4529 episto-

441 4520 718 4591 disputata
756 4531 886 4578 sunt
933 4524 1003 4578 de
1043 4523 1490 4578 immutabilitate
1532 4523 1733 4589 Verbi,
1763 4526 2016 4583 inconfu-

441 4612 596 4667 sione
621 4621 965 4677 naturarum,
992 4620 1049 4668 et
1080 4614 1515 4685 impassibilitate
1546 4615 1745 4669 divina:
1777 4625 2009 4685 natum,

438 4717 504 4756 ea
530 4703 934 4760 contrahuntur
955 4706 1010 4759 in
1034 4705 1395 4776 syllogismos,
1417 4706 1578 4772 utlvis
1600 4715 1657 4761 et
1678 4710 1918 4778 apertior
1942 4713 2013 4767 sit

437 4800 493 4848 et
516 4782 804 4849 emcacior.

507 4884 573 4939 ll.
604 4884 850 4939 Meminit
880 4886 1109 4956 hujusce
1132 4886 1313 4956 operis
1333 4887 1563 4945 Pbotius
1584 4891 1776 4948 codice
1797 4892 1885 4960 46,
1911 4895 2007 4953 ubi

437 4990 561 5029 cum
593 4976 661 5031 de
684 4975 872 5047 viginti
899 4986 954 5030 ct
976 4984 1184 5045 septem
1212 4977 1370 5033 libris
1392 5019 1406 5044 ,
1442 4996 1582 5049 quos
1611 4998 1800 5040 omnes
1820 4985 2002 5042 Theo-

436 5066 630 5121 doreto
656 5066 870 5130 tribuit,
906 5066 1519 5136 sigillatimdixisset”,
1555 5074 1707 5129 addit
1729 5078 1910 5133 adhuc
1944 5079 2001 5134 in

434 5158 627 5212 eodem
652 5157 927 5211 volumine
953 5158 1073 5225 ipso
1101 5158 1205 5230 legi
1235 5167 1345 5216 tres
1365 5163 1610 5233 ejusdem
1641 5167 1811 5222 libros
1839 5185 2004 5240 supe-

434 5248 673 5302 rioribus
711 5246 967 5315 majores.
1007 5267 1026 5300 t
1065 5249 1307 5333 Titulum
1351 5255 1648 5323 praeferunt
1702 5259 2001 5330 Eranistes,

433 5353 537 5409 seu,
559 5337 944 5408 Polymorpbus
971 5356 991 5393 .·
1023 5339 1218 5397 horum
1249 5345 1458 5414 primus
1490 5347 1650 5403 docet
1676 5351 1823 5420 quod
1858 5353 2004 5409 Deus

2116 4534 2226 4588 lam
2254 4550 2435 4605 opera:
2466 4539 2704 4608 pretium
2740 4551 2825 4597 est
2859 4544 3149 4601 observare
3173 4564 3185 4600 :
3220 4547 3271 4600 l°
3291 4548 3446 4610 Eam,
3473 4564 3597 4619 qua:
3625 4549 3689 4603 ad

2117 4627 2385 4683 Irenaeum
2434 4629 2778 4699 inscribitur,
2822 4636 3083 4707 scriptam
3130 4653 3251 4693 esse
3284 4641 3330 4674 ³⁸
3379 4656 3525 4695 anno
3563 4642 3684 4706 449,

2118 4718 2224 4774 sub
2253 4718 2417 4775 ﬁnem
2445 4721 2670 4791 Aprilis,
2698 4739 2807 4793 quo
2835 4734 3080 4796 tempore
3114 4727 3461 4783 Antiochiam
3499 4744 3684 4798 perve-

2112 4818 2268 4863 nerat
2295 4807 2463 4865 Sacra
2491 4811 2785 4867 Theodosii
2816 4814 2881 4868 ad
2919 4816 3144 4871 alteram
3168 4818 3430 4889 synodum
3463 4819 3684 4888 Ephesi-

2111 4914 2240 4953 nam
2284 4902 2664 4971 metropolitas
2714 4907 3035 4973 evocantis,
3091 4909 3362 4978 siquidem
3420 4910 3683 4966 Constan-

2110 4992 2342 5061 tinopoli
2402 4993 2529 5050 data
2588 4995 2790 5066 legitur
2852 5014 2906 5052 ni
2960 4998 3188 5055 Calend.
3245 5004 3265 5023 θ
3331 5002 3505 5072 April.
3565 5012 3681 5072 post

2112 5084 2455 5139 consulatum
2482 5084 2718 5141 Zenonis
2746 5097 2801 5142 et
2838 5089 3238 5145 Posthumiani.
3264 5091 3319 5145 ρο
3349 5092 3429 5146 Ad
3462 5092 3681 5147 Diosco-

2117 5190 2239 5227 rnm
2262 5191 2291 5229 a
2321 5175 2673 5232 Theodoreto
2701 5180 2924 5234 missam
2966 5196 3085 5236 esse
3129 5183 3412 5252 epistolam
3436 5184 3501 5242 ³⁵.
3541 5198 3677 5239 anno

2112 5266 2217 5320 448
2270 5282 2381 5321 non
2435 5267 2726 5322 admodum
2787 5270 3016 5337 affecto,
3059 5280 3349 5344 antz-quam
3392 5274 3601 5330 scilicet
3646 5289 3677 5329 a

2110 5356 2371 5412 Dioscoro
2396 5360 2450 5412 in
2468 5360 2711 5416 Ecclesia
2725 5362 3089 5419 Alexandrina
3105 5367 3322 5436 publico
3336 5368 3676 5423 anathemate

1771 5504 2089 5563 SCHULZII
2119 5508 2351 5565 NOTAE.

502 5650 547 5683 ³⁸
570 5650 695 5707 Vid.
717 5665 902 5723 supra,
933 5669 988 5723 p.
1022 5654 1149 5709 258.
1225 5654 1267 5687 "
1294 5653 1418 5710 Vid.
1453 5656 1586 5711 ihid.

427 5718 669 5777 fuerunt.
746 5718 951 5779 “'Edit:
985 5724 1535 5809 priordmxﬁpuﬁzv.
1616 5727 1659 5761 "‘

1686 5659 1731 5690 ³¹
1761 5660 2014 5731 ὲπιστομ.

1686 5726 1783 5747 17·Δ
1842 5744 1854 5747 Α
1922 5746 1927 5747 ,

2119 5661 2380 5747 Ἥκω-ἱρε-
2404 5669 2775 5747 praeminebat
2801 5674 3002 5747 usitata
3037 5674 3227 5747 τούτῳ,
3263 5694 3387 5747 quae
3441 5676 3663 5735 delenda

1685 5726 1806 5785 Vid.
1837 5726 2022 5802 supra,
2046 5748 2101 5805 p.
2125 5726 2250 5791 51ιὶ
2328 5738 2372 5770 ³⁸
2404 5726 2525 5794 Vid.
2555 5755 2740 5813 supra,
2764 5757 2820 5816 p.
2846 5726 2970 5810 550,
3009 5726 3268 5801 schol.ﬂl.
