3952 6294
106 4279 120 4292 ,
221 4218 503 4288 quondam
548 4218 808 4288 episcopo
859 4235 872 4270 :

248 351 351 412 333

1411 347 1507 408 DE
1541 344 1795 407 LIBRIS
1826 344 2332 408 THEODORETI.

3392 354 3492 418 3231
3524 394 3530 401 -

245 463 672 532 percelleretur;
708 464 990 533 perculsus
1017 479 1148 518 vero
1170 473 1251 518 est
1285 479 1427 523 anno
1445 464 1822 532 priore,quam
1854 463 1897 518 Α
1995 462 2044 514 1.
2077 464 2296 524 Sanctio
2342 468 2491 536 prior
2529 468 2672 524 edita
2702 479 2784 524 cst
2811 483 2954 523 auirio
2987 471 3108 534 447,
3152 486 3276 525 nam
3308 471 3491 526 edicto

248 553 590 624 Ephesinum
637 556 985 612 latrocinium
1028 557 1221 616 coiret,
1263 567 1324 612 ut
1349 573 1414 611 ex
1453 557 1681 626 cpistola
1719 556 1822 610 115

241 645 539 715 colligitur.
571 646 627 699 5ο
655 645 988 701 Mentionem
1017 646 1136 701 fieri
1170 648 1436 702 Eranista:
1463 649 1613 701 velut
1635 649 1820 717 operis

243 736 573 805 pervulgati,
607 744 664 791 et
698 738 812 807 jam
849 737 967 792 noti
1007 737 1064 791 in
1089 735 1352 809 Egypto;
1385 739 1653 809 divulgari
1687 754 1818 793 vero

240 827 335 896 qui
363 828 565 897 potuit,
585 835 641 883 et
663 828 719 882 in
746 828 1021 899 regionem
1047 829 1184 884 adeo
1211 838 1472 884 remotam
1504 829 1815 899 pervenire,

241 918 347 972 nisi
381 927 510 973 ante
536 918 747 988 aliquot
788 935 982 985 annos,
1008 921 1147 976 duos
1172 928 1266 975 aut
1297 930 1427 985 tres,
1453 921 1817 990 compositum

239 1015 404 1076 atque
437 1006 646 1061 editum
670 1007 908 1062 fuisset?
936 1009 1067 1063 Inde
1087 1024 1218 1062 vero
1245 1009 1534 1074 concludo,
1565 1024 1674 1062 non
1712 1009 1815 1061 im-

238 1099 438 1154 merito
462 1099 641 1154 videri
668 1115 831 1169 posse
865 1101 1106 1170 cuipiam
1140 1103 1340 1154 mirum
1371 1102 1484 1155 sive
1524 1101 1813 1164 Gennadii,

236 1191 352 1246 sive
381 1191 616 1245 aliorum
657 1193 947 1263 judicium,
988 1193 1080 1263 qui
1107 1209 1245 1263 opus
1270 1209 1299 1246 a
1328 1193 1676 1247 Theodoreto
1701 1195 1818 1246 lau-

236 1285 450 1349 datum,
490 1301 616 1339 cum
663 1287 924 1341 Dioscoro
969 1287 1184 1342 litteras
1212 1284 1586 1341 excusatorias
1635 1284 1813 1347 daret,

235 1376 602 1431 crediderunt
650 1377 917 1433 adversus
967 1379 1263 1449 ipsummet
1314 1377 1636 1432 Dioscorum
1683 1377 1816 1431 scri-

236 1476 394 1537 ptum
427 1483 570 1522 esse.
598 1468 692 1523 Na:
709 1467 1094 1525 Theodoretus
1116 1469 1312 1525 fuisset
1329 1479 1425 1524 aut
1454 1470 1816 1540 impudentis-

233 1558 408 1613 simus
427 1559 732 1624 hominum,
765 1561 859 1630 qui
885 1561 1186 1616 secundum
1218 1577 1247 1614 a
1279 1561 1524 1616 Romano
1561 1561 1814 1616 Ecclesiae

233 1649 539 1704 antistitem
577 1659 929 1724 provocasset
955 1652 1022 1706 ad
1061 1652 1350 1723 legendum
1377 1667 1536 1723 opus,
1574 1667 1684 1722 quo
1707 1660 1814 1705 tra-

233 1738 532 1794 duceretur
575 1739 809 1796 ridicula
832 1740 995 1812 385
1030 1742 1134 1797 sub
1169 1757 1430 1812 persona;
1480 1751 1577 1797 aut
1621 1743 1811 1796 incon-

1922 561 2211 620 praetorum
2255 559 2535 625 proposito
2576 577 2592 607 ι
2643 559 2783 616 lecta
2823 570 2906 614 est
2937 560 2989 613 in
3035 562 3265 616 ecclesia
3297 577 3489 616 mona-

1920 643 2148 698 chorum
2179 645 2235 699 in
2262 645 2495 702 desertis
2519 649 2833 719 degentium
2862 652 2952 706 die
2988 651 3059 705 25
3085 654 3292 708 mensis
3316 653 3488 708 Phar-

1920 735 2116 799 muthi,
2144 735 2444 793 indictione
2470 741 2521 803 1,
2554 755 2696 795 anno
2728 743 3045 798 Diocletiani
3072 744 3208 810 (64;
3241 764 3260 796 ι
3291 745 3343 800 id
3383 756 3485 808 est.

1917 823 2006 878 die
2039 825 2253 882 decima
2294 837 2486 884 octava
2531 831 2734 901 Aprilis
2782 833 2908 888 anni
2950 833 3087 897 448,
3139 851 3264 890 cum
3314 837 3488 891 eremi

1917 914 2156 969 cultores
2212 918 2598 976 convenissent
2661 921 2728 975 ad
2795 923 3185 978 celebrandum
3245 924 3485 988 Pascha,

1917 1020 2151 1076 moxque
2193 1007 2461 1066 absolutis
2493 1009 2648 1067 festis
2680 1021 2804 1082 post
2841 1014 2966 1067 νέαν
2997 1016 3266 1088 κυριακὴν
3294 1018 3362 1072 ad
3389 1034 3486 1072 sua

1917 1109 1975 1148 se
2005 1096 2124 1149 loca
2156 1096 2356 1167 singuli
2391 1102 2665 1170 recepturi
2703 1101 2905 1158 forent.
2939 1104 3058 1162 Non
3091 1107 3270 1174 potuit
3302 1118 3486 1163 autem

1918 1185 1972 1238 in
2023 1186 2364 1244 Palaestinam
2423 1189 2929 1262 Constantinopoli,
2990 1204 3152 1265 atque
3213 1198 3378 1252 etiam
3426 1199 3480 1254 in

1913 1275 2131 1348 Egypti
2170 1279 2384 1335 deserta
2425 1282 2630 1338 deferri
2669 1286 2910 1350 sanctio,
2945 1285 3077 1355 quin
3112 1287 3321 1357 aliquot
3360 1304 3485 1343 ante

1917 1384 2133 1423 menses
2161 1369 2284 1424 data
2317 1371 2409 1435 sit,
2457 1381 2624 1441 atque
2668 1374 2809 1430 adeo
2855 1375 2956 1429 sub
2995 1375 3156 1430 finem
3189 1378 3316 1431 anni
3358 1379 3481 1442 447,

1915 1459 2196 1514 Decembri
2226 1476 2434 1527 mense,
2458 1471 2519 1517 ut
2547 1464 2764 1533 opinor,
2792 1476 2887 1520 aut
2902 1467 3066 1521 etiam
3082 1469 3410 1524 Novembri:
3436 1471 3483 1525 si

1913 1551 2061 1605 enim
2104 1553 2268 1608 citius
2297 1553 2493 1610 fuisset
2532 1555 2680 1620 data,
2722 1557 2992 1626 potuisset
3017 1559 3125 1630 legi
3165 1559 3222 1614 in
3251 1561 3483 1616 ecclesia

1914 1641 2307 1697 monachorum
2340 1645 2788 1701 convenientium
2827 1647 2895 1702 ad
2925 1648 3252 1704 celebranda
3277 1649 3482 1706 Christi

1913 1730 2050 1786 festa
2087 1732 2254 1805 386
2281 1735 2545 1790 natalitia.
2574 1735 2738 1792 Lecta
2773 1753 2938 1808 porro
2960 1746 3046 1801 est
3075 1741 3170 1812 νέᾳ
3196 1747 3432 1815 κυριακῇ
3467 1763 3478 1797 :

231 1830 598 1896 sumssimus,.
641 1834 735 1903 qui
779 1809 1013 1905 ριῇέδιῖθ
1051 1850 1109 1889 se
1165 1809 1422 1890 ἧοιυίεεει
1467 1835 1610 1904 apud
1657 1851 1805 1898 eum,
1841 1809 1883 1864 Β
1913 1837 2036 1875 nam
2067 1838 2212 1877 anno
2236 1825 2360 1890 448,
2388 1825 2594 1882 Pascha
2622 1828 2816 1883 incidit
2835 1829 2892 1883 in
2919 1829 3064 1885 diem
3091 1809 3156 1886 11
3180 1809 3484 1903 Aprilis,"et

230 1938 397 1992 quem
422 1922 538 1993 ipse
558 1935 873 1990 accusaret;
901 1933 996 1979 aut
1021 1926 1451 1990 amentissimus,
1483 1926 1576 1995 qui
1619 1926 1808 1979 amici-

233 2014 362 2067 tiam
386 2015 705 2084 cxpetiisset
729 2015 989 2080 hominis,
1022 2032 1183 2086 quem
1212 2016 1541 2072 ludificatur.

301 2105 391 2160 Vl.
437 2105 480 2161 A
521 2107 742 2162 nemine
781 2116 1029 2161 veterum
1069 2123 1207 2177 opus
1250 2109 1355 2162 hoc
1392 2108 1500 2162 ulla
1543 2109 1806 2178 peculiari

230 2194 395 2250 laude
423 2195 677 2259 afficitur,
711 2195 962 2264 quamvis
1001 2211 1031 2250 a
1075 2197 1403 2266 quibusdam
1451 2206 1804 2262 memoretur,

230 2287 384 2342 velut
439 2304 469 2341 a
509 2287 705 2342 Photio
746 2296 803 2342 et
845 2288 1189 2358 Nicephoro:
1227 2290 1372 2358 quod
1405 2290 1523 2344 sine
1561 2289 1808 2344 animad-

228 2379 488 2433 versione
520 2379 788 2448 praateriri
828 2395 934 2434 non
975 2363 1159 2444 debet,
1187 2381 1493 2450 praesertim
1519 2396 1642 2435 cum
1674 2397 1806 2451 pro-

227 2471 350 2525 fusa
402 2472 472 2526 sit
515 2471 759 2541 alioquin
808 2473 1097 2542 utriusque
1143 2475 1386 2528 auctoris
1427 2474 1481 2526 in
1531 2473 1806 2528 laudando

228 2561 584 2618 Theodoreto
624 2561 1018 2618 incontinentia
1051 2582 1064 2616 :
1100 2564 1302 2618 librum
1336 2566 1572 2634 appellat
1595 2574 1804 2620 tantum

229 2653 612 2723 Nicephorus,
645 2653 876 2708 Photius
905 2654 1054 2709 aliud
1090 2655 1225 2710 nihil
1254 2655 1460 2721 laudat,
1491 2672 1653 2726 quam
1685 2673 1806 2726 quae

228 2745 458 2814 reliquis
483 2745 742 2800 omnibus
768 2747 1029 2816 operibus
1066 2749 1342 2812 con-venit,
1384 2749 1653 2803 sermonis
1675 2764 1804 2818 per—

226 2836 576 2906 spicuitatem
602 2845 658 2891 et
680 2838 998 2907 puritatem.

296 2927 409 2982 V'll.
442 2927 564 2981 Non
592 2928 754 2982 modo
778 2945 887 2983 non
916 2929 1212 2985 laudarunt
1236 2941 1468 2996 veteres,
1501 2932 1596 2986 sed
1637 2932 1802 2986 etiam

228 3019 453 3073 nomine
495 3019 719 3074 hzeresis
769 3030 1083 3091 suspectum
1127 3023 1439 3077 habuerunt
1473 3041 1485 3075 :
1527 3039 1689 3093 quam
1732 3023 1803 3077 ob

227 3126 449 3167 causam
473 3110 517 3141 ⁸⁸
546 3109 780 3166 flammis
811 3113 1090 3168 addictum
1138 3124 1221 3170 est
1248 3115 1463 3184 gemina
1505 3114 1798 3169 Theodosii
1829 3138 1875 3200 ρ

227 3203 512 3257 sanetionc
540 3222 552 3256 :
583 3203 828 3273 priorem
859 3203 1032 3259 edixit
1051 3204 1348 3274 imperator
1378 3221 1521 3258 anno
1549 3205 1672 3262 447.
1697 3205 1800 3259 sub

228 3293 415 3358 finem,
451 3297 687 3350 habetur
713 3295 766 3350 in
801 3313 856 3350 ιιι
902 3307 1056 3366 parte
1101 3299 1317 3352 concilii
1367 3297 1650 3368 Ephesini,
1677 3312 1798 3366 cap.

226 3386 329 3450 47;
387 3387 686 3441 secundam
731 3387 882 3442 dedit
933 3404 1076 3442 anno
1126 3389 1250 3453 449,
1296 3404 1421 3442 cum
1466 3389 1800 3458 Ephesinum

226 3478 524 3533 concilium
556 3497 592 3534 ιι
623 3481 974 3550 approbaret.

299 3570 436 3624 Vlll.
479 3571 618 3626 Sunt
660 3571 777 3626 haec
811 3573 1012 3643 prioris
1039 3573 1206 3628 verba
1239 3592 1251 3628 :
1288 3593 1304 3625 ι
1353 3573 1622 3640 Quoniam
1671 3591 1802 3628 vero

225 3663 295 3716 ad
323 3663 442 3732 pias
461 3673 518 3718 et
542 3679 725 3719 sacras
753 3681 916 3720 aures
943 3674 1159 3721 nostras
1194 3667 1464 3736 pervenit,
1497 3683 1527 3721 a
1566 3668 1803 3721 nonnul-

226 3756 294 3810 lis
317 3755 600 3813 doctrinas
625 3760 888 3828 quasdam
925 3759 1270 3829 conscriptas
1310 3769 1366 3814 et
1403 3761 1580 3815 editas
1610 3760 1800 3824 fuisse,

223 3849 535 3920 ambiguas,
584 3859 641 3905 et
689 3865 800 3905 non
851 3852 1011 3920 plane
1055 3866 1119 3904 ac
1161 3858 1349 3920 aperte
1392 3851 1802 3907 consentientes

223 3957 351 3996 cum
391 3941 695 3997 orthodoxa
732 3941 837 3996 fide
880 3941 1126 4011 exposita
1169 3956 1198 3994 a
1242 3941 1448 4011 synodo
1489 3951 1802 3997 sanctorum

225 4033 450 4087 Patrum
479 4032 670 4087 Niczeaa
708 4041 764 4087 et
795 4031 995 4102 Ephesi
1032 4039 1503 4101 congregatarum,
1538 4041 1592 4086 et
1629 4048 1659 4086 a
1700 4032 1802 4102 piae

223 4125 509 4180 memoria:
575 4125 779 4197 Cyrillo
837 4139 1034 4194 magno
1087 4123 1578 4178 Alexandrinorum
1651 4123 1803 4176 urbis

918 4217 1271 4280 mandamus,
1318 4226 1379 4272 ut
1425 4215 1800 4286 hujuscemodi

222 4309 461 4378 scripta,
507 4309 622 4362 sive
655 4308 922 4370 antehac,
969 4308 1083 4362 sive
1135 4307 1242 4361 hoc
1287 4323 1504 4376 quoque
1554 4315 1800 4374 tempore

223 4399 530 4468 composita
563 4398 694 4462 sint,
729 4400 1144 4461 comburantur,
1171 4413 1232 4452 ac
1269 4396 1798 4466 prorsus'abolean-

1910 1913 2140 1981 proinde
2165 1915 2258 1968 νέα
2287 1917 2523 1988 κυριακὴ
2557 1920 2614 1973 in
2645 1920 2789 1976 diem
2819 1923 2887 1976 l8
2907 1923 3127 1994 Aprilis.
3161 1925 3326 1981 Lecta
3353 1942 3484 1981 vero

1907 2013 1992 2056 est
2034 2007 2315 2062 monachis
2344 2018 2570 2078 propter
2602 2015 3018 2079 tumultuantes,
3052 2017 3105 2070 in
3140 2017 3274 2087 ipsis
3316 2019 3480 2072 etiam

1907 2095 2149 2150 Orientis
2197 2099 2417 2165 eremis,
2474 2099 2760 2167 factiones,
2805 2112 2865 2157 ut
2907 2105 3171 2166 discimus
3208 2123 3274 2162 ex
3315 2107 3482 2162 Sacra

1909 2187 2202 2244 Theodosii
2236 2193 2588 2248 convocantis
2616 2196 2683 2249 ad
2717 2198 2985 2268 synodum
3025 2199 3358 2269 Ephesinam
3393 2217 3482 2256 se-

1907 2277 2145 2332 cundam
2195 2282 2590 2338 monachorum
2633 2285 2876 2342 Orientis
2922 2289 3246 2359 signiferum
3279 2291 3480 2348 Borsu-

1908 2385 2073 2435 mam,
2097 2373 2190 2440 qui
2211 2389 2312 2442 pro
2332 2377 2593 2440 omnibus
2619 2379 2762 2434 inter
2785 2381 2971 2437 Patres
2997 2383 3327 2447 consideret.

1976 2462 2030 2514 2.
2075 2461 2258 2519 Altera
2304 2467 2537 2528 sanctio.
2580 2469 2684 2524 etsi
2719 2472 2926 2528 nullam
2976 2473 3177 2528 habeat
3220 2477 3484 2547 temporis

1907 2563 2113 2618 notam,
2155 2571 2220 2609 ex
2257 2555 2325 2610 iis
2365 2566 2566 2624 tamen,
2604 2577 2726 2631 quae
2766 2563 3038 2631 continet,
3083 2565 3218 2620 satis
3251 2567 3480 2623 demon-

1907 2653 2044 2700 strat
2079 2661 2284 2702 annum
2326 2650 2429 2703 449
2473 2652 2576 2706 sub
2622 2655 2805 2716 finem,
2837 2664 2934 2711 aut
2969 2657 3123 2712 initia
3156 2661 3436 2728 sequentis
3465 2679 3478 2714 :

1905 2734 2194 2791 confirmat
2234 2739 2382 2793 enim
2428 2742 2721 2798 concilium
2767 2746 3102 2815 Ephesinum
3148 2765 3184 2804 ιι
3231 2749 3480 2806 habitum

1905 2827 1996 2882 die
2032 2829 2098 2882 l0
2128 2829 2355 2900 Augusti
2382 2834 2510 2888 anni
2538 2836 2660 2889 449.

1974 2921 2184 2978 5.111130
2225 2926 2427 2994 prioris
2459 2929 2625 2983 verba
2670 2949 2682 2983 :
2735 2951 2752 2979 ι
2787 2933 2832 2985 Α
2879 2934 3159 2988 nonnullis
3201 2933 3482 2990 doctrinas

1905 3013 2166 3082 quasdam
2201 3017 2538 3086 conscriptas
2569 3028 2624 3074 et
2657 3019 2836 3076 editas
2865 3023 3055 3087 fuisse,
3087 3024 3395 3095 ambiguas,
3423 3036 3481 3082 et

1906 3119 2014 3158 non
2049 3105 2207 3174 plene
2235 3122 2298 3161 ac
2339 3119 2524 3178 aperte
2569 3113 2977 3170 consentientes
3009 3131 3132 3170 cum
3173 3117 3479 3174 orthodoxa

1905 3195 2011 3250 fide
2053 3198 2318 3266 exposita,
2371 3218 2390 3249 ι
2435 3208 2540 3254 etc.
2593 3201 2880 3258 manifeste
2910 3203 3196 3275 designant
3235 3205 3479 3279 dialogos

1904 3303 2030 3342 cum
2062 3288 2314 3344 Eranista
2353 3308 2369 3344 :
2408 3292 2461 3346 in
2493 3293 2600 3348 illis
2630 3295 2776 3350 enim
2805 3297 3071 3352 catholica
3102 3299 3238 3355 fides
3266 3301 3320 3355 in
3356 3317 3480 3372 spe-

1905 3379 2066 3446 ciem,
2113 3397 2302 3437 revera
2349 3383 2810 3442 Nestorianismus
2853 3389 3119 3456 traditur;
3167 3393 3263 3448 sed
3310 3393 3479 3449 artiﬁ-

1903 3471 2054 3528 ciose
2099 3471 2504 3542 dissimulatus,
2549 3487 2622 3533 .ut
2669 3488 2856 3548 postea
2905 3481 3142 3539 dicetur.
3207 3485 3370 3542 Certe
3420 3489 3477 3542 in

1905 3576 2192 3636 utramque
2219 3579 2427 3638 partem
2459 3585 2558 3640 pro
2583 3573 2749 3627 animi
2793 3573 3084 3631 aﬂ'ectioue
3126 3578 3474 3648 interpretari

1903 3658 2031 3712 licet
2063 3662 2267 3724 omnia,
2303 3671 2364 3716 ut
2408 3677 2588 3732 neque
2617 3665 2951 3731 Catholicus,
2978 3683 3158 3739 neque
3198 3670 3475 3726 Nestoriu-

1903 3765 2006 3804 nus
2034 3754 2050 3769 '
2079 3766 2111 3805 a
2145 3751 2482 3823 dialogorum
2517 3755 2699 3810 verbis
2730 3757 2882 3811 valde
2917 3759 3263 3815 abhorreret.

1972 3843 2025 3895 4.
2077 3842 2202 3898 llaec
2247 3845 2452 3914 pariter
2503 3847 2704 3916 prioris
2753 3849 2942 3914 verba,
2983 3869 3002 3901 ‹
3063 3853 3176 3906 sive
3219 3854 3474 3913 antehac.

1903 3934 2017 3989 sive
2077 3935 2180 3990 hoc
2233 3953 2453 4008 quoque
2508 3947 2751 4009 tempore
2809 3943 3110 4011 composita
3157 3943 3399 4008 fuerint,
3451 3965 3468 3995 ι

1904 4024 2255 4095 intelligenda
2302 4028 2492 4097 procul
2547 4029 2718 4082 dubio
2780 4038 2908 4082 sunt
2960 4031 3027 4084 de
3076 4031 3233 4086 libris
3285 4049 3476 4088 recens

1903 4117 2252 4184 compositis,
2323 4118 2417 4186 qui
2483 4119 2670 4172 turbas
2727 4119 3029 4173 excitarent
3089 4120 3145 4174 in
3214 4120 3473 4182 Oriente.

1902 4206 1997 4273 qui
2056 4207 2546 4263 Nestorianismum
2609 4209 2892 4268 foverent,
2943 4210 3036 4279 qni
3089 4211 3268 4281 magni
3331 4213 3476 4268 inter

1904 4298 2200 4351 monachos
2251 4299 2484 4368 alicujus
2543 4299 2644 4353 viri
2703 4315 2904 4355 nomen
2956 4302 3296 4372 praeferrent.
3349 4305 3476 4361 Haec

1903 4405 2034 4443 vero
2079 4390 2409 4444 Theodoreti
2482 4391 2711 4464 dialogis
2776 4395 3018 4464 apprime
3067 4397 3403 4452 conveniunt
3457 4417 3469 4452 :

224 4502 338 4554 tur,
363 4501 422 4545 ut
451 4491 603 4545 nullo
627 4490 789 4544 modo
816 4490 1069 4559 cuiquam
1095 4490 1161 4544 ad
1195 4489 1484 4559 legendum
1509 4497 1801 4558 suppetere
1833 4473 1875 4527 ῐ)
1906 4497 2030 4534 nam
2071 4489 2127 4533 ct
2157 4489 2282 4534 ante
2326 4482 2513 4537 lrenzei
2543 4483 2940 4554 depositionem
2983 4488 3276 4559 conscripti
3323 4501 3472 4553 sunt.

221 4582 478 4651 possint:
510 4581 618 4635 illis
651 4580 744 4650 qui
785 4580 1055 4651 ejusmodi
1095 4580 1296 4648 scripta
1327 4587 1422 4634 aut
1452 4579 1623 4633 libros
1657 4579 1800 4648 apud

219 4689 278 4727 se
305 4673 514 4728 habere
537 4689 600 4726 ac
633 4672 813 4743 legere
841 4671 960 4726 ausi
994 4671 1217 4736 fuerint,
1246 4679 1552 4727 extremum
1590 4671 1800 4741 suppli-

218 4764 372 4817 cium
411 4762 851 4817 formidantibus.
890 4781 908 4813 ι

295 4854 388 4908 lx.
427 4851 565 4908 Sunt
597 4854 698 4908 ista
731 4853 1053 4924 posterioris
1077 4853 1266 4918 edicti,
1301 4869 1412 4923 quo
1449 4855 1797 4910 latrocinium

222 4948 565 5019 Ephesinum
590 4947 927 5018 approbatur
959 4964 971 4998 :
1017 4965 1033 4996 ‹
1059 4944 1320 5015 Quisquis
1350 4947 1568 5001 codices
1594 4947 1799 5002 habue-

221 5038 294 5092 rit
325 5036 676 5091 interdictam
704 5036 867 5092 ﬁdem
903 5036 1137 5090 Nestorii
1175 5052 1239 5090 ac
1263 5037 1593 5092 Theodoreti
1620 5040 1796 5094 conti-

221 5139 438 5192 nentes,
460 5138 553 5184 aut
573 5129 1054 5200 interpretationes
1071 5145 1285 5193 eorum,
1311 5129 1395 5183 vel
1421 5130 1515 5200 qui
1536 5141 1802 5187 vocantur

222 5220 501 5275 Sermones
522 5221 824 5275 allocutorii
845 5222 952 5276 sive
980 5221 1322 5287 traditiones;
1342 5221 1535 5277 iisdem
1563 5233 1803 5278 tormen—

224 5310 294 5364 tis
321 5311 605 5380 subjaceat
631 5328 644 5363 :
676 5309 890 5366 etiamsi
916 5325 1000 5374 ea,
1029 5325 1150 5379 qua:
1181 5319 1310 5364 sunt
1337 5309 1406 5364 ab
1438 5309 1545 5364 illis
1576 5326 1801 5382 compo-

221 5403 349 5468 sita,
383 5403 608 5458 alterius
633 5403 857 5458 nomine
884 5402 1089 5458 fuerint
1115 5411 1436 5472 praenotata.
1475 5423 1493 5454 ι

292 5493 363 5550 Χ.
403 5493 562 5550 Circa
599 5504 890 5565 utramque
928 5495 1262 5550 sanctionem
1309 5495 1649 5551 observanda
1673 5510 1803 5552 sunt

223 5602 316 5641 sex
355 5588 452 5641 ista
478 5605 492 5641 :

1903 4583 1964 4628 ut
1985 4589 2050 4626 ex
2077 4575 2304 4643 epistola
2337 4575 2402 4629 l6
2436 4586 2666 4641 constat,
2696 4585 2751 4632 et
2778 4577 3001 4634 Oriente
3028 4590 3143 4635 toto
3175 4582 3471 4653 vulgaban-

1902 4675 2023 4732 tur;
2058 4675 2115 4722 et
2145 4668 2365 4722 nomine
2399 4669 2729 4726 Theodoreti
2762 4671 3046 4742 inscripto,
3085 4684 3236 4730 tanto
3272 4692 3475 4731 noeen-

1903 4759 2011 4814 tius
2037 4759 2377 4830 legebantur,
2406 4772 2612 4829 quanto
2639 4765 2814 4832 major
2840 4774 2959 4818 erat
2989 4765 3122 4819 tanti
3147 4767 3250 4821 viri
3285 4778 3474 4823 aucto-

1903 4853 2057 4914 ritas,
2095 4861 2410 4922 quantoque
2438 4854 2677 4923 plurium
2717 4856 2975 4911 Ecclesiae
3004 4857 3290 4912 doctorum
3324 4860 3474 4912 testi-

1905 4943 2090 4997 monio
2123 4942 2328 4997 firmari
2361 4943 2700 4999 viderentur.

1976 5035 2028 5087 5.
2067 5035 2346 5090 Posterior
2375 5036 2585 5090 sanatio
2616 5037 2819 5106 prioris
2857 5038 3199 5094 confirmatio
3245 5047 3340 5092 aut
3381 5053 3476 5091 ex-

1905 5129 2106 5199 positio
2137 5128 2320 5198 potius
2359 5127 2606 5198 quaedam
2647 5138 2760 5192 est;
2795 5144 2920 5182 nam
2961 5131 3077 5198 qui,
3114 5129 3280 5184 tacito
3323 5132 3476 5199 prius

1907 5220 2150 5274 auctoris
2181 5227 2236 5274 et
2268 5234 2369 5273 suo
2395 5219 2643 5284 nomine,
2693 5218 3095 5274 damnabantur
3132 5219 3280 5283 libri,
3330 5237 3477 5276 nunc

1911 5311 2212 5366 Theodoreti
2255 5310 2546 5374 dicuntur,
2594 5320 2650 5365 et
2686 5327 2950 5364 sermones
2997 5311 3330 5377 allocutorii,
3372 5313 3478 5366 sive

1905 5402 2212 5455 traditiones
2243 5408 2538 5466 vocantur;
2568 5399 2620 5454 id
2660 5409 2764 5462 est,
2801 5401 3021 5471 dialogi,
3067 5418 3300 5472 quorum
3345 5404 3476 5456 doe-

1904 5493 2048 5547 trina
2069 5493 2291 5548 Patrum
2314 5506 2380 5544 ex
2406 5490 2664 5544 omnibus
2696 5491 2886 5545 mundi
2928 5493 3170 5561 partibus
3207 5495 3472 5548 sententia

1903 5595 1959 5640 et
1990 5583 2301 5639 testimonio
2335 5581 2602 5636 ﬁrmetur.

1573 5725 1882 5783 SCIIULZII.
1911 5723 2140 5781 NOT/E.

296 5790 345 5824 ³⁸
373 5789 493 5846 Vid.
526 5807 578 5862 p.
617 5792 738 5858 164,
770 5792 940 5845 schol.
976 5794 1054 5847 l5.
