3952 6294
433 344 538 409 335

1536 334 1910 395 GARN’ERII
1948 333 2444 396 DISSERTATIO
2483 335 2542 396 II

3585 338 3697 406 336

503 453 556 506 ϐ.
586 444 913 504 Posterioris
939 444 1054 500 hac
1081 454 1165 499 est
1188 442 1471 514 inscriptio
1496 443 1563 498 ad
1588 444 1872 519 historiam
1898 460 2007 498 non
2040 451 2078 505 Α
2110 446 2294 503 anima
2318 464 2418 519 per
2454 448 2715 502 unionem
2757 462 2880 501 cum
2912 461 3143 517 corpore
3175 447 3235 504 fit
3272 448 3459 505 homo.
3499 450 3557 504 ‘2‘
3587 452 3696 509 Per

434 536 791 595 mediocriter
838 534 1244 591 conducibilis:
1281 552 1300 586 ι
1350 533 1735 603 lnterpretatio
1796 536 1931 605 legis
1982 551 2013 589 a

434 629 749 686 Theodosio
773 626 1020 691 Juniore,
1052 640 1178 680 cum
1210 625 1471 680 seductus
1500 624 1694 680 fuisset
1721 642 1752 680 a
1780 624 2015 697 Chrysa-

435 723 585 793 phio,
634 721 899 775 adversus
938 717 1259 772 Flavianum
1304 725 1361 772 et
1393 717 1593 782 socios,
1620 733 1724 787 pro
1762 718 2013 787 Eutyche

433 813 809 883 promulgata,
841 824 1004 879 quam
1034 810 1432 881 religiosissimi
1467 810 1722 865 Marciani
1749 810 2014 880 principis

436 906 521 958 lex
546 904 840 958 subsecuta
876 901 1166 956 destruxit.
1200 921 1217 952 ι
1247 901 1379 968 Qua:
1418 901 1704 972 inscriptio
1731 902 1951 956 videtur
1983 918 2015 956 a

434 997 659 1050 Rustico
688 995 943 1059 diacono,
975 1002 1071 1049 aut
1095 994 1162 1048 ab
1198 993 1307 1049 alio
1334 994 1675 1064 descriptore
1702 993 1907 1049 addita.

503 1088 592 1143 XI.
644 1086 840 1142 Audivi
898 1084 1027 1155 qui,
1066 1100 1178 1155 prae
1223 1084 1441 1149 studio,
1486 1099 1597 1154 quo
1634 1083 1915 1139 ferebatur
1959 1083 2015 1137 in

438 1180 872 1243 Theodoretum,
925 1177 1028 1231 tria
1068 1177 1424 1231 vehementer
1470 1175 1874 1230 contenderet:
1906 1173 2019 1243 pri-

434 1287 606 1334 mum,
631 1268 856 1324 dubiam
883 1283 1004 1323 esse
1024 1266 1385 1337 posteriorem
1413 1266 1776 1329 sanctionem,
1805 1273 1867 1318 ut
1897 1278 2018 1333 quae

431 1363 619 1417 Graece
665 1375 776 1415 non
810 1359 1057 1429 legatur,
1092 1372 1200 1427 qua
1240 1356 1454 1410 ratione
1498 1355 1651 1426 rejici
1702 1356 1840 1410 solet
1871 1354 2018 1409 actio

433 1452 654 1508 concilii
698 1447 1164 1506 Chalcedonensis
1208 1447 1278 1503 de
1319 1447 1566 1512 Domno;
1607 1446 1872 1509 alterum,
1906 1460 2017 1498 non

432 1544 637 1599 debere
659 1543 716 1597 in
740 1556 805 1597 ea
831 1541 938 1612 legi
970 1539 1302 1595 Theodoreti
1332 1553 1556 1603 nomen,
1588 1537 1684 1592 sed
1715 1536 2017 1601 Theodori,

432 1651 542 1706 quo
558 1634 817 1705 magistro
830 1630 1117 1687 Nestorius
1132 1629 1325 1684 didicit
1338 1627 1594 1693 hieresin,
1608 1629 1871 1699 cujusque
1888 1626 2021 1681 seri-

344 1704 349 1710 ’
434 1704 546 1792 pta,
565 1730 620 1775 et
644 1704 673 1776 a
692 1720 898 1776 sanctis
912 1719 1072 1789 387
1089 1717 1292 1789 Cyrillo
1316 1725 1374 1771 et
1389 1717 1582 1771 Proclo
1610 1716 1845 1770 refutata
1867 1725 2016 1780 sunt,

434 1822 490 1868 et
510 1830 540 1867 a
565 1811 875 1868 Theodosio
891 1810 1146 1865 damnata
1176 1824 1301 1864 cum
1328 1808 1589 1878 operibus
1603 1807 1862 1871 Nestorii,
1889 1822 2015 1861 san-

439 1904 622 1958 ctione
648 1903 853 1958 inserta
879 1900 1030 1956 Actis
1058 1915 1091 1953 v
1114 1898 1328 1971 synodi,
1361 1899 1545 1954 collat.
1564 1899 1597 1952 5
1616 1914 1630 1963 ;
1649 1907 2009 1968 postremum,

435 1992 728 2050 Theodosii
772 1991 1132 2055 sanctionem,
1160 1998 1224 2045 ut
1263 2005 1396 2059 vera
1438 1989 1530 2053 sit,
1578 1989 1784 2044 nullius
1829 2000 2012 2043 tamen

432 2101 555 2141 esse
587 2083 869 2149 momenti,
917 2090 1210 2153 propterea
1248 2081 1396 2152 quod
1431 2080 1757 2152 Chrysaphii
1802 2080 2016 2135 artibus

433 2177 694 2246 subrepta
731 2174 802 2230 sit
833 2171 1150 2244 imperatori
1190 2172 1549 2242 imprudenti,
1577 2180 1632 2226 et
1662 2188 1692 2225 a
1741 2171 2014 2227 Marciano

435 2277 556 2338 post
587 2282 701 2322 rem
731 2266 1040 2322 accuratius
1067 2266 1428 2335 disceptatam
1460 2265 1711 2319 rescissa.

502 2380 617 2435 ΧΠ.
632 2380 807 2434 Levia
827 2386 957 2434 sunt
981 2378 1209 2434 omnino
1230 2378 1347 2433 haec
1371 2378 1501 2444 tria;
1526 2385 1583 2432 et
1600 2377 1765 2447 primi
1789 2376 2012 2446 quidem

435 2473 645 2527 vanitas
671 2488 736 2526 cx
772 2486 839 2526 eo
865 2478 1032 2540 patet,
1055 2470 1202 2540 quod
1225 2470 1393 2524 multa
1426 2470 1554 2523 olim
1581 2468 1766 2524 Crtece
1789 2469 2011 2539 scripta,

437 2579 585 2619 nunc
623 2562 818 2617 Latine
864 2570 1096 2624 tantum,
1148 2561 1234 2616 vel
1299 2561 1355 2615 in
1408 2561 1527 2630 ipsa
1576 2560 2014 2616 Chalcedonensi

426 2653 644 2726 synodo
674 2655 952 2724 leguntur.
984 2651 1143 2707 Certe
1173 2650 1365 2721 quinta
1391 2650 1633 2722 synodus
1663 2667 1773 2706 non
1808 2651 2015 2706 idcirco

434 2744 787 2815 despicienda
823 2752 926 2809 est,
954 2742 1085 2815 quia
1118 2743 1251 2798 Acta
1279 2742 1467 2798 Graeca
1504 2742 1811 2813 perierunt.
1856 2744 2012 2810 Quod

435 2848 649 2909 spectat
675 2836 999 2900 secundum,
1027 2835 1239 2890 sanctio
1278 2834 1540 2889 Marciani
1570 2836 2013 2890 emendationem

437 2927 506 2981 ab
553 2934 797 2979 amatore
858 2924 952 2979 illo
1001 2922 1335 2979 Theodoreti
1376 2930 1638 2977 tentatam
1688 2924 2016 2979 temeritatis

436 3018 615 3088 arguit
646 3034 659 3070 :
699 3014 1136 3070 Theodosianam
1172 3014 1320 3069 enim
1354 3029 1478 3068 cum
1517 3014 1800 3082 rescindit,
1837 3016 2014 3071 mani—

435 3108 627 3162 festam
652 3106 783 3163 facit
814 3106 882 3162 de
909 3106 1257 3161 Theodoreto
1280 3106 1637 3161 mentionem.
1668 3107 2009 3162 Postremum
2046 3137 2088 3194 ο

435 3197 695 3266 denique,
735 3197 880 3267 quod
914 3198 1126 3252 sanctio
1153 3196 1481 3268 Chrysaphii
1512 3198 1726 3252 artibus
1754 3199 2014 3269 subrepta

437 3287 532 3353 sit,
563 3295 623 3341 ut
649 3288 867 3358 probet,
903 3286 1053 3342 illam
1087 3288 1225 3343 vitio
1258 3303 1369 3342 non
1414 3303 1627 3354 carere,
1669 3304 1782 3343 non
1818 3292 2018 3360 probat

438 3379 610 3434 fuisse
642 3379 887 3444 nullam;
934 3379 981 3433 si
1011 3387 1194 3433 autem
1231 3378 1336 3433 fuit
1361 3378 1565 3448 aliqua,
1607 3388 1841 3445 constat,
1868 3382 2015 3452 quod

438 3467 931 3525 demonstrandum
976 3476 1118 3533 erat,
1157 3468 1402 3539 dialogos
1445 3485 1643 3539 nempe
1679 3469 2016 3528 Theodoreti

440 3559 675 3615 flammis
695 3559 946 3614 addictos
970 3559 1160 3615 fuisse.
1184 3558 1342 3626 Quod
1365 3575 1531 3630 porro
1547 3560 1687 3615 dixit
1714 3562 2018 3633 imperator

441 3650 496 3703 in
527 3649 778 3720 dialogis,
825 3650 1129 3721 ambiguas,
1165 3657 1296 3715 etc.,
1347 3649 1627 3706 doctrinas
1658 3667 1777 3706 esse
1805 3653 2016 3720 editas;

438 3737 698 3808 quodque
746 3737 955 3803 addidi,
1011 3738 1183 3793 verbo
1245 3747 1406 3795 tenus
1447 3741 1770 3796 catholicam
1830 3744 2015 3808 fidem,

438 3829 625 3898 reipsa
666 3828 1160 3903 Nestorianismum
1201 3831 1370 3898 tradi,
1417 3832 1576 3889 facile
1619 3834 2015 3905 deprehendet.

419 3923 534 3999 qui
577 3922 808 3977 eruditis
846 3922 1008 3978 simul
1053 3932 1110 3979 et
1164 3924 1398 3980 curiosis
1431 3925 1607 3980 oculis
1659 3942 1798 3996 opus
1843 3935 2018 3982 totum

439 4013 738 4085 perlegerit
788 4031 970 4072 :nam
1014 4014 1082 4070 de
1140 4016 1529 4087 conjunctione
1586 4027 1906 4072 naturarum
1961 4019 2019 4073 in

441 4104 662 4160 Christo
679 4120 790 4160 non
812 4107 1075 4163 abhorret
1100 4108 1408 4179 inspeciem
1431 4125 1462 4163 a
1485 4109 1757 4164 sententia
1772 4110 2015 4176 Patrum,

441 4210 581 4265 quos
600 4195 788 4251 laudat
813 4198 1099 4267 plurimos,
1134 4200 1228 4254 sed
1251 4200 1320 4256 iis
1344 4210 1526 4256 tamen
1544 4199 1731 4255 verbis
1751 4200 2017 4270 loquitur,

445 4285 649 4354 quibus
671 4286 960 4343 Nestorius
991 4305 1126 4345 usus
1171 4298 1275 4356 est,
1318 4306 1549 4362 quaeque
1589 4300 1722 4346 tunc
1757 4295 2023 4365 temporis

445 4376 647 4430 merito
695 4386 949 4449 suspecta
1003 4388 1162 4434 erant
1213 4398 1227 4434 :
1275 4397 1402 4436 nam
1458 4383 1632 4439 solius
1670 4384 2019 4456 ἐνοικήσεως,

443 4465 783 4537 ἀναλήψεως,
802 4469 1159 4542 προσλήψεως
1182 4480 1239 4526 et
1262 4471 1478 4542 λήψεως
1511 4473 1783 4527 meminit.

514 4555 658 4613 XIII.
705 4558 848 4626 Quin
873 4560 1041 4617 etiam
1069 4560 1366 4617 artificiose
1400 4561 1897 4618 Nestorianismum
1932 4564 2022 4619 in-

446 4649 650 4715 sinuat,
682 4654 965 4709 autetiam
994 4652 1190 4724 probat
1231 4653 1275 4684 ³⁷
1317 4670 1331 4706 :
1366 4668 1492 4707 nam
1519 4668 1645 4707 cum
1682 4654 1739 4707 in
1768 4654 2022 4711 confesso

448 4743 541 4808 sit,
564 4742 905 4802 admirabilis
926 4746 1074 4801 illius
1100 4743 1406 4808 sententiae,
1432 4744 1652 4799 Verbum
1674 4763 1799 4800 caro
1825 4747 2023 4817 factum

446 4842 522 4887 est
545 4846 593 4898 η,
620 4834 983 4907 intelligentia
1003 4834 1274 4890 contineri
1307 4834 1636 4890 catholicum
1656 4835 1852 4909 dogma
1876 4855 1891 4905 ;
1919 4854 2022 4894 nec

449 4924 621 4994 possit
644 4926 872 4982 Joannis
920 4924 1215 4989 sententia,
1248 4925 1291 4978 si
1328 4925 1492 4981 modo
1517 4927 1762 4998 rejicitur
1792 4930 2022 4985 Doceta-

450 5030 574 5069 rum
620 5030 799 5080 error,
846 5015 956 5070 nisi
1001 5015 1245 5086 quinque
1291 5017 1471 5074 modis
1518 5019 1769 5093 intelligi,
1822 5022 2025 5091 quibus

447 5123 645 5177 nempe
671 5108 987 5179 contingere
1010 5115 1210 5179 potest,
1230 5118 1291 5163 ut
1314 5109 1618 5167 substantia
1641 5129 1747 5168 una
1782 5115 1901 5169 fieri
1937 5114 2025 5169 di-

448 5208 605 5255 catur
632 5197 824 5253 altera.
854 5199 908 5252 l°
940 5199 1045 5254 Per
1070 5200 1537 5271 informationem,
1558 5206 2023 5275 quemadmodum

521 5366 546 5393 α
576 5353 731 5411 Joan.
766 5369 804 5419 ι,
838 5355 920 5410 ii.

2118 540 2651 600 transmutationem,
2676 553 2783 608 qua
2807 538 3020 593 ratione
3049 539 3196 595 dicta
3225 549 3311 595 est
3331 556 3470 610 aqua
3501 542 3558 596 in
3588 560 3694 597 nu—

2114 630 2266 700 ptiis,
2299 638 2561 700 operante
2590 629 2830 693 Christo,
2855 630 2995 685 facta
3021 631 3229 686 vinum.
3270 632 3326 685 5°
3361 633 3462 687 Per
3499 636 3696 689 confu-

2114 721 2325 775 sionem
2362 731 2420 776 et
2464 721 2797 785 mistionem,
2847 722 3123 791 quomodo
3162 723 3432 779 elementa
3466 725 3695 780 mistum

2116 811 2274 867 ﬁunt.
2310 813 2365 867 4ο
2380 812 2485 866 Per
2509 810 3165 883 hypostaticam-duarum
3189 820 3510 869 naturarum
3535 817 3698 870 unio-

2116 917 2263 967 nem,
2303 918 2412 972 quo
2447 912 2608 972 pacto
2635 902 2980 957 individuum
3020 913 3234 958 natura:
3262 905 3425 959 unius
3464 908 3694 977 cogitari

2118 1002 2301 1063 potest
2338 993 2453 1048 ﬁeri
2485 994 2738 1048 alterum.
2771 995 2825 1048 5°
2858 995 3102 1063 Denique
3136 1011 3236 1064 per
3265 1010 3472 1050 meram
3509 999 3695 1067 σχέσιν

2117 1101 2223 1156 qua
2266 1086 2349 1139 vir
2387 1094 2443 1140 et
2478 1100 2615 1140 uxor
2648 1086 2786 1140 ﬁunt
2816 1102 2927 1140 una
2964 1102 3113 1152 caro,
3154 1103 3373 1157 unaque
3410 1089 3696 1143 moraliter

2116 1194 2371 1249 persona.
2404 1179 2646 1234 Primum
2675 1186 2732 1233 et
2761 1179 3063 1234 secundum
3091 1180 3353 1249 reprobat
3373 1180 3694 1235 Theodore-

2120 1276 2229 1333 tus,
2262 1269 2480 1340 dialogo
2510 1270 2724 1339 primo,
2766 1269 2861 1339 qui
2899 1269 3253 1324 Immutabilis
3297 1269 3539 1336 dicitur;
3578 1279 3693 1325 terr

2119 1360 2256 1414 tium
2285 1360 2549 1425 secundo,
2577 1361 2671 1429 qui
2700 1359 3015 1430 Inconfusus
3039 1377 3057 1426 ;
3085 1369 3342 1430 quartum
3374 1360 3560 1425 tertio,
3598 1361 3693 1431 qui

2119 1451 2488 1523 Impassibilis.
2541 1450 2765 1506 Certum
2817 1453 2966 1507 enim
3017 1461 3102 1507 est
3145 1452 3345 1523 primo,
3399 1454 3691 1508 mutationi

2120 1560 2239 1600 esse
2269 1544 2588 1610 obnoxium,
2625 1544 2890 1615 quidquid
2921 1544 3007 1600 vel
3047 1544 3333 1600 informari
3381 1544 3576 1615 incipit
3608 1545 3695 1599 vel

2122 1635 2343 1690 misceri
2380 1652 2393 1689 ε
2425 1635 2625 1697 deinde
2664 1634 2942 1705 propriam
2989 1634 3363 1704 operationem
3410 1649 3521 1688 non
3556 1634 3695 1688 reti-

2122 1727 2243 1782 neri
2296 1727 2366 1781 ab
2407 1741 2474 1781 eo
2523 1725 2669 1796 quod
2717 1724 3108 1789 confunditur;
3154 1723 3317 1778 tertio
3363 1722 3532 1793 388
3572 1737 3695 1778 esse

2122 1833 2465 1888 consequens
2519 1832 2589 1871 ex
2636 1831 2703 1871 eo
2748 1815 2895 1886 quod
2937 1815 3177 1872 Verbum
3218 1815 3461 1883 φυσικῶς
3493 1813 3695 1868 etmt)’

2123 1909 2417 1962 ὑπόστασιν
2434 1909 2686 1961 humanae
2698 1913 2909 1961 natura:
2928 1905 3295 1977 conjungitur,
3311 1914 3370 1960 ut
3389 1919 3518 1959 vere
3539 1905 3695 1961 dica-

2121 2008 2212 2055 tur
2243 2001 2407 2064 Deus,
2442 2015 2636 2070 passus
2658 2039 2673 2065 ,
2712 2008 2982 2062 mortuus,
3017 1997 3283 2067 sepultus,
3308 2005 3363 2051 et
3395 2012 3425 2049 a
3462 1997 3698 2051 mortuis

2120 2091 2460 2156 suscitatus;
2505 2106 2643 2160 quas
2680 2089 3006 2152 locutiones,
3047 2088 3199 2142 velut
3234 2102 3264 2140 a
3302 2096 3452 2140 recta
3480 2086 3697 2140 ratione

2121 2183 2505 2245 abhorrentes,
2541 2182 2741 2252 rejicit.
2782 2181 2972 2235 Restat
2998 2179 3168 2250 igitur
3203 2187 3265 2233 ut
3286 2178 3402 2232 sola
3434 2178 3697 2246 σχέσειίιι

2121 2290 2292 2330 unum
2315 2273 2648 2329 conveniant
2676 2273 2849 2327 ambae
2875 2270 3121 2326 Christi“
3145 2279 3376 2333 naturae,
3401 2268 3494 2338 qui
3518 2283 3698 2338 purus

2120 2365 2607 2421 Nestorianismus.

2192 2457 2332 2514 XIV.
2359 2458 2654 2527 Postquam
2678 2471 2812 2511 vero
2836 2455 2954 2510 haec
2985 2462 3041 2509 et
3071 2451 3265 2508 fusiori
3295 2450 3543 2509 oratione
3569 2464 3696 2519 pro-

2121 2560 2344 2607 secutus
2366 2560 2470 2614 est,
2503 2560 2560 2606 et
2581 2551 2734 2604 visus
2756 2548 2862 2604 sibi
2895 2547 3126 2618 dialogis
3156 2545 3333 2601 tribus
3352 2543 3657 2599 confecisse
3677 2581 3698 2611 ,

2119 2644 2333 2708 eadem,
2359 2643 2457 2697 lib.
2488 2658 2559 2706 IV,
2585 2641 2830 2711 pressius
2881 2639 3294 2695 dialecticorum
3326 2651 3481 2691 more
3524 2634 3699 2704 syllo-

2125 2733 2318 2805 gismis
2351 2733 2713 2803 quadraginta
2741 2730 2982 2796 conficit,
3000 2732 3110 2795 vel,
3137 2739 3198 2785 ut
3217 2730 3332 2799 ipse
3358 2726 3703 2781 confidenter

2120 2825 2218 2888 ait,
2262 2823 2625 2878 demonstrat.
2679 2822 2748 2876 Et
2802 2828 2953 2874 certe
3002 2821 3095 2875 vix
3139 2819 3311 2873 ullum
3354 2832 3412 2871 se
3457 2814 3702 2870 credidit

2120 2930 2260 2985 opus
2288 2912 2624 2969 elaboratius
2659 2912 2938 2977 edidisse;
2985 2908 3363 2980 quamobrem,
3410 2920 3534 2960 cum
3560 2905 3700 2958 Era-

2120 3007 2295 3062 nistes
2329 3007 2509 3076 ipsum
2541 3003 2836 3075 aliquando
2878 3002 3182 3057 monuisset
3215 3008 3275 3055 ut
3315 3015 3451 3070 quas
3479 2997 3699 3069 pollici-

2122 3109 2211 3156 tus
2237 3110 2358 3156 erat
2378 3098 2873 3155 demonstrationes
2898 3095 3191 3166 proferret,
3219 3093 3461 3147 monitus
3482 3090 3701 3145 inducit

2121 3193 2408 3249 Eranisten
2439 3206 2663 3247 suarum
2698 3186 3223 3244 demonstrationum
3251 3186 3396 3240 vires
3418 3182 3698 3238 admiran-

2118 3294 2229 3341 tem
2259 3303 2273 3338 :
2307 3283 2454 3338 unde
2483 3281 2741 3352 colligere
2774 3287 2858 3333 est
2895 3292 3058 3347 quam
3093 3275 3322 3330 firmiter
3362 3282 3418 3329 et
3450 3271 3697 3343 quandiu

2119 3394 2232 3434 suae
2260 3377 2328 3432 de
2359 3376 2561 3431 unione
2603 3373 2823 3445 σχετικῇ
2860 3378 3183 3425 naturarum
3222 3366 3468 3438 opinioni
3509 3365 3700 3420 adhae-

2119 3470 2273 3525 serit.
2975 3528 2981 3532 ἓ

2189 3561 2307 3616 XV.
2334 3560 2467 3614 Eam
2495 3573 2660 3629 porro
2683 3556 2855 3611 fuisse
2876 3563 3118 3610 mentem
3150 3551 3698 3631 Theodoreti,lquam

2119 3653 2380 3716 diximus,
2428 3651 2632 3705 Marius
2670 3649 2976 3710 Mercator,
3018 3662 3129 3701 non
3181 3643 3425 3714 ejusdem
3480 3651 3696 3697 tantum

2118 3741 2317 3807 astatis,
2340 3739 2433 3795 sed
2468 3738 2714 3809 ejusdem
2750 3739 2914 3792 etiam
2950 3751 3164 3807 pugnze,
3200 3734 3421 3788 licetex
3440 3733 3694 3794 adverso,

2120 3830 2323 3895 socius,
2349 3829 2636 3884 evidenter
2658 3828 2854 3898 probat
2873 3827 3039 3881 allato
3053 3824 3366 3880 testimonio
3393 3837 3459 3876 ex
3480 3822 3624 3877 libro
3644 3839 3696 3876 vr

2118 3922 2422 3993 Pentalogii
2454 3923 2519 3977 ³⁸.
2554 3941 2571 3972 ι
2603 3921 2759 3987 Quod
2795 3919 3060 3977 Dominus
3080 3918 3148 3972 de
3176 3917 3298 3972 viro
3327 3923 3383 3971 et
3405 3930 3574 3970 uxore
3597 3914 3692 3977 ait,

2104 4022 2183 4075 ,ut
2203 4015 2316 4085 jam
2347 4030 2456 4069 non
2484 4023 2614 4069 sunt
2645 4012 2778 4078 duo,
2822 4011 2918 4066 sed
2948 4026 3057 4065 una
3085 4025 3236 4074 caro,
3272 4007 3485 4063 naturis
3502 4006 3697 4076 procul

2121 4107 2291 4162 dubio
2320 4105 2725 4170 constantibus,
2756 4103 2851 4159 sed
2886 4101 3271 4157 discretionem
3316 4096 3648 4152 habentibus
3678 4112 3694 4149 :

2121 4208 2177 4255 et
2199 4198 2341 4255 sicut
2363 4196 2439 4253 ibi
2473 4196 2610 4250 nihil
2634 4195 2794 4250 obest
2816 4194 3051 4248 duorum
3081 4203 3366 4253 numerus,
3400 4187 3697 4258 quominus

2122 4306 2230 4347 una
2269 4304 2396 4345 caro
2435 4288 2687 4352 dicatur;
2733 4287 2807 4341 ita
2838 4294 2896 4340 et
2927 4285 3018 4338 hic
3055 4295 3299 4353 personae
3337 4280 3519 4333 unitas
3554 4277 3693 4331 nihil

2123 4383 2284 4438 obest
2315 4378 2639 4436 differentias
2662 4384 3005 4431 naturarum.
3029 4373 3276 4441 Denique
3307 4385 3433 4425 cum
3471 4377 3694 4422 naturas

2051 4467 2095 4523 Β
2124 4472 2508 4534 discernimus,
2544 4471 2642 4525 Dei
2675 4467 2840 4524 Verbi
2881 4474 3131 4521 naturam
3162 4464 3428 4532 integram
3460 4458 3697 4513 dicimus

2126 4571 2182 4617 et
2213 4576 2503 4632 personam
2531 4559 2648 4614 sine
2677 4557 3020 4613 dubitatione
3042 4553 3341 4624 perfectam
3372 4568 3387 4604 :
3416 4565 3519 4604 nec
3549 4549 3695 4603 enim

2128 4655 2248 4708 sine
2272 4667 2507 4724 persona
2535 4652 2617 4706 fas
2644 4659 2729 4706 est
2746 4660 3061 4704 asseverare
3085 4642 3482 4706 substantiam;
3514 4638 3694 4709 perfe-

2128 4756 2274 4802 ctam
2302 4761 2521 4815 qnoque
2556 4753 2810 4798 naturam
2839 4741 3132 4795 humanam
3169 4751 3295 4792 cum
3332 4749 3429 4788 sua
3463 4743 3695 4802 persona

2128 4838 2385 4894 similiter
2409 4834 2774 4898 confitemur;
2829 4846 2955 4886 cum
2986 4843 3117 4884 vero
3145 4826 3211 4881 ad
3254 4824 3696 4895 conjunctionem

2127 4929 2475 4999 respicimus,
2513 4934 2647 4980 tunc
2676 4926 2848 4979 Deum
2885 4937 3048 4976 unam
3077 4932 3366 4991 personam
3408 4928 3696 4983 nuncupa-

2128 5036 2252 5074 mus
2268 5020 2333 5074 ”.
2374 5038 2393 5071 ›
2424 5019 2720 5088 Πρόσωπον
2765 5015 2921 5081 dicit,
2968 5028 3089 5084 qua
3128 5026 3233 5066 vox
3279 5007 3544 5072 moralis;
3590 5019 3699 5059 non

2130 5112 2448 5176 ὑπόστασιν,
2474 5125 2595 5180 quae
2620 5109 2865 5180 physica.

2199 5203 2339 5259 XVI.
2368 5201 2538 5258 Mario
2560 5199 2850 5256 Mercatori
2872 5199 2947 5254 ita
2982 5198 3051 5253 de
3073 5196 3422 5252 Theodoreto
3440 5186 3699 5249 sentienti

1791 5475 2108 5538 SCHULZII
2149 5478 2382 5536 ΝΟΤιΕ.

522 5633 569 5667 θ’
596 5635 693 5691 His
716 5637 931 5707 gemina
956 5637 1102 5704 vide,
1134 5653 1188 5707 ρ.
1225 5637 1350 5693 ne.
1427 5638 1473 5671 ιε
1508 5637 1631 5691 Vid.
1667 5622 1822 5690 Marii
1852 5637 2077 5691 Mercat.
2115 5635 2278 5707 Opp.,
2315 5641 2353 5687 t.
2390 5633 2568 5707 ll,_p.
2619 5629 2904 5707 271_cdit.
2921 5626 3227 5707 _C_arn_er_i_i.

3358 5624 3400 5656 ³⁸
3434 5622 3574 5676 Loco
3601 5622 3699 5674 cit.

449 5702 551 5785 leg.
578 5689 697 5761 hinc
716 5689 939 5763 vdein—ztn‘z
970 5689 1159 5763 55M
1176 5689 1461 5779 iper-sonam
1493 5689 1679 5762 mei-ilo
1710 5689 2095 5778 anticipating.
2133 5689 2215 5760 lia
2231 5689 2455 5775 quoque
2474 5689 2639 5758 habet
2663 5700 2894 5772 epistola
2920 5699 3124 5770 Pelagii
3151 5697 3216 5763 ll,
3237 5695 3304 5751 ad
3336 5694 3511 5749 Etiam
3534 5689 3705 5762 Aqui-

451 5773 732 5832 leicnscm.
