3952 6294
350 192 417 254 37
1478 204 1573 264 DE
1614 205 1868 266 LlBRIS
1904 205 2410 271 THEODORETI.

3463 211 3569 277 338

317 302 484 357 ﬁdem
516 298 649 355 facit
685 299 980 372 Gregorius
1017 302 1260 375 Magnus,
1309 320 1434 361 cum
1481 309 1702 364 nomine
1746 309 1900 363 Pela-
1927 313 1972 368 Α
2001 326 2121 367 esse
2152 322 2435 383 cuperent,
2466 328 2533 368 ex
2559 315 2745 369 multis
2767 314 2933 369 sectis
2956 314 3292 385 impietatem
3321 318 3570 373 emendi-

316 392 390 464 gii
428 391 473 447 Il
505 391 760 448 scribens
797 392 865 448 ad
906 394 1199 466 episcopos
1244 397 1432 462 lstriae,
1467 400 1661 455 eadem
1699 402 1895 457 tribuit

318 483 690 548 Theodoreto,
723 501 844 555 quze
866 486 1165 554 Mercator;
1191 504 1295 543 nec
1317 489 1508 544 eadem
1536 499 1769 559 tantum,
1796 493 1894 549 sed

308 575 515 631 ‘iisdem
540 576 706 630 etiam
741 576 958 643 verbis,
997 593 1120 648 quae
1143 594 1209 633 ex
1236 579 1555 637 Mercatoris
1588 598 1753 653 opere
1796 599 1894 640 ex-

319 668 562 738 scripsit.

389 759 555 816 XVll.
605 760 731 816 Scio
780 762 1068 818 Leontium
1112 774 1168 820 et
1212 775 1591 836 excerptorem
1628 786 1660 824 v
1702 769 1895 840 synodi

320 848 488 904 verba
514 850 630 905 haec
668 850 960 906 Theodoro
986 853 1369 923 Mopsuesteno
1395 855 1712 927 adjudicare
1751 876 1765 912 :
1796 874 1894 914 ve-

318 952 443 991 rum
470 938 609 993 nihil
644 938 937 995 admodum
971 950 1075 1006 est,
1100 942 1247 1012 quod
1277 944 1400 1013 quis
1423 945 1677 1011 miretur,
1708 947 1894 1002 Theo-

317 1030 572 1085 doretum
603 1046 670 1084 ex
689 1030 982 1088 Theodoro
1015 1034 1222 1104 aliquid
1263 1036 1561 1107 accepisse,
1604 1047 1736 1095 tunc
1767 1055 1893 1096 cum

317 1119 627 1188 discipulus
683 1120 1004 1190 magistrum
1047 1121 1388 1189 defenderet,
1432 1127 1894 1195 quemadmodum

318 1211 372 1264 in
389 1208 818 1265 Commentariis
834 1212 1173 1267 Psalmorum
1191 1212 1565 1286 Chrysostomi
1586 1220 1754 1274 verba
1772 1235 1897 1274 sen-

319 1302 631 1371 tentiasque
657 1310 959 1358 mutuatur.
979 1304 1138 1370 Vide,
1163 1321 1289 1375 qua:
1306 1307 1549 1364 diximus
1573 1309 1639 1365 ad
1662 1310 1893 1365 citatum

317 1404 640 1464 excerptum
682 1394 739 1450 in
771 1397 1079 1466 posteriore
1107 1407 1261 1468 parte
1292 1399 1535 1470 Operum
1564 1402 1718 1456 Marii
1750 1403 1892 1457 Mer-

315 1486 546 1549 ratoris,
574 1502 806 1557 quaeque
839 1488 894 1542 in
928 1490 1249 1545 recensione
1271 1489 1804 1547 Commentariorum
1836 1493 1894 1547 in

316 1575 589 1630 l’salmos.

1998 412 2212 469 carum,
2248 414 2304 460 et
2332 406 2472 461 hanc
2497 407 2863 477 perniciosam
2897 408 3131 463 heresin
3171 407 3589 471 conﬂaruntdr'

2065 494 2203 564 Ipsis
2227 494 2424 551 deinde
2451 496 2764 566 exprobrat,
2788 497 2934 566 quod
2955 495 3330 552 Orientalibus
3359 497 3571 553 calum~

1998 586 2143 639 niam
2175 593 2488 650 struerent;
2517 603 2641 641 nam
2672 598 2794 657 post
2809 588 2971 641 allata
2995 586 3308 642 testimonia
3331 585 3572 658 Athana-

1997 676 2086 740 sii,
2108 676 2203 746 qui
2236 676 2637 732 Alexandrinus
2662 678 2795 743 fuit;
2820 677 3069 749 Gregorii
3090 678 3440 743 Nazianzeni,
3473 680 3569 748 qui

1997 767 2308 834 Asiaticus;
2355 768 2652 832 Ambrosii,
2679 770 2773 839 qui
2817 769 2982 823 Italus
3023 787 3035 822 :
3075 776 3136 823 ut
3179 769 3375 839 reliqui
3420 768 3572 824 orbis

1998 858 2284 928 episcopos
2302 859 2571 923 laudaret,
2587 858 2947 915 Orientalium
2966 861 3081 914 sive
3102 860 3570 915 Antiochcnorum

2000 950 2253 1005 meminit
2286 950 2343 1005 in
2372 950 2490 1005 hac
2519 952 2689 1006 verba
2717 952 2759 982 "
2793 968 2807 1003 :
2842 969 2860 1001 ‹
2901 951 3030 1006 Post
3060 952 3162 1006 hos
3190 952 3446 1007 convenit
3473 953 3572 1006 do-

1999 1049 2181 1093 ctores
2206 1038 2514 1096 Orientales
2532 1041 2749 1096 audire.
2781 1039 2907 1095 llaec
2932 1042 3081 1095 enim
3110 1042 3271 1097 nobis
3304 1042 3417 1096 sola
3445 1055 3572 1110 pars

1999 1139 2173 1186 restat
2212 1146 2281 1185 ex
2321 1131 2456 1186 orbe
2500 1139 2795 1197 terrarum,
2835 1140 2890 1186 et
2919 1131 3152 1186 decebat
3185 1132 3288 1186 hos
3314 1132 3524 1199 primos
3557 1134 3573 1152 '

2000 1217 2375 1272 testimonium
2401 1217 2695 1287 perhibere
2719 1217 2961 1283 veritati,
2990 1218 3084 1287 qui
3110 1216 3416 1272 doctrinam
3443 1232 3575 1286 apo-

1997 1308 2247 1363 stolicam
2280 1308 2446 1378 primi
2487 1316 2617 1363 sunt
2643 1308 2881 1377 amplexi
2910 1324 2925 1361 :
2955 1307 3053 1362 sed
3082 1307 3341 1377 quoniam
3373 1306 3570 1361 adver-

1997 1411 2092 1452 sus
2121 1397 2517 1468 primogenitos
2538 1396 2759 1466 pietatis
2788 1396 2933 1451 ﬁlios
2956 1398 3172 1467 linguas
3189 1404 3404 1452 vestras
3422 1398 3574 1452 acui-

1997 1488 2120 1551 stis,
2145 1488 2418 1543 mendacii
2440 1495 2620 1543 cotem
2644 1486 2808 1558 39o
2836 1487 3184 1553 adhibentes,
3207 1486 3462 1542 ultimum
3491 1487 3575 1543 eis

1998 1580 2179 1635 locum
2228 1580 2502 1644 dedimus,
2550 1588 2629 1643 ut,
2678 1594 2804 1635 cum
2837 1579 2975 1634 alios
3023 1580 3179 1650 prius
3227 1579 3571 1645 audiveritis,

385 1666 576 1722 XVlil.
624 1668 703 1723 Ex
739 1668 846 1732 his,
893 1684 1014 1739 qua).
1048 1670 1319 1726 hactenus
1358 1671 1527 1742 389
1552 1672 1700 1727 dicta
1741 1680 1892 1739 sunt,
1927 1643 1971 1703 Β
1998 1670 2196 1726 horum
2220 1670 2423 1727 dehinc
2448 1643 2594 1725 dicta
2629 1672 2757 1723 cum
2790 1643 3209 1725 illorum-dictis
3244 1643 3572 1739 comparané

314 1766 533 1811 constat
581 1758 871 1814 Eranisten
927 1762 1303 1831 conscriptum
1342 1777 1463 1817 esse
1517 1771 1643 1819 ante
1689 1779 1894 1819 annum

313 1848 420 1902 448
451 1849 519 1915 ⁸⁸,
571 1865 682 1918 quo
717 1865 862 1905 anno
910 1852 1131 1921 scripsit
1172 1852 1556 1911 Tbeodoretus
1583 1857 1847 1914 Dioscoro
1878 1877 1891 1912 :

313 1940 595 2007 quomodo
618 1941 767 1994 enim
800 1942 870 1996 ad
902 1957 1041 2012 opus
1061 1942 1194 1998 illud
1219 1956 1573 2014 provocasset
1593 1962 1739 2002 anno
1764 1947 1890 2011 448,

313 2032 423 2085 nisi
470 2034 849 2103 pervulgatum
893 2041 1023 2088 tunc
1058 2043 1206 2090 esset
1230 2037 1395 2090 etiam
1440 2037 1497 2090 in
1528 2037 1799 2109 IEgypto?
1827 2038 1894 2092 Et

314 2122 593 2191 quomodo
632 2127 971 2193 pervenisset
1010 2127 1064 2181 in
1084 2127 1397 2199 zEgyptum,
1425 2130 1478 2183 in
1508 2144 1683 2200 caque
1723 2131 1892 2185 veluti

311 2214 693 2284 pervulgatum
723 2216 982 2285 quiddam
1037 2229 1339 2290 notumque
1368 2220 1684 2287 haberetur,
1714 2222 1760 2276 si
1784 2238 1892 2277 non

313 2315 477 2361 antea
521 2306 575 2361 in
604 2308 889 2377 publicum
938 2311 1273 2380 prodiisset?
1295 2311 1522 2367 Constat
1557 2314 1723 2369 etiam
1757 2329 1892 2370 con-

314 2399 582 2468 scriptum
614 2414 733 2455 esse
758 2410 881 2470 post
910 2401 1122 2456 obitum
1146 2402 1358 2475 Cyrilli,
1386 2408 1542 2476 cujus
1573 2406 1760 2476 utique
1793 2406 1890 2462 de-

315 2488 490 2543 functi
531 2490 903 2545 testimonium
940 2493 1172 2547 ati‘crtur
1229 2494 1445 2566 dialogo
1481 2496 1744 2551 secundo.
1789 2498 1894 2553 De-

316 2579 515 2646 functi,
566 2581 820 2651 inquam,
872 2583 1001 2653 quia
1064 2585 1300 2641 viventis
1338 2587 1545 2642 nullius
1595 2589 1894 2643 auctoritas

318 2669 633 2725 adhibetur.
663 2672 1044 2744 Conscriptum
1074 2675 1240 2746 igitur
1271 2692 1391 2732 esse
1424 2685 1642 2746 oportet
1669 2693 1737 2733 eo
1759 2687 1895 2732 tem-

319 2762 473 2830 poris
503 2763 812 2830 intervallo,
854 2764 999 2833 quod
1027 2765 1095 2819 ab
1129 2781 1273 2820 anno
1312 2766 1417 2821 444
1444 2767 1513 2821 ad
1552 2782 1756 2823 annum
1789 2767 1894 2823 448

319 2852 647 2908 interﬂuxit.

1998 1770 2101 1826 tes,
2129 1762 2484 1817 concordiam
2509 1759 2758 1815 omnium
2788 1760 3160 1826 admiremini,
3196 1768 3303 1815 etc.

2068 1853 2257 1908 Refert
2278 1867 2376 1907 eos
2398 1861 2588 1922 postea
2606 1850 2882 1906 Theodori
2904 1858 2961 1905 et
2980 1850 3201 1905 Diodori
3223 1857 3573 1905 accusatores

1994 1945 2188 2000 fuisse.
2239 1963 2257 1995 ι
2290 1943 2599 1998 Proferrem
2632 1942 2797 1997 etiam
2832 1942 2931 1998 tibi
2968 1941 3396 1996 fortissimorum
3424 1941 3570 1994 veri-

1996 2036 2124 2091 tatis
2146 2043 2612 2105 propugnatorum
2641 2033 2863 2088 Diodori
2888 2042 2945 2088 et
2959 2030 3236 2103 Theodori
3263 2032 3573 2087 enarratio-

1996 2144 2115 2192 nes,
2149 2127 2254 2182 nisi
2298 2127 2545 2182 viderem
2584 2141 2683 2180 vos
2711 2124 2924 2180 infenso
2976 2125 3032 2179 in
3070 2124 3173 2178 hos
3214 2122 3398 2177 animo
3424 2137 3569 2186 esse,

1995 2218 2437 2289 Apollinarisque
2476 2218 2533 2272 in
2563 2232 2660 2273 eos
2683 2216 2811 2271 odio
2844 2225 2899 2270 et
2925 2214 3322 2270 malevolentia:
3347 2229 3568 2270 succes-

1995 2313 2167 2378 sisse;
2198 2310 2434 2365 vidisses
2455 2310 2621 2364 etiam
2647 2309 2750 2364 hos
2788 2308 3005 2363 caeteris
3033 2305 3393 2362 consonantia
3422 2306 3562 2360 scri-

1994 2404 2190 2476 psisse,
2222 2412 2279 2459 et
2320 2418 2388 2457 ex
2430 2402 2620 2457 divino
2652 2400 2803 2455 fonte
2834 2400 3037 2455 tluenta
3084 2397 3356 2460 hausisse,
3390 2395 3565 2451 rivos-

1994 2510 2102 2565 que
2133 2502 2190 2549 et
2228 2494 2379 2563 ipsos
2425 2507 2644 2563 quoque
2685 2490 2922 2560 Spiritus
2971 2489 3289 2545 exstitisse:
3322 2485 3417 2541 sed
3465 2486 3568 2541 hos

1994 2585 2218 2656 quidem
2239 2585 2672 2655 praetermittam,
2697 2582 2825 2652 quia
2860 2580 3205 2652 implacabile
3231 2577 3434 2633 bellum
3467 2576 3568 2631 ad-

1994 2693 2188 2734 versus
2217 2692 2314 2732 eos
2336 2666 2658 2746 suscepistis
2692 2674 2756 2728 υ.
2798 2694 2816 2726 ι

2065 2768 2218 2823 Facit
2236 2768 2399 2821 etiam
2427 2774 2595 2821 testes
2618 2763 2953 2835 Apollinaris
2972 2769 3292 2816 sectatores.
3322 2778 3340 2810 ‹
3379 2758 3484 2814 Sed
3512 2767 3571 2814 et

1994 2874 2095 2930 ego
2134 2857 2233 2912 tibi
2275 2872 2471 2911 rursus
2511 2856 2856 2924 inopinatum
2895 2852 3181 2923 applicabo
3228 2849 3567 2915 remedium;

390 2943 535 3000 XIX.
562 2945 668 3000 Sed
711 2962 820 3016 quo
865 2946 1087 3001 deﬁnite
1133 2951 1422 3019 tempore?
1463 2950 1547 3005 An
1583 2953 1769 3027 statim
1820 2952 1890 3007 ab
1920 2972 1962 3030 ο
1996 2966 2166 3005 unum
2193 2949 2340 3004 enim
2369 2946 2712 3002 admirabilis
2743 2954 2941 3000 vestrae
2983 2944 3259 2998 haereseos
3287 2941 3570 2997 doctorem

318 3036 474 3091 obitu
500 3035 725 3108 Cyrilli?
767 3038 1010 3107 Epistola
1036 3047 1184 3094 certe
1221 3047 1353 3095 tunc
1382 3042 1586 3111 scripta
1630 3043 1699 3097 ad
1730 3043 1893 3097 Dom-

317 3145 472 3193 num,
505 3129 823 3200 concioque.
847 3130 1150 3186 Antiochiae
1191 3146 1376 3187 coram
1419 3133 1616 3188 eodem
1658 3135 1892 3204 praesule

319 3221 528 3286 habita,
561 3223 615 3276 in
638 3236 757 3275 eam
782 3223 1154 3293 conjecturam
1186 3223 1430 3277 animum
1451 3238 1563 3278 non
1586 3224 1781 3279 leviter
1807 3225 1893 3279 in-

317 3312 525 3365 clinant
567 3320 791 3381 propter
835 3314 1140 3383 argumenti
1187 3314 1601 3369 similitudinem
1645 3333 1658 3368 :
1700 3330 1893 3371 verum

318 3403 666 3472 imperatoris
705 3404 902 3470 verba,
962 3406 1468 3477 monachorumque
1519 3407 1789 3475 historia,
1836 3420 1893 3466 et

317 3509 440 3562 qua:
462 3492 607 3547 dicta
631 3504 778 3559 sunt,
808 3508 922 3548 rem
954 3495 1223 3550 conﬁcere
1245 3496 1524 3564 videntur,
1557 3507 1721 3571 atque
1754 3501 1893 3557 adeo

318 3584 572 3650 suadere,
624 3583 678 3639 id
718 3585 900 3655 operis
931 3601 962 3640 a
983 3585 1329 3643 Theodoreto
1361 3588 1619 3644 eﬁctum
1671 3590 1894 3646 circiter

318 3691 526 3731 annum
574 3677 700 3743 446,
740 3686 1027 3749 postquam
1081 3680 1150 3734 ab
1197 3680 1530 3751 imperatore
1567 3683 1757 3753 jussus
1806 3693 1892 3740 est

315 3767 444 3838 Cyri
481 3767 683 3824 ﬁnibus
723 3785 783 3824 se
819 3770 1120 3825 continere.
1163 3771 1359 3827 Iussus
1398 3780 1484 3828 est
1535 3784 1720 3830 autem
1749 3792 1895 3831 anno

319 3860 444 3924 445,
474 3872 534 3916 ut
558 3860 868 3917 confectum
892 3870 1067 3918 estex
1102 3864 1262 3934 epist.
1288 3863 1350 3918 8|
1382 3865 1452 3920 ad
1485 3865 1721 3922 Nomum
1757 3883 1892 3923 con-

322 3949 524 4008 sulem.

383 4063 507 4131 XX,
534 4063 737 4119 Verum
760 4076 820 4120 ut
840 4065 1021 4120 adhuc
1042 4065 1260 4135 planius
1284 4067 1635 4139 intelligatur,
1659 4068 1805 4137 quod
1827 4067 1895 4122 de

319 4167 569 4228 tempore
593 4155 1019 4226 conscriptionis
1051 4156 1258 4212 dictum
1288 4165 1392 4224 est,
1421 4158 1699 4228 inquirere
1730 4159 1893 4228 paulo

318 4245 641 4320 diligentius
696 4253 932 4316 oportet,
997 4262 1101 4316 qua
1166 4247 1453 4302 occasione
1510 4247 1895 4303 Tbeodoretus

321 4338 571 4411 Dialogos
590 4338 846 4393 ediderit.
879 4338 935 4393 ld
955 4355 1105 4404 vero,
1136 4350 1194 4393 ut
1218 4338 1329 4403 ﬁat,
1359 4339 1764 4394 observandum
1785 4349 1890 4404 est,

319 4447 459 4501 quos
489 4431 596 4487 sibi
621 4431 964 4486 adversarios
990 4431 1391 4502 impugnandos
1426 4440 1698 4502 proponat
1726 4450 1738 4487 :
1776 4433 1894 4489 suis

316 4525 466 4579 enim
487 4524 636 4595 ipsos
661 4540 772 4579 non
800 4540 909 4579 uno
940 4526 1060 4580 loco
1085 4525 1497 4581 characteribus
1520 4524 1787 4597 depingit.

385 4616 454 4670 Et
479 4615 653 4685 primo
688 4616 908 4686 quidem
935 4616 991 4670 in
1022 4617 1348 4673 Praefatione
1378 4619 1474 4683 ait,
1510 4618 1679 4673 fuisse
1711 4620 1892 4673 homi-

320 4721 423 4760 nes
453 4706 659 4762 nullius
695 4707 956 4773 nominis,
985 4708 1302 4780 similesque
1331 4718 1386 4764 et
1418 4710 1727 4766 Alexandro
1755 4728 1894 4768 aera-

321 4801 430 4863 rio,
466 4801 559 4868 qui
593 4801 840 4869 apostolo
880 4800 1080 4865 Paulo;
1117 4810 1174 4855 et
1207 4801 1409 4866 Semei,
1459 4803 1553 4871 qui
1583 4803 1810 4870 Davidi;
1842 4813 1898 4859 ct

318 4892 545 4957 Mancti,
577 4893 669 4962 qui
704 4892 983 4955 Ecclesiae,
1023 4901 1251 4962 propter
1284 4908 1438 4947 vanae
1468 4893 1653 4963 gloriae
1677 4894 1895 4964 cupidi-

322 4988 511 5046 tatem,
562 4981 844 5052 negotium
887 4980 1185 5036 t‘acessivit.
1239 4999 1257 5032 ‹
1295 4981 1408 5035 lloc
1447 4981 1648 5051 ipsum,
1692 4983 1893 5053 inquit,

322 5072 573 5127 nonnulli
596 5087 743 5127 nunc
767 5087 986 5142 quoque
1018 5073 1248 5138 faciunt,
1284 5073 1377 5143 qui
1397 5075 1760 5143 expetendam
1783 5077 1899 5131 vir-

323 5163 457 5217 tutis
489 5162 718 5233 gloriam
748 5172 974 5233 propter
997 5163 1346 5233 labores,qui
1374 5164 1519 5219 illam
1555 5167 1897 5236 prtecedunt,

323 5251 617 5323 fugientes,
657 5254 1027 5323 turpissimam
1070 5262 1127 5309 et
1156 5254 1522 5309 miserrimam
1562 5256 1667 5310 sibi
1701 5256 1900 5311 famam

323 5359 591 5416 peperere
630 5363 643 5398 :
693 5360 816 5399 cum
846 5345 994 5400 enim
1034 5362 1302 5402 novorum
1331 5346 1645 5417 dogmatnm
1682 5349 1899 5418 patroni

1994 3040 2397 3112 Apollinarium
2420 3039 2477 3093 in
2509 3038 2752 3092 medium
2788 3035 3077 3099 adducam,
3105 3041 3162 3089 et
3180 3048 3291 3087 non
3317 3033 3476 3087 aliter
3508 3047 3572 3087 ac

1995 3133 2168 3189 sancti
2208 3133 2419 3197 Patres,
2463 3128 2685 3185 Verbum
2715 3143 2840 3182 caro
2873 3126 3070 3196 factum
3104 3132 3200 3201 est,
3236 3123 3571 3179 intellexisse

1994 3225 2282 3281 ostendam
2317 3224 2382 3278 “.
2415 3242 2434 3275 ι

2062 3318 2171 3372 Eos
2208 3315 2426 3371 tandem
2448 3312 2619 3369 veluti
2656 3312 2794 3376 Arii,
2817 3326 2925 3381 qua
2957 3317 3111 3380 parte
3135 3323 3262 3365 cum
3293 3306 3572 3377 Apollina-

1995 3410 2078 3465 rio
2111 3409 2407 3471 consentit,
2445 3405 2747 3476 discipulos
2784 3402 3106 3473 alloquitur.
3166 3399 3303 3456 Nam
3333 3405 3456 3468 post
3488 3397 3571 3452 ci-

1997 3509 2167 3557 tatum
2214 3500 2440 3557 Eusebii
2496 3497 2739 3555 Emiseni
2800 3511 2902 3567 pro
2951 3492 3356 3564 impatibilitate
3406 3488 3572 3545 Verbi

1996 3594 2370 3650 testimonium
2403 3610 2416 3646 :
2456 3610 2474 3643 ‹
2512 3589 2712 3646 Vidisti
2735 3588 2924 3649 etiam,
2953 3584 3133 3655 inquit
3159 3583 3229 3649 ⁵⁸,
3255 3582 3421 3637 aliam
3452 3595 3569 3634 ma-

1995 3688 2293 3759 gistrorum
2330 3691 2642 3739 vestrorum
2683 3681 2935 3744 classem,
2979 3692 3010 3731 a
3044 3691 3152 3746 qua
3201 3687 3415 3744 passam
3449 3683 3573 3725 esse

1995 3776 2275 3849 Unigeniti
2305 3775 2653 3831 divinitatem
2690 3771 2949 3826 didicisse
2993 3784 3096 3823 nos
3130 3765 3394 3838 putastis,
3429 3763 3572 3818 hanc

1996 3869 2395 3939 blasphemiam
2430 3865 2732 3929 exsecrari,
2754 3872 2811 3919 et
2838 3861 3184 3917 divinitatem
3212 3854 3570 3928 impatibilem

1995 3961 2316 4031 praedicare,
2362 3965 2420 4013 et
2467 3970 2682 4019 eorum,
2721 3953 2816 4024 qui
2856 3951 3166 4023 passionem
3210 3948 3288 4035 illi
3330 3946 3573 4001 tribuere

1998 4050 2226 4116 audent,
2260 4055 2536 4104 catervam
2561 4044 2851 4112 dissipare.
2883 4060 2901 4091 ›

2064 4159 2478 4218 Observandum
2503 4156 2730 4227 pariter,
2756 4168 2895 4223 quos
2917 4169 3111 4224 passus
3137 4152 3209 4208 sit
3233 4152 3348 4221 ipse
3372 4149 3570 4205 adver-

1997 4254 2200 4316 sarios,
2236 4250 2461 4313 eosdem
2495 4263 2692 4317 nempe
2739 4261 2878 4317 quos
2924 4244 3195 4300 Diodorus
3227 4252 3284 4299 et
3316 4240 3573 4296 Theodo-

1929 4310 1969 4364 θ
1999 4360 2113 4398 rus.
2163 4310 2223 4397 Id
2265 4312 2484 4396 constat
2510 4354 2578 4393 ex
2610 4310 2871 4408 peric-ope
2906 4334 3153 4407 epistola:
3190 4332 3258 4387 ad
3284 4332 3570 4394 Irenaeum,

2001 4437 2158 4507 cujus
2183 4442 2343 4489 antea
2367 4431 2573 4487 mentio
2591 4430 2734 4485 facta
2761 4436 2866 4485 est.

2074 4527 2215 4584 XXI.
2248 4526 2329 4581 Ex
2360 4525 2448 4580 his
2475 4523 2732 4595 colligere
2765 4520 2901 4575 mihi
2940 4534 3101 4591 posse
3137 4517 3348 4581 videor,
3375 4513 3571 4569 adver-

2002 4621 2177 4677 sarios
2199 4633 2337 4689 quos
2364 4614 2760 4687 oppugnandos
2780 4612 2886 4667 sibi
2905 4612 3153 4683 opponit,
3175 4609 3345 4664 fuisse
3373 4606 3428 4661 in
3445 4621 3572 4677 spc-

2000 4714 2141 4770 cicm
2175 4709 2493 4773 monachos,
2516 4707 2632 4763 sive
2657 4720 2797 4776 quos
2826 4703 3096 4759 Armenes
3127 4699 3378 4756 meminit
3404 4695 3570 4751 Libe-

2000 4814 2173 4868 ratus,
2221 4802 2336 4856 sive
2374 4800 2471 4870 qui
2505 4798 2843 4853 Phoenicium
2887 4792 3341 4860 Palaestinamque
3383 4795 3572 4858 postea

2001 4895 2419 4951 commoverunt
2468 4906 2480 4941 :
2517 4902 2646 4941 nam
2691 4896 2747 4941 et
2781 4883 3008 4940 obscuri
3040 4880 3280 4936 nominis
3309 4878 3572 4942 fuerunt;

1999 4994 2056 5041 et
2094 4981 2467 5040 Orientalibus
2501 4976 2777 5049 episcopis
2814 4974 3147 5030 calumniam
3187 4970 3474 5034 fecerunt;
3519 4975 3577 5023 et

2001 5075 2231 5134 Diodori
2270 5071 2658 5140 Theodorique
2701 5068 2903 5138 scripta
2960 5066 3114 5121 velut
3154 5062 3412 5119 haeretica
3457 5067 3575 5116 tra-

2003 5169 2301 5232 duxerunt,
2327 5172 2384 5219 et
2399 5158 2725 5233 Apollinarii
2746 5158 2975 5228 Ariique
3004 5165 3189 5228 partes
3213 5151 3389 5210 secuti
3411 5157 3574 5215 sunt;

2001 5263 2059 5310 et
2086 5254 2141 5309 in
2180 5253 2318 5307 urbe
2344 5250 2495 5321 regia
2539 5247 2824 5318 Eutychen
2874 5260 2999 5301 cum
3045 5244 3164 5299 suis
3205 5241 3489 5297 monachis
3518 5240 3576 5295 in

2002 5362 2251 5405 errorem
2292 5343 2666 5415 impulerunt;
2713 5349 2768 5395 ct
2817 5339 3165 5395 Theodorcto
3207 5338 3424 5407 lbaeque
3476 5350 3575 5404 per

1662 5505 1981 5563 SCHULZII
2017 5502 2261 5562 NOTAE:

394 5598 965 5671 f‘fﬁAnteannumﬂ-i‘tti
996 5602 1230 5670 scriptus
1254 5601 1455 5671 dicitur
1476 5616 1660 5670 supra,
1691 5618 1743 5671 p.
1767 5602 1891 5660 206.
1916 5603 2038 5661 Vid.
2071 5608 2248 5657 tamen
2268 5614 2322 5669 ῃ.
2342 5597 2465 5653 5'29.

328 5676 368 5723 t.
394 5669 481 5736 Ν,
507 5684 562 5742 p.
596 5669 686 5724 48.
763 5667 807 5699 ⁸³
833 5668 991 5735 ΠΜ,
1020 5687 1075 5742 p.
1107 5667 1201 5727 '70.
1281 5670 1321 5703 ""
1347 5669 1508 5738 Ibid.,
1630 5667 1753 5729 '26").

2575 5595 2614 5625 δ’
2646 5592 2768 5649 Vid.
2804 5601 2840 5648 t.
2870 5592 2955 5657 IV,
2991 5608 3043 5662 p.
3076 5592 3141 5646 45
3172 5605 3288 5660 seq.
3383 5588 3424 5619 ‘i
3453 5586 3573 5643 Vid.
