3952 6294
428 212 530 274 339

1520 208 1896 271 GARNERII
1937 206 2436 268 DISSERTATIO
2475 209 2534 267 II

3577 200 3694 265 340

433 318 716 390 Eutychen
739 317 1066 391 Chrysaphii
1095 317 1332 388 suscepti
1365 317 1449 371 sui
1485 317 1734 388 potentia
1766 317 2001 372 abuten-
2033 317 2074 372 A
2106 315 2492 370 ecclesiastica
2525 311 2770 368 historiae
2789 311 3122 382 colliguntur
3142 309 3297 365 utilia
3326 308 3431 364 ista
3457 308 3499 340 "
3523 309 3693 380 quin-

432 422 563 476 tem,
591 411 930 480 clericosque
963 409 1232 465 Osroenes
1264 409 1579 478 provinciae,
1612 409 1889 480 negotium
1921 407 2003 463 fe-

431 513 646 562 cerunt.
677 505 788 560 l-Ios
817 517 950 572 ergo
971 501 1025 554 in
1047 516 1286 562 secessu,
1314 515 1438 554 cum
1460 515 1604 570 aeger
1629 501 1850 557 animus
1873 515 2004 555 con-

431 610 670 666 coquere
723 607 834 646 non
886 601 1072 660 posset
1120 590 1375 660 injuriam
1440 605 1605 658 quam
1653 588 2004 643 continenter

432 688 681 741 versabat
716 683 910 738 avidus
933 681 1199 746 ultionis;
1229 681 1348 745 hos,
1395 681 1641 750 inquam,
1682 679 1834 734 velut
1876 677 2000 733 ﬁdei

430 781 634 842 hostes,
666 777 888 831 fallente
923 775 1060 839 zelo,
1098 773 1466 844 proﬁigandos
1495 772 1756 842 suscepit.

501 868 662 924 XXII.
679 866 969 922 Eranisten
993 865 1162 935 igitur
1181 862 1484 918 elaboravit
1507 871 1756 931 tempore
1772 860 2001 915 manda-

431 971 544 1013 tum
590 955 943 1026 imperatoris
977 969 1102 1008 mox
1131 961 1416 1022 sequente,
1456 951 1511 1006 id
1547 960 1650 1015 est,
1695 965 1843 1005 anno
1874 949 1998 1004 446.

426 1047 761 1110 Elaboravit,
812 1046 1069 1114 inquam;
1096 1058 1222 1097 nam
1261 1049 1374 1096 tota
1413 1057 1548 1096 usus
1591 1049 1676 1095 est
1715 1040 1768 1093 vi
1802 1039 2002 1095 mentis

427 1155 560 1204 sum,
601 1147 845 1206 totaque,
873 1151 980 1206 qua
1002 1134 1219 1189 valebat
1244 1133 1565 1203 plurimum,
1597 1142 1715 1187 arte
1741 1131 1806 1185 ad
1833 1132 2003 1185 lecto-

429 1247 551 1286 rum
592 1230 805 1284 animos
841 1227 995 1281 suavi
1050 1225 1285 1296 quadam
1320 1224 1578 1294 facilique
1633 1223 2001 1278 collocutionc

426 1320 605 1390 primo
653 1316 808 1386 quasi
856 1313 1223 1376 fascinandos,
1272 1311 1470 1366 deinde
1519 1312 1634 1367 suis
1674 1309 2002 1382 syllogismis

428 1407 824 1479 illaqueandos,
864 1416 925 1460 ut
961 1405 1065 1460 sibi
1101 1404 1448 1467 viderentur,
1491 1403 1548 1456 in
1602 1412 1784 1472 partes
1826 1402 1998 1456 collo-

425 1509 658 1572 quentes
696 1515 805 1554 non
837 1500 1014 1554 aliena
1065 1497 1278 1552 ratione
1329 1495 1478 1560 duci,
1528 1495 1625 1550 sed
1666 1502 1859 1565 sponte
1899 1510 1998 1549 sua

425 1594 633 1650 venire.

495 1683 652 1754 391
692 1681 882 1736 XXIII.
922 1679 1117 1750 Operis
1155 1694 1322 1749 porro
1354 1678 1541 1742 totius,
1579 1676 1725 1746 quod
1769 1676 1998 1747 dialogis
2032 1658 2074 1713 Β

427 1774 604 1829 tribus
635 1780 692 1826 et
720 1787 831 1825 uno
859 1769 1301 1841 syllogismorum
1340 1767 1485 1822 libro
1513 1766 1844 1829 absolvitur,
1881 1765 1998 1820 haec

423 1874 530 1927 est,
571 1873 632 1918 ut
656 1865 766 1934 jam
812 1878 877 1916 ex
911 1871 1064 1930 parte
1111 1860 1318 1915 dictum
1359 1867 1465 1921 est,
1496 1857 1810 1912 methodus.
1858 1856 1995 1911 Cum

427 1955 531 2008 tria
551 1953 655 2008 sibi
677 1952 929 2022 dogmata
950 1949 1346 2020 proposuisset,
1369 1963 1476 2001 non
1501 1944 1780 2016 probanda
1812 1943 1994 2008 modo,

423 2042 520 2098 sed
548 2042 736 2106 etiam,
772 2049 833 2094 ut
863 2040 978 2109 ipse
1008 2039 1230 2108 quidem
1261 2039 1526 2108 loquitur,
1547 2035 1993 2099 demonstranda,

423 2133 493 2188 de
529 2131 696 2186 Verbi
741 2127 1207 2193 immutabilitatc,
1249 2127 1317 2181 de
1350 2125 1637 2181 inconfusa
1675 2133 1995 2178 naturarum

423 2220 648 2285 unione,
670 2229 726 2275 et
745 2218 1180 2289 impassibilitate
1210 2217 1535 2281 divinitatis,
1569 2216 1782 2285 singula
1806 2215 1995 2284 singu-

421 2312 492 2367 lis
516 2310 748 2380 dialogis
774 2310 987 2363 ratione
1014 2308 1280 2377 primum,
1322 2306 1523 2360 deinde
1547 2306 1772 2360 Patrum
1804 2311 1995 2358 aucto-

423 2404 585 2458 ritate
626 2401 948 2464 conﬁrmat,
988 2408 1050 2454 ut
1091 2414 1202 2452 non
1245 2405 1354 2451 tam
1398 2412 1572 2460 suam,
1617 2411 1780 2466 quam
1829 2394 1998 2450 totius

419 2495 573 2550 orbis
624 2492 922 2550 Christiani
993 2491 1300 2547 doctrinam
1351 2488 1570 2543 tradere
1633 2487 1888 2541 videatur
1925 2486 1991 2539 δ’.

418 2585 610 2642 Patres
641 2585 787 2639 enim
822 2574 1098 2654 producit,
1135 2581 1229 2652 qui
1262 2595 1454 2635 omnes
1485 2578 1673 2633 mundi
1706 2587 1889 2647 partes
1926 2577 1993 2631 il-

419 2679 747 2741 lustrarunt,
767 2676 968 2745 quibus
985 2676 1163 2744 ipsum
1189 2673 1356 2728 etiam
1376 2670 1775 2742 Apollinarium
1801 2668 1994 2723 adver-

418 2770 688 2825 sariorum
727 2768 1052 2839 magistrum
1093 2765 1246 2820 addit
1293 2782 1307 2818 :
1340 2764 1578 2834 denique
1613 2761 1759 2832 quod
1801 2761 1992 2815 fusiori

417 2859 665 2914 oratione
709 2858 766 2914 in
812 2857 1044 2928 dialogis
1091 2855 1462 2920 disseruerat,
1523 2852 1800 2908 contrahit
1849 2852 1992 2906 libro

2106 419 2213 474 que
2254 422 2265 456 :

2173 495 2224 548 1.
2275 494 2396 548 Non
2449 508 2609 563 posse
2651 489 2875 546 defendi
2921 490 3241 560 opinionem
3290 488 3538 555 Baronii,
3589 487 3691 558 qui

2103 587 2322 641 videtur
2346 585 2576 650 sentire,
2601 584 2657 639 id
2682 582 2867 653 operis
2898 581 3114 637 editum
3139 581 3311 636 fuisse
3338 590 3465 650 post
3495 579 3690 634 conci—

2103 676 2234 730 lium
2264 673 2730 737 Chalcedonense,
2770 687 2914 726 anno
2945 669 3043 724 451
3078 669 3436 724 celebratum.

2172 767 2225 820 2.
2273 767 2393 820 Non
2441 765 2764 828 audiendos,
2812 764 2909 834 qui
2949 770 3167 833 putant,
3213 775 3405 815 veram
3448 775 3517 814 ex
3562 757 3690 814 istis

2103 861 2258 914 libris
2280 859 2542 929 Eutycbis
2572 857 2901 912 sententiam
2937 854 3169 926 intelligi
3199 854 3428 917 debere,
3469 868 3597 908 cum
3627 853 3686 906 in

2103 952 2237 1021 ipsis
2262 951 2413 1005 aliud
2446 951 2560 1005 fere
2597 951 2736 1004 nihil
2765 949 3152 1004 Theodoretus
3180 946 3496 1001 adversario
3536 945 3686 1015 obji-

2104 1044 2230 1108 eiat,
2263 1059 2425 1113 quam
2452 1041 2600 1112 quod
2633 1041 2764 1096 olim
2785 1039 3009 1112 Cyrillo,
3027 1038 3141 1093 sive
3167 1037 3220 1091 in
3245 1037 3683 1107 reprehensione

2103 1133 2342 1202 capitum
2377 1132 2493 1188 sive
2528 1131 2583 1186 in
2617 1132 2741 1186 aliis
2774 1129 3004 1200 scriptis.
3032 1128 3167 1182 vitio
3200 1127 3449 1182 verterit.

2171 1224 2205 1278 5
2236 1224 2301 1276 ⁸⁸.
2347 1225 2468 1279 Non
2525 1223 2862 1278 audiendum
2917 1220 3124 1291 pariter
3181 1217 3532 1275 Gennadium
3585 1217 3682 1286 qui

2101 1317 2306 1386 scripta
2356 1317 2468 1381 illa,
2519 1332 2640 1386 qua:
2680 1324 2841 1370 vocat
2875 1314 3058 1378 fortia,
3095 1313 3364 1368 adversus
3396 1312 3682 1382 Eutychen

2100 1407 2268 1463 fuisse
2301 1409 2510 1463 tradit:
2534 1424 2658 1463 cum
2698 1408 2844 1462 enim
2875 1406 3192 1471 ederentur,
3228 1406 3474 1460 nondum
3519 1405 3686 1460 deliri

2099 1501 2248 1556 senis
2275 1501 2549 1570 impietas,
2575 1515 2644 1555 ne
2676 1498 2839 1569 392
2863 1499 2918 1552 in
2952 1497 3072 1568 ipsa
3089 1496 3314 1566 quidem
3346 1496 3481 1550 urbe
3509 1496 3687 1565 regia,

2101 1592 2368 1662 patefacta
2405 1599 2554 1656 erat;
2606 1600 2757 1646 certe
2808 1591 2864 1644 in
2904 1589 3187 1659 publicum
3229 1604 3340 1641 non
3397 1587 3682 1657 prodierat

2101 1692 2228 1739 ante
2255 1691 2484 1738 mortem
2510 1683 2721 1748 Procli,
2746 1689 2802 1737 et
2829 1680 3231 1736 ordinationem
3269 1679 3537 1744 Flaviani,
3558 1695 3688 1750 quae

2099 1774 2326 1843 contigit
2349 1773 2452 1828 sub
2479 1772 2640 1826 ﬁnem
2671 1771 2800 1826 anni
2823 1769 2950 1826 446.

2166 1867 2218 1920 4.
2241 1866 2437 1919 Mirum
2463 1864 2518 1916 in
2539 1863 2762 1922 modum
2779 1861 2893 1916 falli
2928 1861 3186 1932 opinione
3207 1877 3312 1918 sua
3327 1859 3683 1915 Alhertinum-

2099 1955 2553 2023 Blondellumque
2581 1952 2954 2017 Calvinianos,
2999 1951 3092 2022 qui
3134 1967 3256 2022 qua
3292 1950 3686 2006 Theodoretus

2099 2045 2258 2099 aﬁert
2292 2043 2603 2098 testimonia
2641 2043 2887 2105 Patrum,
2930 2041 3122 2095 eadem
3161 2056 3284 2095 eum
3327 2040 3414 2103 iis,
3459 2056 3582 2110 quae
3621 2041 3680 2094 in

2098 2136 2319 2190 concilii
2340 2133 2966 2190 ChalcedonensisActis
2988 2133 3266 2203 leguntur,
3291 2132 3537 2202 subjecta
3561 2133 3677 2202 epi—

2095 2230 2250 2282 stolae
2281 2227 2455 2282 sancti
2483 2225 2684 2282 Leonis
2713 2225 2780 2279 ad
2817 2224 3157 2288 Flavianum,
3200 2239 3312 2278 non
3339 2223 3677 2277 erubescunt

2097 2317 2281 2371 dicere
2317 2335 2348 2370 a
2383 2315 2732 2370 Theodoreto
2763 2330 2830 2368 ex
2860 2313 3091 2382 epistola
3119 2312 3292 2366 sancti
3323 2311 3526 2366 Leonis
3552 2325 3678 2365 esse

2097 2419 2334 2478 sumpta.
2361 2409 2511 2463 Nihil
2537 2407 2683 2462 enim
2705 2406 2813 2460 dici
2835 2404 3019 2475 potuit
3052 2412 3148 2458 aut
3171 2403 3534 2474 ignorantius,
3573 2409 3672 2456 aut

2098 2500 2496 2570 impudentius.
2525 2499 2660 2554 Nam
2694 2498 2979 2553 Eranistes
3006 2504 3340 2566 pervagatus
3363 2504 3466 2559 est,
3503 2495 3676 2549 etiam

2096 2594 2153 2649 in
2175 2593 2489 2665 Egyptum,
2515 2600 2640 2647 ante
2669 2598 2992 2660 conceptam
3023 2588 3356 2657 missa-mque
3385 2586 3677 2656 epistolam

2095 2686 2269 2742 sancti
2291 2685 2514 2749 Leonis,
2541 2683 2744 2754 quippe
2765 2698 2891 2736 cum
2914 2681 3039 2736 data
3065 2681 3138 2736 sit
3167 2695 3312 2735 anno
3334 2679 3458 2743 449,
3485 2678 3675 2734 Idibus

2093 2776 2246 2840 Julii,
2269 2775 2490 2831 Asterio
2517 2784 2574 2830 et
2594 2776 2901 2845 Protogene
2931 2787 3077 2828 coss.
3107 2770 3672 2842 scriptusEranism,

2094 2884 2256 2939 quam
2287 2868 2620 2932 tardissime,
2658 2883 2803 2921 anno
2823 2867 2948 2922 446.

415 2957 612 3019 quarto
649 2949 704 3003 in
741 2947 1103 3020 syllogismos,
1126 2945 1330 3016 quibus
1357 2959 1472 3000 rem
1504 2944 1750 3010 omnino,
1787 2953 1847 2998 ut
1871 2943 1990 3014 qui-

2167 2959 2220 3014 5.
2249 2959 2534 3028 Nuperum
2565 2957 2836 3012 editorem
2854 2955 3096 3027 Operum
3125 2955 3302 3010 sancti
3333 2955 3534 3011 Leonis
3561 2955 3672 3009 im-

415 3041 538 3095 dem
573 3040 676 3094 sibi
710 3039 932 3095 videtur
958 3053 1138 3108 posse,
1171 3035 1446 3092 conﬁciat.

487 3130 674 3187 XXIV.
725 3131 876 3186 Inter
908 3129 1316 3184 ecclesiasticos
1357 3135 1708 3192 tractatores,
1747 3140 1986 3194 quorum

413 3224 737 3278 auctoritate
763 3215 959 3286 utitur,
999 3222 1302 3276 Diodorum
1332 3219 1659 3275 Tarsensem
1681 3259 1694 3281 ,
1729 3217 1986 3271 Theodo-

415 3329 648 3383 rumque
687 3312 1130 3382 Mopsuestenum
1167 3327 1279 3365 non
1321 3313 1602 3372 recenset,
1637 3307 1888 3377 quamvis
1931 3315 1987 3361 et

415 3403 663 3460 celebres
706 3411 894 3458 essent
936 3417 1002 3457 ea
1048 3410 1396 3472 tempestate,
1437 3407 1492 3454 et
1517 3413 1614 3453 eos
1651 3397 1768 3468 ipse
1809 3397 1984 3467 magi-

412 3513 650 3561 strorum
681 3505 802 3559 loco
831 3504 1080 3560 haberet.
1115 3502 1264 3558 Facti
1298 3516 1490 3556 causas
1529 3498 1711 3564 alicrt,
1748 3509 1810 3554 ut
1839 3499 1985 3553 dixi-

413 3613 556 3661 mus,
587 3597 643 3650 in
669 3595 887 3666 dialogo
913 3595 967 3660 l,
998 3605 1054 3649 et
1075 3593 1237 3664 epist.
1271 3593 1337 3647 16
1358 3592 1424 3646 ad
1456 3592 1720 3646 Irenaeum
1744 3590 1984 3662 idipsum

413 3688 704 3743 mirantem
732 3687 797 3740 ".
1485 3670 1488 3672 ⁷

480 3779 645 3836 XXV.
675 3779 755 3834 Ex
779 3778 977 3848 quibus
1005 3778 1208 3832 litteris
1242 3777 1464 3849 atl‘ulget
1489 3778 1605 3843 lux,
1634 3777 1691 3831 in
1727 3793 1834 3848 qua
1869 3793 1980 3831 non

407 3885 472 3924 ea
495 3878 726 3934 tantum,
741 3885 863 3939 quae
881 3868 1138 3935 diximus,
1157 3868 1392 3924 clariora
1408 3868 1559 3935 ﬁant,
1583 3869 1678 3925 sed
1699 3869 1805 3924 alia
1827 3884 1979 3938 quae-

407 3960 533 4015 dam
557 3961 865 4026 videantur,
890 3969 947 4016 et
965 3960 1186 4031 quidem
1203 3960 1366 4032 digna
1398 3961 1563 4016 scitu.
1589 3961 1643 4016 l°
1662 3960 1978 4032 Apologiam

408 4067 505 4120 pro
545 4049 774 4105 Diodoro
820 4058 878 4106 et
911 4050 1176 4106 Theodoro
1225 4051 1488 4122 scriptam
1531 4066 1654 4107 esse
1687 4061 1815 4107 ante
1849 4050 1984 4106 Era-

407 4141 612 4196 nisten.
668 4141 725 4196 2°
765 4141 960 4198 Editos
999 4157 1120 4198 esse
1151 4141 1402 4215 Dialogos
1445 4151 1573 4200 ante
1620 4143 1896 4214 deiectum
1947 4158 1980 4198 e

406 4231 537 4288 sede
558 4232 846 4298 Irenaeum,
865 4234 961 4304 qui
983 4233 1228 4306 dejectus
1242 4244 1481 4291 estanno
1503 4233 1626 4290 448.
1654 4234 1978 4290 5°Occasio-

2095 3052 2398 3122 prudenter
2419 3051 2713 3107 adhaesisse
2733 3051 3047 3107 Calvinistis
3079 3050 3200 3106 istis
3226 3049 3464 3114 duobus,
3496 3057 3554 3104 et
3576 3065 3672 3104 se-

2093 3143 2335 3198 cundum
2358 3157 2454 3198 eos
2477 3142 2804 3197 sententiam
2833 3141 3063 3205 dixisse,
3097 3147 3159 3195 ut
3181 3155 3268 3194 me
3299 3139 3585 3194 damnaret
3610 3139 3671 3194 in

2091 3235 2240 3289 notis
2271 3233 2339 3288 ad
2368 3250 2407 3288 ιι
2429 3241 2640 3304 partem
2663 3215 2918 3303 Operum'
2936 3231 3091 3287 Marii
3129 3230 3448 3285 Mercatoris
3485 3229 3668 3285 obiter

2092 3326 2180 3381 his
2213 3325 2281 3381 de
2300 3323 2632 3380 testimoniis
2652 3324 2917 3379 locutum.
2945 3321 3120 3388 Quam
3145 3320 3427 3376 immerito
3455 3319 3512 3374 id
3540 3335 3668 3391 ege-

2092 3420 2186 3482 rit,
2213 3418 2463 3473 dicemus
2491 3415 2594 3470 sub
2624 3414 2787 3470 linem
2817 3415 2886 3468 δ’.

2162 3509 2373 3565 XXVII.
2409 3508 2705 3576 Postquam
2750 3505 2960 3562 dictum
3004 3505 3073 3561 de
3114 3513 3360 3575 tempore
3396 3512 3454 3560 et
3482 3503 3666 3559 causis

2089 3597 2432 3670 Polymorphi
2450 3611 2547 3650 seu
2569 3598 2854 3659 Eranistaz,
2890 3596 3140 3666 sequitur
3167 3596 3450 3664 deinceps,
3482 3606 3544 3649 ut
3578 3594 3663 3648 in-

2090 3689 2366 3750 dicentur,
2394 3702 2517 3755 quae
2538 3685 2882 3740 observanda
2902 3687 2958 3741 in
2985 3687 3072 3741 his
3095 3685 3325 3755 dialogis
3348 3684 3663 3758 videantur.
3696 3677 3711 3686 “

2090 3781 2230 3835 Sunt
2259 3787 2440 3834 autem
2468 3779 2572 3833 ista
2599 3779 2874 3849 praecipue
2901 3789 3112 3850 septem

2154 3871 2196 3925 I.
2229 3869 2613 3926 Theodoretus
2656 3885 2766 3926 non
2809 3871 3074 3940 postulat,
3119 3872 3234 3927 sive
3293 3887 3419 3927 eum
3466 3870 3664 3926 scribit

2088 3962 2256 4018 Leoni
2289 3960 2557 4033 pontiﬁci,
2575 3963 2690 4017 sive
2718 3977 2842 4017 cum
2865 3962 3076 4017 Renato
3100 3963 3443 4033 presbytero,
3467 3977 3536 4016 ex
3558 3962 3663 4016 hoc

2088 4053 2520 4127 librojudicium
2545 4053 2614 4110 de
2650 4069 2748 4110 sua
2786 4053 2894 4110 ﬁde
2929 4055 3176 4111 exerceri
3211 4072 3227 4109 :
3260 4062 3475 4126 poterat
3513 4053 3668 4109 enim

2089 4147 2218 4204 inde
2243 4146 2511 4213 damnari,
2550 4162 2676 4202 cum
2699 4147 3102 4219 propositiones
3132 4155 3371 4219 quatuor
3397 4163 3428 4202 a
3459 4142 3669 4218 Cyrillo

2088 4253 2347 4304 assertas,
2378 4249 2435 4296 et
2471 4239 2540 4295 ab
2573 4240 2819 4296 Ecclesia
2848 4250 3116 4308 receptas,
3164 4239 3302 4295 Deus
3347 4254 3532 4312 passus
3565 4245 3663 4302 est,

405 4337 530 4378 nem
557 4324 838 4379 scribendi
873 4340 942 4379 ex
971 4327 1320 4382 accusatione
1354 4336 1552 4382 ortam.
1579 4328 1634 4381 4ο
1657 4327 1977 4382 Theodore-
2009 4344 2056 4399 ι)
2085 4349 2269 4403 passus
2287 4341 2362 4386 est
2394 4348 2574 4396 carne,
2601 4349 2787 4404 passus
2818 4341 2892 4387 est
2917 4333 3118 4398 volens,
3139 4350 3324 4403 passus
3357 4342 3431 4386 est
3462 4334 3661 4402 impas-

406 4423 523 4469 tum
558 4430 877 4471 communes
899 4432 1116 4486 passum
1150 4433 1271 4474 esse
1299 4422 1422 4474 cum
1445 4417 1686 4472 Diodoro
1709 4426 1765 4472 et
1795 4418 1977 4472 Theo-

405 4506 542 4561 doro
606 4507 966 4563 adversarios.
1042 4511 1096 4565 5°
1153 4511 1344 4565 Natam
1413 4510 1541 4564 inde
1610 4509 1980 4564 accusationis

404 4613 659 4675 causam,
701 4599 846 4668 quod
899 4610 1197 4673 utrumque
1239 4602 1561 4672 magistrum
1616 4595 1973 4667 defendisset,

402 4691 558 4758 quasi
579 4689 770 4745 eadem
797 4691 932 4762 ipse,
961 4709 1082 4762 quae
1105 4694 1205 4759 illi,
1235 4694 1486 4757 sentiret,
1513 4691 1617 4748 hoc
1639 4701 1740 4757 est,
1774 4692 1972 4748 Filium

403 4778 459 4834 in
485 4784 625 4836 duos
660 4781 802 4839 ﬁlios
828 4783 1120 4840 divideret.
1163 4786 1219 4840 6°
1251 4783 1518 4839 Habuisse
1553 4783 1609 4838 in
1644 4784 1831 4839 animo
1875 4785 1976 4840 im-

399 4881 710 4941 peratorem
733 4877 844 4946 jam
876 4876 1003 4930 inde
1034 4877 1104 4930 ab
1128 4891 1273 4930 anno
1302 4877 1406 4930 447
1434 4865 1725 4930 consilium
1768 4892 1973 4932 convo-

399 4963 586 5019 cauda:
607 4966 801 5037 synodi
833 4967 1126 5037 generalis,
1161 4966 1252 5021 sed
1292 4967 1425 5021 illud
1449 4968 1771 5038 deposuisse
1799 4970 1976 5026 donec

398 5069 544 5108 anno
583 5057 707 5121 449,
747 5067 873 5128 post
910 5065 1088 5111 motas
1125 5057 1193 5111 ab
1216 5058 1461 5129 Eutyche
1507 5060 1715 5125 turbas,
1761 5078 1975 5116 resum-

396 5145 506 5213 psit
533 5165 546 5200 :
574 5163 680 5218 qua
713 5149 781 5202 de
815 5164 873 5203 re
910 5148 1139 5216 legenda
1179 5159 1274 5204 est.
1305 5151 1535 5220 epistola
1573 5153 1644 5209 ad.
1674 5153 1968 5208 Domnum.

472 5245 487 5261 '
516 5238 702 5296 XXVI.
737 5241 816 5294 Ex
853 5240 920 5294 iis
951 5255 1072 5308 qua:
1111 5241 1177 5295 de
1218 5250 1465 5312 tempore
1493 5243 1790 5300 constituta
1821 5257 1969 5310 sunt,

2082 4424 2324 4490 sibiliter,
2360 4425 2470 4479 imo
2488 4433 2544 4480 et
2567 4425 2701 4479 alias
2724 4425 2926 4492 passim
2975 4424 3186 4488 obvias,
3217 4423 3575 4478 vehementer
3607 4430 3661 4476 et

2085 4531 2224 4600 pene
2260 4515 2521 4572 iracunde
2543 4517 2845 4589 impugnet.
2876 4515 3018 4582 Quid
3045 4531 3176 4588 ergo
3202 4531 3379 4571 causae
3412 4515 3538 4580 fuit,
3563 4530 3659 4569 cur

2083 4609 2212 4663 olim
2249 4609 2569 4666 Gennadius
2606 4613 2802 4682 scripta
2846 4611 3048 4682 fortia?
3093 4627 3191 4665 cur
3235 4612 3458 4666 Patrum
3501 4620 3661 4666 aetate

2082 4699 2385 4756 Gentianus
2411 4699 2697 4764 Hervetus,
2721 4719 2847 4772 opus
2871 4702 3008 4755 nulli
3027 4701 3184 4756 alteri
3207 4701 3620 4773 postp'onendum
3636 4701 3666 4754 Τ

2077 4805 2178 4844 cur
2205 4791 2296 4844 alii
2317 4806 2467 4846 nunc
2493 4792 2643 4845 velut
2667 4792 2941 4847 catholicae
2971 4791 3098 4860 ﬁdei
3119 4794 3372 4847 eximium
3393 4795 3658 4864 specimen

2076 4886 2342 4940 extollant
2364 4885 2386 4938 ?

2148 4977 2200 5030 2.
2251 4976 2622 5047 Temporibus
2656 4977 2839 5031 Photii
2887 4993 2998 5033 uno
3030 4977 3337 5048 eodemque
3377 4979 3655 5034 volumine

2081 5082 2247 5135 opera
2283 5068 2386 5121 tria
2417 5067 2928 5138 compingebantur,
2964 5068 3094 5122 libri
3121 5069 3381 5124 nimirum
3413 5070 3659 5139 quinque

2081 5154 2414 5209 Theodoreti
2453 5155 2717 5213 adversus
2747 5168 2991 5213 sanctam
3016 5159 3349 5229 Ephesinam
3387 5161 3651 5232 synodum

2079 5257 2134 5301 et
2168 5255 2418 5301 sanctum
2450 5247 2736 5320 Cyrillum,
2782 5266 3069 5306 sermones
3109 5251 3385 5317 Eutherii,
3429 5262 3485 5308 et
3525 5252 3650 5306 Era-

1721 5404 2040 5460 SCIIULZII
2077 5405 2304 5460 NOTAE.

459 5487 506 5566 ξ’
527 5485 653 5566 Hier:
696 5503 998 5561 repugnant
1051 5495 1334 5566 liyputhcsi
1384 5499 1451 5553 de
1496 5501 1693 5554 callido
1732 5501 2142 5555 Nestorianismi
2186 5503 2498 5560 insinuandi
2525 5508 2778 5562 consilio.

2882 5508 2926 5540 δ’
2954 5509 3075 5563 Vid.
3111 5525 3165 5563 ι).
3193 5510 3316 5563 Elii.
3420 5509 3464 5540 "
3505 5505 3644 5562 Edit.

3111 5525 3165 5577 p.
3193 5510 3316 5565 5l5.

392 5557 692 5648 [tigrim-li.
721 5557 984 5648 Αιξςιιίιιιον.
1064 5557 1252 5620 δί’νίά.
1282 5583 1467 5637 supra,
1501 5587 1555 5638 p.
1597 5570 1719 5623 257.
1798 5571 1842 5601 ’δ’
1868 5569 1973 5626 Sed
2003 5571 2283 5627 intercidit
2317 5557 2872 5648 istaidispu—ta—tio‘,‘vel
2893 5557 3390 5644 abiiaidtiihiﬂait
3417 5557 3645 5642 videtur,

390 5644 681 5697 suppressa
713 5639 813 5684 est.
