3952 6294
253 294 350 355 3-il

1418 295 1515 353 DE
1551 296 1802 354 LIBRIS
1840 296 2349 358 TIIEODORETI.

3412 297 3515 362 342

243 404 442 458 nistcs.
492 401 575 454 An
617 415 727 454 non
774 399 904 453 licet
943 399 1089 462 inde,
1135 399 1253 452 sine
1299 401 1627 454 letneritatis
1671 401 1829 465 vitio,
1864 407 1904 460 Α
1939 403 2112 456 tinum
2139 403 2516 465 Calvinistam,
2547 403 2639 472 qui
2671 411 2724 456 et
2752 403 2864 471 ipse
2897 402 3208 458 inconsulto
3246 404 3515 460 abductus

241 494 538 565 conjicere,
581 501 705 562 post
739 495 1058 546 combustos
1096 491 1338 545 Nestorii
1373 491 1562 556 libros,
1597 494 1838 562 proseri-

247 594 450 656 ptaque
472 583 748 638 Theodori
773 589 828 637 et
849 581 1070 636 Diodori
1099 592 1379 652 excerpta,
1406 584 1664 638 volumen
1688 585 1834 638 istud

245 677 551 739 exstitisse,
591 675 748 746 quasi
791 675 1098 746 symbolum
1130 673 1387 728 factionis
1425 675 1835 746 Acephalorum

251 769 473 823 illorum
504 769 572 832 '°,
597 783 836 837 quorum
864 766 1115 821 meminit
1140 765 1452 833 Liberatus,
1483 781 1836 838 quorumque

248 860 327 913 ait
350 859 767 913 Theodoretum
800 863 966 926 caput
994 856 1304 911 exstitisse?

319 951 373 1003 5.
403 950 660 1012 Causam,
702 964 801 1003 cur
821 948 889 1001 de
918 949 1158 1003 Diodoro
1193 960 1248 1004 et
1271 950 1565 1006 Theodoro
1595 951 1832 1014 siluerit,

243 1042 410 1096 aﬂ'ert
449 1042 662 1111 dialogo
695 1041 875 1110 primo
909 1041 1012 1095 sub
1038 1040 1224 1106 ﬁnem,
1265 1041 1358 1096 ubi
1385 1052 1510 1113 post
1547 1043 1710 1098 allata
1734 1042 1835 1097 Pa-

245 1142 399 1187 trum
429 1133 736 1187 testimonia
770 1133 1062 1187 Eranisten
1087 1134 1361 1189 allocutus
1390 1152 1404 1188 :
1447 1153 1466 1185 ‹
1501 1134 1832 1199 Proferrem,

247 1221 433 1290 inquit
473 1223 540 1284 “,
579 1220 678 1274 tibi
711 1219 1139 1276 fortissimorum
1182 1221 1434 1276 veritatis
1462 1230 1834 1292 propugnato-

245 1328 372 1365 rum
401 1312 621 1366 Diodori
645 1321 700 1366 et
725 1311 999 1367 Theodori
1023 1315 1426 1377 enarrationes,
1453 1314 1557 1368 nisi
1589 1313 1833 1368 viderem

245 1421 349 1459 vos
380 1405 595 1458 infenso
641 1405 696 1458 in
726 1404 830 1459 hos
870 1405 1054 1459 animo
1099 1421 1242 1470 esse,
1287 1405 1734 1476 Apollinarisque
1777 1405 1834 1459 in

248 1494 412 1564 393
455 1510 550 1550 eos
578 1495 705 1549 odio
737 1503 794 1550 et
825 1495 1224 1550 malevolentiae
1250 1495 1581 1550 successisse
1623 1514 1635 1547 :
1664 1495 1835 1550 vidis-

248 1600 338 1638 ses
364 1585 514 1637 enim
541 1585 640 1639 hos
667 1585 832 1639 etiam
870 1585 1086 1640 caeteris
1135 1587 1493 1641 consonantia
1522 1586 1830 1654 scripsisse,

248 1686 304 1728 et
322 1692 388 1728 ex
410 1675 598 1730 divino
624 1676 773 1731 fonte
802 1677 1001 1732 ﬂuenta
1024 1678 1298 1742 hausisse,
1322 1679 1579 1747 rivosque
1599 1686 1654 1731 et
1686 1678 1833 1747 ipsos

1940 493 2045 546 fuit
2075 493 2130 547 in
2159 509 2408 548 errorem
2435 509 2505 549 ex
2532 494 2599 548 iis
2637 510 2758 563 qua:
2789 493 3058 548 Baronius
3111 495 3167 546 in
3221 493 3513 549 Annalibus

1939 585 2219 639 mandavit
2255 588 2484 656 scripto.
2571 628 2574 633 .

2015 696 2034 728 ι
2074 677 2376 743 lntereidit,
2413 678 2686 733 incertum
2742 694 2852 750 quo
2891 693 3045 742 casu,
3098 677 3364 748 particula
3400 677 3515 732 hinc

1939 768 2103 841 hujus
2129 770 2557 826 concertationis
2579 772 2646 825 ”.
2679 790 2696 822 ι

2078 901 2105 972 §
2132 901 2196 956 ll.
2228 902 2612 959 ereticarum
2642 903 2949 975 fabularum
2987 905 3104 959 libri
3135 907 3380 977 quinque.

2008 1033 2050 1086 l.
2081 1033 2256 1104 Ilujus
2281 1035 2468 1104 operis
2511 1044 2700 1104 aperta
2729 1051 3003 1106 nusquam
3051 1039 3280 1103 mentio,
3315 1045 3513 1108 praeter

1936 1139 2099 1193 quam
2161 1125 2218 1179 in
2267 1127 2572 1195 quastione
2619 1128 2795 1197 prima
2843 1128 2901 1183 in
2949 1128 3251 1185 Leviticum
3306 1131 3372 1195 ",
3418 1130 3512 1185 ubi

1938 1216 2322 1272 Theodoretus
2376 1218 2685 1289 inquirens,
2742 1236 2842 1275 cur
2895 1221 3044 1276 Deus
3091 1221 3197 1275 sibi
3248 1221 3515 1277 sacriﬁcia

1936 1308 2126 1362 offerri
2154 1310 2439 1366 voluerit:
2489 1329 2510 1363 ς
2554 1311 2630 1365 De
2680 1311 2788 1376 his,
2834 1313 2934 1377 ait,
2979 1313 3220 1368 diximus
3248 1313 3435 1369 multis
3458 1313 3513 1368 in

1937 1398 2093 1463 locis,
2127 1407 2241 1454 tum
2303 1401 2359 1454 in
2393 1401 2480 1455 his
2525 1417 2648 1471 qua:
2693 1411 2883 1457 contra
2924 1403 3142 1458 Graeca
3170 1405 3510 1474 scripsimus,

1937 1499 2050 1544 tum
2099 1492 2152 1544 in
2178 1492 2244 1546 iis
2274 1508 2395 1560 quae
2424 1492 2688 1547 adversus
2713 1495 2968 1558 hmrcses,
2990 1514 3009 1546 ι
3045 1505 3150 1550 etc.
3174 1495 3338 1568 394
3368 1497 3514 1552 Tan-

1938 1591 2052 1637 tum
2067 1584 2344 1638 silentium
2363 1584 2430 1638 de
2451 1592 2683 1640 tractatu
2698 1595 2806 1640 tam
2827 1587 3110 1641 elaborato
3125 1588 3324 1641 mirum
3339 1589 3511 1644 videri

1895 1677 2046 1749 ‘_non
2085 1674 2268 1736 debet,
2306 1675 2351 1728 si
2398 1675 2563 1730 modo
2621 1678 2906 1747 scripserit
2951 1678 3334 1734 Theodoretus
3393 1689 3515 1749 post

249 1781 472 1835 quoque
495 1766 731 1836 Spiritus
765 1767 1038 1820 exstitisse
1065 1785 1078 1820 :
1109 1767 1201 1821 scd
1243 1767 1343 1821 hos
1366 1767 1586 1836 quidem
1611 1775 1835 1837 prmter—
1867 1739 1907 1798 Β
1935 1767 2231 1821 concilium
2253 1766 2738 1836 Chalcedonense;
2777 1770 2832 1824 id
2865 1785 3012 1824 vero
3054 1786 3202 1824 nunc
3249 1770 3514 1841 indagan-

249 1858 489 1922 Iuittam,
522 1858 651 1927 quia
685 1858 1030 1928 implacabile
1059 1858 1264 1914 bellum
1294 1858 1560 1913 adversus
1590 1874 1686 1914 eos
1708 1875 1830 1914 sus-

248 1949 500 2017 cepistis.
539 1967 556 1999 ι

320 2041 372 2093 4.
403 2040 777 2095 Theodoretus
809 2041 895 2095 vel
937 2057 1048 2095 non
1077 2047 1184 2098 .est
1215 2050 1407 2095 auctor
1458 2041 1832 2110 Expositionis

251 2132 306 2185 in
342 2131 629 2186 Canticum
666 2132 1031 2196 canticorum,
1091 2148 1212 2201 qua:
1259 2149 1407 2187 nunc
1459 2133 1712 2196 habetur,
1744 2133 1830 2187 vel

248 2224 583 2278 sententiam
613 2223 681 2278 de
736 2223 1029 2278 Theodoro
1092 2224 1394 2278 enormiter
1453 2224 1827 2289 commutavit,

247 2319 333 2371 vel
369 2317 829 2371 mendacissimus
869 2315 973 2369 fuit
1002 2315 1464 2384 planissimusque
1516 2315 1736 2388 histrio,
1769 2323 1831 2368 ut

245 2411 342 2479 qui
375 2409 634 2464 eumdem
666 2409 970 2472 hominem,
1015 2423 1166 2462 nunc
1198 2426 1217 2459 ‹
1252 2407 1613 2461 fortissimum
1661 2407 1830 2462 fuisse

246 2501 498 2554 veritatis
560 2509 1044 2569 propugnatorem,
1097 2497 1457 2552 consonantia
1506 2511 1632 2554 cum
1699 2495 1828 2550 ﬁdei

248 2591 530 2661 magistris
551 2591 822 2654 locutum,
844 2605 912 2644 ex
936 2589 1125 2644 divino
1149 2588 1298 2642 fonte
1328 2587 1530 2642 ﬂuenta
1557 2588 1826 2651 hausisse,

247 2684 429 2736 rivum
493 2683 733 2752 Spiritus
783 2682 955 2737 sancti
1012 2681 1288 2736 exstitisse
1341 2699 1360 2730 ι
1405 2679 1581 2744 dicat;
1614 2679 1828 2734 nunc“

254 2791 270 2822 ε
310 2781 687 2827 eontextorem
727 2773 1057 2835 fabularum,
1103 2788 1172 2827 ne
1199 2770 1434 2826 aniculis
1477 2771 1700 2840 quidem
1741 2771 1827 2826 di-

244 2879 502 2932 gnarum,
529 2863 788 2918 falsarum
819 2872 875 2918 et
908 2862 1345 2934 pcrniciosarum
1381 2860 1701 2930 opinionum
1733 2877 1830 2914 au-

245 2963 480 3018 ctorem,
511 2954 786 3008 hominem
817 2953 1129 3024 insipientis
1153 2953 1353 3015 cordis,
1385 2952 1476 3021 qui
1500 2952 1828 3005 calumniam

1934 1860 2086 1916 dum.

2003 1953 2070 2006 ll.
2102 1953 2334 2022 Scripsit
2368 1969 2499 2009 sane
2529 1963 2654 2023 post
2681 1955 2884 2009 editam
2915 1954 3157 2009 Danielis
3187 1964 3240 2008 et
3266 1955 3509 2024 Apostoli

1932 2046 2331 2115 expositionem
2356 2064 2368 2099 :
2404 2062 2528 2100 nam
2551 2047 2695 2101 libro
2724 2064 2777 2111 v,
2808 2063 2928 2116 cap.
2951 2048 3021 2100 25
3049 2066 3062 2100 :
3097 2066 3113 2098 ι
3151 2045 3294 2110 Hec,
3319 2047 3417 2113 ait,
3444 2049 3511 2102 de

1931 2136 2273 2190 Antichristo
2301 2153 2331 2191 e
2370 2137 2556 2191 divina
2588 2136 2870 2206 Scriptura
2911 2138 3238 2204 didicimus;
3270 2154 3510 2194 summa-

1933 2229 2028 2282 tim
2067 2237 2274 2292 autem,
2329 2246 2452 2298 quae
2507 2230 2574 2283 ad
2609 2230 2763 2284 illum
2822 2240 3091 2300 spectant,
3146 2232 3507 2301 scripsimus,

1931 2320 2193 2386 quoniam
2248 2328 2304 2373 et
2350 2320 2628 2374 Danielem
2679 2321 3026 2390 prophetam,
3085 2330 3142 2375 et
3190 2321 3508 2391 Apostolum

1931 2411 2392 2480 interpretantes,
2447 2411 2716 2480 prolixius
2771 2411 2839 2464 de
2877 2413 2999 2482 ejus
3047 2411 3288 2466 adventu
3338 2411 3507 2466 locuti

1931 2518 2140 2565 sumus,
2194 2510 2250 2556 et
2301 2501 2458 2557 facile
2493 2511 2576 2558 est
2627 2503 3056 2558 commentarios
3085 2501 3211 2556 illos
3241 2501 3414 2566 adire,
3463 2500 3506 2556 si

1929 2593 2055 2664 quis
2072 2595 2240 2659 volet,
2277 2593 2332 2648 in
2355 2594 2534 2663 iisque
2565 2594 2831 2663 reperire,
2863 2593 2910 2647 si
2940 2592 3072 2662 quid
3099 2592 3205 2647 hoc
3229 2593 3351 2648 loco
3376 2607 3514 2662 prai-

1932 2685 2287 2740 termisimus.
2321 2705 2340 2736 »
2389 2683 2637 2738 Alterum
2669 2698 2808 2752 opus
2849 2683 2917 2736 ad
2963 2697 3168 2738 annum
3220 2682 3347 2743 429,
3378 2683 3512 2736 alte-

1931 2789 2054 2826 rum
2089 2773 2152 2827 ad
2179 2789 2384 2828 annum
2429 2773 2534 2827 455
2579 2773 2840 2842 pertinet.
2871 2771 3107 2842 Scripsit
3157 2771 3326 2842 igitur
3380 2781 3501 2842 post

1929 2884 2133 2922 annum
2163 2868 2290 2922 453.

2000 2959 2090 3014 lll.
2141 2960 2261 3013 Non
2319 2959 2540 3028 scripsit
2586 2965 2714 3012 ante
2764 2958 2893 3011 anni
2924 2957 3029 3012 H9
3073 2955 3512 3010 ﬁnemznnllam

245 3046 482 3116 Spiritui
535 3054 726 3102 sancto
774 3047 958 3109 faciat,
996 3047 1089 3116 qui
1139 3045 1256 3099 suis
1303 3044 1359 3098 in
1406 3043 1830 3113 cogitationibus
1857 3087 1899 3144 C
1931 3051 2077 3105 enim
2117 3050 2172 3102 in
2197 3049 2401 3103 litteris
2429 3049 2496 3102 ad
2522 3057 2772 3103 sanctum
2800 3049 3040 3102 Leonem
3076 3047 3144 3100 de
3174 3045 3330 3100 libris
3358 3045 3508 3100 hisce

245 3145 563 3202 evanescat,
608 3139 806 3194 divina:
857 3139 1158 3209 Scripturae
1196 3135 1654 3192 consuetudinem
1677 3137 1830 3207 igno—
1860 3133 1899 3144 “
1938 3140 2274 3195 mentionem
2312 3138 2462 3202 facit,
2486 3137 2731 3192 facturus
2755 3140 2963 3206 utique,
2989 3135 3035 3190 si
3057 3133 3347 3204 compositi
3381 3143 3513 3189 tunc

247 3239 352 3294 ret,
367 3250 384 3281 ι
415 3240 523 3286 etc.
1601 3277 1622 3296 .,

321 3323 373 3379 5.
425 3323 483 3378 In
516 3323 730 3393 dialogo
771 3322 950 3392 primo
1000 3324 1153 3378 locus
1201 3331 1284 3378 est
1339 3323 1408 3377 de
1455 3322 1824 3386 Eucharistia,

246 3428 413 3480 quem
437 3414 856 3468 Sacramentarii
880 3413 1122 3467 ineretici
1140 3428 1240 3482 pro
1263 3427 1321 3467 se
1344 3412 1826 3476 solentadducere,

245 3504 517 3558 Catholici
570 3519 766 3573 purum
814 3505 1088 3559 haereseos
1115 3504 1406 3560 ostendere
1449 3504 1721 3560 nituntur.
1751 3505 1828 3558 De

250 3597 372 3666 ipso
408 3597 711 3652 disseretur
738 3596 1002 3667 prolixius
1049 3596 1436 3652 dissertatione
1484 3605 1749 3665 sequente
1783 3597 1828 3628 ⁸³

253 3704 374 3757 cap.
401 3687 451 3741 5.

321 3780 373 3832 6.
400 3779 494 3832 Est
518 3779 686 3833 etiam
748 3778 802 3831 in
836 3778 1052 3848 dialogo
1107 3779 1272 3833 tertio
1322 3779 1479 3832 locus
1525 3777 1593 3832 de
1642 3793 1826 3841 causa,

252 3885 355 3923 cur
387 3870 696 3923 moriantur
723 3878 780 3923 et
823 3868 957 3939 justi
1006 3877 1063 3922 et
1111 3875 1450 3937 peccatores,
1478 3867 1570 3936 qui
1605 3867 1826 3922 videtur

253 3960 548 4029 Pelagiano
576 3961 754 4015 errori
799 3960 868 4015 de
909 3967 1134 4030 peccato
1168 3959 1420 4030 originali
1454 3959 1658 4016 favere.
1721 3960 1828 4016 Sed

253 4051 343 4105 hic
370 4052 577 4121 pariter
609 4052 666 4106 in
713 4051 1098 4108 dissertatione
1151 4059 1413 4121 sequente
1466 4065 1588 4122 cap.
1628 4051 1662 4106 4
1715 4060 1831 4107 tra-

251 4142 513 4197 ctabitur.

325 4237 376 4290 7.
413 4235 586 4290 Tanta
640 4245 726 4292 est
767 4236 1108 4307 dialogorum
1161 4236 1499 4292 Theodoreti
1534 4251 1660 4294 cum
1712 4249 1829 4290 ser-

256 4325 516 4380 monibus
539 4326 790 4381 Eutherii
819 4325 1196 4389 consonantia,
1224 4332 1285 4378 ut
1309 4324 1473 4379 ambo
1513 4323 1828 4390 videantur,

1937 3231 2204 3296 fuissent;
2235 3229 2507 3299 siquidem
2545 3229 2600 3282 in
2649 3229 2845 3298 quinto
2887 3227 3236 3298 apertissime
3277 3224 3502 3280 catholi-

1937 3338 2056 3377 cam
2077 3321 2144 3375 de
2168 3319 2544 3378 incarnatione
2567 3319 2726 3374 iidem
2753 3317 3062 3388 proﬁtetur,
3092 3325 3152 3371 ut
3171 3330 3296 3371 mox
3321 3330 3516 3370 sumus
3607 3369 3612 3374 ,

1937 3411 2238 3468 ostensuri.

2009 3505 2240 3573 Scripsit
2259 3511 2382 3573 post
2395 3501 2752 3572 compositam
2766 3499 3171 3554 ecclesiasticam
3193 3497 3508 3559 Historiam,

1936 3612 2060 3650 nam
2101 3595 2198 3649 lib’.
2231 3610 2304 3658 tv,
2337 3609 2457 3663 cap.
2489 3594 2541 3656 l,
2563 3608 2688 3647 cum
2717 3592 2784 3646 de
2809 3591 2941 3646 Ario
2968 3588 3258 3654 scriberet,
3285 3589 3510 3658 ejusque

1937 3699 2168 3741 mortem
2205 3685 2446 3740 breviter
2471 3693 2767 3749 narraret;
2804 3702 2822 3734 ι
2861 3681 2967 3738 Sed
2996 3697 3120 3737 cum
3146 3681 3281 3743 haec,
3311 3678 3506 3748 inquit.

1940 3783 1996 3834 in
2023 3779 2372 3834 ecclesiastica
2397 3777 2637 3831 Historia
2662 3775 2882 3845 copiose
2936 3771 3375 3841 eonscripserim,
3415 3785 3510 3824 su»

1937 3884 2341 3942 pervacaneum
2370 3876 2502 3938 puto
2538 3867 2628 3921 hic
2661 3866 2865 3920 dicere.
2906 3883 2925 3915 ι
2968 3863 3033 3919 Et
3071 3879 3192 3933 cap.
3215 3864 3270 3926 2,
3303 3863 3399 3916 ubi
3442 3860 3517 3915 de

1938 3961 2186 4017 Eudoxio
2206 3975 2388 4017 sermo
2425 3969 2546 4014 est:
2587 3955 2832 4012 illorum
2866 3955 3114 4009 omnium
3139 3954 3195 4008 in
3231 3966 3398 4024 opere
3417 3951 3515 4006 ilio

1937 4051 2183 4108 memini.
2222 4069 2242 4102 ι
2271 4050 2504 4120 Scripsit
2523 4062 2655 4118 ergo
2679 4055 2802 4117 post
2823 4060 3031 4100 annum
3059 4043 3196 4098 450.

1997 4144 2095 4200 IV.
2118 4143 2240 4199 Non
2277 4140 2504 4212 scripsit
2553 4146 2679 4193 ante
2717 4136 3014 4192 concilium
3039 4134 3512 4197 Chalcedonensis,

1937 4236 1984 4290 si
2008 4235 2192 4306 quarti
2235 4232 2364 4288 libri
2409 4239 2578 4300 caput
2610 4229 2886 4290 ultimum,
2910 4226 3058 4296 quod
3111 4224 3179 4280 ad
3225 4225 3508 4296 Eutychen

1938 4327 2200 4397 pertinet,
2236 4321 2648 4394 supposititium
2680 4334 2792 4374 non
2815 4327 2932 4373 est:
2969 4317 3037 4372 lis
3065 4315 3212 4372 enim
3245 4315 3372 4372 inde
3399 4322 3516 4370 tota

260 4417 399 4472 facta
421 4419 850 4488 conspiratione,
908 4418 1252 4488 impugnasse
1286 4417 1574 4471 nonnullas
1612 4425 1832 4472 senten—
1865 4443 1908 4497 ι)
1939 4417 2098 4471 facile
2133 4414 2432 4497 deciditur.
2496 4411 2632 4467 Nam
2668 4407 3052 4465 Theodoretus
3090 4407 3144 4462 in
3189 4406 3511 4462 Praefatione

259 4509 382 4574 tias,
411 4511 615 4579 quibus
663 4510 952 4574 Catholici,
1003 4519 1059 4564 et
1121 4509 1425 4578 prazsertim
1478 4507 1733 4578 Cyrillus,
1773 4509 1828 4562 in

259 4600 479 4669 negotio
509 4601 904 4656 incarnationis
933 4601 1000 4655 ad
1029 4610 1268 4656 mentem
1301 4615 1454 4654 suam
1479 4600 1828 4669 aperiendam

261 4691 342 4744 usi
372 4700 575 4744 essent.

331 4781 656 4850 Priusquam
682 4783 984 4851 imponitur
1020 4782 1145 4837 ﬁnis
1193 4783 1280 4837 his
1329 4781 1830 4845 observationibus,

263 4873 548 4926 tractanda
571 4882 652 4928 est
677 4891 840 4929 causa
889 4876 1088 4944 nuperi
1127 4877 1357 4930 editoris
1387 4875 1627 4944 Operum
1655 4874 1830 4928 sancti

259 4963 482 5028 Leonis,
510 4964 604 5033 qui
650 4967 903 5034 opinatus
949 4974 1034 5022 est
1063 4968 1353 5022 Eranisten
1400 4983 1430 5021 a
1482 4957 1832 5020 Tlteodoreto

259 5054 527 5124 scriptum
562 5066 686 5126 post
737 5059 1034 5114 concilium
1068 5058 1536 5122 Chalcedonense,
1587 5057 1692 5110 hoc
1727 5065 1831 5120 est,

261 5153 382 5210 post
407 5162 613 5199 annum
652 5148 744 5201 451
767 5165 782 5214 ;
809 5165 918 5218 qua
941 5148 994 5202 in
1019 5149 1278 5218 opinione
1301 5157 1522 5202 secutus
1541 5156 1626 5201 est
1643 5147 1835 5201 Alber—

1939 4509 2108 4564 totius
2133 4480 2318 4577 operis
2346 4503 2598 4576 spondet,
2628 4518 2687 4558 se
2729 4521 2745 4553 ι
2798 4499 2857 4555 in
2901 4507 3100 4570 quarto
3153 4498 3296 4553 libro
3322 4512 3514 4552 recen-

1938 4603 2108 4655 tiores
2129 4601 2368 4654 haareses
2395 4597 2895 4651 demonstraturum
2923 4591 3039 4646 Arii
3073 4599 3130 4645 et
3155 4588 3431 4654 Eunomii,
3457 4597 3514 4644 et

1941 4700 2213 4764 quotquot
2247 4699 2370 4762 post
2395 4689 2516 4744 illas
2548 4692 2919 4750 emerserunt,
2949 4698 3124 4754 usque
3156 4682 3224 4737 ad
3264 4681 3510 4737 ultimam

1943 4786 2103 4849 hanc,
2131 4797 2296 4852 quam
2322 4779 2588 4834 Dominus
2639 4777 2935 4845 derepente
2963 4772 3214 4827 funditus
3242 4771 3512 4841 exstirpao

1940 4875 2038 4928 vit.
2073 4893 2092 4924 ι
2120 4873 2334 4940 Quibus
2355 4869 2543 4924 verbis
2565 4867 2740 4922 videri
2775 4874 2957 4936 potest
2987 4863 3254 4918 indicasse
3281 4861 3511 4917 haeresin

1941 4962 2358 5033 Eutychianam,
2381 4974 2544 5029 quam
2569 4957 2816 5012 ultimam
2849 4954 3095 5008 omnium
3124 4951 3281 5006 initio
3320 4952 3513 5020 capitis

1941 5055 2140 5110 decimi
2166 5054 2311 5109 tertii
2347 5051 2594 5108 nominat
2619 5051 2686 5111 ⁸⁸,
2722 5061 2995 5117 quamque
3032 5043 3237 5115 passim
3285 5042 3344 5095 in
3392 5042 3514 5111 epi-

1939 5146 2097 5202 stolis
2113 5160 2306 5200 novam
2328 5140 2560 5198 haeresin
2576 5143 2756 5202 vocat,
2769 5150 2871 5190 nec
2887 5134 2995 5189 alio
3017 5131 3236 5188 nomine
3255 5131 3510 5200 appellat.

1602 5323 1923 5379 SCllULle
1962 5321 2193 5377 NOTAE.

331 5461 375 5530 'f‘
401 5460 524 5514 Vid.
551 5477 735 5529 supra,
756 5477 808 5530 p.
831 5461 944 5513 l69.
989 5463 1026 5492 ⁵⁸
1051 5461 1169 5514 Vit].
1192 5471 1230 5515 t.
1249 5462 1334 5524 ιν,

1365 5478 1415 5530 p.
1440 5461 1525 5514 .18.
1571 5463 1612 5491 ⁵³
1642 5461 2100 5516 V’id.Theodoreti
2128 5459 2349 5530 Prmfat.
2362 5456 2437 5530 ad‘
2450 5456 2607 5530 Cant.
2636 5450 2861 5530 cantio,
2886 5457 2947 5530 et
2959 5462 3145 5530 supra,
3165 5461 3217 5530 p_.
3238 5445 3341 5530 26¢?
3354 5460 3512 5530 seqq.

261 5528 474 5610 ()iss.
507 5515 770 5610 sequente:
805 5531 1142 5610 Ambiguitas
1167 5515 1338 5610 estin:
1361 5515 1444 5584 his
1473 5531 1677 5610 verbis,
1721 5515 1996 5610 siquidem
2026 5515 2237 5610 incdit.
2268 5525 2440 5608 priori
2475 5523 2560 5610 bis
2585 5515 3514 5610 positus-

259 5597 393 5653 Vide
421 5597 606 5654 autem
653 5600 800 5653 illam

865 5616 947 5653 uec
969 5593 1047 5654 in.
1069 5601 1171 5655 hac
1208 5600 1449 5653 editione
1476 5593 1695 5655 nomine
1723 5593 2127 5656 dissertationis
2162 5593 2336 5652 tertize
2371 5593 2713 5648 inscribitur.

2793 5589 2839 5621 ”
2867 5586 3180 5641 llarduinus
3221 5584 3325 5636 hoc
3357 5583 3518 5636 scho-

261 5667 373 5738 lion
424 5669 678 5738 subjecit.
757 5672 803 5701 "
835 5654 954 5726 Vid.
993 5654 1163 5724 etiam
1196 5686 1381 5738 supra,
1416 5686 1468 5738 ιι.
1523 5671 1648 5736 9.56,
1677 5654 1935 5726 Schol}.
2013 5673 2056 5701 ”
2094 5669 2237 5723 Edit.
2275 5666 2425 5737 prior
2461 5661 2698 5716 habebat
2745 5657 3056 5713 duodecimi.
3109 5656 3364 5709 Errorem
3407 5654 3516 5723 jam

262 5737 400 5794 vidit
429 5737 701 5797 Oudinus.
