3952 6294
513 258 622 323 343

1628 276 2005 336 ῧΑΗΝΕΗΠ
2046 278 2548 340 DISSERTATIO
2583 282 2642 341 II

3659 302 3770 366 344

519 371 645 427 Haec
695 389 827 430 vero
857 387 979 446 post
1027 381 1317 436 concilium
1347 384 1792 443 Chalcedonensc
1825 390 2088 446 radicitus
2116 399 2159 454 Α
2192 391 2400 450 habens
2432 411 2657 467 regnum
2687 399 2986 468 caelorum;
3017 414 3130 458 tum
3165 405 3546 466 haereticorum
3577 431 3769 474 rursus

516 463 703 518 evulsa
728 466 878 522 credi
903 469 1079 536 potuit
1107 485 1138 523 a
1171 471 1548 531 Theodoreto.-

2189 484 2282 552 qui
2306 487 2574 554 tramites,
2607 489 2696 556 iis,
2725 492 2820 562 qui
2880 508 2979 563 per
3034 495 3157 551 illos
3203 497 3486 568 incedunt,
3535 506 3766 563 exitium

590 553 651 607 γ.
702 555 867 625 Atqui
921 558 1172 613 ultimum
1225 563 1330 618 hoc
1377 564 1506 620 libri
1544 569 1725 637 quarti
1758 579 1941 640 caput,
1975 588 2086 627 non
2187 572 2507 632 ati‘ereutes.
2535 597 2552 629 ι

517 643 745 711 perinde
779 661 841 699 ac
869 647 1255 706 duodecimum
1281 656 1348 718 ³⁷,
1381 658 1531 725 quod
1573 659 1641 713 de
1673 661 1928 716 Nestorio
1976 652 2080 728 est,

513 735 921 803 supposititium
946 754 1085 805 esse,
1118 743 1316 800 exinde
1345 748 1618 818 quispiam
1644 753 1972 808 concludat:

581 823 630 876 1.
662 823 818 890 Quod
871 830 1060 894 verba,
1114 848 1226 887 non
1281 844 1490 892 tantum
1516 840 1718 908 quibus
1771 843 2078 910 inchoatur,

508 913 602 968 sed
641 916 806 971 etiam
841 921 1042 989 quibus
1087 923 1295 993 ﬁnitur,
1349 930 1651 999 prmfationi
1686 935 1853 990 totius
1897 937 2080 1006 operis

506 1007 750 1076 apprime
787 1015 1173 1082 respondeant.
1231 1037 1249 1070 ε
1280 1019 1386 1075 Sed
1441 1038 1565 1077 cum
1597 1024 1700 1079 hac
1730 1025 1796 1080 de
1821 1041 1879 1080 re
1906 1028 2076 1082 multa

505 1113 646 1168 saepe
699 1102 1034 1172 scripserim,
1073 1122 1538 1177 supervacaneum
1571 1114 1625 1168 in
1674 1131 1917 1184 praesens
1945 1117 2077 1174 duxi

505 1205 816 1248 sermonem
865 1197 1169 1265 producere
1213 1218 1226 1254 :
1265 1205 1571 1271 praesertim
1622 1223 1745 1260 cum
1795 1209 1850 1263 in
1881 1210 2076 1278 quinto

503 1283 644 1338 libro
693 1284 761 1340 de
817 1285 903 1342 his
949 1291 1136 1356 etiam,
1196 1294 1241 1347 si
1277 1295 1422 1349 Deus
1471 1297 1638 1362 volet,
1672 1299 1920 1355 dicturus
1945 1301 2070 1358 sim.

503 1371 641 1426 lluic
663 1389 794 1445 ergo
824 1376 969 1432 libro
990 1389 1186 1449 quarto
1219 1382 1383 1438 ﬁnem
1418 1386 1723 1456 imponens,
1749 1392 2074 1462 evangelicae

501 1462 763 1522 doctrina:
795 1471 1161 1537 praestantiam
1217 1489 1318 1542 pro
1341 1474 1552 1530 viribus
1579 1479 1868 1535 ostendere
1909 1497 2074 1537 cona-

502 1554 622 1609 bor.
651 1574 670 1606 ι
719 1556 980 1626 Spectant
1024 1564 1171 1618 enim
1224 1574 1412 1635 aperte
1440 1568 1611 1623 multa
1651 1571 1768 1626 hmc
1788 1571 1854 1626 ad
1882 1573 2072 1629 Erani—

498 1654 639 1707 sten,
665 1648 878 1719 aliaque
900 1661 1088 1708 contra
1113 1653 1533 1724 Apollinaristas
1563 1663 1787 1732 scripta.

2257 663 2335 718 lta
2379 666 2600 734 quidem
2649 670 3060 742 Theodoretus;
3104 678 3201 732 sed
3250 679 3355 734 fuit
3391 674 3538 739 aliud
3574 703 3764 745 revera

2185 755 2470 824 utriusque
2505 762 2868 830 pr0positum.
2908 767 3137 824 Volebat
3187 786 3386 842 nempe
3443 774 3761 848 Sporacius,

2183 843 2608 917 Theodoretum,
2637 851 2766 907 dum
2793 855 3058 912 adversus
3091 875 3284 917 omnes
3330 865 3568 922 haereses
3621 872 3758 925 scri-

2183 932 2358 1001 beret,
2411 955 2578 1008 opere
2636 942 2756 1013 ipso
2785 947 3115 1004 calumniam
3158 955 3448 1023 repellere,
3497 976 3666 1030 quam
3727 981 3757 1020 ε

2179 1028 2367 1083 multis
2406 1032 2749 1104 patiebatur,
2802 1040 2958 1108 quasi
3011 1044 3370 1102 orthodoxam
3419 1028 3580 1106 ﬁdem
3647 1071 3758 1111 non

2179 1118 2393 1174 sincere
2423 1135 2785 1194 sequeretur;
2817 1129 3197 1191 Theodoretus
3247 1154 3378 1194 vero
3409 1143 3474 1206 δ’,
3519 1152 3575 1196 ut
3636 1158 3760 1200 erat

2174 1223 2320 1278 aegro
2345 1213 2530 1269 animo
2578 1218 2844 1274 adversus
2877 1221 3173 1294 Cyrilliana
3225 1232 3425 1299 capita,
3455 1235 3654 1291 callide
3701 1247 3759 1291 et

2174 1301 2391 1356 occulte
2414 1303 2729 1373 haeresewn,
2753 1325 2889 1379 quas
2913 1327 3260 1383 memoraret,
3295 1323 3636 1390 expositione
3663 1342 3755 1380 os-

2174 1389 2400 1448 tendere
2429 1395 2779 1464 moliebatur,
2825 1402 3028 1470 quibus
3069 1421 3136 1460 ex
3169 1389 3416 1464 fontibus
3449 1423 3571 1466 orta
3603 1414 3754 1470 vide-

2173 1489 2328 1536 retur
2383 1484 2610 1543 haaresis
2658 1489 2722 1544 de
2744 1508 2850 1546 una
2903 1502 3122 1562 natura,
3165 1515 3328 1568 quam
3382 1503 3435 1556 in
3471 1505 3749 1574 capitulis,

2171 1583 2398 1642 propter
2456 1578 2740 1650 ambiguas
2789 1585 3052 1652 quasdam
3109 1597 3166 1643 et
3196 1590 3518 1663 ﬂexiloquas
3565 1613 3748 1664 voces,

2171 1661 2336 1714 etiam
2368 1673 2492 1733 post
2527 1665 2718 1737 Cyrilli
2767 1672 3164 1741 expositionem
3214 1661 3413 1734 videre
3452 1682 3562 1736 sibi
3600 1661 3748 1738 vide;

565 1738 727 1811 395
766 1742 990 1810 2Quod
1012 1746 1257 1820 haecipsa
1272 1752 1442 1808 verba
1457 1754 1706 1809 maximae
1725 1754 1852 1811 libri
1882 1758 2062 1828 quinti
2103 1732 2142 1786 Β
2169 1747 2352 1806 batur-

497 1833 636 1898 parti
659 1846 984 1892 consonent.

565 1921 618 1975 5.
656 1922 812 1989 Quod
860 1927 928 1982 ad
960 1929 1193 1986 hmresin
1241 1933 1712 2006 Messalianorum,
1754 1940 1822 1997 de
1861 1944 2064 2012 quibus

495 2013 673 2082 agitur
713 2017 891 2087 capite
934 2022 1224 2080 undecimo
1257 2028 1324 2092 '“,
1378 2031 1780 2087 accommodari
1836 2035 2061 2091 minime

494 2102 744 2159 valeant:
787 2122 890 2162 nec
917 2110 1064 2164 enim
1114 2112 1181 2168 de
1215 2113 1318 2170 ista
1364 2115 1494 2172 fecit
1527 2119 1662 2174 alias
1704 2123 2056 2192 mentionem,

493 2203 640 2250 certe
663 2213 765 2252 non
782 2199 948 2254 multa
971 2218 1109 2272 saepe
1131 2207 1359 2276 scripsit.

561 2285 650 2341 Vl.
699 2287 808 2344 Has
847 2307 948 2362 ego
1003 2302 1113 2350 tres
1159 2298 1401 2373 rationes
1433 2302 1631 2371 probo,
1691 2305 1926 2377 ideoque
1983 2308 2057 2364 ita

489 2376 901 2436 subducendam
933 2385 1200 2441 rationem
1244 2399 1397 2458 puto.
1425 2394 1575 2462 Opus
1597 2394 1745 2450 istud
1790 2376 2054 2468 scriptum

487 2475 570 2520 est
607 2478 729 2537 post
749 2473 1123 2544 exstirpatam,
1156 2485 1216 2533 ut
1255 2481 1477 2549 quidem
1521 2484 1870 2544 Tbeodorcto
1898 2491 2054 2547 vide-

487 2555 671 2622 batur,
694 2560 928 2618 haeresin
953 2566 1382 2638 Eutychianam;
1420 2573 1586 2644 igitur
1612 2585 1736 2646 post
1758 2563 2053 2636 concilium

485 2652 950 2726 Chalcedonense,
1001 2665 1148 2733 quod
1210 2684 1354 2725 anno
1379 2671 1504 2738 451,
1530 2673 1671 2729 diel
1727 2676 2053 2735 Novembris

485 2744 796 2802 absolutum
821 2761 922 2806 est.

554 2835 664 2890 νη.
697 2838 1022 2912 lnscriptum
1065 2856 1148 2902 est
1179 2849 1458 2921 Sporacio,
1504 2858 1599 2926 qui
1631 2867 1810 2915 tamen
1858 2865 2048 2920 consul

481 2942 591 2981 non
608 2928 829 2986 dicitur.
859 2934 981 2991 Non
1016 2937 1181 3009 igitur
1207 2942 1418 3000 editum
1467 2958 1550 3003 est
1590 2965 1735 3007 anno
1766 2954 1890 3021 452,
1938 2971 2047 3026 quo

479 3034 625 3074 anno
669 3020 964 3091 Sporacius
1009 3031 1352 3086 consulatum
1378 3037 1566 3104 gessit,
1604 3041 1699 3095 sed
1751 3057 1894 3097 anno
1919 3059 2048 3099 con-

479 3121 760 3182 sequente,
796 3125 858 3172 ut
889 3135 1051 3189 quam
1081 3123 1365 3190 citissime,
1397 3127 1450 3180 id
1475 3138 1578 3196 est,
1602 3147 1743 3187 anno
1767 3134 1870 3188 455
1911 3135 1975 3188 ⁸⁰.

549 3204 681 3259 VIII.
710 3205 864 3273 Quod
891 3211 936 3264 si
971 3229 1036 3267 ea
1061 3217 1319 3285 temporis
1363 3226 1490 3273 nota
1533 3231 1767 3288 constat,
1815 3235 2048 3284 utcerte

477 3291 659 3359 debet,
697 3310 1041 3368 consequens
1079 3312 1182 3368 est,
1213 3315 1274 3360 ut
1308 3309 1676 3376 expositiones
1717 3313 2046 3372 Theodoreti

479 3382 532 3436 in
555 3384 949 3442 Octateuchum
977 3392 1044 3448 ad
1073 3397 1372 3462 posteriora
1400 3399 1580 3455 adhuc
1602 3411 1846 3473 tempora
1874 3411 2045 3478 perti-

479 3484 662 3542 neant,
699 3493 823 3533 cum
850 3479 905 3534 in
929 3481 1007 3536 iis.
1022 3499 1160 3553 opus
1184 3486 1330 3542 istud
1359 3489 1577 3546 citetur.

545 3567 670 3621 'lX.
705 3568 1030 3639 Sporacius,
1059 3577 1148 3630 cui
1199 3593 1340 3648 opus
1391 3581 1732 3653 inscribitur,
1779 3589 1884 3645 fuit
1940 3593 2041 3648 do-

474 3660 827 3716 mesticorum
849 3679 1052 3731 comes,
1081 3669 1197 3737 qui,
1231 3680 1291 3725 ut
1318 3673 1700 3734 Theodoretus
1755 3685 1948 3740 scribit
1971 3687 2037 3752 °°,

481 3768 498 3797 ‹
527 3765 650 3802 cum
683 3765 811 3821 sago
859 3762 915 3808 et
942 3755 1160 3827 cingulo
1215 3769 1482 3832 uteretur,
1546 3769 1905 3844 militiamque
1934 3777 2040 3833 sibi

472 3841 812 3896 commissam
831 3856 1066 3915 gereret,
1115 3859 1170 3904 et
1211 3852 1410 3921 palatio
1437 3858 1555 3927 ejus
1599 3876 1764 3917 causa
1795 3867 2037 3922 assidere

470 3939 792 4000 cogeretur;
823 3951 1010 3990 rerum
1062 3946 1240 3996 tamen
1286 3944 1598 4004 divinarum
1643 3955 2034 4026 cognitionem,

469 4023 825 4094 veritatisque
853 4026 1157 4086 doctrinam
1179 4038 1564 4106 anteponebat.
1602 4061 1620 4094 ι
1653 4023 1784 4099 Eam
1809 4047 1882 4102 ob
1917 4023 2035 4103 rem

467 4129 612 4168 anno
651 4113 750 4170 451
796 4132 826 4172 a
887 4118 1162 4179 Marciano
1216 4126 1547 4198 imperatore
1600 4134 1670 4189 ad
1737 4139 2033 4197 concilium

461 4394 629 4462 gessit
649 4395 986 4453 ordinarium
1007 4416 1130 4456 cum
1155 4403 1462 4462 Herculano
1495 4414 1859 4490 consulatum.
1894 4418 2026 4490 Ejus

462 4484 668 4539 mentio
688 4485 747 4539 ﬁt
767 4486 822 4541 in
851 4489 1001 4544 Actis
1041 4492 1298 4550 Matronae
1347 4497 1636 4568 Pergensis
1671 4488 1814 4574 apud
1857 4484 2025 4564 Meta-

459 4575 722 4642 phrasten
754 4579 842 4633 die
867 4581 900 4635 8
917 4581 1262 4640 Novembris.

528 4664 595 4717 Χ.
620 4665 783 4737 Cupit
808 4671 918 4739 ille,
950 4676 1096 4744 quod
1135 4677 1188 4730 in
1208 4678 1448 4732 Historia
1471 4680 1596 4736 vita:
1625 4683 1831 4738 dictum
1857 4696 1959 4754 est,
1992 4706 2022 4744 a

459 4755 806 4816 Theodoreto
833 4765 897 4830 ⁶¹,
955 4786 972 4817 ι
1014 4769 1178 4832 scirc,
1215 4785 1337 4838 qua:
1371 4772 1632 4841 utrinque
1678 4785 1830 4830 extra
1878 4779 2020 4835 viam

459 4856 660 4903 rectam
690 4865 900 4908 novatae
943 4871 975 4910 a
1003 4858 1327 4926 quibusdam
1377 4861 1487 4915 sint
1527 4866 1753 4933 semitae,
1789 4885 2018 4938 quarum

458 4939 579 4996 ﬁnis
608 4950 693 4997 est
721 4943 1041 5002 barathrum
1066 4949 1414 5017 perditionis.
1446 4953 1789 5012 Desideritnn
1830 4971 2016 5017 autem

452 5031 558 5086 hoc
580 5045 821 5104 ceperat.
851 5053 963 5091 non
1014 5047 1074 5093 ut
1122 5041 1358 5109 pessime
1398 5047 1679 5114 conﬁctas,
1726 5059 1782 5106 et
1812 5062 2014 5110 tetrum

452 5119 719 5186 spirantes
742 5124 968 5179 odorem
1005 5126 1217 5182 fabulas
1244 5130 1487 5200 audiret;
1513 5137 1606 5191 sed
1637 5147 1695 5193 ut
1747 5156 1862 5209 eos,
1917 5148 2012 5214 qui

451 5211 724 5277 nesciunt,
756 5214 1001 5280 doceret,
1030 5226 1142 5272 tum
1165 5237 1412 5290 quaenam
1458 5227 1528 5282 sit
1553 5229 1638 5284 via
1669 5233 1834 5304 regia,
1876 5252 2012 5307 apo-

449 5301 655 5357 stolicis
693 5304 1137 5379 propheticisque
1199 5324 1389 5370 ornata
1447 5301 1806 5392 vestigiisget
1848 5301 2009 5385 ﬁnem

2239 1865 2405 1936 396
2461 1868 2550 1924 XI.
2583 1869 2720 1926 Cum
2755 1887 3004 1933 recenset
3050 1878 3108 1933 in
3152 1881 3477 1939 Praefatione
3516 1887 3742 1941 nomina

2168 1968 2454 2014 auctorum
2484 1963 2550 2029 ⁸³,
2577 1979 2643 2017 ex
2665 1968 2868 2034 quibus
2901 1971 3155 2039 profecit,
3199 1974 3378 2030 Latini
3401 1979 3610 2034 nullius
3633 1997 3744 2036 me-

2166 2048 2347 2115 minit,
2379 2052 2473 2105 sed
2506 2070 2682 2124 neque
2709 2057 2880 2113 Graeci
2907 2062 3233 2132 Epiphanii;
3284 2082 3408 2121 cum
3456 2080 3641 2125 tamen
3688 2083 3742 2128 ct

2167 2138 2245 2207 illi
2276 2157 2382 2196 non
2411 2145 2707 2213 incuriose,
2733 2159 2788 2204 et
2818 2151 2920 2206 iste
2953 2155 3370 2225 diligentissime
3403 2160 3471 2215 de
3509 2162 3739 2219 hatresi-

2165 2231 2269 2288 bus
2289 2237 2590 2307 scripserit.
2639 2243 2713 2298 De
2759 2244 2967 2300 Latinis
3015 2249 3150 2303 nihil
3202 2251 3497 2307 admodum
3528 2255 3734 2311 miror:

2164 2335 2462 2392 potuerunt
2508 2333 2654 2386 enim
2710 2335 2952 2405 ipsorum
2983 2340 3110 2394 libri
3140 2358 3249 2397 non
3276 2359 3398 2400 esse
3425 2346 3479 2399 in
3510 2345 3736 2404 Oriente

2162 2415 2369 2484 vulgati
2395 2437 2409 2472 :
2441 2421 2508 2476 de
2533 2423 2860 2495 Epiphanio,
2895 2433 3050 2502 cujus
3093 2443 3215 2488 erat
3247 2444 3303 2490 et
3334 2453 3536 2493 nomen
3593 2441 3739 2496 cele-

2161 2505 2334 2572 brius,
2367 2519 2423 2564 et
2443 2527 2582 2582 Opus
2613 2518 2914 2588 vulgatum,
2947 2526 3118 2595 major
3135 2542 3221 2581 me
3245 2525 3535 2584 admiratio
3564 2533 3732 2601 capit.

2158 2597 2391 2656 Ancum
2421 2604 2644 2661 laudare
2671 2611 2868 2677 noluit,
2901 2615 2988 2668 cui
3043 2632 3168 2671 cum
3212 2617 3603 2690 Chrysostomo
3631 2639 3733 2678 ne-

2158 2693 2367 2761 gotium
2393 2695 2574 2752 fuerat
2598 2701 2755 2756 valde
2785 2707 2982 2773 grave?
3030 2708 3408 2767 Theodoretus
3446 2714 3591 2768 enim
3625 2716 3732 2770 mi-

2158 2797 2281 2836 rum
2301 2796 2568 2854 quantum
2597 2789 3044 2863 Chrysostomum
3072 2800 3263 2856 coluit.

2225 2877 2342 2932 XII.
2381 2879 2561 2946 Quaeri
2586 2893 2786 2953 potest,
2823 2903 2924 2942 cur
2965 2889 3348 2949 Theodoretus
3398 2910 3468 2950 ne
3497 2896 3726 2951 verbum

2153 2970 2378 3038 quidem
2410 2989 2580 3029 unum
2628 2975 2821 3032 fecerit
2849 2979 2917 3035 de
2964 2981 3354 3054 Pelagianis“,
3408 2987 3728 3058 Pelagiano—

2075 3091 2118 3148 ρ
2155 3063 2388 3132 rumque
2417 3067 2723 3135 erroribus,
2755 3071 2871 3126 sive
2903 3075 2998 3143 qui
3054 3077 3284 3145 gratiam
3317 3078 3435 3144 Dei,
3488 3079 3602 3134 sive
3627 3081 3725 3149 qui

2150 3162 2433 3222 peccatum
2487 3158 2716 3229 originis
2770 3173 3106 3234 oppugnant.
3150 3167 3338 3237 Neque
3381 3169 3528 3225 enim
3575 3171 3720 3236 illos,

2147 3249 2298 3318 quod
2329 3266 2441 3305 non
2470 3254 2674 3308 nemini
2700 3257 2850 3311 venit
2877 3257 2931 3312 in
2952 3269 3211 3327 mentem,
3230 3271 3324 3316 aut
3343 3263 3718 3332 Euchitarum,

2145 3348 2240 3393 aut
2307 3341 2753 3400 Messalianorum
2812 3349 3036 3404 nomine
3104 3363 3389 3409 memorat.
3444 3354 3529 3410 An
3591 3357 3720 3426 quia

2145 3429 2328 3500 ignota
2373 3434 2476 3503 ipsi
2508 3435 2615 3490 fuit
2651 3437 2963 3495 istiusmodi
3007 3442 3272 3498 haeresis?
3323 3461 3422 3500 cur
3472 3462 3607 3517 ergo
3663 3448 3716 3502 in

2142 3522 2379 3576 concilio
2410 3524 2710 3594 Ephesino,
2743 3529 2831 3583 cui
2859 3529 3129 3598 interfuit,
3185 3533 3357 3589 altera
3392 3551 3519 3609 pars
3553 3538 3712 3593 alteri

2142 3611 2533 3670 Ctelestianam
2565 3617 2799 3674 haeresin
2841 3621 3078 3693 objecit?
3102 3625 3185 3680 An
3232 3627 3360 3696 quia
3401 3629 3538 3682 nihil
3588 3629 3712 3685 inde

2142 3707 2425 3759 turbarum
2468 3707 2524 3760 in
2555 3708 2780 3766 Oriente
2811 3716 3143 3770 concitatum
3173 3719 3328 3772 erat?
3358 3720 3502 3775 unde
3547 3721 3711 3791 igitur

2138 3795 2470 3851 invidiosum
2510 3799 2612 3854 fuit
2637 3804 2690 3856 in
2722 3803 2945 3860 Oriente
2988 3806 3441 3864 leestianorum
3471 3815 3711 3868 nomen?

2137 3885 2345 3941 Deinde
2376 3889 2556 3945 nullos
2586 3891 2639 3945 in
2669 3893 2892 3951 Oriente
2922 3909 3104 3954 motus
3131 3903 3481 3958 conciverant
3531 3905 3709 3960 Dona-

2142 3975 2319 4042 tistae;
2349 3976 2547 4032 borum
2578 3989 2757 4036 tamen
2787 3987 2995 4041 mentio
3024 3987 3084 4041 ﬁt
3113 3989 3164 4042 in
3191 3990 3332 4045 libro
3360 4001 3576 4061 quarto.
3608 3995 3708 4049 De-

2134 4066 2304 4134 nique
2336 4083 2447 4122 non
2489 4072 2799 4129 mediocres
2848 4075 3256 4151 Hierosolymis,
3306 4083 3531 4153 Ephesi,
3563 4085 3707 4141 Con-

2132 4157 2508 4229 stantinopoli,
2539 4161 2864 4232 Antiochiae,
2895 4169 2952 4222 in
2981 4169 3171 4227 Cilicia
3200 4177 3467 4231 tumultus
3493 4193 3522 4231 a
3555 4178 3708 4232 Pela—

2130 4247 2309 4319 gianis
2352 4250 2804 4325 Caelestianisque
2852 4257 2980 4313 facti
3011 4271 3159 4328 sunt,
3219 4280 3320 4321 nec
3362 4266 3440 4321 illi
3478 4277 3704 4338 propter

2130 4339 2375 4397 locorum
2410 4344 2768 4415 vicinitatem,
2822 4349 3028 4406 homini
3059 4369 3241 4409 rerum
3273 4357 3493 4413 curioso
3535 4361 3702 4415 latere

2059 4437 2101 4492 D
2129 4442 2448 4501 potuerunt.
2468 4435 2551 4490 An
2575 4438 2722 4506 quod
2775 4441 2924 4495 nulla
2949 4442 3050 4498 fuit
3082 4445 3138 4498 in
3167 4446 3390 4504 Oriente
3438 4451 3698 4521 synodus,

2130 4522 2188 4574 in
2215 4538 2321 4590 qua
2353 4540 2526 4592 genus
2571 4525 2719 4581 istud
2773 4528 3152 4586 hmreticorum
3198 4537 3548 4592 anathemate
3572 4555 3700 4609 per-

2129 4613 2342 4667 culsum
2369 4615 2478 4669 sit?
2524 4617 2690 4687 Atqui
2724 4618 3042 4676 damnatum
3088 4633 3173 4679 est
3210 4627 3445 4697 Diospoli
3499 4629 3555 4683 in
3603 4631 3702 4684 Pa-

2128 4701 2359 4767 lrestina,
2392 4705 2699 4763 Antiochia:
2750 4710 2805 4763 in
2860 4709 3036 4782 Syria,
3092 4715 3358 4772 Anazarbi
3408 4719 3464 4773 in
3506 4719 3694 4775 Cilicia

2129 4794 2390 4858 secunda,
2429 4795 2907 4871 Constantinopoli
2947 4804 3002 4858 in
3041 4807 3180 4861 urbe
3208 4809 3375 4879 regia,
3405 4811 3608 4880 Ephesi
3641 4814 3693 4867 in

2124 4886 2365 4950 generali
2399 4889 2627 4958 synodo.
2661 4892 2742 4944 An
2787 4895 2936 4963 quod
2961 4896 3273 4953 leestiani
3323 4916 3353 4954 a
3402 4901 3694 4958 Theodoro

2123 4971 2508 5042 Mopsuestcno
2544 4981 2814 5052 originem
2873 4986 3159 5056 ducerent,
3210 4991 3562 5063 Nestoriique
3594 5011 3689 5064 pa-

2121 5066 2354 5119 trocinio
2388 5068 2468 5122 usi
2501 5084 2706 5138 essent,
2747 5083 2803 5130 et
2844 5092 2908 5132 ea
2957 5079 3239 5145 docerent,
3280 5086 3586 5152 praesertim
3624 5086 3688 5140 de

2119 5164 2346 5221 peccato
2367 5158 2615 5227 originis,
2665 5164 2924 5232 aquibus
2977 5167 3358 5225 Theodoretus
3424 5170 3542 5240 ipse
3579 5189 3684 5227 non

2118 5243 2474 5302 abhorreret?
2496 5250 2802 5309 Probabilis
2823 5271 3005 5322 causa,
3034 5275 3140 5329 qua
3166 5271 3317 5330 parte
3335 5263 3681 5318 Theodorum

2115 5344 2172 5389 et
2203 5337 2516 5395 Nestorium
2559 5354 2802 5413 spectat;
2845 5349 2938 5403 sed
2974 5366 3082 5420 qua
3116 5352 3522 5409 Theodoretum
3555 5355 3680 5411 atti-

1773 5477 2089 5536 SCllULle
2128 5483 2357 5545 ΝΟΤᾸΞ.

516 5545 561 5639 ξς
594 5545 1598 5639 Ερξιὲγὲιξὶίξτ’ξξθδθὺΞξ-ωιιίςεζηιαηι.
1669 5569 1898 5639 ξξλΕὰῖι.
1943 5573 2094 5639 prior
2139 5576 2266 5632 hab.
2314 5581 2528 5639 decimo.

443 5614 564 5668 200.
644 5617 688 5649 ευ
717 5614 846 5673 Vide
874 5631 910 5674 t.
937 5622 1025 5687 1v,
1057 5641 1112 5693 p.
1144 5627 1267 5683 285.
1342 5614 1621 5703 "ltili.
1660 5614 1904 5690 280...”;
1933 5614 2045 5695 1ίὶἁῖ

443 5683 572 5739 diss.
622 5686 673 5739 5.
707 5705 806 5739 can
861 5691 909 5739 εἰ.
941 5702 996 5739 Μ
1028 5695 1150 5739 Frid
1222 5699 1531 5739 ςηοηοιμηικ
1579 5703 1694 5739 nm.
1756 5715 1771 5739 ι
1835 5709 1856 5739 ι
1909 5727 1940 5739 ..
1993 5712 2045 5739 nc

2159 5614 2266 5632 μιν.
2314 5614 2528 5639 μειηιιυ.
2640 5614 2681 5622 ν·
2716 5614 2828 5648 viu.
2861 5614 3047 5666 supra,

2154 5663 2264 5716 pra,
2295 5667 2346 5722 ιι.
2381 5654 2501 5710 200.
2583 5660 2626 5693 σε
2659 5663 2776 5718 Vid.
2809 5673 2845 5719 t.
2881 5665 2967 5732 iV,
2999 5685 3052 5739 p.

443 5683 572 5740 diss.
622 5686 674 5754 δ,
707 5705 806 5761 cap
861 5691 909 5758 5,
941 5683 1172 5751 ceri-id.
1222 5683 1533 5767 spannc'ﬁis'i
1569 5683 1792 5776 ῗὶιιιῖἷίῖ
1835 5709 1877 5777 ι,
1907 5683 2117 5782 ptati:

2640 5592 2828 5673 'f'yid.
2861 5611 3047 5673 supra,
3096 5615 3151 5673 p_.
3202 5603 3325 5656 9.5L
3370 5602 3505 5658 Vide.
3556 5620 3667 5673 pag.

3086 5615 3151 5709 ὲ).
3202 5615 3325 5684 251..
3377 5615 3667 5688 viden-ig.

3089 5670 3208 5726 -82.
3278 5676 3320 5705 ⁶⁵
3355 5675 3474 5731 κίκι.
3516 5675 3667 5738 Infra,
