3952 6294
169 295 289 358 ME)

1357 293 1452 351 DE
1494 291 1747 351 LIBRIS
1784 274 2293 348 THEODORETI.

3336 276 3442 341 346

176 416 304 466 net,
359 400 718 472 disceptanda
759 400 1079 471 diligentius
1132 401 1188 456 in
1244 401 1634 457 dissertatione
1689 400 1757 454 de
1788 403 1832 460 Α
1864 406 1928 452 ut
1957 413 2024 452 ex
2057 396 2222 452 allato
2251 393 2564 450 testimonio
2603 399 2834 446 constat.
2884 389 3028 460 Ergo
3072 396 3199 442 ante
3235 403 3439 441 annum

176 496 365 566 ipsius
395 494 524 548 fide.

251 585 402 640 Xlll.
451 583 558 639 Sed
589 600 690 639 cur
714 584 878 639 etiam
911 584 1292 639 Theodoretus
1326 584 1382 636 in
1425 597 1592 652 opere
1651 587 1767 635 toto

177 689 371 743 neque
425 671 682 744 Origenis
724 674 997 740 meminit,
1061 688 1240 742 neque
1309 671 1764 741 Origenistarum,

179 780 431 836 quorum
457 774 640 819 tamen
663 765 872 819 sciebat
890 779 1108 819 errores
1128 780 1158 818 a
1184 763 1491 832 TheOphilo
1526 762 1768 816 Alexan-

187 856 383 918 drino,
408 855 462 908 in
486 854 733 908 homiliis
767 854 1149 924 paschalibus;
1189 853 1256 906 ab
1281 851 1588 913 Anastasio,
1622 865 1772 905 sum-

186 964 284 1002 mo
314 945 599 1017 pontiﬁce,
637 946 693 998 in
746 945 948 999 litteris
996 943 1061 998 ad
1103 943 1383 998 Orientem
1444 941 1658 1007 missis;
1702 940 1771 994 ab

187 1037 652 1108 imperatoribus,
685 1035 742 1090 in
765 1034 961 1090 edictis
986 1050 1083 1104 per
1114 1042 1287 1088 totum
1323 1034 1628 1086 Romanum
1672 1030 1774 1085 im-

183 1127 416 1196 perium
442 1125 765 1197 propositis,
829 1139 950 1179 esse
982 1123 1357 1194 proscriptos?
1393 1123 1597 1176 Verum
1636 1119 1772 1174 nihil

184 1219 445 1282 illorum,
484 1218 628 1273 sicut
661 1225 716 1270 et
737 1215 1176 1286 Pelagianorum,
1223 1213 1537 1268 meminisse
1571 1210 1774 1281 prode-

187 1319 280 1364 rat
327 1309 397 1363 ad
436 1308 772 1370 institutum,
807 1306 952 1376 quod
979 1305 1242 1368 diximus,
1275 1302 1537 1373 carpendi
1566 1301 1778 1372 scilicet

185 1399 438 1465 occulte,
478 1406 536 1453 et
563 1398 620 1452 in
652 1396 918 1451 invidiam
957 1395 1192 1450 vocandi
1237 1393 1532 1465 Cyrilliana
1573 1391 1776 1460 capita,

189 1499 484 1559 totamque
510 1489 572 1541 de
600 1505 707 1542 una
732 1496 847 1558 post
873 1488 1163 1540 unitionem
1186 1493 1382 1539 natura
1403 1483 1735 1539 sententiam
1759 1495 1773 1533 :

189 1582 362 1653 cujus
407 1579 702 1635 sententiae
741 1578 879 1632 duas
909 1587 1096 1648 partes
1149 1577 1462 1631 discernere
1497 1588 1779 1643 nunquam

189 1673 270 1726 ita
309 1672 508 1736 valuit,
538 1679 599 1724 ut
622 1670 973 1732 catholicam,
1003 1683 1125 1739 qua:
1156 1669 1365 1740 Cyrilli,
1390 1667 1459 1742 ab
1495 1665 1774 1730 haeretica,

187 1763 362 1834 397
415 1778 536 1832 qua:
553 1761 872 1831 Apollinarii
899 1769 994 1814 aut
1029 1760 1310 1830 Eutychis,
1336 1759 1669 1828 sejungeret.

266 1855 414 1909 XIV.
441 1855 590 1924 Opus
615 1855 720 1909 hoc
740 1870 884 1908 anno
908 1853 1044 1908 1545
1063 1852 1286 1922 prodiit,
1314 1852 1550 1922 primum
1595 1850 1780 1904 Graece

191 1947 396 2002 Roma:
435 1944 738 2014 Ardingelli
791 1942 1097 1998 Cardinalis
1127 1957 1292 2009 cura;
1338 1941 1538 1996 deinde
1589 1940 1782 1994 Latine

193 2038 478 2094 Gentiano
523 2036 758 2090 llerveto
790 2035 1112 2104 interprete.
1161 2033 1358 2092 Latino
1406 2048 1663 2088 sermone
1696 2032 1782 2086 in-

198 2138 547 2201 terpretatus
576 2138 662 2182 est
703 2127 1020 2182 Victorinus
1048 2125 1363 2196 Strigelius,
1396 2127 1625 2197 ejusque
1656 2141 1784 2179 ver-

199 2223 367 2276 sione
427 2235 560 2274 usus
610 2227 694 2274 est
729 2219 943 2273 Marcus
1001 2217 1322 2273 Beumlerus
1378 2217 1434 2270 in
1464 2233 1562 2272 sua
1615 2215 1787 2286 logica

200 2312 460 2384 synopsi,
506 2326 614 2381 qua
655 2309 896 2380 singulas
947 2309 1112 2364 trium
1155 2308 1494 2378 dialogorum
1547 2308 1790 2362 rationes

199 2405 271 2458 ad
305 2403 547 2457 formam
569 2400 960 2472 syllogisticam
987 2398 1188 2469 exegit,
1213 2409 1272 2453 ut
1297 2414 1486 2452 earum
1517 2398 1630 2452 vim
1671 2414 1788 2452 ma-

200 2497 469 2551 nifestius
509 2498 526 2514 ‘
555 2492 893 2549 ostenderet.
922 2491 1079 2547 Hunc
1126 2491 1371 2546 laborem
1421 2491 1681 2561 suscepit,
1734 2498 1792 2544 ut

205 2586 582 2656 Ubiquitariis
619 2584 850 2653 aliisque
903 2582 1199 2648 haereticis,
1249 2581 1606 2651 Zuinglianus
1673 2581 1792 2650 ipse

205 2680 293 2734 vel
320 2677 696 2741 Lutheranus,
719 2674 1128 2730 Theodoretum
1173 2682 1268 2728 aut
1294 2673 1348 2726 in
1373 2687 1533 2727 suum
1571 2687 1792 2726 sensum

209 2768 568 2825 trahentibus
613 2776 702 2820 aut
733 2764 1200 2821 calumniantibus
1231 2764 1547 2819 obsisteret.

455 2913 480 2984 ἓ
507 2915 592 2968 lll.
615 2913 890 2969 Orationes
921 2913 1094 2965 decem
1117 2912 1179 2964 de
1203 2911 1557 2965 Providentia.

1868 489 1991 551 435,
2017 502 2126 557 quo
2153 499 2297 539 anno
2323 482 2704 552 interpretatio
2732 479 2983 536 Psalterii
3005 478 3307 548 composita
3336 488 3439 532 est.

1869 580 2114 634 Pertinet
2139 577 2305 647 igitur
2338 575 2407 630 ad
2432 590 2554 630 eam
2598 575 2826 628 classem
2868 571 3158 633 librorum,
3203 585 3343 638 quos
3387 569 3444 622 in

1868 669 2102 740 epistola
2177 668 2245 722 ad
2321 674 2569 722 sanctum
2624 663 2864 718 Leonem
2926 661 3306 716 Theodoretus
3368 659 3444 713 ait

1869 777 1927 816 se
1952 769 2077 816 ante
2103 773 2277 814 annos
2314 756 2631 828 quindecim
2681 755 2767 810 vel
2811 755 2974 810 etiam
3015 752 3320 808 octodecim
3364 751 3445 806 fe-

1871 853 2034 906 cisse.

1943 941 2007 993 V.
2051 939 2229 1006 Quare
2255 938 2406 994 credi
2433 937 2631 992 merito
2660 943 2838 1007 potest
2859 936 3119 1004 scriptus,
3167 936 3356 990 saltem
3379 948 3447 987 ex

1873 1040 2048 1106 parte,
2075 1030 2258 1084 statim
2291 1038 2416 1098 post
2464 1026 2732 1099 synodum
2773 1024 3126 1094 Ephesinam,
3159 1035 3446 1094 postquam

1874 1121 2222 1192 imperatoris
2256 1120 2510 1175 mandato
2559 1117 2867 1174 Orientales
2916 1116 3158 1186 episc0pi
3212 1114 3277 1169 ad
3323 1130 3449 1168 suas

1875 1215 2077 1285 singuli
2122 1222 2468 1269 recesserunt
2500 1211 2813 1266 Ecclesias:
2866 1219 2997 1264 tunc
3042 1210 3190 1263 enim
3231 1207 3450 1261 videtur

1877 1307 2260 1362 Theodoretus
2309 1320 2485 1368 suam,
2545 1303 2616 1357 ob
2667 1318 2753 1356 res
2786 1309 2977 1356 contra
3015 1307 3202 1352 votum
3248 1306 3447 1368 gestas,

1879 1397 2051 1452 animi
2099 1395 2481 1468 aegritudinem
2536 1393 2726 1448 verbis
2779 1391 3048 1460 factisque
3106 1389 3274 1444 solari
3354 1401 3450 1443 co-

1877 1499 2057 1545 natus.

1950 1582 2036 1636 Vl.
2063 1580 2203 1644 Dixi,
2239 1579 2432 1633 saltem
2457 1592 2523 1631 ex
2546 1582 2722 1646 parte,
2757 1571 2976 1628 duobus
3000 1585 3194 1640 nempe
3239 1578 3454 1640 postre-

1881 1675 1985 1728 mis
2008 1671 2358 1728 sermonibus
2383 1688 2396 1722 :
2425 1668 2592 1739 398
2619 1666 2838 1738 priores
2866 1664 3014 1719 enim
3044 1671 3169 1717 octo
3211 1677 3320 1716 non
3348 1659 3454 1713 im-

1883 1764 2243 1837 probabiliter
2288 1759 2502 1816 censeri
2529 1765 2760 1830 possunt
2806 1765 2932 1810 ante
2990 1751 3257 1825 synodum
3293 1749 3452 1814 facti;

1881 1872 2056 1927 eaque
2087 1856 2272 1910 forsan
2294 1867 2459 1909 causa
2481 1859 2585 1915 est,
2635 1865 2734 1903 cur
2761 1849 2816 1902 in
2843 1844 3071 1901 exordio
3105 1843 3235 1898 noni
3279 1841 3459 1896 Theo-

1883 1949 2110 2002 doretus
2170 1952 2391 2000 revocet
2441 1940 2789 1996 auditoribus
2860 1937 2917 1990 in
2963 1933 3285 2012 memoriam
3324 1971 3339 1995 ,
3387 1945 3458 1985 ne

1886 2049 2103 2108 tempus
2131 2035 2416 2099 deleverit,
2462 2031 2593 2102 quid
2621 2027 2925 2100 argumenti
2956 2035 3116 2080 antea
3165 2029 3458 2080 tractatum

1886 2132 1976 2186 sit.
2014 2149 2032 2182 ‹
2072 2128 2229 2193 Octo,
2291 2126 2490 2196 inquit,
2523 2125 2633 2194 jam
2684 2133 2966 2176 sermones
2998 2115 3208 2172 emensi
3246 2127 3456 2177 sumus,

1887 2222 2015 2276 dum
2042 2220 2380 2289 ingratorum
2401 2212 2796 2284 blasphemiam
2830 2209 3128 2279 arguimus.
3163 2224 3180 2257 ›

1957 2312 2070 2367 Vll.
2107 2310 2362 2365 Decimus
2385 2315 2535 2361 certe
2576 2319 2778 2366 sermo,
2803 2301 2898 2371 qui
2939 2299 3007 2354 de
3050 2295 3312 2366 patientia
3365 2294 3465 2349 bo—

1890 2417 2124 2465 norum,
2159 2414 2297 2469 quos
2337 2397 2522 2451 divina
2563 2391 2916 2449 Providentia
2967 2397 3225 2450 exercet,
3284 2383 3463 2452 deque

1891 2493 2057 2549 Verbi
2101 2489 2479 2545 incarnatione
2525 2492 2629 2548 est,
2659 2481 2900 2538 ostendit
2946 2495 3057 2534 non
3087 2477 3343 2538 obscure,
3409 2482 3466 2528 et

1893 2596 2111 2654 tempus
2145 2598 2255 2653 quo
2280 2583 2395 2651 ipse
2439 2577 2778 2648 compositus
2805 2582 2909 2637 est,
2947 2580 3003 2626 et
3041 2571 3222 2624 locum
3267 2569 3321 2621 in
3356 2582 3466 2636 quo

1894 2677 2029 2732 dicti
2083 2688 2314 2729 omnes:
2364 2671 2542 2726 dictos
2587 2668 2735 2722 enim
2795 2664 2862 2718 ad
2928 2662 3193 2733 populum
3241 2657 3468 2726 conjicit

1897 2779 2196 2837 utcunque,
2233 2763 2433 2836 partim
2457 2778 2524 2816 ex
2545 2758 2777 2815 solemni
2804 2752 3198 2826 giorilicatione
3223 2765 3328 2819 qua
3357 2748 3469 2802 sin-

1897 2859 2009 2930 guli
2065 2856 2356 2917 finiuntur,
2405 2849 2602 2922 partim
2627 2863 2694 2901 ex
2747 2843 3095 2915 peroratione
3131 2854 3238 2908 qua
3287 2850 3469 2891 sermo

1897 2928 2237 3006 convertitur
2278 2946 2347 3000 de
2395 2957 2545 2998 more
2583 2939 2649 2994 ad
2677 2937 3026 2997 audientem,
3073 2931 3270 3001 partim
3315 2928 3474 2981 deni-

288 3055 335 3108 l.
374 3053 525 3108 Nihil
565 3051 670 3106 hac
711 3049 1150 3112 elucubratione,
1187 3061 1308 3116 qua:
1352 3044 1542 3098 decem
1586 3055 1793 3097 sermo-
1822 3087 1864 3144 ϐ
1900 3059 2008 3114 que
2058 3057 2126 3096 ex
2184 3038 2369 3102 modo,
2426 3050 2524 3090 seu
2577 3027 2954 3101 magnitudine
3010 3021 3262 3079 εοηοίοηί
3323 3035 3473 3074 com-

213 3147 392 3201 nibus
420 3143 748 3209 absolvitur,
776 3150 870 3196 aut
897 3139 1247 3210 eloquentius
1276 3143 1370 3190 aut
1391 3132 1794 3196 admirabilius,

214 3255 336 3295 non
372 3237 553 3292 dicam
580 3252 611 3290 a
639 3233 1009 3299 Theodoreto,
1035 3231 1129 3286 sed
1153 3230 1221 3285 ab
1249 3228 1358 3283 alio
1380 3227 1509 3291 ullo,
1538 3223 1800 3280 felicioris

215 3332 395 3387 etiam
427 3327 650 3384 Graecia:
675 3327 966 3396 scriptore,
988 3323 1045 3378 in
1084 3323 1226 3377 hanc
1262 3337 1376 3375 rem
1426 3320 1636 3374 editum
1674 3325 1755 3371 est
1785 3334 1800 3384 ;

221 3434 286 3479 ut
339 3423 398 3477 in
433 3423 553 3492 ipsa
599 3420 842 3475 voluisse
915 3418 1169 3473 videatur
1239 3421 1434 3469 auctor
1489 3410 1800 3476 ostendere,

219 3523 500 3585 quantum
531 3511 585 3565 in
624 3519 741 3565 arte
766 3507 1007 3564 oratoria
1036 3506 1266 3568 valeret,
1293 3518 1566 3574 quamque
1621 3507 1806 3570 posset

221 3601 702 3674 eloquentissimis
721 3600 1033 3670 quibusque
1075 3596 1339 3651 invidiam
1369 3607 1590 3648 movere
1621 3609 1634 3644 :
1673 3591 1808 3646 scri-

223 3697 390 3752 benti
416 3694 599 3748 forsan
628 3690 931 3761 indignatio
965 3704 1063 3743 sua
1086 3685 1343 3741 auxiliata
1375 3693 1478 3738 est.

302 3789 375 3843 ll.
405 3786 558 3841 Hanc
583 3783 689 3839 sibi
727 3781 976 3836 vindicat
999 3778 1382 3834 Theodoretus
1407 3775 1638 3846 epistola
1683 3772 1806 3826 “5.

237 3902 255 3932 ι
290 3878 504 3948 Scripsi
533 3875 778 3946 quaedam
800 3873 1066 3928 adversus
1088 3871 1286 3942 Magos,
1325 3868 1417 3938 qui
1447 3875 1575 3922 sunt
1600 3866 1653 3918 in
1684 3865 1812 3918 Pe:-

234 3977 385 4039 side,
423 3974 532 4028 alia
554 3972 622 4026 de
648 3970 906 4025 universa
939 3965 1308 4028 Providentia,
1345 3983 1364 4015 ›
1418 3970 1524 4018 etc.
1559 3959 1814 4014 Vindicat

231 4068 405 4123 etiam
439 4065 496 4120 in
527 4059 924 4118 commentario
967 4056 1166 4114 Psalmi
1206 4071 1366 4118 vau,
1417 4055 1533 4118 ubi,
1576 4067 1702 4108 cum
1744 4052 1812 4106 de

236 4161 445 4229 injusta
475 4163 652 4210 morte
704 4152 926 4209 Christo
947 4151 1095 4205 illata
1136 4166 1235 4220 per
1274 4147 1552 4203 diabolum
1587 4152 1810 4214 ageret:

249 4269 266 4300 ε
303 4249 452 4310 Haec,
506 4245 704 4314 inquit,
754 4240 1023 4312 injustitia
1071 4239 1218 4292 illius
1250 4235 1471 4307 quidem
1523 4231 1815 4304 imperium

241 4339 466 4400 evertit,
500 4335 818 4391 hominibus
845 4341 1028 4386 autem
1064 4329 1273 4384 inferos
1305 4325 1591 4389 reseravit,
1627 4337 1819 4392 quem-

1899 3151 2107 3194 mensa.

1970 3228 2108 3284 Vill.
2134 3225 2274 3280 Dicti
2300 3231 2431 3278 sunt
2452 3220 2619 3290 igitur
2645 3213 2970 3274 Antiochiae,
3005 3210 3059 3264 in
3081 3208 3217 3263 urbe
3233 3206 3474 3262 Orientis

1902 3317 2183 3390 primaria,
2221 3328 2342 3384 qua:
2376 3311 2505 3381 quia
2547 3307 2748 3363 litteris
2791 3301 2994 3359 Graecis
3023 3307 3142 3354 erat
3168 3296 3476 3352 exeullissi-

1902 3429 2012 3476 ma,
2035 3412 2144 3464 imo
2169 3407 2479 3462 litterarum
2504 3402 2628 3456 fons
2655 3395 2992 3458 uberrimus,
3024 3399 3298 3445 tantarum
3339 3387 3477 3441 deli-

1903 3505 2112 3562 ciarum
2157 3512 2380 3554 sensum
2444 3493 2648 3548 habere
2699 3488 2900 3560 potuit,
2946 3499 3084 3554 quas
3151 3479 3474 3552 Cyrensium

1905 3593 2118 3649 ruditas
2148 3605 2212 3644 ac
2236 3603 2375 3658 pene
2394 3583 2679 3640 barbaries
2709 3593 2819 3633 non
2837 3574 3108 3644 capiebat.

1975 3684 2066 3740 IX.
2103 3683 2176 3736 De
2222 3680 2312 3735 his
2358 3691 2459 3748 ego
2498 3671 2804 3744 praesertim
2850 3663 3220 3725 sermonibus,
3253 3667 3479 3730 propter

1908 3774 2296 3833 admirabilem.
2319 3764 2715 3838 eloquentiam,
2767 3761 3104 3827 interpretor
3150 3748 3480 3806 Theodoreti

1911 3870 2100 3932 verba,
2135 3866 2204 3920 de
2255 3865 2465 3920 Joanne
2516 3855 2860 3914 Antiocheno
2911 3848 3039 3910 sibi,
3080 3860 3204 3900 cum
3252 3842 3480 3902 diceret,

1912 3958 2248 4029 plaudente:
2289 3973 2307 4004 ι
2342 3946 2753 4006 Disserentibus
2792 3940 2954 3996 nobis
2999 3939 3080 3990 sic
3121 3932 3481 3994 afficiebatur,

1917 4061 1975 4106 ut
1997 4049 2187 4104 ambas
2210 4059 2352 4113 szepe
2383 4053 2578 4096 manus
2607 4052 2716 4091 non
2753 4038 2988 4093 teneret,
3014 4036 3070 4082 et
3100 4026 3168 4080 de
3211 4023 3339 4078 sede
3378 4036 3480 4077 sua

1917 4153 2188 4208 consurge
2197 4143 2302 4199 ret,
2346 4153 2363 4184 ι
2397 4140 2507 4186 etc.

1987 4229 2057 4283 Χ.
2077 4201 2450 4283 Observanda,
2484 4231 2605 4287 qua:
2627 4215 2682 4269 in
2727 4211 2941 4267 decimo
2965 4207 3164 4278 partim
3189 4204 3256 4259 de
3279 4201 3488 4271 patien-

1926 4322 1996 4375 tia
2023 4323 2338 4374 sanctorum
2372 4311 2426 4364 in
2447 4305 2688 4363 ferendis
2707 4301 2971 4361 adversis,
3003 4296 3202 4368 partim
3224 4293 3292 4348 de
3325 4290 3486 4346 Verbi

245 4428 543 4484 admodum
593 4426 649 4479 in
691 4423 1036 4478 sermonibus
1084 4421 1152 4474 de
1182 4417 1532 4474 Providentia
1569 4388 1822 4485 pluribus
1854 4420 1894 4474 ι)
1925 4405 2304 4465 incarnatione
2335 4403 2661 4454 tractantur.
2706 4394 2799 4448 illa
2823 4388 3118 4460 siquidem,
3173 4391 3234 4439 ut
3261 4388 3488 4451 cognata

245 4519 436 4574 verbis
458 4518 667 4572 dictum
691 4523 795 4570 est.
827 4533 845 4565 ι
901 4511 1156 4567 Vindicat
1200 4509 1438 4578 denique
1489 4507 1546 4560 in
1590 4504 1823 4575 epistola

246 4613 354 4667 82:
395 4629 414 4663 ι
459 4609 719 4680 Mysticus
757 4619 976 4676 quoque
1004 4604 1142 4658 liber
1179 4618 1210 4656 a
1242 4599 1402 4654 nobis
1455 4596 1821 4666 conscriptus,

245 4706 407 4762 etde
453 4693 802 4757 Providentia
847 4697 988 4750 liber
1021 4695 1194 4760 alius;
1227 4712 1246 4743 ι
1297 4691 1354 4745 in
1408 4703 1571 4759 quem
1625 4701 1825 4754 nempe

249 4810 544 4854 sermones
573 4794 759 4847 decem
785 4789 1100 4858 collegerat.

327 4884 420 4939 Ill.
459 4883 537 4936 Ex
564 4881 648 4934 his
673 4881 782 4933 duo
813 4883 1066 4932 constant
1092 4891 1105 4926 :
1163 4872 1416 4935 alterum,
1448 4870 1596 4923 hunc
1623 4867 1829 4921 librum

253 4978 326 5032 ab
377 4989 446 5028 eo
507 4971 724 5026 diﬂ‘erre
754 5009 768 5032 ,
826 4969 920 5038 qui
960 4966 1224 5036 mysticus
1255 4963 1457 5017 dicitur
1493 4979 1507 5025 ;
1569 4960 1828 5018 alterum,

259 5067 528 5136 scriptum
580 5062 748 5118 fuisse
808 5072 934 5114 ante
979 5054 1407 5114 commentarios
1461 5052 1518 5107 in
1558 5051 1832 5106 Psalmum

261 5175 427 5216 ιιγιι.

331 5250 422 5305 IV.
466 5249 689 5310 Verum,
713 5249 773 5298 ut
805 5251 1024 5311 tempus
1047 5237 1254 5294 certius
1292 5241 1589 5296 statuatur,
1626 5232 1706 5286 sic
1750 5244 1837 5283 ra-

267 5337 648 5397 tiocinandum
673 5343 776 5390 est.
807 5332 1056 5401 Scriptus
1093 5336 1177 5384 est
1204 5336 1352 5382 certe
1397 5324 1538 5378 liber
1583 5328 1708 5375 ante
1745 5335 1841 5373 an-

266 5446 401 5486 num
426 5427 552 5483 438.
586 5425 724 5480 Nam
750 5429 1073 5476 numeratur
1104 5435 1134 5473 a
1160 5415 1508 5472 Theodoreto
1551 5413 1694 5466 inter
1721 5425 1837 5473 eos,

267 5534 433 5590 quos,
455 5531 583 5572 cum
605 5528 753 5568 anno
773 5510 876 5565 449
906 5509 1121 5564 litteras
1151 5506 1308 5561 daret
1334 5503 1399 5558 ad
1421 5511 1673 5559 sanctum
1705 5499 1843 5553 Leo-

271 5626 422 5674 nem,
444 5624 505 5663 se
530 5615 658 5662 ante
702 5601 992 5659 duodecim
1018 5614 1191 5654 annos
1211 5595 1584 5666 composuisse
1629 5590 1841 5648 asserit.

271 5701 525 5773 Scriptus
549 5711 768 5768 quoque
799 5700 880 5750 est
906 5703 1027 5748 ante
1048 5687 1552 5759 interpretationem
1578 5681 1843 5747 Psalterii,

1924 4508 2074 4562 sunt,
2109 4497 2221 4551 imo
2246 4492 2360 4548 fere
2395 4489 2588 4544 eadem
2619 4502 2744 4542 cum
2767 4484 2855 4548 iis,
2879 4482 3082 4552 quibus
3106 4475 3490 4533 Theodoretus

1925 4601 2115 4665 postea
2145 4587 2383 4656 seipsum
2407 4599 2437 4636 a
2460 4580 2724 4635 Dioscoro
2765 4577 2822 4631 in
2853 4573 3122 4644 Ephesina
3146 4567 3354 4641 synodo
3393 4579 3484 4618 se-

1927 4657 2106 4740 cunda
2134 4679 2275 4734 dura
2312 4687 2534 4745 passum
2562 4670 2772 4726 solatus
2813 4672 2918 4730 est,
2953 4663 3198 4733 produnt
3245 4657 3489 4713 animum

1927 4773 2168 4830 hominis
2199 4766 2483 4840 querentis
2506 4764 2574 4818 de
2618 4757 2883 4821 adversis,
2913 4771 3035 4825 quae
3071 4754 3301 4823 primam
3330 4756 3496 4818 syno-

1930 4867 2060 4922 dum
2080 4837 2410 4933 Ephesinam
2437 4861 2624 4911 secuta
2662 4858 2791 4907 sunt
2819 4867 2832 4902 :
2864 4849 2988 4908 ista,
3029 4855 3090 4898 ut
3108 4856 3300 4912 parum
3335 4837 3498 4891 diﬂ‘e-

1932 4963 2081 5017 runt,
2101 4952 2267 5006 etiam
2297 4947 2592 5003 verborum
2627 4948 2890 5001 teuore,a
2915 4930 3256 4989 Nestorianis
3306 4926 3374 4981 de
3417 4925 3493 4978 in-

1933 5043 2252 5100 carnatione
2279 5033 2648 5095 sermonibus,
2702 5025 3031 5087 ostendunt,
3063 5018 3339 5091 quomodo
3370 5024 3501 5068 tunc

1935 5135 2164 5190 affectus
2189 5131 2373 5186 animo
2402 5124 2589 5186 fuerit,
2625 5133 2751 5175 cum
2789 5115 3079 5171 scriberet.
3110 5111 3170 5164 ld
3207 5116 3381 5162 totum
3425 5104 3502 5158 fa-

1937 5227 2040 5281 cile
2064 5225 2298 5294 quisque
2332 5215 2623 5285 intelliget,
2655 5209 2750 5280 qui
2785 5207 2894 5261 alia
2942 5220 3067 5259 cum
3099 5201 3223 5256 aliis
3252 5197 3504 5254 conferre

1938 5315 2192 5373 voluerit.

2021 5422 2160 5492 §lV.
2191 5419 2265 5473 De
2285 5413 2534 5471 curandis
2565 5409 2919 5535 aj‘ectionibus
2971 5405 3272 5460 Grazcorum
3319 5399 3439 5453 libri

2627 5481 2876 5534 uodecrm.

2627 5481 2876 5534 uodecim.

2015 5587 2055 5640 l.
2095 5583 2288 5637 Libros
2318 5573 2584 5649 ejusmodi
2621 5569 2910 5627 duodecim
2961 5563 3207 5636 agnoscit
3253 5555 3506 5614 Theodo—

1950 5687 2099 5733 retus
2133 5675 2283 5730 velut.
2335 5684 2482 5734 suos,
2533 5675 2647 5719 tum
2700 5663 2754 5718 in
2829 5657 3077 5731 epistolis
3133 5654 3200 5710 ad
3263 5657 3511 5707 sanctum
