3952 6294
546 307 649 372 347

1633 316 2007 377 GARNERII
2048 316 2541 378 DISSERTATIO
2581 318 2641 377 ΙΙ

3692 314 3809 380 348

3322 376 3355 403 δ

547 419 786 475 Leonem
812 432 867 475 et
890 422 1155 476 Renatum
1183 424 1248 486 ⁸³,
1290 430 1405 477 tum
1448 424 1748 494 quaestione
1800 426 1856 480 in
1908 425 2115 481 Leviti-
2143 428 2190 484 Α
2218 424 2496 491 habuisse,
2522 439 2683 495 quem
2702 432 2962 489 verteret,
2990 433 3084 478 aut
3110 423 3439 479 Theodoreti
3462 438 3684 479 sensum
3705 440 3803 480 as-

548 523 698 572 cum,
725 510 742 527 ‘
764 526 868 579 qua
898 510 970 562 de
983 526 1142 564 causa
1175 510 1312 565 Deus
1338 513 1434 566 sibi
1465 514 1731 583 sacriﬁcia
1761 517 1938 587 oﬁ'erri
1978 533 2113 586 pric-

550 598 760 667 ceperit,
801 597 898 652 ubi
931 609 1167 668 quatuor
1217 601 1449 658 aliorum
1491 618 1719 674 operum
1777 607 2111 661 mentionem

547 685 697 742 facit.
730 705 748 737 σ
779 688 856 743 De
893 688 1000 754 his,
1030 690 1229 761 inquit,
1255 692 1494 750 diximus
1523 692 1714 752 multis
1734 697 1789 751 in
1810 698 1967 763 locis,
1996 705 2113 754 tum

547 773 603 829 in
620 775 725 839 his,
752 791 874 846 quae
905 787 1095 834 contra
1125 779 1343 838 Graecos
1366 785 1710 855 scripsimus,
1755 800 1810 842 et
1852 789 2114 845 adversus

544 863 800 931 haereses,
829 876 944 922 tum
970 869 1025 924 in
1047 870 1134 936 iis,
1169 889 1291 942 qua:
1323 875 1592 931 adversus
1615 893 1820 948 magos,
1848 887 2113 948 prieterea

544 953 599 1009 in
634 959 1078 1015 enarrationibus
1138 961 1502 1032 Psalmorum,
1554 974 1610 1021 et
1643 968 1699 1021 in
1745 967 2111 1037 Epistolarum

542 1047 967 1115 apostolicarum
1003 1055 1428 1111 commentariis.
1463 1074 1481 1108 ι

613 1134 678 1189 ll.
709 1135 904 1191 Mirum
936 1155 1069 1195 vero
1097 1143 1315 1209 accidit,
1345 1161 1524 1216 neque
1548 1162 1577 1200 a
1602 1147 1798 1203 Photio
1818 1151 1883 1214 ",
1933 1164 2111 1219 neque

541 1237 575 1310 a
597 1221 909 1294 Nicephoro
931 1232 1207 1286 recenscri
1245 1249 1384 1303 opus
1407 1239 1525 1290 tam
1557 1238 2110 1310 exquisitum,t0tque

541 1309 702 1366 libris
726 1317 1185 1384 comprehensum
1215 1337 1229 1374 :
1272 1323 1368 1377 sed
1405 1323 1522 1380 fieri
1544 1328 1742 1396 potuit,
1770 1336 1833 1383 ut
1857 1329 1912 1384 in
1939 1309 2112 1384 mani-

541 1398 647 1455 bus
671 1404 918 1458 omnium
944 1422 1052 1461 non
1075 1419 1239 1475 esset,
1264 1421 1489 1482 propter
1520 1417 1861 1472 reconditam
1900 1418 2109 1475 doctri-

540 1506 669 1544 nam
703 1492 1608 1575 399externam;etscriptores
1636 1507 1717 1562 illi
1766 1509 1876 1565 duo
1919 1511 2113 1566 memi—

540 1583 724 1638 nerint
755 1583 1019 1643 duntaxat
1047 1604 1298 1660 operum,
1336 1609 1457 1665 quae
1481 1595 1644 1668 vulgo
1671 1608 1801 1656 nota
1828 1609 2035 1656 essent.

614 1679 702 1734 lli.
724 1680 942 1738 Editum
968 1694 1051 1740 est
1077 1697 1201 1742 ante
1231 1706 1443 1747 annum
1463 1694 1585 1759 4'58,
1617 1695 1887 1764 siquidem
1914 1713 2107 1752 recen-

538 1777 691 1822 sctur
707 1785 737 1824 a
767 1771 1113 1830 Theodoreto
1138 1776 1281 1833 inter
1305 1796 1470 1849 opera
1500 1781 1789 1839 duodecim
1810 1794 1934 1841 ante
1950 1787 2110 1842 annis

538 1859 837 1927 composita
859 1902 873 1925 ,
906 1879 1067 1932 quam
1102 1864 1273 1923 Leoni
1314 1870 1506 1942 Magno
1547 1872 1816 1929 scriberet
1844 1894 1857 1929 :
1889 1877 2109 1948 scripsit

536 1961 666 2002 vero
696 1965 838 2005 anno
862 1953 985 2008 449.

602 2036 690 2092 IV.
714 2038 871 2096 Stare
906 2041 1074 2113 igitur
1090 2061 1201 2100 non
1238 2055 1416 2117 potest
1434 2049 1788 2108 illustrissimi
1818 2055 2104 2111 Annalium

533 2126 818 2196 scriptoris
865 2134 1172 2199 sententia,
1221 2138 1517 2206 opinantis,
1573 2144 1936 2213 compositum
1980 2162 2106 2201 esse

532 2224 656 2300 post
677 2217 849 2289 legem
883 2221 1178 2279 Theodosii
1211 2226 1477 2284 adversus
1508 2232 1739 2300 gentiles
1759 2234 1937 2288 datam
1959 2251 2105 2291 anno

530 2296 655 2392 439,
697 2309 875 2377 pridie
914 2312 1031 2367 Kal.
1079 2314 1241 2369 Febr.
1287 2296 1703 2392 Constaritinop.
1758 2323 1827 2377 ad
1876 2323 2102 2380 Floren-

532 2390 689 2448 tium.

597 2482 663 2539 ν.
729 2483 894 2542 Suam
953 2492 1281 2547 sententiam
1322 2495 1589 2553 Batonius
1644 2514 1711 2554 ex
1760 2516 1827 2556 eo
1887 2504 2105 2560 videtur

529 2573 855 2641 confecisse,
886 2580 1032 2648 quod
1051 2582 1128 2637 ait
1154 2583 1534 2643 Theodoretus
1572 2591 1673 2645 sub
1698 2590 1858 2646 linem
1893 2609 2099 2651 sermo-

529 2663 617 2754 nis
655 2666 914 2735 septimi,
946 2683 1070 2724 cum
1117 2672 1434 2730 hortaretur
1475 2680 1726 2748 gentiles,
1776 2690 1837 2736 ut
1883 2685 2100 2754 rejectis

526 2752 644 2806 suis
676 2754 980 2823 sacrificiis,
1023 2762 1353 2818 sacriﬁcium
1400 2767 1580 2822 laudis
1615 2770 1880 2827 offerrent
1937 2752 2049 2830 beo
2082 2794 2096 2830 :

535 2859 555 2892 α
587 2842 754 2898 Vobis
783 2854 844 2901 ut
879 2848 954 2903 ita
978 2849 1211 2918 faciatis,
1241 2858 1608 2925 persuadeant
1646 2877 1755 2917 non
1785 2865 2097 2937 principum

524 2931 692 3004 leges,
719 2950 899 3007 neque
937 2943 1334 3012 suppliciorum
1367 2958 1574 3016 metus,
1604 2953 1698 3007 sed
1723 2931 2094 3030 veritatis-po-

525 3027 716 3083 tentia.
734 3044 856 3098 qum
874 3033 1040 3089 maris
1054 3050 1119 3089 ac
1141 3044 1298 3092 terra:
1315 3039 1603 3096 incolisest
1612 3044 1722 3113 jam
1743 3027 2046 3104 notissima.
2070 3071 2087 3102 ι

525 3114 633 3172 Sed
658 3134 779 3188 quae
818 3121 966 3192 leges
994 3126 1305 3198 principum
1346 3128 1748 3202 intelligantur,
1786 3152 1913 3192 mox
1947 3139 2097 3196 dicc-

524 3223 649 3263 mus
681 3228 696 3263 :
731 3211 891 3283 longe
912 3216 1060 3268 enim
1091 3227 1220 3273 sunt
1244 3218 1392 3285 aliae,
1418 3237 1582 3291 quam
1606 3241 1729 3295 qua:
1749 3227 2098 3288 adducuntur

525 3312 558 3352 a
590 3297 909 3356 doctissimo
930 3304 1225 3361 cardinale.

586 3386 676 3442 Vl.
708 3389 827 3457 Quo
852 3392 1021 3462 igitur
1055 3395 1281 3454 definite
1306 3407 1550 3472 tempore
1588 3407 1812 3478 scripsit
1841 3409 2096 3467 Theodo-

525 3479 721 3534 retus?
743 3479 941 3537 Audivi
963 3484 1057 3553 qui
1087 3489 1384 3558 conjiceret
1406 3492 1511 3549 hoc
1550 3511 1688 3566 opus
1717 3499 2095 3557 elucubratum

523 3583 647 3624 esse
668 3570 889 3628 circiter
909 3589 1112 3631 annum
1134 3579 1240 3633 455
1262 3621 1276 3647 ,
1301 3592 1396 3637 aut
1417 3584 1550 3653 434;
1570 3589 1728 3657 quasi
1756 3598 1889 3646 tunc
1912 3591 2094 3648 Theo-

526 3658 771 3728 doretus,
801 3675 1088 3737 postquam
1116 3670 1247 3742 legit
1277 3673 1587 3733 elaboratos
1614 3695 1645 3734 a
1667 3679 1871 3749 Cyrillo
1897 3683 2094 3739 adver-

525 3766 622 3841 sus
650 3751 926 3810 Iulianum
957 3758 1148 3824 libros,
1173 3764 1410 3820 voluerit
1436 3778 1496 3823 et
1521 3770 1636 3840 ipse
1661 3773 1941 3841 specimen
1961 3775 2093 3830 dare

525 3840 825 3933 doctrinm,
857 3846 914 3901 in
960 3849 1274 3911 refellendis
1313 3856 1649 3925 Graecorum,
1672 3840 1732 3915 id
1770 3870 1884 3927 est,
1918 3865 2094 3933 genti-

518 3931 678 4024 lium,
708 3935 1034 4005 quiJuliano
1065 3940 1369 4016 imperante
1385 3960 1794 4020 resumpserant
1823 3931 2089 4024 animum,

517 4023 784 4091 adversus
821 4027 985 4087 ﬁdem
1021 4032 1390 4093 Christianam
1416 4040 1726 4098 calumniis.

583 4115 693 4172 νη.
742 4117 896 4177 Hanc
935 4125 1309 4197 conjecturam
1336 4129 1564 4199 juvahat
1605 4135 1870 4191 extremis
1905 4136 2092 4195 verbis

517 4204 916 4298 [fi-aifationis"
949 4231 965 4268 :
1000 4234 1019 4268 ‹
1049 4216 1246 4274 Oratos
1268 4227 1455 4274 autem
1483 4221 1669 4290 velim,
1692 4225 2008 4298 quicunque
2033 4229 2091 4287 in

510 4294 749 4387 aliorum
777 4300 1191 4363 lucubrationes
1210 4308 1525 4378 inciderint,
1542 4324 1625 4380 ut,
1648 4294 1936 4387 siquidem
1946 4320 2087 4376 bene

2215 526 2454 572 secutus.
2480 516 2636 587 Legit
2669 517 2816 571 enim
2847 533 2860 569 :
2893 516 3030 578 Τοὺς
3052 516 3105 569 δὲ
3141 519 3251 579 τοῖς
3281 515 3579 586 ἀλλοτρίοις
3605 519 3802 586 ἐντυγ-

2216 607 2475 676 χάνοντας
2521 606 2703 669 πόνοις
2763 605 3090 677 παρακαλῶ,
3119 615 3250 671 etc.,
3276 621 3404 661 cum
3452 605 3805 662 emendatior

2215 697 2391 752 Fulvii
2444 697 2625 753 Ursini
2685 697 2852 752 lectio
2899 697 3098 753 habeat
3134 697 3182 730 “
3218 699 3330 760 τοῖς
3364 697 3421 749 δὲ
3472 699 3588 761 τοῖς
3638 697 3801 752 ἀλλο-

2213 784 2403 854 τρίοις,
2427 790 2547 838 ete.‘
2561 783 2738 839 Vertit
2761 785 2925 839 etiam
2958 801 3149 840 vocem
3181 786 3323 840 hanc
3346 785 3647 854 ἀλλοτρίοις
3664 786 3803 840 alio-

2214 890 2354 938 rum,
2391 890 2518 929 cum
2544 874 2824 930 debuisset
2856 875 3059 930 alienas
3085 895 3116 931 a
3142 878 3263 931 vita
3285 879 3550 947 proposito
3582 893 3602 932 :
3624 892 3799 932 excu-

2213 963 2425 1019 satione
2463 965 2610 1018 enim
2633 963 3015 1021 Theodoretus
3046 966 3240 1030 utitur,
3284 966 3431 1036 quod
3463 966 3520 1020 in
3546 966 3799 1021 externis

2214 1054 2416 1109 litteris
2446 1053 2795 1126 profanisque
2818 1055 2958 1110 adeo
2983 1057 3056 1110 sit
3082 1066 3333 1113 versatus
3355 1058 3441 1111 vir
3480 1058 3794 1128 theologus,

2214 1146 2532 1211 innutritus,
2558 1155 2618 1201 ut
2641 1148 2757 1216 ipse
2781 1148 2914 1203 alias
2941 1146 3095 1213 dicit,
3118 1165 3149 1203 a
3167 1149 3403 1219 pueritia
3429 1149 3601 1204 sacris
3624 1150 3799 1204 Litte-

2214 1237 2308 1292 ris.
2331 1236 2400 1291 Et
2424 1253 2555 1292 vero
2583 1238 2916 1309 Acciajolum
2944 1254 2973 1293 a
3005 1254 3101 1294 sua
3130 1237 3294 1311 5,00
3312 1239 3588 1295 sententia
3611 1239 3794 1295 dimo—

2211 1310 2341 1383 vere
2364 1327 2667 1382 debuerant
2691 1343 2812 1398 quae
2841 1336 3166 1399 sequuntur.
3192 1328 3333 1384 Sunt
3350 1329 3497 1384 enim
3523 1330 3793 1384 solemnia

2212 1418 2380 1473 verba
2425 1418 2664 1473 hominis
2702 1418 2769 1474 de
2795 1434 2963 1489 opere
3008 1434 3109 1475 suo
3138 1460 3152 1485 ,
3207 1435 3321 1475 non
3371 1420 3440 1475 de
3488 1421 3675 1476 alieno
3708 1420 3792 1475 Io-

2212 1511 2449 1599 quentis.

2281 1620 2371 1677 lx.
2423 1622 2764 1695 Conjecturre
2806 1622 3179 1680 infirmitatem
3219 1623 3360 1678 alius
3406 1623 3596 1678 forsan
3632 1638 3787 1678 exeo

2146 1757 2185 1808 Β
2211 1710 2469 1780 probaret
2490 1752 2503 1775 ,
2535 1713 2680 1781 quod
2719 1714 2944 1767 alteram
2980 1712 3358 1768 Theodoretus
3402 1713 3520 1782 ipse
3548 1714 3791 1768 occasio-

2212 1817 2337 1855 nem
2382 1802 2657 1856 scribendi
2702 1810 3095 1858 commemoret
3120 1803 3173 1856 in
3223 1802 3546 1860 Praefatione
3581 1805 3784 1874 operis.

2221 1911 2237 1944 ι
2271 1891 2679 1962 Saepenumero,
2722 1893 2921 1962 inquit,
2955 1892 3172 1957 accidit,
3204 1900 3265 1946 ut
3312 1893 3563 1947 nonnulli
3594 1908 3785 1948 eorum

2210 1983 2303 2051 qui
2332 1982 2581 2052 suspensi
2614 1982 2924 2037 Graecorum
2954 1983 3239 2055 gentilium
3268 1982 3482 2037 fabulas
3504 1983 3787 2039 admiran-

2209 2083 2318 2137 tur,
2349 2090 2562 2128 mecum
2590 2073 2915 2128 familiarius
2945 2073 3244 2144 congressi,
3275 2081 3390 2128 tum
3413 2073 3785 2130 Christianam

2208 2166 2368 2221 ﬁdem
2390 2175 2628 2222 nostram
2648 2166 2981 2231 deriderent,
3000 2174 3304 2221 asserentes
3323 2165 3459 2220 nihil
3483 2182 3588 2221 nos
3618 2166 3781 2231 aliud,

2205 2272 2369 2325 quam
2395 2272 2599 2310 meram
2629 2256 3028 2318 credulitatem,
3058 2255 3339 2309 insinuare
3365 2255 3495 2318 illis,
3524 2271 3668 2324 quos
3698 2256 3782 2309 di-

2205 2345 2348 2400 vinis
2363 2346 2527 2400 rebus
2549 2345 2872 2401 imbuendos
2895 2346 3229 2416 accipimus;
3266 2355 3378 2399 tum
3407 2361 3539 2400 vero
3565 2353 3623 2400 et
3652 2362 3785 2416 apo-

2201 2439 2369 2492 stolos
2392 2438 2619 2492 inscitiae
2640 2446 2985 2499 accusarent,
3020 2438 3287 2492 barbaros
3318 2444 3613 2507 propterea
3636 2453 3781 2491 nun-

2201 2538 2484 2598 cupantes,
2514 2528 2662 2598 quod
2697 2529 2845 2583 omni
2894 2538 3120 2583 careant
3164 2528 3495 2583 elocutionis
3540 2538 3780 2596 ornatu;

2201 2622 2333 2691 quin
2359 2630 2414 2675 et
2441 2621 2731 2675 ridiculum
2768 2635 2889 2675 esse
2920 2620 3198 2685 dicebant,
3225 2620 3370 2689 quod
3393 2621 3605 2675 honore
3637 2638 3787 2677 mar-

2202 2722 2348 2783 tyres
2381 2727 2807 2781 prosequamur;
2849 2722 2905 2767 et
2934 2713 3165 2783 insignis
3199 2712 3464 2776 stultitiae,
3506 2713 3553 2767 si
3588 2714 3785 2767 viven—

2197 2810 2279 2855 tes
2301 2801 2457 2855 abiis
2480 2802 2573 2870 qui
2593 2801 2707 2855 vita
2729 2800 2901 2856 functi
2919 2812 3066 2866 sunt,
3092 2802 3262 2856 ullum
3289 2802 3392 2856 sibi
3426 2802 3779 2857 commodum

2198 2907 2515 2963 comparare
2542 2893 2896 2948 contendant.
2925 2893 3259 2965 Adjecerunt
3294 2902 3349 2948 et
3391 2894 3498 2949 alia
3522 2895 3778 2964 quaedam

2202 2983 2419 3053 generis
2446 2983 2713 3054 ejusdem,
2742 3000 2864 3053 qua:
2904 2984 3021 3037 suis
3049 2983 3183 3038 locis
3214 2983 3354 3038 liber
3381 2984 3471 3039 hic
3497 2985 3778 3041 edocebit.

2122 3087 2166 3145 ο
2202 3073 2311 3143 Ego
2340 3088 2474 3127 vero
2505 3083 2562 3128 et
2584 3074 2819 3144 explicui
2858 3083 2991 3128 tunc
3020 3073 3148 3138 illis,
3178 3090 3300 3143 quae
3329 3073 3514 3130 afferri
3546 3084 3781 3146 oporte-

2199 3165 2292 3220 bat
2332 3164 2398 3218 ad
2443 3165 2730 3221 maledicta
2753 3164 3034 3220 solvenda.
3062 3165 3339 3220 Nefarium
3365 3175 3545 3222 autem
3574 3179 3633 3223 et
3660 3169 3776 3222 im-

2198 3254 2349 3325 pium
2396 3270 2516 3310 esse
2560 3256 2712 3321 duxi,
2740 3256 2785 3310 si
2832 3257 3182 3328 simplicioris
3210 3267 3357 3315 notae
3399 3260 3648 3315 homines
3704 3262 3785 3316 ab

2198 3345 2418 3402 illorum
2435 3346 2547 3402 falli
2576 3347 2836 3405 versutiis
2858 3355 3102 3418 paterer.
3139 3368 3158 3401 ι

2266 3480 2334 3535 Χ.
2365 3480 2622 3552 Speciosa
2663 3483 2886 3553 quidem
2929 3484 3045 3539 haec
3086 3485 3387 3550 excusatio,
3436 3501 3545 3541 non
3587 3494 3774 3541 tamen

2196 3573 2569 3643 conjecturam
2610 3572 2876 3645 infringit,
2903 3590 3030 3630 cum
3070 3575 3210 3630 alius
3240 3575 3311 3630 sit
3335 3590 3475 3646 saepe
3501 3577 3596 3647 qui
3630 3593 3779 3647 prie-

2196 3664 2457 3728 tenditur,
2481 3665 2623 3720 alius
2654 3665 2750 3735 qui
2787 3665 3036 3736 impellit,
3066 3666 3235 3720 animi
3270 3667 3519 3724 allectus.
3563 3668 3776 3724 Verum

2196 3755 2312 3810 haec
2336 3755 2474 3810 nihil
2509 3756 2578 3811 ad
2610 3764 2846 3827 tempus,
2890 3757 3036 3827 quod
3065 3758 3298 3813 certiore
3334 3758 3519 3829 aliqua
3554 3759 3778 3815 ratione

2194 3844 2565 3915 indagandum
2586 3855 2689 3900 est.

2257 3957 2349 4012 XI.
2383 3957 2547 4012 Praeit
2570 3973 2702 4013 vero
2721 3959 3016 4016 cardinalis
3044 3960 3329 4026 Baronius,
3355 3976 3480 4018 cum
3514 3962 3779 4019 Theodo.

2190 4054 2370 4103 retum
2393 4048 2676 4118 scripsisse
2711 4047 2791 4103 ait
2809 4050 3101 4106 occasione
3120 4051 3258 4123 legis
3276 4068 3309 4108 a
3334 4051 3644 4109 Theodosio
3664 4055 3773 4110 ad-

2186 4154 2382 4195 versus
2398 4153 2637 4211 paganos
2652 4140 2778 4196 lata:
2809 4158 2823 4194 :
2850 4156 2978 4198 nam
3009 4156 3135 4198 cum
3154 4143 3391 4215 intelligi
3412 4155 3650 4216 nequeat
3676 4147 3774 4203 lex

2190 4227 2302 4293 illa,
2330 4244 2454 4299 quas
2495 4228 2565 4284 ad
2597 4244 2803 4286 annum
2832 4231 2938 4287 4'59
2970 4232 3231 4299 refertur,
3260 4234 3413 4304 prior
3452 4235 3635 4307 aliqua
3674 4238 3770 4292 in-

2188 4321 2457 4391 quirenda
2478 4330 2581 4388 est,
2608 4337 2734 4377 cum
2752 4338 2860 4393 qua
2886 4324 3219 4381 Theodoreti
3244 4326 3388 4383 dicta
3409 4328 3767 4394 conveniant,

513 4385 719 4491 habent
740 4393 930 4491 omnia
941 4409 1065 4491 quae
1086 4397 1293 4491 scripta.
1329 4410 1477 4491 sunt,
1518 4403 1689 4459 Deum
1718 4385 1963 4473 laudent,
1989 4411 2084 4479 qui
2117 4423 2162 4479 ι)
2271 4428 2380 4483 qua
2404 4385 2703 4483 imperator
2730 4385 2949 4485 pinnam
2980 4418 3177 4486 capitis
3203 4418 3642 4476 sacrificantibus
3661 4385 3765 4491 pa;

512 4473 655 4532 bene
675 4480 955 4537 scribendi
980 4483 1292 4543 facultatem
1317 4489 1488 4555 dedit,
1523 4492 1764 4565 ipsisque
1786 4497 1926 4553 adeo
1949 4473 2083 4553 scri-

510 4567 764 4633 ptoribus
788 4572 928 4629 bene
948 4586 1274 4645 precentur;
1302 4583 1388 4635 sin
1413 4598 1546 4638 vero
1569 4585 1752 4654 aliqua
1776 4586 2080 4644 desiderari

510 4655 824 4728 videantur,
853 4679 921 4718 ne
947 4664 1142 4722 horum
1165 4684 1329 4725 causa
1354 4683 1550 4729 cuncta
1571 4676 1957 4744 condemnem,
1984 4681 2082 4736 sed

506 4760 581 4799 ex
611 4746 679 4803 iis
696 4751 898 4821 potius,
920 4768 1042 4822 quae
1063 4767 1213 4813 recte
1230 4759 1434 4831 scripta
1459 4762 1714 4832 viderint,
1737 4767 2079 4825 emolumen-

512 4850 628 4891 tum
665 4839 771 4895 sibi
798 4854 1135 4913 comparent.
1177 4867 1195 4900 ι

511 5013 525 5024 .
578 4924 714 5024 Vill.
749 4929 950 4984 Verum
991 4931 1207 4991 inﬁrma
1242 4948 1328 4994 est
1365 4941 1682 5012 conjectura
1714 4962 1876 5004 :nam
1903 4960 2078 5009 totum

508 5014 683 5084 ipsius
726 5030 1067 5077 momentum
1088 5040 1158 5080 ex
1182 5043 1247 5083 ea
1274 5030 1390 5085 sola
1423 5047 1555 5089 voce
1588 5038 1812 5106 pendet,
1845 5042 2077 5100 aliorum

505 5108 931 5177 lucubrationes;
960 5114 1107 5172 unde
1134 5120 1283 5175 enim
1308 5132 1572 5193 praeterea
1592 5128 1698 5184 ?At
1719 5147 1832 5188 non
1857 5135 2078 5192 videtur

507 5197 813 5271 Acciajolus
844 5203 1139 5277 interpres,
1193 5222 1289 5269 aut
1328 5229 1610 5288 expertem
1648 5224 1767 5279 vitii
1829 5226 2075 5283 codicem

2179 4505 2335 4573 ganis
2369 4512 2591 4559 statuat.
2622 4504 2762 4560 Sunt
2786 4514 2972 4561 autem
3005 4508 3275 4580 ejusmodi
3299 4509 3440 4575 duae,
3459 4526 3598 4580 quas
3648 4512 3767 4566 suis

2177 4593 2471 4649 Annalibus
2496 4595 2765 4652 Batonius
2804 4596 3038 4655 inseruit
3079 4616 3093 4653 :
3132 4600 3303 4655 altera
3329 4616 3472 4656 anno
3494 4602 3618 4667 ηδ,
3642 4602 3711 4658 ad
3746 4606 3763 4622 '

2176 4684 2623 4755 Asclepiodotum
2677 4686 2997 4757 priefectum
3038 4691 3294 4759 praetorio
3338 4708 3352 4745 :
3394 4693 3568 4748 altera
3614 4709 3764 4747 anno

2176 4779 2301 4843 428,
2323 4779 2391 4834 ad
2420 4779 2693 4834 lsidorum
2711 4780 2902 4836 itidem
2921 4783 3243 4853 praefectum
3269 4784 3547 4854 praetorio.
3570 4784 3765 4841 Poste-

2175 4870 2373 4933 rioris,
2420 4885 2529 4940 qua
2578 4885 2691 4925 non
2745 4880 2959 4927 tantum
3005 4873 3278 4929 sacrificia
3355 4874 3760 4944 prohibentur,

2179 4959 2276 5014 sed
2294 4959 2561 5029 jubeutur
2588 4961 2757 5015 etiam
2796 4961 2944 5025 fana,
2974 4963 3179 5034 templa
3215 4972 3272 5019 et
3303 4963 3539 5019 delubra
3580 4965 3757 5032 dirui,

2177 5050 2430 5106 meminit
2458 5050 2838 5108 Theodoretus
2879 5054 2978 5110 lib.
3006 5070 3040 5109 v
3076 5054 3275 5110 Hister.
3306 5056 3487 5111 eccles.
3517 5072 3639 5127 cap.
3665 5057 3757 5123 '56,

2178 5141 2266 5197 his
2306 5142 2492 5197 verbis
2511 5143 2596 5196 ‘9:
2642 5163 2660 5195 ι
2694 5144 2813 5214 ipsa
2852 5145 3122 5202 idolorum
3152 5147 3402 5210 delubra,
3443 5164 3567 5218 qua:
3586 5157 3761 5205 resta-

2181 5231 2333 5295 bant,
2368 5230 2617 5288 funditus
2647 5232 2794 5289 dirui
2832 5236 3019 5305 jussit,
3068 5246 3131 5291 ut
3161 5253 3231 5294 ne
3269 5237 3417 5308 quod
3443 5239 3758 5309 posteritati

1840 5378 2152 5436 SCHULZII
2183 5379 2415 5439 NOTE.

578 5475 623 5562 σς
646 5476 771 5561 vid.
804 5482 1114 5562 epistula
1137 5486 1374 5562 et116._
1436 5488 1624 5562 °°_Vid_.
1661 5505 1855 5562 supra,
1883 5508 1937 5562 ι)-
1973 5494 2078 5549 258

503 5543 704 5619 detinui
729 5543 916 5608 verbis.
964 5552 1073 5614 Sed
1112 5565 1330 5612 exstant
1360 5557 1464 5613 ista
1496 5557 1553 5612 in
1589 5543 1695 5614 line
1719 5543 2075 5619 [griefa'tionis

2307 5499 2351 5530 ⁶⁷
2387 5499 2533 5554 Edit.

2108 5567 2170 5622 Vt
2218 5606 2231 5620 .
2279 5575 2317 5622 t.
2363 5568 2451 5622 IV.
2481 5586 2533 5622 ι).

2576 5502 2726 5571 prior
2764 5503 3003 5560 habebat
3043 5509 3289 5563 extremis
3327 5511 3585 5565 sermonis
3624 5510 3762 5564 duo-

2363 5568 2451 5650 IY,
2481 5586 2533 5640 p.
2578 5568 2706 5627 B93.
2743 5643 2756 5650 _
2811 5575 2853 5606 ⁸⁸
2881 5575 3190 5650 Sedaltera
3219 5577 3332 5650 ista,
3367 5579 3554 5645 lectio,
3588 5597 3757 5650 quam

500 5616 1081 5751 ἓῗῗῦυῗμηοηᾶξιξηνξὲ
1103 5633 1290 5750 ηῗεῖἷίι
1318 5643 1537 5751 quael:
1559 5627 1798 5688 editione
1832 5616 2229 5705 expressimus,
2256 5616 3190 5713 firma-luit.auctoritatevgddgdni:

542 5705 571 5751 -'
735 5708 836 5749 ius.
1029 5710 1045 5748 ι
1093 5735 1103 5748 .
1164 5737 1175 5749 .
1284 5736 1296 5751 .
1322 5712 1377 5751 n.
1543 5736 1556 5750 .

499 5686 836 5764 Sylburgius.
915 5694 959 5727 ⁵⁸
981 5694 1103 5749 Vid.
1137 5704 1175 5749 t.
1208 5697 1296 5763 Ill,
1407 5699 1427 5751 1
