3952 6294
112 284 214 348 349

1277 291 1375 350 DE
1409 293 1484 351 Li
1492 293 1666 353 BRIS
1701 290 2213 354 THEODORETI.

3272 295 3378 356 δω

112 393 331 467 pristini
348 396 559 451 erroris
580 396 870 468 vestigium
903 406 1144 455 exstaret
1174 419 1186 454 :
1228 402 1371 458 hanc
1392 403 1540 459 enim
1567 419 1694 459 seu-
1724 415 1766 468 Α
1796 400 1924 458 inde
1993 401 2289 458 duodecim
2353 400 2609 471 panibus
2667 401 3022 459 molucam
3093 401 3375 461 certmst.

115 487 337 543 tentiam
369 487 475 558 legi
507 487 611 542 hac
625 489 693 543 de
716 503 775 543 re
803 490 1021 560 scriptae
1047 489 1267 548 indidit.
1307 512 1325 545 ι

177 577 293 632 XII.
318 576 691 635 Gothofredus
717 581 772 636 in
816 582 965 638 notis
1004 583 1072 638 ad
1104 585 1143 638 l.
1189 600 1298 639 xm
1321 584 1398 639 De
1437 588 1686 657 paganis,

114 668 440 724 Theodoreti
467 669 635 724 verba
670 671 1066 742 interpretatur
1090 675 1157 730 de
1181 676 1353 745 priori
1401 678 1540 748 lege.
1582 678 1690 734 Sed

115 762 194 816 vel
223 761 326 814 hoc
366 776 476 814 uno
502 761 791 829 refellitur,
826 765 970 833 quod
1019 766 1105 819 lex
1144 767 1405 822 vicesima
1449 769 1692 824 secunda

115 850 188 904 De
229 849 549 920 templorum
595 853 858 907 eversione
888 869 957 909 ne
986 855 1217 910 verbum
1259 857 1484 926 quidem
1509 859 1690 914 conti-

116 948 252 1002 neat,
277 941 344 996 de
374 957 485 1010 qua
507 943 592 997 lex
622 943 898 1013 posterior
925 954 1036 1000 tota
1072 946 1240 1001 ferme
1274 955 1380 1002 est.

186 1027 321 1086 Xlll.
359 1032 458 1087 His
486 1048 588 1104 ego
615 1033 850 1088 inducor
891 1035 959 1090 ad
993 1036 1353 1106 opinandum,
1403 1037 1690 1108 scripsisse

117 1122 520 1177 Thcodoretum
561 1123 638 1176 De
688 1125 940 1180 curandis
978 1125 1282 1182 ercorum
1333 1129 1690 1200 affectionibus

115 1232 249 1270 azino
269 1217 396 1279 4-27,
418 1224 498 1278 ut,
526 1231 668 1285 quos
695 1217 815 1271 suis
836 1217 1051 1289 legibus
1075 1228 1349 1275 terruerat
1367 1221 1688 1292 imperator,

113 1324 202 1362 eos
260 1307 476 1362 ratione
525 1306 593 1361 ad
645 1307 1008 1364 Christianam
1069 1311 1236 1366 ﬁdem
1282 1314 1691 1384 superstitionis

113 1399 324 1470 gentilis
347 1400 631 1455 victricem
654 1400 976 1456 adduceret.

173 1492 330 1564 401
364 1492 501 1548 XIV.
525 1491 730 1558 Quodsi
747 1493 862 1548 haec
883 1494 1070 1565 opinio
1087 1511 1214 1552 vera
1232 1498 1325 1564 sit,
1347 1483 1694 1570 consequens

114 1593 209 1648 est,
239 1592 299 1638 ut
329 1599 494 1654 Opus,
526 1584 595 1640 de
631 1601 744 1654 quo
765 1587 968 1658 agitur,
991 1588 1138 1643 inter
1167 1605 1232 1644 ea
1255 1597 1550 1646 censeatur
1567 1606 1690 1660 qua:

115 1674 490 1730 Theodoretus
536 1684 727 1730 sancto
775 1677 948 1733 Leoni
997 1695 1143 1734 anno
1204 1680 1312 1736 M9
1370 1681 1591 1746 scribit,
1629 1697 1689 1737 se

114 1776 230 1821 ante
258 1782 436 1820 annos
464 1767 657 1838 viginti
685 1771 1082 1841 composuisse,
1103 1789 1214 1842 quo
1239 1780 1486 1845 tempore
1511 1776 1693 1831 adhuc

121 1855 478 1914 saecularibus
502 1859 704 1915 litteris
730 1862 946 1931 plenus,
976 1864 1030 1917 in
1065 1880 1133 1919 eo
1161 1865 1336 1921 voluit
1365 1875 1693 1936 argumento

116 1947 337 2011 versari,
356 1947 415 2002 in
446 1964 556 2019 quo
572 1963 757 2019 posset
781 1961 837 2008 et
863 1969 1016 2008 suam
1044 1955 1302 2025 gentibus
1323 1958 1694 2012 eruditionem

123 2049 424 2106 ostentare,
456 2054 513 2096 et
535 2058 660 2097 cum
690 2044 926 2100 eruditis
951 2047 1074 2102 aliis
1095 2064 1206 2103 suae
1227 2049 1425 2113 aetatis,
1443 2050 1693 2104 eamdem

120 2134 394 2188 materiam
430 2144 666 2192 tractare
699 2139 1035 2204 amantibus,
1061 2140 1128 2194 de
1148 2141 1308 2196 laude
1340 2143 1693 2199 contendere.

121 2224 218 2280 Sed
261 2225 328 2280 de
373 2234 620 2297 tempore
671 2229 955 2298 hactenus,
992 2247 1142 2287 nunc
1170 2233 1239 2288 de
1282 2243 1607 2305 argumento
1638 2245 1694 2291 et

120 2317 392 2372 methodo.

179 2407 288 2465 XV.
339 2409 596 2467 Julianus
627 2412 956 2484 imperator,
1007 2431 1133 2470 cum
1175 2416 1468 2474 defecisset
1507 2435 1538 2472 a
1584 2419 1694 2474 tlde

119 2498 440 2565 Christiana,
472 2503 616 2558 unde
641 2506 916 2575 Apostatze
950 2523 1153 2563 nomen
1184 2509 1289 2580 ipsi
1318 2511 1568 2576 adhaesit,
1599 2511 1695 2566 de-

119 2591 354 2649 lectionis
401 2611 597 2652 causas
639 2597 847 2668 scripto
893 2599 1034 2654 libro
1069 2601 1336 2667 reddidit,
1377 2619 1692 2673 novumque

118 2686 478 2754 gentilismum
523 2689 856 2754 informavit,
889 2700 1040 2746 tanto
1068 2695 1446 2748 nocentiorem
1474 2704 1684 2761 vetere,

117 2785 304 2844 quanto
332 2779 691 2835 artiﬁciosius
713 2782 952 2851 plurium
985 2783 1214 2838 deorum
1240 2785 1692 2840 secundariorum

117 2867 426 2938 religionem
479 2872 641 2927 unius
679 2875 923 2943 supremi
976 2876 1128 2930 cultu
1175 2877 1691 2946 temperabat:im-

117 2958 369 3026 probabat
394 2962 544 3016 enim
575 2962 889 3019 Graecorum
917 2965 1398 3036 barbarorumque
1438 2975 1691 3022 veterum

115 3050 336 3108 nefarias
397 3053 788 3120 absurditates,
833 3056 1309 3129 Christianosque,
1360 3059 1472 3114 imo
1507 3067 1562 3114 et
1593 3059 1691 3116 Ju-

1863 492 2050 549 XVIll.
2076 494 2310 549 Tantum
2343 508 2508 563 porro
2538 491 2826 556 doctrinae,
2852 494 3156 562 praesertim
3201 505 3382 550 exter-

1795 603 1898 651 nae,
1942 587 2208 642 adversus
2259 586 2560 650 hominem,
2609 587 2705 656 qui
2758 584 2989 640 inscitia:
3038 584 3384 644 Christianos

1793 678 2105 742 accusabat,
2135 693 2168 732 a
2206 677 2556 732 Theodoreto
2585 677 2916 741 adducitur,
2953 687 3017 732 ut
3054 676 3382 750 Sylburgius

1795 768 2085 823 recensitis
2104 770 2320 822 curiose
2345 767 2684 831 auctoribus,
2711 767 2807 837 qui
2839 767 3161 822 nominatim
3188 769 3380 839 appel-

1793 861 1999 925 lantur,
2023 869 2244 916 centum
2277 870 2334 916 et
2358 874 2578 924 novem,
2615 869 3056 930 praeter-sacros,
3087 873 3383 914 enumera-

1791 954 1954 1008 verit.

1865 1045 2005 1100 XIX.
2033 1046 2394 1100 Partitionem
2440 1044 2610 1100 totius
2662 1042 3098 1108 lucubrationis,
3133 1042 3378 1113 singula-

1793 1153 2026 1208 rumque
2058 1137 2350 1192 duodecim
2389 1137 2629 1208 partium
2667 1143 3053 1205 argumentum
3095 1135 3149 1187 in
3179 1133 3382 1189 Praefa-

1795 1231 1943 1285 tione
1961 1229 2168 1300 prolixe
2188 1231 2435 1300 exponit,
2451 1230 2598 1300 quod
2621 1226 3069 1298 compendiosius
3085 1225 3188 1280 sub
3213 1225 3377 1280 ﬁnem

1791 1323 2048 1386 exhibet,
2103 1323 2197 1376 ubi
2244 1322 2411 1377 etiam
2459 1319 2703 1375 ostendit
2752 1317 3020 1372 rationem
3059 1315 3378 1380 scribendi,

1790 1430 1954 1485 quam
1989 1415 2184 1470 tenuit.
2216 1433 2233 1464 ι
2263 1413 2373 1468 Has
2404 1427 2506 1482 ego
2529 1410 2773 1473 vobis.o
2799 1410 2926 1474 viri,
2950 1406 3241 1464 duodecim
3271 1406 3384 1460 dis-

1790 1507 2102 1576 putationes
2129 1504 2462 1574 conscripsi,
2499 1513 2552 1558 et
2589 1501 2830 1565 ostendi,
2872 1515 3122 1572 quaenam
3153 1499 3221 1554 de
3265 1499 3382 1554 Deo

1789 1605 1846 1652 et
1870 1596 2116 1659 materia,
2149 1595 2452 1665 mundique
2478 1593 2708 1660 fabrica,
2729 1601 2786 1649 et
2814 1593 2884 1648 de
2924 1593 3129 1648 virtute
3155 1607 3218 1646 ac
3248 1589 3382 1645 vitio

1793 1689 2070 1742 senserint
2096 1687 2271 1742 Graeci
2315 1685 2659 1758 philosophi,
2711 1695 2766 1741 et
2795 1700 3044 1756 quaenam
3073 1683 3267 1739 iisdem
3312 1681 3383 1737 de

1725 1760 1766 1816 Β
1794 1775 1954 1851 402
2001 1778 2168 1832 rebus
2201 1792 2370 1832 sacrae
2426 1791 2528 1830 nos
2559 1775 2781 1830 Litterze
2825 1773 3135 1836 docuerint,
3172 1779 3229 1826 et
3273 1784 3385 1839 quo

1795 1878 1953 1938 pacto
1988 1869 2203 1923 illorum
2239 1867 2462 1938 quidem
2502 1867 2614 1938 jam
2638 1866 2908 1921 exstincta
2948 1865 3058 1919 sint
3079 1863 3294 1926 omnia,
3327 1869 3384 1916 et

1795 1959 2090 2015 oblivionis
2115 1959 2346 2031 caligine
2369 1959 2634 2022 involuta,
2658 1965 2848 2011 nostra
2864 1971 2994 2010 vero
3013 1956 3129 2010 haec
3151 1953 3384 2008 ﬂoreant

1795 2068 1860 2107 ac
1882 2052 2132 2123 vigeant,
2161 2051 2578 2119 innumerisque
2623 2065 2723 2119 per
2773 2048 3016 2118 singulas
3045 2045 3298 2100 civitates
3325 2052 3385 2098 et

1795 2146 2108 2216 provincias
2133 2144 2479 2200 auditoribus
2505 2143 2946 2213 frequententur,
2982 2159 3000 2192 ι
3040 2147 3149 2195 etc.

1855 2237 1973 2293 XX.
2003 2238 2232 2292 Ineunte
2273 2237 2560 2306 superiore
2599 2234 2800 2291 steculo
2844 2247 2874 2287 e
2911 2231 3100 2288 Graeco
3124 2231 3380 2285 Latinum

1792 2330 1923 2386 fecit
1947 2330 2223 2385 Zenobius
2250 2329 2561 2400 Acciajolus
2579 2368 2594 2392 ,
2633 2327 2896 2395 deditque
2930 2324 3076 2395 typis
3098 2320 3378 2377 edendum

1794 2422 2031 2478 Henrico
2063 2422 2362 2491 Stephano,
2385 2421 2544 2491 cujus
2573 2433 2741 2489 opera
2768 2418 3011 2488 primum
3044 2414 3252 2485 prodiit
3278 2414 3382 2468 Pa-

1794 2513 1941 2567 risiis
1967 2527 2111 2567 anno
2144 2507 2302 2576 1519,
2347 2509 2442 2564 sed
2487 2509 2744 2563 Latinum
2785 2507 3068 2561 duntaxat.
3094 2503 3382 2574 Octoginta

1793 2607 1965 2662 ferme
1995 2613 2119 2676 post
2151 2620 2325 2659 annos
2363 2603 2679 2658 Fridericus
2725 2598 3052 2672 Sylburgius
3075 2597 3249 2653 textui
3282 2595 3386 2650 La-

1794 2698 1910 2754 tino
1940 2697 2241 2768 recognito,
2269 2704 2346 2754 et,
2380 2703 2441 2749 ut
2467 2695 2714 2765 loquitur
2733 2734 2747 2758 ,
2775 2691 3098 2753 emendato,
3129 2689 3383 2745 Graecum

1791 2791 2004 2847 addidit
2030 2791 2097 2845 ad
2121 2798 2357 2860 quatuor
2387 2790 2606 2844 codices
2635 2787 2855 2843 Graecos
2871 2793 3143 2840 exactum.
3162 2781 3391 2844 Utrume

1793 2897 1898 2952 que
1947 2889 2070 2950 post
2107 2880 2503 2950 quinquaginta
2533 2893 2755 2933 rursum
2797 2891 2972 2930 annos
3009 2876 3064 2928 in
3102 2873 3384 2928 collectio-

1791 2988 1920 3028 nem
1991 2971 2231 3041 Operum
2291 2970 2626 3024 Theodoreti
2706 2965 3036 3023 Sirmoudus
3111 2963 3384 3031 coniecit,

1792 3059 2080 3117 emendata
2107 3059 2364 3129 Acciajoli
2385 3065 2442 3113 et
2465 3057 2742 3130 Sylburgii
2771 3055 3051 3117 versione,
3075 3053 3382 3122 recisisque

117 3139 267 3207 datos,
294 3159 363 3198 ex
405 3145 520 3200 suis
546 3146 791 3215 ipsorum
829 3147 986 3202 libris
1018 3149 1397 3220 impugnabat,
1429 3158 1485 3204 ut
1509 3150 1691 3220 philo-
1719 3133 1761 3189 δ
1797 3152 2072 3224 Sylburgii
2102 3151 2250 3206 notis
2285 3165 2352 3205 ac
2386 3147 2870 3204 dissertationibus
2899 3164 2912 3200 :
2941 3146 3039 3202 has
3073 3146 3165 3200 ille
3185 3161 3384 3215 quam-

115 3237 338 3306 sophicaa
365 3255 486 3295 sua:
522 3240 773 3312 religioni
801 3242 980 3298 locum
1012 3243 1232 3300 faceret.

184 3331 313 3386 XVI.
340 3331 508 3388 Hunc
534 3333 877 3404 imperatoris
897 3345 1158 3406 apostata:
1187 3337 1412 3403 librum,
1443 3338 1536 3408 qui
1565 3354 1692 3407 pro-

115 3435 222 3495 pter
275 3425 661 3496 impietatem,
690 3441 800 3496 qua
849 3434 1042 3491 scatet,
1092 3443 1124 3481 a
1172 3428 1396 3482 Petavio
1448 3444 1558 3483 non
1609 3434 1695 3483 est

113 3517 282 3573 editus
316 3518 469 3572 inter
496 3532 664 3588 opera
695 3518 899 3574 Iuliani
919 3559 934 3584 ,
965 3519 1064 3574 sed
1103 3520 1248 3590 apud
1278 3519 1543 3589 Cyrillum
1576 3521 1693 3575 fere

116 3611 311 3681 integer
353 3610 641 3681 reperitur
675 3627 689 3663 :
723 3609 892 3676 hunc,
937 3611 1192 3681 inquam,
1220 3611 1425 3666 librum
1464 3611 1696 3682 gentiles

114 3705 268 3760 veluti
295 3707 552 3777 clypeum
583 3703 1297 3775 opponebantChristianis,
1322 3714 1379 3760 et
1397 3705 1693 3761 Christiani

116 3798 232 3851 totis
255 3798 478 3851 viribus
509 3797 885 3866 impetendum
932 3805 1233 3868 putarunt,
1293 3799 1471 3854 donec
1515 3800 1694 3870 genti-

115 3884 177 3939 lis
227 3885 646 3956 superstitionis
685 3885 894 3956 aliquid
938 3886 1295 3941 metuendum
1348 3897 1692 3957 superesset;

117 3975 377 4045 superfuit
447 3990 582 4031 vero
634 3991 808 4046 usque
879 3974 948 4030 ad
1014 3975 1297 4032 Novellam
1356 3975 1692 4043 Theodosii,

117 4067 308 4125 editam
355 4083 511 4126 anno
567 4069 710 4136 £59,
773 4079 831 4126 et
875 4069 1216 4126 exsecutioni
1282 4087 1313 4126 a
1376 4071 1693 4142 provincia-

119 4175 228 4214 rum
292 4159 631 4232 przesidibus
687 4160 1023 4217 mandatam.
1103 4161 1286 4230 Quare
1346 4163 1694 4233 septuaginta

118 4261 313 4321 septem
360 4268 640 4308 annorum
690 4253 870 4324 spatio
904 4253 960 4308 in
1008 4252 1115 4309 hoc
1142 4263 1467 4326 argumento
1491 4254 1692 4310 versati

119 4353 255 4410 surt,
291 4346 648 4401 sermonibus
668 4345 891 4416 quidem
913 4345 978 4400 ad
997 4346 1260 4418 populum
1282 4347 1460 4411 multi,
1496 4354 1694 4401 tracta-

120 4433 258 4488 tibus
294 4450 424 4490 vero
457 4435 570 4490 duo
606 4444 836 4500 tantum,
885 4435 1033 4506 quod
1061 4437 1284 4507 quidem
1324 4437 1692 4502 meminerim,

117 4523 156 4576 Τ
159 4524 495 4582 heodoretus
519 4536 576 4583 et
607 4527 845 4599 Cyrillus
929 4544 1056 4584 nam
1095 4529 1494 4595 Nazianzenus,
1536 4531 1694 4586 inve-

119 4617 267 4672 ctivis
293 4620 508 4674 duabus
541 4621 598 4674 in
633 4621 947 4689 Iulianum,
993 4637 1285 4694 personam
1319 4622 1492 4694 magis
1531 4639 1696 4694 quam

116 4705 312 4762 librum
343 4710 629 4766 insecutus
654 4722 758 4768 est.

178 4797 346 4853 XVII.
386 4798 521 4865 Quis
545 4801 701 4856 alteri
727 4813 954 4872 praestet
978 4821 1008 4860 e
1033 4804 1250 4860 duobus
1283 4807 1692 4872 tractatoribus,

115 4888 380 4944 lectorum
406 4892 824 4961 estojudicium.
843 4895 992 4949 Artis
1021 4905 1171 4950 certe
1198 4897 1378 4951 minus
1401 4896 1568 4951 habet
1587 4895 1696 4970 Cy-

117 4981 287 5048 rillus,
323 4983 454 5053 plus
476 4983 854 5041 Theodoretus
889 5004 901 5039 :
941 4987 1030 5042 ille
1055 4988 1202 5043 enim
1226 4988 1295 5044 ad
1328 4990 1574 5062 singulas
1598 4991 1695 5047 Ju-

116 5068 273 5125 lianei
337 5073 469 5127 libri
520 5076 822 5140 περικοπὰς
864 5077 1279 5146 responsionem
1320 5079 1656 5151 subjungens
1681 5121 1695 5143 ,

117 5156 394 5215 hominem
436 5167 641 5232 pressis
685 5165 929 5236 vestigiis
958 5167 1123 5220 etiam
1165 5177 1485 5238 evagantem
1515 5170 1698 5239 sequi-

116 5257 230 5318 tur;
284 5255 392 5309 iste
421 5255 666 5313 collectis
706 5259 763 5312 in
800 5259 1133 5313 concinnum
1191 5259 1441 5315 ordinem
1493 5261 1695 5317 Juliani

116 5343 560 5416 objectionibus,
616 5351 862 5421 singulas
929 5351 1002 5406 ita
1053 5352 1297 5422 repellit,
1368 5360 1430 5406 ut
1497 5369 1698 5423 corpus

1796 3245 1882 3299 vis
1915 3245 2098 3314 plures
2123 3243 2435 3314 probasque
2475 3241 2820 3310 adjunxerat,
2857 3238 3083 3308 optabat
3128 3244 3308 3292 tamen
3353 3253 3386 3294 a

1798 3336 1992 3392 Fulvio
2019 3335 2224 3390 Ursino
2262 3349 2390 3389 suas
2417 3331 2690 3404 publicari
2725 3349 2738 3385 :
2763 3330 3031 3402 plurimas
3057 3330 3204 3384 enim
3241 3329 3391 3385 fece-

1796 3437 1882 3484 rat
1905 3437 1960 3484 et
1987 3428 2265 3482 variantes
2285 3427 2570 3490 lectiones,
2603 3432 2660 3479 et
2683 3425 3052 3494 conjecturas,
3076 3429 3134 3476 et
3159 3429 3388 3476 annota-

1795 3521 1992 3585 tiones,
2020 3533 2142 3573 cum
2161 3516 2539 3587 reponendum
2569 3515 2624 3570 in
2643 3515 2978 3571 bibliotheca
3000 3513 3262 3568 Vaticana
3285 3510 3386 3566 hcc

1793 3627 1934 3680 opus
1947 3609 2182 3666 exscribi
2199 3618 2439 3675 curaret;
2467 3608 2614 3678 ipsas
2629 3623 2658 3662 e
2675 3606 3012 3661 bibliotheca
3023 3603 3281 3660 Vaticana
3301 3618 3390 3660 ac-

1793 3712 1981 3773 ceptas
2013 3717 2161 3757 nunc
2200 3701 2254 3755 in
2281 3700 2564 3771 publicum
2587 3699 2945 3768 proferimus.

2407 3790 2634 3848 CAPUT
2673 3791 2787 3846 VII.

1835 3884 2009 3955 Opera
2043 3899 2162 3954 quae
2187 3883 2488 3954 Appendice
2520 3881 2643 3935 edit.
2669 3877 2941 3936 Sirmamli
2968 3880 3330 3934 continentur.

1861 3977 1904 4032 ἰ.
1939 3975 2199 4047 Conjecta
2233 3983 2363 4030 sunt
2403 3972 2462 4027 in
2503 3971 2868 4042 appendicem
2900 3986 3069 4042 opera
3116 3969 3384 4040 quinque,

1794 4069 1978 4126 Oratio
2032 4070 2097 4124 de
2131 4069 2424 4133 charitate;
2457 4065 2612 4120 Liber
2661 4065 2732 4119 ad
2777 4064 3094 4136 Sporacium
3130 4063 3385 4116 adversus

1792 4159 2127 4224 Nestorium:
2153 4157 2400 4226 Epistula
2428 4155 2499 4209 ad
2522 4153 2790 4209 Joannem
2813 4151 3161 4210 Germaniciar
3195 4150 3390 4221 episco-

1794 4266 1919 4319 pum
1932 4267 1952 4315 ;
1969 4248 2294 4320 Argumenta
2307 4247 2558 4302 librorum
2569 4244 2754 4314 viginti
2773 4249 2972 4314 septem
2993 4240 3246 4294 adversus
3275 4238 3387 4294 Eu-

1794 4342 2086 4413 tychianos,
2117 4347 2178 4394 ‘et
2202 4339 2550 4410 Iteprehensia
2578 4335 3146 4392 anathematismorum
3178 4327 3385 4402 Cyrilli.

1869 4431 1934 4489 Il.
1958 4433 2034 4488 Ex
2055 4431 2144 4486 his
2164 4429 2473 4487 Orationem
2497 4431 2560 4484 de
2585 4430 2866 4492 charitate,
2894 4436 2952 4482 et
2987 4423 3290 4496 Epistulam
3317 4421 3388 4476 ad

1802 4528 2101 4598 episcopum
2153 4524 2564 4582 Germanicus"
2587 4565 2602 4589 ,
2639 4523 2696 4578 in
2728 4522 2879 4577 hunc
2916 4520 3099 4575 locum
3143 4515 3390 4588 reposuit

1803 4618 2130 4673 Sirmoudus
2152 4658 2166 4681 ,
2199 4616 2328 4686 quia
2369 4632 2469 4686 per
2520 4615 2792 4671 incuriam
2821 4622 3115 4682 operarum
3159 4617 3387 4680 praeter-

1802 4708 1982 4763 missae
2015 4708 2250 4762 fuerant.
2297 4704 2806 4776 Reprehensionem
2841 4699 3029 4772 Cyrilli
3078 4699 3250 4752 latere
3291 4712 3386 4750 vo—

1801 4801 1926 4866 luit,
1955 4801 2104 4855 velut
2126 4801 2180 4854 in
2202 4807 2456 4854 extremo
2477 4796 2700 4867 angulo,
2725 4801 3019 4865 pr0pterea
3046 4789 3193 4859 quod
3211 4787 3389 4842 Theo-

1799 4891 1976 4948 doreti
2022 4889 2230 4946 nomini
2259 4877 2549 4943 obiciebat.
2595 4886 2827 4954 Reliqua
2861 4884 2971 4938 duo
2998 4890 3258 4949 tanquam
3291 4892 3385 4931 su-

1801 4994 1988 5058 specta
2011 4985 2209 5040 merito
2241 4991 2397 5038 extra
2424 4979 2714 5034 meliorum
2737 4973 2988 5031 ordinem
3017 4969 3229 5041 rejecit.

1871 5071 1960 5133 lli.
1997 5077 2303 5132 Orationem
2334 5074 2395 5127 de
2431 5072 2691 5126 charitate
2725 5065 3102 5123 recensuimus
3129 5076 3230 5117 suo
3263 5059 3387 5114 loco

1803 5179 1925 5241 post
1960 5171 2252 5225 Historiam
2293 5166 2631 5237 religiosam;
2657 5159 2956 5232 Epistolam
2997 5156 3066 5211 ad
3091 5155 3388 5226 episcopum

1806 5263 2212 5318 Ger-manium“
2256 5257 2588 5314 inseruimus
2627 5253 2769 5308 inter
2807 5241 3100 5321 Epistolas,
3150 5261 3216 5301 ex
3244 5259 3384 5315 prte-

1805 5356 2013 5425 scripto
2037 5353 2337 5410 Sirmondi.
3246 5373 3253 5399 l

1475 5487 1786 5545 SCHULZII
1831 5489 2060 5546 IVOTIE.

187 5603 230 5634 ⁷⁸
259 5603 414 5677 Edit.
449 5605 601 5677 prior
619 5604 853 5677 habebat
894 5605 1139 5677 epistolas
1161 5605 1314 5677 duas,
1343 5606 1405 5658 de
1432 5608 1689 5660 charitatc
1709 5607 1923 5671 scilicet,
1957 5615 2006 5661 ct
2044 5609 2113 5661 ad
2147 5605 2462 5677 episcopum,
2491 5607 2610 5656 etut.
2650 5599 2694 5677 ξ¹¹
2733 5598 2852 5652 Non
2892 5590 3324 5677 internclpistolas

118 5672 414 5745 Sirmondo
447 5672 624 5728 editas
660 5676 864 5728 inserta
888 5672 970 5727 est
1005 5674 1305 5735 (debuisset
1335 5677 1479 5730 enim
1522 5687 1644 5744 post
1667 5677 1955 5745 epistolam
1997 5679 2092 5731 1'25

2136 5662 2328 5748 peni);'
2368 5662 2462 5732 sed
2511 5669 2817 5742 proximum
2870 5673 2988 5737 post
3035 5664 3155 5720 illas
3205 5662 3386 5717 locum

117 5744 350 5799 obtinuit
402 5745 460 5800 in
508 5745 660 5801 Notis
707 5745 973 5802 Garnerii.
999 5746 1116 5802 \‘id.
1147 5761 1331 5815 supra,
1369 5762 1421 5815 p.
1449 5748 1570 5813 556,
1598 5757 1647 5802 et
1683 5744 1720 5801 tl
1761 5748 1846 5813 IV,
1884 5766 1936 5819 p.
1975 5749 2123 5803 1275.
