3952 6294
567 281 672 348 351

567 496 779 556 septem
825 493 1016 540 contra
1060 483 1451 554 Eutychianos,
1502 499 1630 538 mox
1657 483 1943 554 dicemus,
1997 485 2144 539 inter

567 574 838 646 agendum
872 575 941 629 de
971 573 1269 643 suppositis
1295 573 1578 644 operibus.

640 667 703 720 γ.
732 666 807 719 De
838 664 1257 734 Reprehensione
1289 666 1645 736 capitulorum
1663 669 1710 700 "
1745 668 1923 723 videri
1964 677 2147 738 potest

573 756 748 811 fusior
799 756 1052 810 tractatio
1098 757 1155 811 in
1213 758 1452 812 secunda
1502 768 1655 828 parte
1700 758 1940 830 Operum
1990 760 2144 814 Marii

563 846 726 918 503
761 847 1116 913 Mercatoris-,
1147 849 1243 918 qui
1285 849 1497 918 primus
1529 849 1773 904 Graecam
1813 849 2146 905 Theodoreti

565 949 622 994 et
650 940 820 993 sancti
851 938 1041 1010 Cyrilli
1071 939 1144 1011 de
1179 938 1471 994 duodecim
1505 940 1980 995 anathematismis
2012 956 2146 996 con-

565 1032 923 1085 certationem
959 1030 1154 1086 Latine
1179 1032 1571 1102 interpretatus
1599 1041 1703 1087 est.

637 1120 726 1174 Vl.
756 1120 834 1174 Eo
859 1121 981 1176 loco
1010 1121 1529 1186 demonstravimus,
1573 1139 1680 1193 qua
1705 1125 2015 1189 occasione,
2045 1141 2144 1180 cu-

563 1213 656 1282 jus
694 1211 973 1280 precibus,
1005 1229 1115 1283 quo
1157 1214 1410 1284 iubente,
1441 1215 1664 1284 quando
1703 1232 1736 1270 a
1795 1216 2147 1272 Theodoreto

571 1303 931 1373 reprehensio
967 1305 1171 1374 scripta
1201 1307 1294 1370 sit,
1320 1321 1430 1375 quo
1473 1306 1775 1377 interprete
1811 1308 2004 1363 Latina
2034 1309 2146 1379 pri-

572 1411 723 1449 mum
761 1395 936 1461 facta;
975 1405 1240 1466 quantam
1264 1412 1332 1451 ex
1361 1413 1425 1452 ea
1448 1397 1832 1454 Theodoretus
1861 1401 1918 1454 in
1961 1399 2146 1470 suspi-

569 1487 784 1542 cionem
822 1488 1200 1543 consensionis
1231 1504 1354 1543 cum
1392 1490 1730 1558 Apollinario
1757 1491 2020 1562 Cyrillum
2046 1494 2146 1548 ad-

570 1577 821 1644 duxerit;
852 1585 1111 1646 quantam
1144 1577 1384 1648 Cyrillus
1405 1579 1648 1634 vicissim
1683 1595 1752 1635 ex
1789 1595 1853 1635 ea
1882 1581 2144 1636 invidiam

570 1668 878 1740 Nestor-iani
923 1669 1128 1723 erroris
1163 1669 1510 1724 Theodoreto
1542 1670 1896 1737 conﬂaverit;
1931 1689 2041 1743 quo
2078 1689 2146 1728 ex

572 1759 748 1827 ipsius
763 1758 1172 1829 impugnatione
1197 1757 1446 1813 Andreas
1469 1757 1860 1814 Samosatenus
1881 1761 2146 1816 Rabulam

572 1851 912 1906 Edessenum
943 1849 1073 1905 odio
1108 1857 1436 1920 prosecutus
1463 1851 1562 1916 sit;
1595 1851 1729 1921 quid
1760 1851 1888 1906 inde
1927 1853 2146 1908 tandem

570 1951 911 2012 excerptum,
953 1951 1010 1998 et
1069 1943 1298 2012 Vigilius
1361 1944 1418 1996 in
1481 1941 1812 2008 Constituto,
1857 1952 1914 1998 et
1956 1945 2148 2014 quinta

571 2031 814 2102 synodus
849 2033 904 2086 in
934 2033 1125 2101 quinta
1150 2031 1442 2087 collatione
1471 2032 1836 2089 damnaverit.

643 2125 751 2180 VII.
777 2124 956 2181 Unum
981 2125 1048 2180 de
1068 2135 1312 2194 tempore
1332 2126 1755 2195 conscriptionis
1775 2127 2150 2182 testimonium

572 2215 905 2271 Theodoreti
938 2216 1174 2280 adduco,
1205 2233 1271 2272 ex
1297 2233 1408 2286 quo
1430 2225 1644 2280 veteres
1664 2220 1849 2288 plures
1869 2228 2149 2276 recentes-

569 2325 680 2378 que
722 2318 976 2364 auctores
1021 2310 1074 2363 in
1105 2325 1171 2364 eo
1195 2326 1411 2366 errasse
1441 2303 1859 2376 convincuntur,
1885 2313 2033 2382 quod
2061 2329 2149 2368 rc-

572 2399 992 2469 prehensionem
1012 2400 1153 2455 hanc
1177 2400 1432 2469 scriptam
1455 2409 1705 2456 asserant
1728 2411 1851 2471 post
1881 2405 2148 2474 synodum

572 2490 906 2560 Ephesinam
939 2509 953 2544 :
983 2507 1092 2562 quo
1135 2500 1384 2562 tempore
1409 2493 1476 2547 de
1527 2507 1660 2563 pace
1692 2494 1837 2550 inter
1877 2496 2152 2553 Ecclesias

571 2583 860 2653 agebatur.
999 2650 1026 2666 κ

645 2675 779 2731 Vill.
814 2676 1196 2733 Theodoretus
1217 2678 1363 2734 enim
1386 2677 1440 2732 in
1472 2678 1796 2736 Praefatione
1827 2682 2146 2755 Pentalogii,

571 2766 688 2821 sive
738 2765 1007 2820 librorum
1052 2769 1296 2838 quinque
1336 2769 1601 2824 adversus
1631 2771 1851 2826 beatum
1888 2773 2151 2845 Cyrillum

569 2867 626 2911 et
678 2867 929 2914 sanctum
975 2859 1273 2914 concilium
1318 2861 1658 2930 Ephesinum
1693 2881 1705 2916 :
1743 2883 1762 2915 ‹
1793 2865 2148 2934 Priusquam,

571 2950 838 3019 inquit",
896 2962 1200 3008 conventus
1243 2952 1387 3022 apud
1433 2954 1711 3023 Ephesum
1754 2957 2148 3024 celebraretur,

569 3043 866 3098 duodecim
900 3044 1157 3114 capitulis
1203 3046 1436 3100 strictim
1482 3057 1779 3118 aperteque
1827 3050 2148 3117 restitimus,

569 3143 634 3189 ut
657 3135 920 3204 pmscius
957 3136 1157 3190 horum
1201 3137 1358 3192 ﬁeret
1398 3139 1740 3204 intellectus,
1768 3142 1935 3196 etiam
1969 3144 2156 3199 rudio—

570 3241 716 3291 rum,
760 3236 817 3282 et
863 3228 1092 3283 rationis
1117 3229 1446 3298 expertium.
1491 3231 1629 3298 Quia
1654 3249 1788 3288 vero
1831 3249 1890 3289 se
1925 3236 2156 3292 manife-

571 3324 740 3380 stum,
771 3317 866 3386 qui
886 3317 992 3371 ista
1030 3318 1272 3387 prodidit
1300 3321 1367 3384 '”,
1397 3321 1452 3374 in
1482 3323 1718 3378 concilio
1743 3324 2063 3392 declaravit,
2099 3337 2156 3384 et

573 3407 760 3475 plures
786 3423 854 3462 ex
883 3408 991 3472 his,
1019 3409 1114 3478 qui
1135 3421 1526 3479 convenerant,
1557 3414 1795 3486 imperiti
1826 3419 2028 3488 potius,
2050 3437 2155 3476 nec

575 3499 685 3553 ulla
705 3498 976 3569 dogmatis
1008 3500 1206 3554 imbuti
1241 3502 1454 3569 notitia,
1486 3506 1574 3576 pia
1596 3507 1714 3564 haec
1736 3509 1985 3564 arbitrati
2002 3520 2152 3578 sunt;

571 3603 757 3659 operae
789 3593 1028 3660 pretium
1061 3591 1239 3646 visum
1277 3602 1380 3660 est,
1432 3596 1630 3652 iterum
1660 3608 1854 3655 contra
1883 3601 2006 3667 niti,
2037 3617 2154 3658 ser-

576 3697 903 3751 monemque
951 3683 1285 3751 distendere,
1340 3695 1398 3742 et
1433 3689 1704 3745 succisam
1754 3691 2154 3761 blasphemiam

575 3773 950 3843 multipliciter
979 3775 1281 3842 confutare,
1335 3788 1398 3838 ut
1427 3780 1808 3851 ignorantibus
1839 3784 2152 3842 evidentius

575 3866 967 3935 approbemus,
1007 3871 1472 3938 quemadmodum
1526 3874 1838 3945 Evangeliis
1869 3878 2156 3934 declaren-

577 3965 668 4010 tur
700 3954 950 4024 adversa,
999 3975 1121 4030 quin
1145 3978 1293 4018 nunc
1329 3964 1398 4019 ab
1429 3965 1550 4020 istis
1584 3968 1821 4023 maxime
1857 3970 2155 4039 proferun-

573 4055 686 4103 tur.
726 4068 745 4101 ι

643 4138 738 4197 IX.
763 4141 912 4199 Nihil
942 4143 1048 4199 hoc
1081 4147 1396 4202 testimonio
1438 4149 1718 4218 potentius
1743 4151 1813 4206 ad
1836 4168 1952 4208 rem
1980 4155 2155 4210 conﬁ-

572 4230 857 4300 ciendam;
915 4236 1054 4290 nihil
1119 4237 1432 4294 evidentius
1487 4240 1556 4294 ad
1617 4241 2108 4301 demonstrandum
2138 4289 2153 4313 ,

571 4335 838 4393 quantum
883 4327 1084 4384 Marius
1124 4330 1416 4397 Mercator,
1471 4333 1589 4389 suis
1638 4336 1753 4391 sive
1789 4336 2156 4396 Collectaneis

574 4417 688 4473 sive
712 4418 1002 4490 Operibus,
1029 4423 1278 4478 attulerit
1307 4426 1448 4481 lucis
1483 4427 1551 4482 ad
1572 4428 1866 4485 Historiam
1903 4431 2152 4488 ecclesia-
2187 4426 2232 4484 D

571 4510 784 4576 sticam,
818 4527 928 4582 qua
955 4522 1110 4584 parte
1142 4515 1488 4588 Pelagianam
1529 4529 1586 4574 et
1609 4520 1990 4577 Nestorianam
2028 4540 2158 4581 cau-

571 4613 690 4655 sam
715 4602 934 4660 attinet.

1173 4710 1399 4768 CAPUT
1441 4713 1576 4768 Vlll.

954 4797 1130 4872 Opera
1164 4802 1478 4858 Theodoreto
1509 4807 1798 4878 supposita.

645 4911 939 4982 Supposita
974 4922 1102 4968 sunt
1129 4915 1230 4970 ista
1255 4918 1499 4988 quinque
1554 4937 1567 4973 :
1618 4919 1770 4976 Libri
1817 4923 2079 4982 nimirum
2109 4930 2155 4984 V

575 5004 956 5072 Historiarum,
1008 5007 1278 5064 Gennadii
1337 5019 1526 5077 aetate;
1567 5014 1796 5083 epistola
1837 5017 1952 5074 sive
2010 5019 2153 5076 liber

574 5095 654 5151 De
679 5095 920 5151 Nestorio
950 5099 1020 5152 ad
1048 5098 1360 5170 Sporacium
1381 5144 1395 5168 ,
1443 5103 1512 5158 ab
1542 5104 1861 5165 hominibus
1889 5113 2028 5166 sexti
2053 5129 2154 5169 δίθ-

575 5184 868 5249 culi;libri
899 5188 1015 5243 sive
1043 5205 1309 5245 sermones
1343 5193 1528 5262 viginti
1582 5203 1781 5265 septem
1823 5198 1886 5250 de
1936 5199 2154 5254 diuersis

576 5275 876 5342 hazresibus,
916 5293 944 5332 a
995 5278 1218 5346 Photio;
1249 5279 1378 5335 liber
1404 5285 1660 5338 asceticus
1689 5301 1718 5339 a
1749 5287 1938 5344 codice
1967 5290 2154 5345 Phila-

576 5365 918 5441 delphiensi;
946 5372 1089 5429 liber
1117 5373 1194 5428 De
1215 5375 1478 5445 formulis,
1498 5393 1529 5432 a
1560 5377 1905 5434 Brassicano.

1667 278 2043 340 CARNERII
2086 278 2586 340 DISSERTATIO
2627 282 2685 340 ΙΙ

632 394 724 451 ιν.
749 392 823 447 De
855 392 998 447 libro
1033 391 1281 445 adversus
1312 388 1644 455 Nestorium,
1681 389 1914 460 aliisque
1943 388 2136 461 viginti
2167 391 2212 448 Δ
2241 389 2268 460 §
2305 391 2344 445 l.
2409 389 2572 463 404
2622 392 2768 446 Libri
2817 393 3042 461 quinque
3095 393 3446 447 Historiarum
3475 432 3488 454 ,

3731 279 3837 346 352

3567 393 3835 450 Cennadii

2666 469 2822 516 (atate
2855 463 3108 534 suppositi
3143 464 3478 518 Theodoreto.

2306 592 2348 646 Ι.
2372 592 2690 648 Gennadius
2718 593 2773 647 in
2793 594 3122 649 Theodoreti
3151 596 3367 666 elogio:
3400 615 3416 648 ‹
3454 597 3599 651 Sunt
3621 599 3836 668 eteius,

2247 679 2447 750 inquit,
2483 681 2672 737 decem
2705 682 2954 736 Historia:
2982 683 3348 739 ecclesiasticw
3371 685 3522 750 libri,
3554 701 3697 754 quos
3721 688 3842 741 imi-

2245 780 2392 828 tatus
2444 773 2744 828 Eusebium
2787 773 3182 830 Caesariensem
3217 777 3458 846 scripsit,
3519 778 3776 833 scribens
3807 795 3836 833 a

2247 861 2353 918 ﬁne
2387 863 2656 918 librorum
2703 864 2926 920 Eusebii
2975 880 3151 935 usque
3191 867 3259 920 ad
3289 882 3450 921 suum
3483 875 3736 937 tempus,
3787 871 3837 923 id

2246 963 2348 1020 est,
2375 970 2406 1009 a
2439 956 2820 1010 vicennalibus
2855 955 3204 1012 Constantini
3231 974 3404 1028 usque
3437 958 3504 1013 ad
3541 960 3837 1030 imperium

2246 1046 2449 1102 Leonis
2479 1046 2746 1103 Senioris.
2780 1067 2798 1099 ›

2317 1139 2382 1194 ll.
2437 1140 2738 1209 Deceptum
2782 1139 2952 1196 fuisse
3000 1140 3368 1207 Gennadium,
3408 1142 3842 1197 evidentissimis

2246 1233 2582 1304 argumentis
2625 1241 2881 1288 constat:
2915 1249 3039 1287 nam
3080 1235 3155 1287 ita
3207 1233 3429 1304 scripsit
3488 1234 3641 1289 solus
3698 1235 3843 1288 inter

2246 1335 2464 1380 veteres
2496 1331 2552 1378 et
2587 1325 2752 1378 homo
2792 1324 3022 1380 Latinus
3061 1324 3129 1380 de
3154 1324 3383 1379 historia
3417 1324 3628 1380 Graeca.
3667 1325 3841 1379 Nemo

2247 1415 2584 1482 Graecorum,
2623 1417 2738 1471 sive
2759 1417 3077 1486 aequalium,
3101 1417 3216 1471 sive
3241 1418 3616 1486 posteriorum
3641 1419 3837 1471 memi-

2247 1506 2349 1570 nit,
2389 1505 2492 1559 etsi
2528 1506 2761 1560 maxime
2806 1507 3041 1576 quisque
3077 1506 3368 1569 debuerat,
3421 1508 3466 1561 si
3516 1524 3610 1561 res
3656 1509 3730 1561 ita
3778 1523 3836 1561 se

2248 1597 2530 1652 habuisset
2559 1616 2571 1650 :
2603 1597 2892 1662 debuerat,
2918 1599 3166 1666 inquam,
3194 1614 3306 1653 non
3327 1601 3342 1616 ‘
3372 1606 3586 1653 tantum
3617 1607 3838 1668 propter

2247 1704 2451 1743 nomen
2511 1689 2788 1755 auctoris,
2848 1697 2964 1742 toto
3021 1687 3247 1745 Oriente
3307 1690 3693 1754 celeberrimi,
3742 1691 3838 1746 sed

2249 1782 2416 1836 etiam
2464 1789 2690 1851 propter
2720 1795 2831 1846 res,
2868 1797 3005 1850 quas
3031 1797 3174 1835 unus
3200 1781 3448 1835 omnium
3495 1783 3747 1851 apprime
3785 1790 3842 1836 et

2249 1871 2520 1936 scivisset,
2549 1880 2605 1926 et
2631 1872 2854 1942 scriptis
2879 1872 3215 1927 mandasset.

2319 1961 2407 2016 Ill.
2431 1961 2550 2017 Non
2579 1962 2831 2016 meminit
2858 1971 3006 2016 certe
3036 1961 3324 2032 Evagrius,
3362 1963 3620 2031 quamvis
3649 1964 3841 2020 solitus

2249 2053 2354 2108 sibi
2391 2053 2551 2108 [idem
2584 2054 2765 2110 facere
2804 2055 3136 2124 scriptorum
3179 2055 3433 2123 priorum
3467 2056 3790 2110 testimonio
3825 2077 3837 2110 :

2250 2160 2360 2200 non
2391 2146 2642 2202 meminit
2668 2146 3037 2215 Theophanes
3057 2186 3071 2208 ,
3097 2161 3206 2199 non
3240 2145 3528 2200 Cedrenus
3549 2189 3561 2210 ,
3597 2163 3710 2202 non
3736 2148 3841 2202 Zo—

2250 2253 2433 2301 naras,
2464 2253 2574 2292 non
2601 2238 2852 2303 Photius,
2883 2253 2994 2292 non
3019 2235 3395 2305 Nicephorus,
3417 2244 3474 2291 et
3507 2237 3553 2292 si
3585 2238 3679 2307 qui
3716 2248 3845 2293 sunt

2251 2327 2343 2380 alii
2365 2327 2538 2383 Graeci
2566 2327 2846 2382 historici.

2325 2419 2411 2473 IV.
2449 2420 2561 2473 lmo
2604 2420 2889 2490 Evagrius.
2922 2419 2977 2472 in
3013 2405 3352 2473 contrarium
3401 2419 3607 2488 apertis
3656 2419 3844 2474 verbis

2251 2513 2577 2566 sententiam
2605 2511 2743 2565 dixit
2769 2529 2782 2565 :
2813 2527 2937 2565 nam
2962 2511 3295 2565 Theodoreti
3340 2509 3637 2563 Historiam
3677 2511 3846 2564 tradit

2251 2603 2318 2657 ad
2378 2604 2490 2657 sola
2547 2602 2844 2658 Theodosii
2895 2604 3136 2673 junioris
3184 2611 3429 2670 tempora
3478 2601 3841 2670 pervenisse;

2252 2693 2390 2747 dixit
2413 2701 2469 2747 et
2498 2693 2860 2762 Nicephorus,
2884 2693 2977 2762 qui
3001 2693 3194 2748 eadem
3223 2707 3348 2746 cum
3376 2690 3610 2759 Evagrio
3635 2688 3842 2755 refert;

2253 2787 2390 2840 dixit
2421 2792 2477 2839 et
2518 2785 2764 2840 Photius.
2818 2804 2836 2836 ‹
2881 2785 3285 2848 Theodoretus,
3313 2784 3511 2853 inquit,
3550 2783 3843 2836 historiam

2255 2873 2531 2929 inchoavit
2575 2875 2643 2928 ab
2675 2874 2868 2929 haeresi
2914 2873 3064 2937 Arii,
3113 2871 3500 2943 pertexuitque
3530 2881 3585 2926 et
3617 2871 3738 2940 ipse
3779 2871 3847 2925 ad

2255 2967 2548 3022 Theodosii
2581 2967 2829 3023 Junioris
2861 2976 3128 3035 tempora,
3163 2975 3221 3020 et
3251 2981 3425 3034 usque
3449 2964 3516 3019 ad
3562 2964 3845 3018 Theodori

2179 3073 2222 3130 ς,
2255 3073 2561 3122 excessum,
2599 3057 2820 3127 quando
2847 3055 3325 3125 Constantinopoli
3377 3070 3659 3109 sacrorum
3703 3055 3848 3108 anti-

2257 3158 2370 3205 stes
2394 3150 2670 3206 Sisinnius
2703 3151 2828 3205 fuit.
2875 3170 2895 3202 ι

2326 3257 2391 3311 ν.
2418 3256 2797 3310 Theodoretus
2832 3255 2947 3324 ipse
2973 3253 3295 3309 clarissimis
3322 3260 3377 3306 et
3403 3251 3845 3322 expressissim'rs

2254 3348 2460 3413 verbis,
2487 3364 2610 3403 cum
2635 3348 2797 3402 ﬁnem
2824 3346 3080 3401 Historiae
3120 3345 3447 3416 imponeret,
3482 3361 3601 3400 eam
3627 3360 3683 3399 se
3729 3360 3850 3402 cer—

2256 3442 2327 3496 tis
2358 3449 2668 3510 temporum
2708 3439 2903 3509 spatiis
2933 3437 3211 3494 deﬁniisse
3248 3446 3501 3493 testatur.
3537 3456 3556 3488 ‹
3585 3437 3726 3507 Ego,
3761 3438 3847 3492 in-

2256 3532 2395 3602 quit;
2416 3533 2484 3597 ⁷⁵,
2515 3531 2768 3586 Historia:
2800 3531 2965 3586 linem
2993 3531 3084 3585 hic
3113 3530 3340 3592 faciens,
3367 3531 3598 3584 lectores
3624 3543 3750 3594 oro,
3791 3537 3851 3584 ut

2253 3624 2501 3679 laborem’
2531 3632 2780 3678 nostrum
2819 3623 3078 3694 precibus
3107 3622 3224 3678 suis
3245 3628 3622 3692 compensent.
3664 3619 3848 3686 Quin-

2256 3731 2364 3786 que
2393 3729 2576 3771 autem
2610 3725 2666 3771 et
2697 3723 2920 3770 centum
2951 3731 3221 3769 annorum
3259 3722 3475 3784 tempus
3515 3714 3630 3768 haec
3655 3711 3848 3767 Histo-

2256 3809 2338 3865 ria
2365 3809 2766 3879 complectitur,
2823 3807 2892 3861 ab
2925 3806 3043 3862 Arii
3090 3805 3314 3861 vesania
3362 3805 3667 3875 incipiens,
3695 3805 3851 3860 desi-

2255 3918 2501 3971 nensque
2550 3901 2605 3954 in
2642 3901 2795 3954 obitu
2825 3897 3186 3953 laudabilium
3208 3896 3452 3950 virorum
3482 3895 3761 3949 Theodoti
3799 3903 3854 3949 et

2257 3993 2553 4048 Theodori.
2589 4012 2605 4043 ι
2637 3991 2882 4060 Uterque
2907 3989 3017 4043 fato
3043 3989 3264 4042 functus
3291 3994 3375 4041 est
3404 4001 3549 4040 anno
3572 3985 3698 4038 4‘27.

2323 4105 2412 4160 Vl.
2433 4104 2669 4159 Tantum
2689 4118 2822 4157 vero
2849 4101 3025 4165 abest,
3054 4107 3115 4154 ut
3139 4098 3435 4153 Historiam
3461 4097 3527 4152 ad
3551 4097 3852 4167 imperium

2257 4214 2432 4268 usque
2471 4196 2672 4252 Leonis
2696 4195 2940 4250 Senioris
2964 4192 3307 4264 produxerit,
3339 4199 3399 4244 ut
3435 4189 3539 4244 nisi
3567 4190 3854 4244 inconsul—

2258 4293 2505 4348 tissimus
2561 4291 2887 4354 hominum,
2956 4289 3042 4343 vcl
3092 4287 3602 4357 impudentissimus
3655 4288 3852 4340 audire

2258 4382 2444 4446 vellet,
2480 4381 2787 4451 producere
2835 4377 3060 4432 omnino
3084 4391 3194 4429 non
3221 4373 3500 4429 debuerit.
3525 4372 3675 4440 Quas
3699 4375 3853 4427 enim

2261 4490 2352 4529 res
2399 4472 2798 4528 ecclesiasticas
2839 4475 3168 4539 prosecutus
3211 4467 3446 4521 fuisset?
3496 4466 3852 4521 Nestorianas

2263 4572 2413 4620 certe
2433 4606 2448 4630 ,
2483 4563 2808 4633 Ephesinas,
2834 4559 3327 4621 Chalcedonenses,
3359 4574 3421 4612 ac
3449 4557 3684 4627 proinde
3701 4574 3849 4620 suas,

2264 4654 2475 4727 Cyrilli,
2495 4654 2619 4716 lbae,
2648 4659 2810 4721 atque
2841 4649 3004 4704 etiam
3031 4647 3256 4702 Diodori
3279 4647 3568 4701 Tarsensis
3587 4663 3652 4701 ac
3675 4647 3853 4700 Theo-

2266 4748 2387 4803 dori
2414 4743 2820 4815 Mopsuesteni;
2853 4742 2921 4796 de
2948 4740 3149 4812 quibus
3190 4740 3233 4793 si
3262 4755 3391 4792 vera
3421 4739 3760 4808 scripsisset,
3796 4755 3852 4793 se

2261 4847 2425 4909 atque
2457 4835 2664 4890 amicos
2693 4849 2879 4889 coram
2912 4833 3158 4888 omnium
3188 4832 3644 4900 consequentium
3675 4849 3852 4886 secn-

2262 4930 2441 4984 lorum
2475 4926 2720 4980 Ecclesia
2747 4940 2901 4979 reum
2927 4925 3259 4994 peregisset;
3282 4922 3426 4992 quod
3452 4922 3853 4978 inconsiderati

2253 5027 2338 5074 est
2373 5036 2386 5071 :
2423 5017 2466 5071 si
2509 5016 2642 5070 falsa
2690 5017 2892 5085 scripto
2940 5014 3276 5078 mandasset,
3309 5015 3665 5067 reclamasset
3697 5015 3852 5068 orbis

2253 5119 2404 5165 totus
2425 5124 2606 5162 rerum
2627 5108 2899 5171 conscius,
2927 5107 3174 5176 tantique
3203 5105 3620 5160 reclamantium
3651 5106 3856 5159 tumul-

2258 5211 2346 5257 tus
2388 5217 2514 5271 pars
2539 5199 2743 5269 aliqua,
2783 5199 2868 5253 Vel
2899 5199 3184 5264 memoria,
3219 5197 3287 5252 ad
3329 5213 3430 5252 nos
3456 5213 3631 5268 usque
3657 5214 3851 5268 perve-

2258 5293 2448 5348 uisset.

2331 5382 2444 5437 Vll.
2473 5381 2527 5437 Si
2546 5385 2689 5438 ultra
2713 5381 2942 5436 Sisinnii
2959 5379 3553 5451 Constantinopolitani
3579 5390 3853 5452 tempora.

1924 5510 2237 5570 SCIlULle
2279 5515 2509 5570 NOTAE.

649 5647 694 5676 τ’
725 5647 842 5702 Vici.
874 5664 1058 5714 supra,
1105 5667 1157 5714 p.
1210 5653 1326 5706 155.
1431 5655 1478 5686 ⁷³
1513 5653 1628 5704 Vid.

1105 5667 1157 5719 ιτ.
1210 5653 1326 5706 iss.

581 5713 625 5745 ’⁸⁵
646 5715 904 5775 Prodidit.

1673 5661 1810 5729 part;
1839 5669 1875 5729 ῃ
1920 5651 2262 5729 0pcrur_u_M.
2315 5656 2632 5715 Mercatoris
2685 5658 2780 5712 liii.
2839 5675 2889 5713 Ill
2947 5657 3031 5728 (ex
3062 5659 3197 5715 edit.
3237 5658 3427 5725 Garn.,
3468 5667 3505 5712 t.
3548 5658 3613 5722 ll,
3650 5675 3704 5728 p.
3738 5657 3855 5729 6'1).

987 5737 1086 5779 oco
1121 5722 1211 5776 cit.
1247 5722 1348 5792 leg.
1385 5722 1625 5792 protulit.
1705 5723 1748 5753 ⁷⁸
1789 5722 1908 5778 Lib.
1945 5738 1997 5791 γ,
2025 5739 2074 5778 c.
2113 5724 2198 5780 39.
