3952 6294
136 321 229 387 353

1302 301 1397 363 DE
1437 299 1691 362 LIBRIS
1727 295 2234 360 THEODORETI.

3240 287 3344 351 354

138 436 186 492 id
213 440 312 495 est,
345 429 485 483 ultra
531 438 733 478 annum
780 417 983 475 Christi
1029 417 1128 470 427
1165 413 1460 469 Historiam
1492 421 1684 482 prolu-
1717 417 1756 472 Α
1788 411 1920 474 cari,
1965 410 2208 479 quinque
2263 408 2364 462 hos
2409 404 2581 460 libros
2620 420 2728 460 non
2768 416 2888 458 esse
2913 401 3159 456 diversos
3186 401 3350 473 5.06

139 525 294 582 Iisset,
329 513 486 588 ωε
532 511 656 564 inde
694 507 883 578 procul
908 503 1077 560 dubio
1105 503 1294 572 quinta
1323 499 1563 570 synodus
1593 498 1685 552 de-

139 610 479 680 sumpsisset,
518 618 639 672 quae
682 601 929 653 facerent
977 595 1273 665 plurimum
1316 592 1383 646 ad
1422 604 1640 644 causam
1668 629 1682 652 ,

141 718 285 775 quam
303 699 512 769 agebat.
540 694 598 748 Si
624 693 773 746 enim
802 691 948 743 lbam
981 697 1036 742 et
1058 685 1406 740 Theodorum
1431 683 1686 736 damnas-

143 771 234 857 set,
271 786 643 861 pnejudieium
683 779 979 836 damnandi
1014 777 1260 834 attulisse
1301 771 1687 836 diceretur;si

145 882 475 943 defendisset,
529 888 657 929 reus
708 872 835 927 inde
877 879 1129 940 ageretur
1171 883 1270 921 suo
1314 866 1484 935 ipsius
1531 862 1686 917 testi-

143 974 327 1028 monio.

206 1063 331 1118 Vlll.
355 1059 480 1115 Haec
507 1072 631 1113 cum
674 1054 979 1110 indubitata
1020 1052 1149 1116 sint,
1187 1049 1564 1104 contentiosus
1609 1055 1689 1102 ta-

145 1168 254 1208 men
279 1151 475 1220 aliquis
510 1147 746 1218 objicere
773 1152 958 1214 posset
987 1142 1128 1196 duo:
1162 1142 1395 1194 alterum
1423 1154 1488 1192 ex
1513 1138 1691 1191 Theo-

146 1247 265 1300 doro
294 1244 537 1303 Lectore,
590 1254 657 1292 ex
703 1237 1036 1290 Damasceno
1073 1232 1324 1286 alterum.
1371 1227 1690 1282 Theodorus

144 1334 276 1388 enim
296 1331 391 1384 lib.
421 1345 459 1382 ιι
491 1326 706 1382 Collect.
730 1365 744 1388 ,
780 1343 797 1374 ι
837 1323 1054 1383 Petrus,
1075 1319 1273 1388 inquit,
1312 1317 1532 1387 Moggus
1558 1317 1689 1370 reli-

147 1426 292 1494 quias
329 1420 600 1476 Timothei
630 1413 995 1484 Salophacioli
1016 1395 1272 1465 eﬂ‘odisse
1303 1409 1526 1472 dicitur,
1545 1407 1690 1461 idem

149 1529 350 1586 quoque
375 1511 568 1567 scribit
599 1507 996 1562 Theodoretus.
1031 1522 1048 1553 ι
1086 1502 1154 1555 Ει
1179 1501 1338 1571 paulo
1363 1507 1506 1569 post,
1552 1517 1569 1548 ι
1592 1498 1693 1553 Ca-

148 1605 440 1660 lendionem
465 1600 604 1654 dicit
628 1597 942 1651 ordinatum
985 1593 1156 1647 fuisse
1199 1587 1688 1658 Constantinopoli,

149 1712 262 1752 cum
289 1691 620 1750 Theodorito
650 1685 1052 1742 consentiens»
1090 1683 1455 1736 Damascenus
1485 1693 1616 1732 vero
1635 1676 1691 1730 in

1785 499 1948 553 abiis
1981 513 2120 567 quos
2156 496 2499 550 Theodoreto
2533 494 2737 564 juniori
2787 491 3098 546 tribuimus.
3145 490 3346 544 Verum

1786 590 1987 653 obstat,
2019 588 2164 658 quod
2187 587 2565 642 Theodoretus
2592 585 2778 656 junior
2806 583 3058 638 Nestorio
3093 581 3352 636 infensis-

1787 681 1999 747 simus;
2053 679 2314 739 lrcnaaus.
2380 687 2444 733 ut
2501 687 2715 732 constat
2780 691 2847 730 ex
2884 674 3034 730 Actis
3063 673 3352 742 Ephesium

1787 772 2004 843 synodi,
2031 773 2048 793 ⁸
2070 771 2478 826 addictissimus
2511 769 2694 823 fuerit.
2734 767 2871 822 Vide
2920 781 3041 835 qum
3090 772 3351 834 sequente

1787 860 2132 930 paragrapho
2161 860 2433 913 dicentur.
2473 856 2647 923 Quid,
2687 857 2733 909 si
2783 854 3121 909 Hehed-Jesu
3159 851 3350 907 Irenaei

1789 965 1992 1006 nomen
2027 966 2128 1020 pro
2167 948 2495 1003 Theodoreti
2519 948 2741 1001 nomine
2768 944 3047 1015 posuerit?

1974 1081 2001 1151 §
2027 1079 2090 1133 11.
2119 1078 2358 1156 Episto‘la
2384 1079 2452 1132 ad
2476 1077 2785 1148 Sporacium
2815 1077 2877 1130 de
2901 1075 3158 1130 Nestorio.

1862 1211 1903 1266 1.
1928 1210 2099 1277 Quem
2130 1210 2335 1265 librum
2374 1209 2513 1263 dixit
2550 1207 2894 1271 Sirmondus,
2931 1207 3198 1262 Baronius
3239 1207 3356 1276 epi-

1791 1306 1983 1360 stolam
2010 1304 2286 1369 nominat;
2317 1302 2546 1355 formam
2581 1301 2670 1354 ille
2703 1300 3104 1368 contemplatus
3131 1305 3234 1361 est,
3255 1298 3356 1351 iste

1792 1393 2204 1462 inscriptionem
2243 1409 2256 1444 :
2307 1391 2360 1444 id
2409 1389 2676 1459 quidquid
2725 1397 2829 1452 est,
2892 1385 3236 1450 Sirmondus,
3298 1395 3359 1440 ut

1791 1494 1912 1540 erat
1949 1484 2232 1555 perspicax
2263 1492 2319 1537 et
2355 1498 2536 1537 rerum
2566 1481 2808 1551 prudens
2837 1480 3154 1541 aestimator,
3179 1495 3358 1548 neque

1793 1575 1939 1628 inter
1981 1574 2245 1644 epistolas
2277 1572 2598 1634 collocavit,
2645 1585 2823 1639 neque
2862 1569 3054 1624 ordine
3087 1585 3188 1624 suo
3219 1571 3362 1623 inter

1793 1664 1982 1726 libros,
2037 1663 2132 1716 sed
2186 1662 2338 1717 velut
2395 1661 2678 1732 rejiculum
2722 1661 2982 1729 quiddam
3023 1661 3084 1731 in
3121 1659 3361 1731 Operum

147 1785 235 1841 lib.
271 1800 328 1838 ιιι
359 1783 434 1836 De
472 1777 789 1850 imaginibus
831 1775 986 1845 plura
1026 1772 1315 1842 producit,
1355 1771 1419 1822 ἐκ
1449 1769 1547 1838 τῆς
1591 1768 1693 1820 ἐκ..
1725 1755 1764 1808 Β
1792 1756 2127 1850 Αριιειιάἰςθἶ
2173 1755 2375 1810 Scribit
2426 1763 2628 1817 tamen,
2658 1752 2804 1822 quod
2833 1752 3083 1807 mirabile
3115 1762 3218 1816 est,
3260 1753 3362 1806 Ba-

150 1873 569 1942 κλησιαστικ-ῆς
594 1869 878 1935 Ἱστορίας
922 1865 1251 1934 Θεοδωρίτου
1281 1861 1420 1915 libro
1452 1860 1610 1914 tertio
1637 1866 1694 1912 et

152 1975 348 2039 qUarto.

213 2054 295 2110 ιιι.
320 2055 521 2108 Verum
570 2049 891 2122 jamdudum
935 2047 1039 2102 viri
1086 2045 1233 2100 docti
1288 2044 1468 2097 locum
1508 2040 1700 2094 Dama-

155 2148 287 2203 sceni
309 2146 692 2208 emendarunt,
729 2151 786 2197 et
821 2156 920 2212 pro
951 2138 1285 2193 Tbeodorito
1326 2133 1697 2195 Theodorum,

155 2240 414 2294 Lectorem
442 2237 722 2300 videlicet,
750 2239 1114 2304 reposuerunt
1145 2248 1156 2282 :
1205 2243 1268 2282 ea
1315 2226 1462 2280 enim
1504 2225 1700 2277 Dama-

155 2345 334 2385 scenus
375 2333 667 2389 memorat,
716 2339 856 2394 quae,
908 2338 978 2377 ne
1031 2321 1074 2374 si
1108 2318 1454 2373 centenarius
1482 2315 1702 2385 quidem

156 2417 346 2479 fuisset,
377 2413 762 2470 Theodoretus
795 2411 938 2464 scire
960 2409 1246 2478 potuisset,
1266 2414 1326 2460 ut
1351 2405 1495 2474 quod
1525 2402 1705 2474 Olym-

157 2509 236 2578 pio
259 2509 448 2562 Ariano
469 2505 702 2574 contigit
731 2517 874 2556 anno
911 2499 1033 2555 498.
1073 2499 1276 2554 Eadem
1320 2497 1461 2550 ratio
1503 2495 1705 2549 refellit

160 2601 362 2669 pariter,
391 2596 543 2668 quod
591 2611 658 2650 ex
705 2591 978 2648 Theodori
1017 2588 1379 2644 Collectaneis
1410 2586 1706 2640 adductum

159 2701 232 2745 est
261 2709 272 2742 :
306 2689 626 2743 Timotheus
654 2687 802 2740 enim
842 2681 1254 2754 Salophaciolus
1280 2679 1512 2736 excessit
1532 2694 1562 2733 e
1595 2679 1706 2732 vita

162 2781 356 2834 circiter
389 2793 597 2833 annum
622 2775 745 2839 481,
777 2790 886 2844 quo
915 2783 1157 2842 tempore
1185 2770 1486 2826 Calendion
1515 2769 1706 2822 Antio-

161 2872 328 2926 chena:
354 2869 616 2925 Ecclesiae
663 2866 951 2937 prarfcctus
986 2873 1088 2918 est.
1131 2862 1259 2928 Quae
1305 2861 1351 2915 si
1401 2859 1710 2929 scripsisset

163 2962 543 3024 Theodoretus,
574 2957 942 3029 nonagenario
973 2955 1145 3025 major
1183 2953 1512 3022 scripsisset.

1795 1849 2005 1909 ronius,
2040 1845 2329 1914 epistolam
2375 1845 2517 1898 hanc
2556 1859 2657 1898 suo
2697 1844 2752 1898 in
2788 1843 2978 1897 codice
3015 1845 3362 1912 praepositam

1796 1936 1964 1990 fuisse
2016 1935 2240 2004 reliquis
2271 1937 2339 1998 ⁷⁸,
2388 1944 2644 2003 tanquam
2701 1933 3032 1987 Theodoreti
3085 1932 3270 1996 fidem,
3307 1941 3366 1987 et

1796 2025 2134 2079 Nestorianze
2197 2022 2474 2078 societatis
2533 2021 2807 2091 publicam
2867 2021 3362 2085 renuntiationem;

1799 2116 1896 2170 sed
1928 2116 1981 2169 id
2012 2116 2214 2169 factum
2245 2113 2440 2182 opinor
2478 2112 2546 2166 ab
2577 2112 2760 2181 aliquo
2787 2112 3089 2165 amantiore
3117 2111 3366 2166 Theodo-

1802 2205 1929 2270 reti,
1961 2221 2124 2274 quam
2151 2203 2418 2257 veritatis.

1871 2294 1936 2348 ll.
1976 2295 2035 2347 In
2075 2293 2233 2347 libris
2274 2291 2509 2362 vulgatis
2553 2290 2732 2345 media
2783 2290 2869 2344 sui
2903 2298 3080 2359 parte,
3140 2289 3366 2344 totidem

1800 2384 2005 2448 verbis,
2036 2383 2254 2438 conficit
2289 2393 2453 2452 caput
2496 2383 2560 2435 12
2601 2381 2726 2434 libri
2769 2381 2947 2450 quarti
2988 2380 3369 2434 Hcereticarum

1804 2475 2126 2545 fabularum,
2155 2474 2301 2543 quod
2337 2473 2678 2537 inscribitur,
2706 2471 2782 2525 De
2805 2471 3084 2536 Ncstorio;
3124 2471 3370 2541 nihilque

1806 2565 1969 2620 habet
1995 2567 2252 2635 amplius,
2277 2572 2475 2634 przeter
2503 2563 2926 2632 disputationem
2953 2562 3219 2634 prolixam
3242 2579 3368 2618 cum

1806 2655 2037 2725 ipsomet
2073 2653 2344 2716 Nestorio,
2377 2653 2444 2707 ad
2471 2668 2631 2722 quem
2665 2653 2838 2707 oratio
2860 2653 3232 2719 convertitur;
3261 2669 3371 2724 qua

1808 2746 2168 2802 conversione
2204 2745 2342 2798 nihil
2382 2752 2468 2799 est
2510 2743 2837 2798 insolentius
2863 2744 3006 2813 apud
3051 2743 3371 2800 Theodore-

1811 2847 1945 2893 tum.

1883 2951 1970 3005 lll.
2006 2949 2240 3019 Scripsit
2274 2964 2424 3014 vero,
2452 2949 2704 3018 quisquis
2732 2959 2815 3005 est
2847 2958 3058 3014 auctor,
3100 2960 3224 3020 post
3265 2950 3374 3004 Ne-

224 3054 285 3108 X.
315 3056 536 3118 Verum,
559 3061 620 3104 ut
652 3066 718 3104 ne
745 3048 1036 3117 scrupulus
1059 3047 1205 3100 ullus
1223 3045 1442 3108 haereat,
1463 3042 1711 3113 aperien—
1737 3084 1779 3142 ϐ
1814 3044 2066 3106 storium,
2085 3058 2195 3096 non
2221 3042 2384 3097 modo
2406 3041 2750 3109 deportatum
2787 3040 2840 3093 in
2873 3039 3074 3103 Oasim,
3097 3040 3191 3095 sed
3208 3041 3372 3095 etiam

163 3145 308 3210 dum,
342 3147 462 3215 quis
503 3144 599 3198 ille
641 3143 713 3195 sit
743 3139 1124 3193 Theodoretus
1168 3136 1420 3190 Historia:
1453 3135 1708 3202 scriptor,

166 3238 304 3306 cujus
347 3235 602 3290 meminit
651 3231 972 3286 Theodorus
1000 3229 1214 3283 Lector.
1262 3226 1408 3281 Nihil
1440 3240 1570 3279 vero
1602 3224 1711 3278 dici

169 3333 331 3396 potest
359 3334 450 3379 aut
483 3325 695 3386 verius,
728 3330 822 3376 aut
843 3330 990 3376 certe
1021 3317 1544 3390 probabilius,quam
1567 3313 1714 3383 quod

167 3415 558 3469 illustrissimus
602 3412 892 3468 Annalium
950 3410 1184 3478 scriptor
1223 3406 1389 3461 tradit
1415 3406 1504 3456 7‘:
1550 3402 1715 3457 exsti-

167 3505 284 3560 tisse
316 3507 527 3560 scilicet
573 3505 949 3558 Theodoretos
996 3500 1134 3554 duos
1165 3515 1177 3551 :
1215 3497 1483 3552 seniorem
1521 3508 1714 3558 unum,

169 3599 249 3666 qui
273 3596 524 3668 Cyrensis
545 3615 561 3662 ;
585 3597 863 3667 juniorem
893 3597 1147 3656 alterum,
1166 3592 1260 3662 qui
1289 3589 1716 3644 ecclesiasticam

166 3687 404 3758 Cyrensis
427 3689 730 3745 Historiam
763 3687 1121 3742 continuavit.
1163 3682 1386 3738 Addidit
1423 3681 1611 3752 junior
1648 3678 1716 3733 ad

168 3781 385 3835 senioris
432 3780 732 3835 Historiam
782 3778 955 3831 libros
997 3775 1261 3844 quinque,
1319 3773 1519 3841 quibus
1565 3785 1720 3826 com-

167 3871 344 3938 plexus
399 3881 482 3926 est
540 3869 814 3941 quidquid
882 3881 1065 3920 rerum
1111 3863 1600 3919 ecclesiasticarum
1650 3859 1719 3914 ab

169 3971 297 4010 anno
327 3959 426 4012 427
458 3959 524 4012 ad
559 3957 756 4012 Justini
797 3953 1149 4025 imperatoris
1188 3953 1340 4006 initia
1374 3958 1586 4021 gestum
1612 3959 1716 4016 est;

170 4055 218 4098 ct
247 4049 702 4116 quemadmodum
749 4046 840 4099 ille
887 4044 955 4098 ab
992 4043 1108 4098 Arii
1149 4041 1388 4105 vesania,
1433 4039 1513 4093 sic
1545 4040 1647 4094 iste
1688 4053 1720 4094 a

169 4134 391 4190 Nestorii
420 4137 617 4193 haeresi
649 4135 865 4188 initium
894 4133 1070 4187 duxit.

231 4228 315 4283 ιιι.
346 4231 554 4296 Quodsi
585 4229 715 4282 licet
739 4229 1050 4298 conjectura
1080 4224 1155 4279 uti
1191 4223 1246 4277 in
1293 4239 1352 4278 re
1395 4238 1424 4276 a
1462 4220 1724 4290 tempori-

170 4317 264 4374 bus
296 4321 498 4375 nostris
532 4318 830 4374 admodum
861 4327 1090 4377 remota,
1127 4329 1191 4368 ac
1232 4322 1454 4382 propter
1473 4319 1721 4364 veterum

1814 3137 1868 3189 in
1897 3135 2072 3189 reditu
2102 3134 2300 3188 misere
2332 3133 2658 3187 exstinctum
2691 3131 2852 3185 :facit
2874 3131 3018 3185 enim
3043 3133 3375 3187 mentionem

1814 3225 2212 3296 deportationis
2237 3232 2293 3278 et
2335 3223 2593 3277 interitus
2633 3239 2645 3275 :
2682 3221 2902 3290 scripsit
2932 3222 3096 3292 igitur
3126 3232 3250 3292 post
3280 3238 3380 3277 an-

1814 3332 1947 3372 num
1977 3317 2102 3380 M7,
2131 3331 2240 3385 quo
2270 3330 2415 3368 anno
2462 3313 2691 3383 periisse
2737 3312 3019 3366 Nestorius
3060 3314 3264 3382 apertis
3301 3323 3381 3370 te-

1816 3409 2109 3472 stimoniis,
2140 3415 2235 3462 aut
2257 3414 2404 3462 certe
2444 3405 2802 3476 argumentis,
2836 3405 3167 3460 ostenditur.

1886 3502 1974 3557 lV.
2013 3501 2184 3555 Nemo
2209 3509 2478 3562 veterum,
2517 3496 2664 3566 quod
2704 3496 2900 3560 sciam,
2936 3496 3184 3550 meminit
3223 3496 3380 3554 istius

1817 3593 2083 3663 epistolae,
2119 3599 2391 3660 quatenus
2409 3605 2439 3643 a
2455 3588 2633 3658 capite
2656 3587 2950 3642 undecimo
2972 3588 3081 3658 jam
3106 3587 3252 3641 dicto
3280 3587 3383 3641 dif-

1817 3682 1944 3738 fert.
1967 3681 2103 3735 Nam
2136 3679 2400 3734 Leontius
2434 3679 2489 3732 in
2526 3691 2694 3746 opere
2719 3676 2791 3730 De
2823 3677 2993 3740 sectis,
3027 3683 3084 3728 et
3128 3675 3382 3730 Theodo-

1821 3789 1916 3828 rus
1945 3773 2129 3828 Abbas
2161 3772 2217 3826 in
2256 3777 2579 3843 argumento
2611 3769 2801 3840 synodi
2825 3768 3131 3838 Ephesinaa,
3158 3783 3220 3823 ac
3243 3767 3385 3821 Pho-

1821 3867 1932 3921 tius
1960 3864 2016 3918 in
2051 3862 2272 3928 Codice,
2312 3862 2680 3916 meminerunt
2714 3860 2884 3914 solius
2913 3859 3040 3913 libri
3075 3875 3128 3913 tv
3165 3859 3388 3913 [hereti-

1821 3973 2006 4011 carum
2044 3951 2381 4025 tabularum,
2407 3951 2462 4004 in
2492 3967 2600 4020 quo
2631 3951 2828 4004 inserta
2853 3957 2954 4002 est.

1887 4046 1952 4103 V.
1991 4048 2060 4102 Et
2083 4060 2215 4101 vero
2240 4040 2690 4113 scriptum,quod
2716 4040 2772 4092 in
2799 4038 3168 4108 Appendicem
3198 4039 3387 4108 rejecit

1823 4137 2174 4201 Sirmoudus,
2217 4133 2536 4188 nonnullam
2585 4130 2805 4199 quidem
2848 4127 3258 4181 declamationis
3294 4135 3393 4182 aut

1823 4227 2071 4282 historiae
2099 4223 2338 4294 speciem
2362 4219 2602 4289 praefert,
2641 4217 2845 4270 nullam
2867 4215 3127 4282 epistolae.
3158 4216 3314 4280 Nam,
3340 4219 3390 4270 ιε’

1824 4318 1942 4374 Νοιι
1970 4315 2137 4369 habet
2159 4309 2516 4366 honoriﬁcam
2545 4307 2682 4369 viri,
2713 4306 2800 4360 cui
2829 4304 3122 4370 scribitur,
3150 4309 3360 4375 compel
3378 4337 3390 4347 -

169 4411 434 4465 silentium
483 4411 741 4474 obscura,
797 4408 1164 4462 Theodoritus
1203 4405 1293 4458 ille
1320 4403 1508 4472 junior
1542 4401 1585 4431 ”
1610 4414 1707 4452 nox

1825 4405 2088 4460 lationem
2109 4443 2122 4467 ,
2161 4415 2323 4472 quam
2356 4399 2412 4452 in
2441 4395 2693 4467 epistolis
2733 4394 2800 4448 ad
2838 4399 3115 4464 maguates
3139 4393 3392 4449 omittere

169 4501 298 4556 alter
337 4502 556 4556 videtur
599 4517 738 4564 esse,
789 4513 953 4568 quam
987 4495 1307 4549 Alindorum
1350 4492 1638 4562 episcopus
1665 4488 1721 4542 in

170 4593 439 4660 provincia
470 4594 664 4657 Cariae,
688 4591 782 4660 qui
820 4606 962 4644 anno
1001 4588 1103 4643 556
1149 4585 1381 4640 concilio
1415 4581 1724 4637 Constanti-

168 4689 481 4755 n0politano
525 4689 732 4742 Mennze
769 4685 1055 4741 interfuit:
1093 4692 1306 4751 tempus
1328 4681 1494 4743 enim,
1529 4693 1726 4733 nomen

169 4786 220 4830 et
253 4778 490 4832 eruditio
515 4785 840 4849 congruunt.

234 4865 350 4922 XII.
389 4867 449 4922 In
483 4872 724 4940 catalogo
749 4866 1089 4922 llebed-Jesu
1126 4864 1332 4918 mentio
1380 4861 1444 4915 ﬁt
1479 4859 1729 4914 Historiae

177 4959 493 5028 cujusdam,
547 4978 665 5029 quae
717 4960 961 5030 quinque
1022 4957 1180 5011 libris
1242 4952 1732 5024 comprehenderet

173 5049 492 5118 ejectionem
536 5051 808 5116 Nestorii,
851 5058 908 5104 et
949 5048 1153 5112 omnia,
1190 5062 1310 5116 qua:
1336 5046 1390 5097 in
1415 5044 1521 5097 illis
1551 5043 1730 5113 regio-

171 5144 331 5198 nibus
377 5155 532 5216 gesta
568 5155 711 5200 sunt.
755 5147 958 5199 Auctor
999 5142 1204 5196 dicitur
1246 5139 1483 5193 irenzcus
1512 5136 1730 5207 Tyrius,

1831 4487 2213 4552 Theodoretus
2259 4507 2372 4545 non
2414 4489 2573 4544 solet.
2616 4487 2674 4541 2°
2711 4485 2872 4541 Caret
2907 4485 3078 4539 amica
3129 4485 3391 4549 clausula,

1831 4602 1995 4659 quam
2020 4583 2405 4639 Theodoretus
2429 4581 2517 4634 vix
2559 4579 2764 4650 pariter
2795 4591 3032 4646 unquam
3067 4577 3395 4646 praetermit-

1833 4682 1918 4735 tit.
1945 4681 1998 4732 5°
2025 4675 2409 4733 Przefationem
2446 4673 2692 4727 continet
2733 4669 2996 4739 prolixam
3017 4707 3032 4730 ,
3085 4669 3394 4736 locumque,

1831 4781 1893 4826 ut
1917 4771 2092 4834 aiunt,
2118 4780 2487 4827 communem,
2510 4779 2619 4832 quo
2655 4761 2791 4814 nihil
2826 4757 3117 4813 absurdius
3142 4767 3399 4826 peccatur

1834 4861 1888 4915 in
1915 4859 2268 4928 epistolarum
2293 4862 2490 4917 artem,
2513 4851 2762 4921 religiose
2783 4865 2812 4901 a
2833 4846 3180 4900 Theodoreto
3209 4844 3400 4898 obser-

1831 4959 2032 5004 vatam.
2073 4950 2129 5002 4°
2166 4945 2467 5001 Fastidiosa
2516 4943 2606 4995 illa
2657 4938 2902 5010 praefatio
2944 4937 3089 4990 aliud
3123 4935 3259 4988 nihil
3292 4944 3397 4995 est,

1833 5055 1994 5110 quam
2045 5037 2280 5092 imitatio
2317 5033 2563 5103 quzedam
2600 5038 2762 5098 atque
2803 5025 3152 5094 amplificatio
3189 5023 3399 5092 prologi

1827 5131 1972 5184 libro
2003 5134 2200 5196 quarto
2240 5123 2627 5179 Harreticarum
2660 5115 2962 5187 fabularum
3000 5112 3226 5184 praefixi,
3255 5115 3400 5181 quoi
3428 5124 3432 5128 '

170 5234 502 5304 aequalisque
549 5233 897 5287 Theodoreto
949 5231 1196 5285 innuitur
1241 5226 1360 5296 ipso
1397 5206 1736 5278 recensionis
1830 5221 2041 5292 puerile
2067 5218 2281 5272 vitium.
2314 5215 2368 5270 5°
2401 5213 2588 5269 Oratio
2611 5210 2676 5265 ad
2709 5207 3024 5263 Nestorium
3058 5206 3236 5276 ipsum
3268 5220 3401 5258 cou-

171 5326 377 5382 ordine.
431 5326 661 5382 Venerit
698 5325 924 5380 fortasse
960 5325 1015 5376 in
1062 5320 1299 5375 mentem
1355 5316 1520 5370 alicui
1553 5313 1735 5384 suspi-

1831 5312 2091 5375 vertitur,
2124 5305 2429 5380 cujusmodi
2458 5302 2602 5374 apud
2628 5298 3035 5355 Theodoretum
3075 5297 3130 5350 in
3155 5295 3405 5366 epistolis

1505 5464 1819 5524 SCHULZII
1859 5463 2091 5519 NOTAE.

233 5598 280 5632 "
303 5594 507 5654 Annal.
561 5603 599 5648 ι.
633 5594 734 5658 VI,
765 5609 818 5662 p.
853 5593 974 5647 653.

1082 5591 1125 5622 "
1156 5588 1282 5643 ΙΙωο
1333 5587 1553 5656 quidem
1592 5585 1904 5653 conjectura
1954 5582 2133 5638 Caveo
2174 5580 2404 5656 aliisque
2455 5592 2512 5656 se
2555 5563 3126 5656 commendavitzpscd

3167 5559 3406 5632 junioris

129 5709 132 5712 ι
173 5630 1026 5732 ἰιΙὶιιεὛίίὲξάδιόίὶ.έοῖἶρίξῖὶι
1056 5630 2151 5732 poio'éﬁni'oéiﬁadié'iﬁﬁoiééceié;iit
2174 5630 2542 5722 ῙεῆΗΊιῖιὸηίιιι
2573 5642 2850 5699 Fabricius
2893 5637 3136 5692 Biblioth.
3167 5630 3258 5687 Cr.
3295 5630 3402 5683 vol.

175 5737 252 5804 Vl,
281 5754 334 5808 p.
363 5737 491 5792 124.
576 5734 618 5764 ⁷⁸
654 5733 774 5787 Vid.
819 5729 1010 5801 supra,
1041 5729 1094 5801 p.
1131 5729 1252 5784 505.
