3952 6294
549 274 654 338 355

1664 267 2042 335 GARNERII
2084 273 2580 339 DISSERTATIO
2621 275 2678 338 Ιῐ

3699 283 3811 348 356

545 385 638 440 vix
674 383 976 456 quidquam
1026 382 1287 455 reperias.
1322 382 1484 456 ‘07
1531 383 1585 439 6°
1619 381 1806 440 Scatet
1829 385 2118 455 phrasibus
2150 393 2196 449 Α
2223 387 2515 456 docuerit;
2544 392 2702 460 cujus
2730 390 3035 446 doctrinam
3058 391 3532 450 anathematizare
3561 395 3631 451 sit
3659 398 3807 456 idem

545 490 615 530 cx
655 473 917 545 Gregorio
961 474 1238 544 Theologo
1283 474 1570 544 pueriliter
1601 474 1880 544 decerptis
1904 516 1919 542 ,
1969 476 2118 546 quod

547 565 834 636 indignum
892 565 1260 619 Theodoreto.
1314 565 1594 635 Decerptas
1632 574 1763 621 sunt
1801 566 1922 623 ista:
1950 567 2125 622 mani-

548 657 689 711 feste
748 671 814 710 ex
863 654 1117 709 Oratione
1181 657 1236 708 in
1289 655 1647 710 Athanasium
1687 657 1755 711 δ’.
1810 656 2013 726 Ἄλλην
2064 656 2124 720 ἐξ

542 747 712 818 ἄλλης
733 745 978 816 ἀμείϐων
1007 745 1212 816 χώραν,
1244 746 1498 816 καθάπερ
1543 747 1883 818 Αίγυπτιακή
1911 766 1994 810 τις
2013 748 2126 817 ίμά-

549 838 664 904 στιξ
696 841 760 909 τῇ
799 838 1012 909 μεγάλῃ
1061 838 1172 891 τῶν
1213 839 1527 909 Ἀντιοχέων
1565 839 1831 909 ἐνέσκηψε
1855 839 2029 904 πόλει,
2067 842 2125 892 ἐν

545 926 717 998 ταύτῃ
766 927 941 995 λόγων
977 927 1299 996 ἐλευθερίων
1342 929 1578 1000 μετρίως
1626 927 2000 1000 μετεσχηκώς.
2055 930 2126 984 Et

543 1019 708 1088 paulo
741 1029 866 1088 post
886 1017 933 1050 °°
960 1057 975 1072 .
1009 1020 1274 1073 Ἐνταῦθα
1306 1037 1394 1089 μοι
1421 1022 1606 1073 λοιπὸν
1636 1023 1730 1074 καὶ
1757 1022 1825 1074 τὰ
1852 1021 2125 1092 δράματα,

544 1101 618 1160 ὧν
645 1106 842 1178 μικροῦ
878 1108 1092 1179 πλήρης
1123 1111 1272 1162 πᾶσα
1295 1111 1364 1179 γῆ
1396 1126 1454 1162 τε
1477 1111 1571 1162 καὶ
1602 1108 1860 1162 Θάλαττα.
1901 1110 1989 1172 Ὠς
2017 1109 2127 1179 γὰρ

542 1198 636 1250 τὸν
675 1199 928 1267 μέγιστον
952 1201 1157 1254 ἐκεῖνον
1188 1201 1453 1255 κατέλαϐε
1488 1201 1695 1271 θρόνον,
1725 1201 1978 1271 καθάπερ
2005 1200 2128 1254 τινὰ

545 1290 838 1360 τυραννίδα
869 1291 968 1361 τῆς
1001 1293 1414 1364 ἀρχιερωσύνης
1447 1294 1548 1366 τὴν
1586 1295 1919 1364 προστασίαν
1951 1294 2127 1365 ἁρπά-

547 1398 666 1443 σας.
713 1381 795 1436 Ex
845 1381 1101 1437 Oratione
1145 1384 1216 1437 ad
1261 1383 1490 1440 Arianae
1528 1385 1618 1437 ἰε
1662 1386 1812 1438 Οῐκοι
1851 1383 1920 1438 τὰ
1957 1386 2127 1440 πολλὰ

545 1470 771 1541 βιϐλίοις
815 1473 1165 1543 προανέχων
1187 1512 1203 1536 ,
1241 1476 1334 1527 καὶ
1383 1474 1504 1529 καθ’
1539 1475 1767 1546 ἡσυχίαν
1802 1474 1977 1546 ἑαυτῷ
2001 1493 2129 1545 συγ-

541 1561 845 1632 γινόμενος.
891 1561 1153 1633 Spurium
1186 1563 1353 1634 igitur
1375 1571 1461 1618 est
1494 1572 1660 1634 atque
1711 1564 2125 1635 supposititium

545 1652 625 1719 id,
663 1654 1041 1724 cujuscunque
1069 1655 1220 1710 modi
1248 1665 1353 1721 est,
1383 1657 1672 1726 scriptum.

2223 497 2287 536 ac
2319 483 2491 552 ipsam
2517 483 2778 552 pietatem
2819 484 3117 551 damnare;
3157 486 3250 556 qui
3284 486 3486 558 injuste
3515 496 3573 544 et
3619 490 3809 563 inique

2222 573 2515 630 damnatus
2544 577 2618 630 sit
2649 576 2886 646 Ephesi;
2939 593 3103 648 quem
3135 579 3269 633 socii
3302 589 3556 649 pastores
3583 583 3808 640 calamis

2221 666 2412 735 inique
2459 666 2802 731 occiderint;
2842 668 3000 737 cujus
3057 667 3476 724 damnatoribus
3523 687 3808 743 nunquam

2221 758 2341 828 ipse
2364 758 2436 812 sit
2463 758 2990 822 communicaturus,
3013 759 3121 814 etsi
3152 759 3504 816 membratim
3524 761 3806 834 discerpa-

2224 859 2333 904 tur.
2371 869 2390 902 ι
2443 850 2601 904 Nunc
2635 864 2788 915 vero,
2828 850 2876 904 si
2909 850 2981 904 sit
3016 859 3212 906 auctor
3256 851 3526 920 epistolae,
3566 868 3676 923 qua
3738 854 3809 910 de

2224 942 2428 1012 agitur,
2491 941 2746 996 eumdem
2797 940 3038 1010 appellat
3099 959 3119 992 ι
3184 949 3481 1008 amentem,
3529 941 3808 1014 ﬂagellum

2224 1033 2627 1104 Egyptiacum,
2655 1035 3083 1112 instrumentum
3109 1033 3372 1089 daemonis
3394 1034 3808 1090 mendaciorum

2224 1125 2422 1196 patris,
2453 1125 2830 1180 Christianum
2865 1125 3053 1194 specie
3084 1124 3258 1195 magis
3289 1140 3455 1194 quam
3486 1126 3686 1196 reipsa,
3720 1136 3808 1198 ty,-

2227 1217 2475 1272 rannidis
2499 1217 2897 1281 a'ﬂ‘ectatorem,
2941 1216 3194 1286 impium,
3253 1217 3655 1286 blasphemum,
3703 1234 3810 1272 nu-
3895 1227 3899 1237 '

2225 1309 2430 1379 gaciter
2459 1309 2806 1374 delirantem,
2835 1309 3000 1362 stulta
3025 1308 3350 1377 sapientem,
3372 1308 3469 1376 qui
3487 1309 3804 1379 simplicem

2226 1409 2283 1456 et
2303 1400 2542 1455 artiﬁcio
2564 1409 2846 1455 carentem
2886 1399 3050 1455 ﬁdem
3082 1408 3328 1455 nostram
3353 1399 3687 1456 Graecanicis
3714 1417 3804 1456 ar-

2227 1493 2394 1564 gutiis
2421 1492 2679 1558 turbarit,
2716 1492 2810 1562 qui
2847 1491 3169 1562 pontiﬁcatu
3206 1507 3308 1562 per
3346 1501 3564 1548 sanctos
3601 1492 3802 1563 Ephesi

2227 1592 2586 1655 congregatos
2610 1624 2625 1650 ,
2678 1583 2866 1639 divino
2914 1583 3178 1654 suﬁ’ragio
3234 1583 3482 1654 dejectus
3537 1585 3653 1652 sit,
3709 1588 3804 1656 qui

2229 1673 2414 1728 edicto
2442 1674 2789 1744 imperatoris
2809 1673 2995 1729 Dasim
3015 1675 3203 1745 jussus
3225 1673 3498 1741 habitare,
3515 1675 3612 1745 qui
3633 1675 3803 1732 futuri

613 1746 701 1802 Ἣ·
741 1745 846 1801 Sed
867 1747 1117 1816 Spurium
1149 1762 1270 1803 3350
1304 1748 1482 1817 ipsum
1524 1764 1744 1819 quoque
1793 1759 1963 1820 caput
1991 1751 2133 1807 (Ῐιιο-
2160 1742 2202 1798 Β
2230 1742 2536 1838 impiorum
2550 1767 2803 1838 supplicii
2833 1767 2985 1822 illinc
3016 1742 3312 1837 sumpserit
3344 1742 3631 1822 exordium
3651 1809 3666 1833 ,
3695 1784 3806 1824 suae

543 1839 818 1895 decimum
843 1840 968 1912 libri
991 1840 1173 1910 quarti
1214 1841 1596 1897 eretirarum
1629 1843 1956 1912 fabularum,
1982 1845 2125 1901 invi-

546 1938 710 1998 toque
738 1929 1086 1985 Theodoreto
1121 1939 1394 1996 assulum,
1429 1933 1632 1988 invicte
1666 1934 1959 1991 conﬁcitur
1982 1935 2052 2000 3’,
2078 1937 2125 1992 si

543 2021 901 2075 conferantur
932 2023 1078 2077 inter
1103 2037 1182 2087 se,
1217 2033 1334 2078 tum
1357 2039 1478 2093 quae
1515 2012 1901 2084 Theodoretus
1933 2028 1990 2082 in
2015 2043 2126 2084 uno

541 2115 846 2183 eodemque
871 2129 1038 2184 opere
1074 2115 1458 2171 ereticarum
1478 2117 1782 2186 fabularum
1805 2120 1990 2187 habet,
2011 2129 2127 2176 tum

540 2222 664 2274 quae
702 2206 771 2261 de
813 2205 1070 2262 Nestorio
1095 2209 1482 2278 episcopisque
1521 2211 1644 2280 ejus
1689 2211 2124 2278 damnatoribus,

542 2299 660 2366 ipse
692 2308 749 2353 et
778 2301 1080 2352 assumenti
1115 2309 1310 2354 auctor
1337 2300 1610 2355 scribunt.

615 2385 726 2441 VII.
760 2387 1219 2444 Theodoretusin
1240 2389 1560 2458 praefatione
1581 2391 1849 2447 librorum
1883 2396 2127 2465 quinque

542 2478 930 2533 Hareticarum
953 2478 1260 2549 fabularum
1295 2481 1616 2550 pollicetur,
1649 2498 1708 2538 se
1741 2485 2007 2540 adrersus
2033 2502 2128 2542 eos

541 2570 952 2640 disputaturum
989 2572 1046 2626 in
1080 2572 1225 2626 libro
1243 2573 1462 2642 quinto,
1481 2589 1715 2643 quorum
1752 2576 1805 2630 in
1828 2578 1950 2632 aliis
1972 2595 2129 2634 erro-

544 2677 636 2717 res
671 2662 1034 2732 exposuisset.
1091 2663 1274 2730 Quare
1315 2665 1572 2720 hortatur
1627 2666 1833 2722 ibidem
1881 2685 1998 2734 cos,
2030 2671 2126 2741 qui

543 2754 741 2810 lecturi
782 2763 931 2821 sunt,
968 2773 987 2806 ‹
1027 2763 1089 2809 ιιι
1138 2755 1524 2812 hzereticorum
1565 2757 1883 2828 dogmatum
1929 2776 2129 2816 unum-

541 2848 797 2917 quodque
836 2864 961 2903 cum
994 2848 1248 2905 veritatis
1298 2848 1549 2906 doctrina
1592 2862 1930 2922 comparent,
1970 2857 2128 2925 cujus

540 2938 620 2993 rei
658 2939 831 3009 gratia
869 2939 1099 3008 quintus
1152 2939 1296 2994 liber
1343 2941 1693 3011 conscriptus
1737 2941 1850 2996 sit:
1907 2943 2128 3001 visuros

538 3030 744 3102 quippe
766 3031 909 3086 hanc
933 3031 1110 3085 divini
1147 3031 1389 3101 Spiritus
1423 3034 1851 3104 oracula-sequi,
1881 3035 1973 3090 illa
1993 3052 2125 3091 vero

541 3097 721 3191 pravae
737 3121 1090 3192 cogitationis
1108 3097 1326 3176 inventa
1343 3137 1484 3178 esse.
1497 3141 1516 3174 ι
1535 3124 1699 3193 Atqui
1715 3097 1879 3190 lib.v,
1893 3141 2013 3196 cap.
2033 3129 2122 3192 11,
2153 3097 2194 3154 θ

537 3213 682 3283 quod
699 3223 784 3268 est
799 3216 935 3284 Περὶ
952 3213 1052 3283 τῆς
1069 3212 1161 3266 τοῦ
1190 3214 1442 3285 Σωτῆρος
1472 3216 1800 3286 οἰκονομίας,
1813 3218 1915 3272 etsi
1937 3234 2128 3274 recen-

538 3314 655 3360 seat
673 3305 1054 3360 hzereticorum
1081 3305 1324 3370 nomina,
1343 3321 1578 3375 quorum
1595 3314 1756 3361 antea
1771 3310 2035 3365 retulerat
2057 3311 2125 3366 de

541 3396 938 3453 incarnationis
957 3396 1219 3466 mysterio
1249 3410 1469 3451 errores
1501 3413 1515 3450 :
1549 3398 1786 3467 appellat
1809 3400 1956 3454 enim
1989 3400 2125 3456 Cer-

540 3488 761 3552 donem,
804 3487 1159 3552 Marcionem,
1206 3487 1512 3551 Manetem,
1547 3487 1871 3544 Cerinthum
1896 3531 1911 3555 ,
1957 3491 2124 3547 Ebio-

537 3594 720 3645 nzeos,
757 3579 1190 3646 Theodotianos,
1230 3579 1691 3645 Artemonianos,
1742 3581 2120 3649 Photinianos,
2160 3610 2176 3618 -

539 3671 753 3737 Arium,
810 3671 1166 3737 Eunomium,
1226 3680 1282 3726 et
1342 3671 1775 3744 Apollinariumj,
1830 3689 1901 3729 ne
1951 3677 2123 3732 verbo

539 3761 766 3833 quidem
822 3761 1136 3839 Nestorium
1186 3769 1282 3816 aut
1345 3771 1644 3827 memorat,
1697 3773 1792 3818 aut
1847 3764 2120 3834 indigitat.

542 3853 818 3910 Debuerat
845 3862 1052 3919 tamen,
1101 3852 1146 3907 si
1181 3853 1337 3925 prius
1361 3855 1510 3908 inter
1547 3854 1840 3910 haereticos
1867 3857 2118 3912 censuis-

537 3953 644 4002 εει.

613 4058 746 4114 Vill.
782 4058 1012 4125 Deinde,
1049 4058 1315 4114 credibile
1369 4074 1480 4114 non
1536 4068 1641 4124 est,
1685 4059 2116 4126 Theodoretum,

536 4151 634 4223 qui
665 4166 818 4206 suam
856 4149 1142 4223 magniﬁce
1169 4150 1540 4222 deprazdicare
1562 4150 1760 4205 solitus
1785 4159 1870 4205 est
1900 4151 1957 4204 in
1988 4167 2120 4221 pro-

537 4244 721 4315 posito
769 4243 1009 4299 tenendo
1062 4243 1451 4307 constantiam,
1516 4243 1721 4312 quique
1783 4241 2123 4298 conﬁdenter

537 4341 722 4404 negat,
769 4347 828 4388 se
865 4333 1101 4387 similem
1125 4331 1340 4403 polypis
1383 4331 1999 4401 chamelaeontibusque,
2053 4332 2122 4386 ad

2227 1859 2403 1928 ipsius
2427 1859 2681 1912 amentia:
2707 1857 2885 1912 factus
2915 1857 3237 1912 ludibrium.
3270 1877 3288 1908 ι
3327 1858 3462 1924 Quis
3486 1859 3604 1913 haec
3639 1861 3806 1914 unius

2227 1950 2470 2004 hominis
2496 1950 2666 2004 verba
2702 1964 2823 2004 esse
2857 1949 3064 2013 credat,
3098 1949 3237 2004 licet
3277 1949 3509 2004 diversis
3546 1951 3811 2020 tempori-

2227 2042 2379 2097 bus?
2405 2042 2542 2108 Quis
2567 2042 2719 2097 illius
2743 2041 2952 2106 credat,
2996 2041 3091 2112 qui
3121 2057 3192 2097 ne
3228 2041 3284 2095 in
3310 2043 3544 2097 concilio
3581 2043 3804 2112 quidem

2225 2134 2683 2199 Chalcedonensi,
2723 2135 3076 2204 quantumvis
3104 2142 3335 2204 utraque
3374 2143 3620 2204 potestas
3643 2151 3809 2206 urge-

2227 2235 2333 2294 ret,
2397 2227 2713 2283 Nestorium
2759 2235 2972 2296 sponte,
3029 2226 3126 2282 sed
3182 2227 3234 2280 vi
3292 2235 3507 2283 tantum
3563 2237 3804 2295 coactus,

2227 2320 2572 2374 damnaverit
2603 2320 2626 2372 ?

2298 2412 2482 2479 Quid?
2530 2411 2677 2482 quod
2731 2411 3080 2467 damnatores
3125 2411 3388 2476 Nestor-ii,
3432 2426 3574 2482 quos
3599 2413 3806 2482 episto-

2228 2504 2296 2558 lae
2325 2503 2373 2536 ⁸³
2403 2513 2596 2558 auctor
2623 2510 2843 2558 sanctos
2858 2511 3037 2568 vocat,
3065 2509 3120 2556 et
3146 2501 3335 2556 divino
3363 2501 3574 2571 Spiritu
3600 2501 3808 2556 amatos

2230 2598 2386 2662 dicit,
2425 2596 2811 2651 Theodoretus
2838 2593 2885 2626 ⁸⁷⁵
2921 2594 3160 2665 appellat
3198 2613 3216 2645 ε
3256 2593 3644 2649 interfectores
3672 2594 3808 2648 socii

2227 2689 2485 2760 pastoris,
2514 2698 2868 2758 corruptores
2897 2687 3070 2740 vineae
3114 2686 3218 2741 sibi
3256 2685 3498 2751 creditae,
3548 2685 3807 2755 inquinao

2230 2789 2377 2836 tores
2401 2781 2672 2850 portionis
2710 2780 3024 2843 Dominicae,
3052 2778 3389 2834 desolatores
3423 2778 3539 2848 agri
3579 2777 3805 2842 Christi,

2228 2872 2372 2927 ﬁlios
2403 2880 2701 2942 apostatas,
2744 2886 2979 2940 quorum
3027 2886 3223 2925 manus
3249 2870 3472 2940 pollutae
3520 2870 3804 2940 sanguine,

2226 2981 2291 3020 os
2337 2963 2661 3020 meditatum
2708 2963 3092 3033 iniquitatem,
3142 2963 3324 3033 lingua
3367 2963 3693 3032 injustitiam
3737 2963 3809 3016 lo-

2227 3065 2385 3121 cuta;
2425 3074 2443 3108 ι
2475 3064 2531 3110 et
2558 3056 2665 3110 alio
2699 3055 2754 3109 in
2784 3056 2934 3121 locoj,
2974 3075 2992 3105 ι
3024 3055 3222 3108 surdos
3268 3063 3324 3107 et
3370 3068 3540 3108 caecos
3589 3063 3811 3124 Sponta-

2227 3162 2387 3211 neos,
2419 3153 2602 3200 mente
2642 3154 2848 3216 captos,
2883 3144 3304 3214 Apollinariana:
3341 3143 3642 3214 impietatis
3673 3159 3811 3212 pra:-

2233 3253 2421 3303 cones,
2441 3237 2663 3291 invidia:
2701 3236 2993 3306 mancipia,
3023 3235 3119 3304 qui
3151 3233 3372 3288 veritati
3408 3234 3663 3303 proprias
3687 3250 3806 3304 pas-

2229 3331 2416 3384 siones
2470 3327 2786 3399 praeferant,
2835 3326 3039 3396 quique
3083 3333 3308 3395 propter
3349 3324 3621 3379 humanas
3646 3325 3808 3379 alter-

2226 3402 2472 3475 cationes
2503 3420 2614 3474 Deo
2648 3417 2902 3488 proelium
2943 3415 3144 3471 inferre
3179 3417 3295 3471 ausi
3331 3417 3459 3480 sint,
3496 3426 3605 3471 etc.
3649 3437 3667 3468 ι
3709 3417 3809 3472 lte-

2226 3529 2352 3567 rum
2389 3513 2535 3576 dico,
2565 3511 2689 3582 quis
2720 3510 2910 3566 credat
2938 3509 3056 3564 hazc
3103 3509 3172 3564 ab
3219 3524 3328 3563 uno
3369 3495 3676 3579 eodemque
3706 3510 3806 3564 lio--

2226 3607 2396 3669 minc,
2447 3613 2504 3659 et
2541 3603 2764 3674 quidem
2799 3612 3016 3658 amante
3062 3601 3259 3656 famam
3288 3601 3640 3666 constantia,
3662 3601 3807 3657 dicta

2224 3713 2368 3764 esse,
2419 3712 2524 3751 nec
2571 3695 2872 3750 indicatum
2905 3695 3017 3748 ullo
3047 3695 3251 3758 verbo,
3297 3708 3419 3762 qua:
3467 3701 3617 3747 tanta
3645 3709 3807 3748 causa

2225 3788 2393 3842 fuerit
2425 3794 2647 3841 mutatae
2673 3794 2824 3840 tanta
2851 3786 2906 3839 in
2934 3800 2994 3838 re
3021 3783 3351 3838 sentcntiae?

2294 3879 2362 3934 Χ.
2401 3881 2604 3935 Verum
2669 3879 2851 3932 adhuc
2900 3878 3142 3948 pressius
3192 3884 3469 3931 auctorem
3504 3876 3808 3933 assumeuti

2225 3981 2282 4026 et
2328 3971 2740 4027 Theodoretum
2777 3971 2956 4040 ipsum
3002 3983 3414 4040 componamus.
3476 3967 3568 4022 Ait
3591 3975 3804 4031 auctor,

2225 4075 2283 4114 se
2317 4058 2554 4123 nescire,
2591 4058 2897 4130 cujusmodi
2933 4057 3132 4112 studiis
3177 4057 3249 4111 sit
3281 4056 3585 4111 innutritus
3607 4057 3806 4112 Nesto-

2225 4151 2364 4206 rius.
2417 4149 2639 4206 Sciebat
2682 4149 2853 4220 probe
2896 4148 3300 4218 Theodoretus,
3357 4147 3633 4201 Theodori
3691 4148 3805 4202 Mo-

2223 4239 2505 4312 psuesteni
2557 4239 2756 4294 studiis
2795 4238 3126 4292 innutritum
3161 4255 3172 4290 :
3202 4236 3308 4292 fuit
3333 4236 3481 4290 enim
3529 4235 3805 4291 condisci-

2224 4332 2388 4401 pulus
2427 4329 2654 4385 Joannis
2710 4328 3036 4384 Antiocheni
3064 4368 3078 4393 ,
3124 4327 3366 4383 Joannes
3415 4326 3656 4381 Nestorii
3704 4326 3805 4380 sub

537 4429 554 4447 '
586 4424 834 4496 singula,
879 4425 1081 4494 quibus
1134 4423 1519 4478 adhaerescunt
1562 4439 1824 4493 corpora,
1884 4424 2117 4501 formam
2151 4435 2193 4492 ι)
2224 4421 2518 4477 Theodoro
2545 4421 2826 4492 magistro.

535 4517 1014 4572 commutautibus
1039 4531 1053 4580 ;
1087 4515 1183 4584 qui
1210 4514 1529 4569 Nestorium
1560 4515 1843 4569 immensis
1864 4515 2123 4571 laudibus

534 4608 832 4672 extulerat,
863 4613 929 4661 .et
970 4606 1040 4660 iis
1089 4604 1312 4674 quidem
1355 4604 1614 4675 publicis,
1655 4620 1719 4659 ac
1753 4613 1869 4659 toto
1902 4605 2125 4662 Oriente

539 4696 599 4750 in
661 4702 860 4748 testem
917 4686 1226 4764 appellato,
1291 4693 1345 4746 in
1396 4692 1650 4746 eumdem
1698 4701 1888 4763 postea
1933 4695 2127 4751 eﬁ'reni

533 4785 758 4842 licentia
785 4785 1182 4840 debacchatum
1208 4799 1351 4850 esse,
1379 4783 1528 4838 nulla
1558 4785 1715 4856 prius
1743 4786 2116 4844 admonitione

535 4879 841 4951 praemissa,
876 4894 984 4948 qua
1018 4892 1210 4932 causas
1243 4883 1595 4933 commutatae
1631 4880 1918 4935 sententia:
1945 4881 2115 4936 lecto-

533 4973 710 5037 ribus,
737 4969 1164 5026 inconstantiam
1188 4969 1518 5040 objecturis,
1554 4970 1831 5026 redderet.

600 5064 693 5120 IX.
717 5063 1033 5118 Nestorium
1070 5070 1218 5117 certe
1261 5076 1372 5116 non
1407 5063 1576 5118 semel
1620 5073 1780 5120 antea
1822 5074 2117 5120 vocaverat

539 5175 558 5208 ι
595 5152 1004 5226 pientissimum
1043 5162 1102 5209 et
1127 5153 1499 5211 venerabilem
1550 5155 1888 5226 episc0pum,
1929 5158 2112 5210 virum

531 5243 978 5311 sanctissimum,
1033 5260 1419 5316 summumque
1467 5247 1563 5302 Dei
1605 5247 1966 5314 sacerdotem,
2021 5248 2116 5318 qui

532 5336 672 5393 nihil
725 5345 924 5408 praeter
983 5337 1288 5394 doctrinam
1341 5339 1507 5412 408
1559 5356 1746 5396 sanam
1808 5340 2027 5396 noverit
2061 5349 2118 5394 et

2291 4512 2384 4567 Ait
2434 4521 2648 4578 auctor,
2701 4512 3015 4567 Nestorium
3049 4512 3209 4566 aliam
3263 4526 3328 4567 ex
3371 4510 3477 4566 alia
3524 4510 3802 4581 regionem

2225 4614 2613 4669 commutasse,
2668 4603 3000 4673 tandemque
3049 4603 3105 4657 in
3152 4618 3404 4674 magnam
3455 4601 3802 4658 Antiochiam

2227 4697 2519 4767 irrupisse.
2574 4696 2954 4752 Theodoretus
3002 4704 3234 4751 noverat
3269 4696 3472 4751 vixisse
3515 4694 3572 4749 in
3625 4695 3804 4750 Lanra

2227 4790 2402 4845 sancti
2447 4789 2712 4860 Euprepii
2758 4805 2929 4860 prOpe
2985 4789 3354 4854 Antiochiam,
3393 4789 3504 4843 imo
3531 4797 3588 4844 et
3610 4791 3805 4844 Antio-

2224 4879 2364 4935 chim
2395 4881 2752 4950 baptizatum,
2777 4896 2903 4936 cum
2938 4881 3118 4936 adhuc
3149 4889 3295 4935 esset
3329 4895 3487 4951 puer.

2295 4971 2387 5025 Ait
2439 4980 2666 5036 auctor,
2713 4973 3020 5028 ostendisse
3066 4971 3383 5028 Nestorium
3434 4972 3490 5027 in
3533 4972 3799 5031 exordio.

2225 5062 2404 5130 qualis
2441 5067 2554 5116 tota
2588 5062 2702 5116 vita
2721 5072 2866 5118 esset
2913 5063 3151 5118 futurus.
3205 5061 3364 5120 Hunc
3422 5061 3805 5117 Theodoretus

2225 5155 2428 5225 ubique
2451 5154 2655 5224 passim
2681 5155 3110 5219 sanctissimum,
3141 5165 3197 5211 et
3235 5155 3406 5226 ipsam
3442 5169 3584 5225 pene
3634 5155 3804 5225 picta-

2222 5256 2332 5301 tem
2359 5253 2538 5301 vocat.

2290 5337 2432 5404 Quid
2465 5339 2644 5408 plura,
2671 5339 2984 5394 Nestorium
3005 5349 3200 5396 auctor
3221 5340 3547 5396 nominatim
3583 5348 3641 5394 et
3671 5353 3803 5392 con-

1873 5493 2190 5550 SCHULZII
2222 5492 2452 5547 NOTAE.

597 5611 642 5644 "
671 5607 806 5664 Vide
828 5609 1041 5682 __verba
1071 5610 1195 5682 ista,
1234 5611 1397 5682 LJV,
1433 5628 1485 5682 p.
1540 5611 1698 5682 1012.
1804 5609 2045 5682 “ibid”

2083 5625 2137 5680 p.
2193 5608 2347 5680 1045.

2420 5608 2463 5640 ³⁸
2495 5607 2635 5663 Ibid.
2729 5610 2776 5640 ⁸¹
2802 5609 2878 5664 De
2928 5609 3027 5663 hac
3060 5607 3308 5664 Gamerii
3353 5603 3643 5677 hypothcsi
3683 5599 3804 5677 vide

529 5695 716 5752 supra,
759 5689 799 5735 t.
827 5679 916 5744 IV,
947 5697 1002 5752 p.
1033 5681 1155 5739 568.
1184 5673 1245 5715 ’⁸³
1266 5673 1540 5752 Epistolis.
1572 5681 1820 5735 Oudinus
1854 5681 1889 5733 l.
1927 5696 2000 5744 c.,

2233 5680 2276 5745 5,
2312 5679 2461 5733 addit
2489 5688 2537 5732 et
2567 5680 2754 5750 capitis
2788 5679 2871 5734 12.
2918 5679 2962 5712 ⁸³
2995 5679 3359 5734 Theodoretus.
3393 5673 3657 5731 Oudinus
3687 5673 3725 5728 l.
3751 5685 3804 5726 c.

533 5751 684 5813 addit
722 5767 892 5806 verus.
