3952 6294
153 303 243 366 357

1287 290 1384 351 DE
1425 291 1679 351 LIBRIS
1715 288 2167 350 TllEODORET
2174 289 2199 348 Ι

3263 297 3370 361 358

157 411 382 482 temptim
432 407 705 479 appellat;
750 402 915 478 509
957 419 1226 474 nusquam
1275 405 1409 469 fere,
1443 413 1537 458 aut
1564 419 1699 457 non—
1727 406 1771 463 Δ
1863 402 1975 456 XV.
2009 402 2237 464 Deinde,
2269 402 2483 457 tametsi
2529 400 2841 465 Historiam,
2879 418 2986 473 qua
3026 404 3094 459 de
3131 407 3362 475 agimus,

157 505 245 558 nisi
263 500 552 556 honorifice
570 498 962 553 Theodoretus.
985 498 1052 552 Et
1081 512 1210 550 vero
1227 497 1270 527 ⁸⁵
1299 496 1474 564 capite
1499 495 1694 549 lllibri

157 593 314 664 quinti
343 607 465 645 cum
499 597 847 644 enumeraret
891 589 1126 643 haereses
1162 587 1425 642 adversus
1452 589 1700 640 incarna-

160 684 306 740 tionis
334 681 514 744 ﬁdem,
545 680 990 749 singularumque
1035 688 1286 733 auctores
1313 687 1370 732 et
1403 679 1698 733 acerrimos

160 777 450 832 defensores
485 780 817 833 recenseret,
847 770 1052 824 nullam
1107 769 1237 823 fecit
1285 768 1518 823 Nestorii
1549 783 1702 821 men-

162 869 380 930 tionem;
435 864 701 917 debuerat
743 870 926 916 tamen
965 859 1225 925 maxime,
1271 875 1396 914 cum
1447 867 1701 929 ageretur

165 956 221 1010 de
244 955 305 1007 iis
334 953 425 1022 qui
449 951 726 1007 Christum
754 965 954 1019 purum
980 949 1259 1006 hominem
1294 949 1570 1004 dixerunt.

221 1042 302 1095 XI.
331 1041 489 1110 Atqui
518 1040 718 1094 dixerit
750 1039 1022 1108 quispiam
1051 1057 1064 1092 :
1102 1038 1333 1094 Pbotius
1365 1047 1422 1093 et
1453 1037 1702 1093 Theodo-

161 1148 240 1185 rus
266 1130 464 1193 Abbas,
493 1139 748 1183 auctores
778 1129 966 1198 procul
1001 1128 1171 1182 dubio
1206 1143 1400 1197 graves
1450 1135 1507 1180 ct
1557 1127 1700 1181 anti-

161 1222 260 1290 qui.
309 1229 467 1289 caput
521 1219 907 1273 duodecimum
943 1219 1067 1273 libri
1104 1219 1282 1287 quarti
1319 1218 1703 1272 [hereticorum

161 1309 623 1380 fabularum,quod
651 1309 718 1362 ab
742 1309 971 1379 epistola
998 1319 1109 1364 non
1131 1308 1338 1371 differt,
1357 1307 1703 1362 Theodoreto

160 1403 424 1465 tribuunt;
469 1402 605 1470 quin
651 1401 816 1454 etiam
868 1399 1133 1455 Leontius
1199 1407 1256 1454 et
1324 1399 1704 1454 Theodoretus

162 1491 274 1546 inde
300 1490 488 1562 iubent
535 1490 779 1561 agnosci,
821 1498 1086 1558 quantum
1110 1503 1311 1544 exosus
1343 1499 1492 1546 esset
1520 1488 1702 1544 Theo-

163 1584 334 1639 doreto
352 1583 636 1640 Nestorius
665 1598 678 1635 :
703 1581 843 1636 adde
875 1581 1023 1650 quod
1051 1581 1376 1652 iubentibus
1403 1588 1704 1652 paruerunt

163 1677 503 1744 posteriorum
529 1685 836 1743 temporum
871 1671 977 1725 viri
1003 1687 1134 1727 sane
1161 1671 1538 1738 eruditissimi,
1561 1687 1700 1742 quo-

165 1784 270 1822 rum
299 1768 608 1837 opinionem
634 1765 942 1820 convellere
965 1779 1075 1818 non
1107 1764 1244 1820 levis
1261 1771 1346 1818 est
1363 1779 1565 1834 operte.

224 1857 326 1913 ΧΠ.
362 1859 434 1913 Ea
457 1873 547 1913 me
580 1856 739 1919 ratio,
765 1856 960 1921 fateor,
987 1856 1082 1910 diu
1109 1857 1284 1914 tenuit
1313 1872 1414 1910 suo
1434 1863 1709 1910 momento

162 1965 464 2019 suspensum
508 1965 574 2004 ac
614 1947 866 2014 dubium,
906 1963 1009 2003 nec
1048 1948 1351 2002 etiamnum
1387 1947 1519 2002 sinit
1555 1962 1706 2010 esse,

164 2048 232 2095 tot
261 2042 378 2096 licet
406 2042 683 2111 tantisque
704 2041 759 2096 in
785 2041 1121 2096 contrarium
1149 2040 1484 2110 argumentis
1510 2055 1710 2109 urgen-

164 2131 310 2194 tibus,
349 2130 742 2184 certissimum.
781 2130 986 2184 Verum
1032 2146 1062 2184 a
1102 2130 1377 2184 sententia
1420 2129 1707 2194 dimoveri,

165 2238 251 2277 nec
273 2222 516 2287 istorum,
546 2238 648 2276 nec
684 2221 900 2275 illorum
927 2223 1250 2276 auctoritate
1278 2237 1500 2290 possum
1522 2220 1711 2285 ;video

164 2313 342 2382 quippe
366 2328 469 2381 qua
498 2320 655 2381 parte
685 2311 934 2365 elevetur
963 2311 1007 2341 ⁸⁸
1035 2329 1047 2363 :
1081 2326 1206 2364 nam
1240 2309 1345 2363 viri
1374 2324 1714 2377 consequen-

162 2407 223 2460 tis
243 2406 334 2460 zevi
362 2404 630 2468 Leontio,
660 2403 855 2458 Photio
895 2389 951 2457 et
996 2402 1284 2456 Theodoro
1311 2400 1664 2455 crediderunt
1696 2415 1708 2450 :

165 2497 400 2552 Leontius
452 2505 640 2552 autem
679 2511 805 2550 cum
865 2495 1082 2548 duobus
1128 2494 1240 2548 fere
1293 2501 1418 2562 post
1465 2490 1708 2552 saeculis,

166 2587 367 2641 Photius
397 2577 598 2648 tribus,
623 2583 945 2639 Theodorus
977 2582 1158 2636 adhuc
1189 2582 1365 2635 serius
1391 2580 1709 2649 scripserit;

163 2687 436 2748 potuerunt
459 2693 576 2732 non
605 2676 897 2731 admodum
929 2674 1132 2728 difﬁcili
1180 2674 1397 2743 negotio
1431 2671 1564 2734 falli,
1611 2671 1713 2723 hac

164 2768 436 2838 appendicc
453 2766 780 2837 jamdudum
796 2764 866 2817 ab
889 2764 1076 2832 aliquo
1102 2761 1433 2816 Theodoreti
1465 2758 1713 2813 studioso

164 2860 221 2914 ad
272 2860 464 2914 librum
505 2867 769 2928 quartum
829 2855 1213 2910 Ila-micarum
1258 2850 1560 2922 fabularum
1615 2850 1712 2904 ad-

165 2951 282 3006 dita.

1801 495 2185 550 Theodoretus
2227 495 2484 565 Cyrensis
2523 509 2632 549 non
2667 495 2968 564 scripserit,
3017 504 3196 565 potest
3229 496 3369 552 alter

1800 586 2017 655 aliquis,
2077 601 2182 639 nec
2226 586 2481 655 ignobilis
2530 602 2629 639 nec
2669 587 2895 640 alterius
2950 588 3210 648 nominis,
3259 589 3368 642 diei

1800 685 2011 731 auctor.
2036 675 2177 730 Olim
2195 685 2344 730 certe
2359 677 2726 731 Damascenus
2747 686 2804 732 et
2824 667 3146 733 Theodorus
3173 679 3371 734 Lector

1801 767 2025 821 Patrum
2052 775 2232 831 aetate,
2271 767 2539 821 Baronius
2562 783 2694 822 vero
2712 769 2778 823 ad
2801 785 3002 824 annum
3029 769 3154 834 494,
3189 788 3242 825 n.
3280 771 3368 835 60,

1799 859 2116 929 producunt
2166 859 2566 912 Theodoretum
2609 859 2862 925 alterum,
2900 861 2992 930 qui
3042 861 3375 917 Ecclesiasti-

1802 967 1919 1004 cam
1944 951 2218 1006 historiam
2241 952 2632 1020 composuerit,
2659 953 2863 1021 quique
2894 954 3050 1023 longe
3082 969 3111 1008 a
3146 953 3374 1026 Cyrensi

1802 1039 1989 1103 distet,
2019 1056 2144 1094 cum
2181 1056 2271 1096 res
2297 1041 2584 1098 Anastasio
2628 1041 2929 1111 imperante
2960 1053 3138 1113 gestas
3165 1052 3372 1099 narret.

1807 1129 1966 1184 nunc
1988 1139 2205 1186 veteres
2247 1131 2322 1188 illi
2359 1131 2468 1185 duo
2495 1130 2900 1186 Theodoretum
2927 1133 3248 1202 simpliciter
3275 1151 3374 1204 ap-

1803 1222 2030 1291 pellant.
2059 1221 2335 1292 iuniorem
2359 1222 2625 1276 Baronius
2643 1223 3155 1293 nominat,eumque
3187 1237 3375 1294 aperte

1803 1309 2000 1378 probat
2030 1325 2140 1364 non
2166 1324 2196 1364 a
2222 1308 2448 1380 Cyrensi
2499 1317 2708 1362 tantum
2756 1309 3105 1365 Theodoreto
3129 1310 3374 1373 differre.

1805 1401 1902 1456 sed
1931 1401 2098 1455 etiam
2149 1417 2180 1455 a
2227 1400 2517 1454 Theodoro
2551 1399 2800 1464 Lectore,
2837 1400 2893 1454 in
2919 1415 3029 1470 quo
3057 1401 3376 1457 Damascenl

1805 1489 2149 1546 Scholiasten
2189 1491 2388 1546 merito
2415 1490 2662 1561 castigat,
2723 1499 2787 1545 ut
2829 1506 2992 1560 quem
3025 1500 3273 1561 oporteat
3297 1493 3382 1547 in-

1803 1581 2021 1639 curiose
2052 1591 2328 1638 versatum
2364 1598 2485 1638 esse
2513 1585 2572 1638 in
2595 1583 2718 1638 loco
2742 1582 3378 1654 Damasceni,siquidem

1804 1673 2208 1729 emendandum
2240 1681 2394 1729 ratus
2440 1675 2543 1738 sit,
2592 1689 2904 1745 nomenque
2953 1675 3226 1730 Theodori
3275 1691 3384 1746 pro

1739 1750 1779 1804 Β
1807 1766 2030 1819 nomine
2077 1765 2407 1821 Theodoreti
2459 1765 2883 1837 subjiciendum.
2952 1767 3179 1834 Quanta:
3227 1768 3378 1822 enim

1810 1857 2037 1911 incuriae
2091 1863 2178 1910 est
2231 1855 2422 1912 isthaec
2479 1857 2812 1921 emendatio,
2881 1873 3006 1912 cum
3059 1858 3379 1912 Theodorus

1811 1948 2214 2003 Theodoretum
2257 1947 2404 2002 hunc
2454 1947 2677 2002 laudet?
2725 1949 2958 2003 Baronio
3011 1958 3378 2003 consentanea

1810 2040 2001 2093 scribit
2025 2040 2110 2092 vir
2146 2039 2402 2094 eruditus
2442 2039 2708 2098 Henricus
2752 2041 3000 2095 Valesius
3034 2040 3088 2094 in
3119 2041 3272 2094 Notis
3309 2041 3376 2094 ad

1812 2132 2086 2186 Theodori
2113 2131 2481 2186 Collectanea.

1881 2245 2019 2300 XVI.
2055 2245 2244 2300 Sentio
2274 2247 2440 2314 igitur
2471 2253 2641 2299 totum
2674 2245 2725 2300 id
2759 2246 2826 2312 '",
2860 2247 3004 2316 quod
3031 2247 3114 2300 vel
3151 2246 3382 2316 epistola

1810 2335 1894 2389 vel
1947 2335 2125 2404 capite
2184 2336 2511 2390 duodecimo
2567 2338 2900 2401 continetur,
2968 2353 2997 2391 a
3041 2337 3383 2391 Theodoreti)

1806 2426 2025 2496 iuniore
2055 2429 2420 2496 compositum
2453 2429 2640 2490 fuisse,
2675 2438 2730 2483 ct
2761 2430 3103 2499 suppositum
3135 2429 3381 2500 Cyrensi.

1814 2515 1972 2570 Ratio
2008 2514 2282 2569 sentiendi
2338 2526 2439 2578 est,
2495 2518 2638 2586 quod
2692 2527 3099 2582 assumentum,
3146 2535 3255 2588 quo
3317 2520 3384 2573 de

1814 2605 2050 2673 agimus,
2111 2613 2319 2673 partem
2386 2605 2555 2660 fuisse
2608 2605 2860 2658 llistorirc
2914 2605 3206 2660 ostendant
3253 2607 3384 2670 tria,

1813 2695 2132 2758 exordium,
2187 2696 2426 2749 medium
2487 2705 2540 2749 et
2595 2695 2736 2750 finis.
2796 2696 2886 2751 Sic
2941 2697 3084 2750 enim
3151 2699 3382 2769 incipit:

1821 2805 1840 2838 ‹
1877 2787 2174 2856 Postquam
2211 2788 2417 2841 mundo
2454 2789 2714 2858 paulatim
2745 2788 2982 2851 labente,
3028 2791 3187 2844 et'ad
3224 2792 3386 2862 hujus

1815 2878 2057 2932 universi
2102 2878 2520 2931 dissolutionem
2567 2879 2881 2942 festinante,
2910 2881 3285 2950 unusquisque
3327 2899 3386 2938 se

1817 2969 2074 3023 idoneum
2113 2969 2333 3037 pictatis
2357 2970 2676 3038 magistrum
2713 2971 3066 3035 existimavit,
3099 2988 3223 3026 cum
3255 2989 3385 3042 pro-

227 3042 349 3097 Xlll.
383 3042 490 3098 Sed
536 3055 648 3110 quo
689 3048 932 3134 tempore
976 3036 1128 3090 fraus
1152 3032 1520 3134 -facta?Cirga
1549 3032 1712 3134 quin-
1741 3078 1782 3134 ε
1815 3068 1938 3128 pter
1987 3032 2309 3128 ignorantia:
2359 3032 2557 3112 fastum
2615 3074 2778 3113 nemo
2807 3060 3015 3114 discere
3055 3032 3382 3124 sustineret,

165 3143 281 3196 tam,
317 3135 532 3202 opinor,
567 3130 868 3203 synodum,
903 3129 961 3182 in
1002 3143 1110 3197 qua
1134 3127 1426 3181 damnatus
1457 3122 1712 3177 Theodo-

167 3231 298 3277 retus
322 3239 442 3278 cum
463 3231 638 3284 esset,
661 3220 899 3274 voluerit
933 3218 1164 3273 fortasse
1193 3214 1463 3286 quispiam
1519 3226 1713 3283 purum

163 3315 523 3369 consensionis
541 3328 666 3367 cum
690 3311 946 3366 Nestorio
965 3315 1244 3379 praestare,
1263 3305 1583 3374 ceterisque
1606 3319 1712 3357 non

163 3405 542 3459 curiosissimis
589 3403 845 3466 suadere,
895 3399 1043 3454 haud
1083 3399 1244 3452 aliam
1278 3397 1448 3450 fuisse
1494 3396 1717 3448 damna-

165 3494 311 3550 tionis
336 3510 584 3557 causam,
616 3508 778 3560 quam
805 3491 952 3560 quod
985 3488 1272 3560 iniuriose,
1296 3496 1355 3542 ut
1385 3485 1447 3540 fit
1473 3485 1716 3540 fervente

163 3586 536 3658 disputatione,
563 3585 935 3654 cum‘Cyrillo
965 3579 1525 3637 contendisset.Tunc
1554 3576 1717 3630 credo

164 3675 361 3742 factam,
389 3689 450 3732 ut
483 3692 613 3732 cum
661 3675 886 3744 hujusce
915 3670 1294 3726 consensionis
1341 3668 1719 3722 Theodoretus

163 3770 347 3824 litteris
376 3770 431 3824 in
470 3768 671 3839 quinta
703 3763 911 3835 synodo
941 3761 1128 3816 relatis
1172 3761 1331 3815 facile
1359 3759 1718 3814 convincere-

165 3868 265 3922 tur,
287 3860 383 3914 bas
412 3861 479 3912 ab
510 3856 790 3911 haereticis
823 3851 1084 3907 confictas
1104 3851 1263 3904 amici
1299 3849 1627 3903 Theodoreti
1663 3849 1720 3902 in

163 3948 343 4018 vulgus
399 3949 695 4018 iactarent.
761 3942 892 4007 Quae
947 3939 1090 3993 fama
1142 3939 1373 3992 Leontio
1424 3938 1718 4007 imposuit,

163 4039 546 4109 quinquaginta
603 4035 826 4090 circiter
858 4039 983 4104 post
1012 4047 1185 4086 annos
1225 4030 1428 4084 librum
1459 4030 1526 4085 de
1560 4030 1723 4084 sectis

161 4131 428 4186 scribenti.

222 4217 356 4276 XIV.
401 4217 512 4274 Sed
549 4214 780 4271 instabit
807 4212 1007 4284 aliquis
1052 4229 1066 4266 :
1113 4212 1170 4267 Si
1218 4209 1500 4281 popularis
1537 4207 1726 4277 opinio

159 4312 408 4367 convulsa
442 4318 589 4373 ruat,
628 4307 872 4377 illudque
920 4313 1294 4361 assumentum
1341 4301 1468 4356 libri
1494 4301 1606 4371 iam
1638 4298 1725 4352 di-

162 4403 229 4456 cti
255 4403 668 4473 supposititium
702 4401 794 4464 sit,
831 4398 1051 4454 nutabit
1081 4397 1218 4453 ﬁdes
1242 4394 1488 4450 historiae
1518 4391 1586 4446 de
1611 4405 1726 4444 mo-

160 4492 308 4548 ribus
349 4502 406 4548 et
454 4495 572 4548 vita
617 4491 858 4547 Nestorii
913 4487 1217 4544 Antiochiae
1253 4494 1407 4548 acta,
1443 4497 1563 4552 quae
1599 4480 1724 4535 inde

161 4590 364 4638 tantum
391 4587 536 4641 disci
565 4585 814 4640 creditur
850 4600 865 4636 :
896 4581 1172 4652 quomodo
1213 4578 1361 4634 enim
1391 4577 1597 4631 incerto
1625 4589 1726 4628 au-

159 4677 288 4732 ctori
317 4688 470 4732 certa
506 4678 644 4732 ﬁdes
676 4675 1043 4732 adhibeatur?
1089 4675 1287 4730 Verum
1333 4670 1436 4724 etsi
1473 4666 1727 4722 Theodo-

156 4775 306 4820 retus
371 4783 489 4822 non
544 4768 616 4821 sit
674 4766 974 4823 assumenti
1033 4772 1250 4828 auctor,
1311 4776 1422 4815 non
1467 4757 1728 4814 continuo

158 4855 339 4928 ignota
373 4868 541 4914 erunt
562 4875 682 4929 quas
715 4859 784 4913 de
812 4858 921 4913 vita
948 4855 1188 4911 Nestorii
1228 4855 1334 4908 hoc
1367 4852 1423 4907 in
1452 4851 1574 4905 loco
1615 4858 1726 4903 trao

158 4949 366 5003 duntur
392 4967 406 5002 :
443 4965 572 5004 nam
599 4949 800 5019 primo,
825 4962 947 5018 quae
975 4961 1105 5000 vera
1131 4953 1279 5006 sunt,
1300 4950 1360 4998 ut
1385 4940 1584 4996 eximia
1609 4940 1727 4994 elo-

157 5039 404 5108 quentia,
435 5037 830 5107 extemporalis
848 5035 1066 5092 dicendi
1094 5033 1342 5095 facultas,
1366 5039 1420 5085 et
1447 5029 1727 5084 abstinen-

157 5131 262 5193 tia,
321 5129 532 5200 quibus
586 5127 1056 5183 conciliatricibus
1106 5120 1452 5193 imperatoris
1501 5120 1731 5190 gratiam

158 5219 388 5290 adeptus
409 5228 518 5284 est,
564 5236 633 5274 ex
679 5219 746 5272 Μ.
781 5219 1078 5273 Mercatore
1106 5213 1350 5283 ejusdem
1389 5226 1513 5265 cum
1541 5209 1734 5263 Nesto-

160 5309 239 5362 rio
289 5311 496 5374 aetatis,
558 5309 721 5381 510
781 5316 944 5376 atque
983 5305 1147 5362 etiam
1193 5319 1260 5358 ex
1304 5303 1526 5356 Socrate
1574 5300 1733 5353 inno-

159 5407 398 5458 tescunt.

1816 3150 2089 3204 homicida
2124 3150 2356 3212 daemon,
2403 3148 2674 3203 mendacii
2714 3158 2887 3219 pater,
2924 3151 3256 3206 zizaniorum
3303 3170 3387 3208 sc-

1817 3241 2083 3303 minator,
2138 3257 2247 3294 non
2302 3240 2536 3310 amplius
2564 3256 2661 3310 per
2693 3251 2948 3295 externos
2983 3252 3036 3296 et
3069 3243 3387 3298 manifestos

1817 3329 2004 3381 hostes
2034 3328 2296 3384 adversus
2326 3329 2624 3383 Ecclesium
2661 3345 2810 3383 arma
2835 3331 3025 3395 movit,
3054 3331 3147 3385 sed
3179 3332 3387 3386 instru—

1816 3427 2063 3472 mentum
2094 3426 2308 3482 nactus,
2343 3419 2487 3488 quod
2517 3435 2754 3482 omnem,
2785 3428 2844 3472 ut
2879 3420 2951 3473 ita
2975 3420 3174 3485 dicam,
3201 3422 3389 3477 subito

1818 3509 1938 3578 ejus
1969 3517 2140 3562 artem
2176 3510 2499 3578 susciperet,
2538 3510 2640 3564 sub
2681 3520 2844 3565 rectm
2875 3512 3151 3580 opinionis
3183 3513 3387 3582 specie,

1822 3597 2127 3651 divinitatis
2151 3599 2312 3652 simul
2342 3607 2396 3651 et
2431 3599 2785 3654 humanitatis
2818 3601 3095 3671 Unigeniti
3147 3606 3393 3671 negatio-

1822 3705 1950 3743 nem
1982 3689 2213 3753 inducit,
2240 3690 2541 3758 simpliccm
2573 3699 2628 3744 et
2650 3691 2882 3745 artificio
2907 3702 3184 3748 carentem
3229 3693 3388 3748 fidem

1823 3789 2066 3834 nostram
2093 3779 2421 3834 Griecanicis
2447 3782 2784 3837 conturbans
2815 3783 3042 3854 argutiis
3079 3783 3147 3838 ⁸⁸.
3197 3803 3214 3836 ι
3252 3785 3390 3839 Tum

1821 3870 2058 3924 Nestorii
2097 3870 2318 3924 nomine
2351 3873 2654 3942 appellato,
2710 3873 3110 3944 descriptisque
3165 3877 3392 3932 minori-

1823 3962 1929 4014 bus
1950 4002 1963 4024 ,
2014 3968 2070 4014 et
2116 3961 2353 4014 narratis
2387 3961 2618 4024 artibus,
2651 3961 2875 4030 quibus,
2904 3970 2963 4014 ut
2992 3963 3259 4032 loquitur,
3286 3964 3394 4020 Ec-

1825 4052 2006 4106 clesia:
2043 4050 2661 4120 Constantinopolitanze
2716 4053 2993 4119 totiusque
3026 4051 3255 4120 proinde
3301 4068 3396 4107 or-

1823 4141 1912 4194 bis
1950 4141 2318 4210 principatum
2347 4140 2576 4208 adeptus
2599 4141 2670 4193 sit
2706 4159 2716 4192 :
2745 4160 2762 4192 ι
2797 4141 2927 4195 Inde
2951 4142 3085 4194 mihi
3112 4141 3395 4213 deinceps,

1825 4229 1934 4291 ait,
2018 4229 2294 4282 enarratio
2366 4227 2794 4297 tragmdiarum,
2881 4244 3003 4298 quaa
3079 4237 3279 4284 terram
3339 4239 3399 4287 et

1827 4331 1978 4370 mare
2011 4315 2404 4385 propemodum
2436 4315 2800 4385 impleverim.
2838 4335 2856 4366 ι
2903 4315 3112 4372 Deinde
3150 4321 3397 4388 exponit,
3480 4332 3490 4339 '

1759 4425 1799 4478 ι)
1827 4407 2104 4477 quomodo
2126 4417 2182 4460 et
2209 4407 2515 4477 cuiusmodi
2555 4407 2790 4461 haeresin
2825 4407 3109 4464 Nestorius
3149 4411 3401 4480 propala-

1830 4495 2008 4560 verit;
2050 4505 2165 4549 tum
2205 4494 2440 4548 subdit:
2486 4514 2504 4546 ι
2543 4493 2670 4549 Iltec
2721 4511 2751 4550 a
2795 4512 2880 4550 me
2923 4511 3092 4565 pauca
3121 4497 3188 4551 de
3213 4498 3403 4552 multis

1833 4587 1976 4641 dicta
1999 4593 2145 4648 sunt,
2169 4584 2298 4639 dum
2323 4585 2390 4639 ad
2422 4585 2705 4655 sequentia
2734 4585 2957 4641 festinat
2995 4589 3191 4643 oratio.
3233 4607 3250 4638 ι
3280 4588 3402 4645 Mox

1835 4681 2091 4730 enarrata
2137 4673 2380 4727 breviter
2414 4674 2652 4729 Nestorii
2701 4675 2769 4728 ab
2811 4675 3104 4745 Ephesinis
3145 4679 3402 4735 Patribus

1835 4766 2201 4837 depositione,
2244 4765 2792 4836 deportationcjussu
2828 4767 3174 4837 imperatoris
3216 4770 3271 4823 in
3299 4769 3406 4824 0a-

1836 4859 1963 4921 sim,
2019 4866 2076 4912 et
2141 4856 2414 4910 horrenda
2462 4866 2662 4920 morte,
2709 4857 2886 4927 pergit
2927 4859 2982 4911 in
3035 4859 3151 4913 haec
3191 4858 3400 4912 verba:

1843 4970 1862 5002 ‹
1889 4951 2040 5016 Quae,
2082 4948 2211 5018 quia
2253 4956 2382 5002 sunt
2425 4947 2493 5001 ab
2522 4947 2642 5001 aliis
2673 4955 2948 5014 enarrata,
2989 4949 3406 5017 praetermittere

1832 5046 2261 5093 consentaneum
2289 5045 2390 5090 est.
2428 5035 2509 5088 Ad
2536 5035 2613 5100 id,
2637 5035 2785 5104 quod
2817 5035 3060 5091 historia:
3086 5046 3192 5102 est,
3217 5035 3408 5091 venia-

1831 5146 1974 5185 mus.
2017 5149 2035 5180 ι
2064 5129 2140 5182 Ex
2172 5128 2259 5181 bis
2284 5127 2489 5190 verbis,
2525 5141 2664 5196 ante,
2686 5127 2812 5197 quia
2842 5135 2964 5180 sunt
2999 5127 3064 5180 ab
3096 5126 3254 5198 411
3285 5125 3407 5182 aliis

1833 5229 2109 5283 enarrata,
2139 5218 2424 5273 manifesta
2459 5218 2840 5288 suppeditatur
2862 5217 3257 5272 demonstratio
3279 5233 3409 5290 sup-

1835 5305 2156 5377 positionis;
2207 5319 2333 5357 nam
2377 5303 2445 5358 de
2490 5312 2667 5358 morte
2709 5303 2946 5357 Nestorii
2985 5305 3210 5373 ejusque
3243 5304 3407 5357 modo

1838 5396 2002 5450 silent
2028 5393 2282 5449 Socrates
2305 5401 2359 5448 et
2395 5393 2766 5449 Sozomenus:
2801 5409 2910 5446 non
2945 5408 3075 5447 vero
3109 5402 3410 5463 potuerunt

1496 5531 1812 5587 SCIlULle
1849 5530 2084 5587 ΝΟΤΛΕ.

221 5657 266 5690 ⁸⁵
292 5656 413 5711 Hoc
460 5661 785 5725 argumento
813 5655 924 5722 jam
966 5667 1100 5725 usus
1128 5659 1244 5708 erat
1279 5652 1305 5722 §

160 5734 439 5783 auctorum
475 5724 680 5791 actias,
723 5734 760 5778 t.
796 5725 882 5790 IV,
919 5741 974 5792 p.
1010 5724 1110 5778 105
1144 5738 1257 5792 seq.

1347 5652 1518 5723 7.7M“?
1549 5651 1806 5706 Elabendi
1849 5651 1992 5723 viam
2032 5652 2143 5723 jam
2172 5649 2554 5723 qumsiveratﬁ

1333 5723 1378 5753 ⁸⁸
1409 5721 1530 5774 Vid.
1562 5737 1746 5790 supra,
1781 5731 1821 5775 t.
1856 5722 1944 5787 lV,
1984 5720 2046 5790 p.
2080 5720 2205 5778 368’
2228 5736 2344 5790 seq.
2381 5729 2436 5776 et
2476 5720 2603 5774 1041
2655 5734 2770 5789 seq.

2587 5649 2639 5703 4.
2678 5650 2720 5682 ⁸⁷
2754 5649 2874 5703 Vid.
2912 5645 3131 5718 Dupinii
3161 5645 3410 5704 Biblioth.
