3956 6298
489 292 598 358 359

1625 287 2001 354 GAIl-NERII
2040 286 2529 354 DISSERTATIO
2571 287 2627 352 ῙΙ

3637 291 3752 356 360

491 401 664 472 loqui,
689 415 815 455 cum
849 399 940 455 ille
963 399 1029 454 ad
1055 413 1257 454 annum
1281 397 1404 464 ΜΟ,
1442 398 1544 454 iste
1581 399 1648 454 ad
1682 401 1786 454 454
1811 398 2066 453 Historia:
2093 401 2140 458 Α
2167 395 2429 463 donensis
2450 397 2856 468 cognitoribus,
2914 412 3024 452 non
3052 397 3184 452 fecit
3205 396 3542 452 mentionem
3566 397 3750 454 victo-

493 492 659 549 flnem
699 492 1052 562 imposuerit;
1099 489 1388 545 Nestorius
1431 506 1561 545 vero
1619 506 1764 545 anno
1806 491 1908 545 447
1939 507 2064 559 per-

493 585 640 639 ierit.

566 671 727 726 XVII.
766 667 1040 723 Credibile
1067 667 1232 738 igitur
1251 675 1336 723 est
1373 685 1386 722 :
1424 667 1478 720 I°
1507 669 1896 722 Assumentum
1923 666 2067 724 istud

495 761 640 815 aliud
667 760 803 814 nihil
839 774 982 824 esse,
1031 774 1196 828 quam
1240 758 1526 813 exordium
1557 757 1810 813 Historiae
1833 775 1863 813 a
1886 759 2068 814 Theo-

494 852 705 913 doreto,
737 865 901 919 quem
925 849 1201 920 iuniorem
1225 849 1486 914 diximus,
1513 851 1849 919 compositas.
1905 851 1964 904 2°
1987 851 2070 905 Ab

496 941 600 994 hoc
615 941 839 1010 juniore
860 942 1234 995 continuatam
1247 956 1368 996 esse
1389 941 1694 1006 historiam,
1712 957 1873 1011 quam
1886 942 2072 996 senior

493 1032 562 1086 ab
598 1033 816 1086 Arianis
849 1032 1026 1086 turbis
1071 1033 1138 1086 ad
1165 1042 1408 1102 tempora
1433 1031 1660 1087 Sisinnii
1690 1032 1858 1102 (hunc
1875 1032 2070 1086 Nesto-

494 1123 609 1178 rius
633 1123 901 1193 excepit),
952 1139 1050 1193 per
1083 1139 1256 1179 annos
1285 1133 1504 1178 centum
1527 1132 1583 1178 et
1603 1124 1866 1193 quinque,
1897 1123 2072 1178 dedu-

494 1215 655 1269 xerit.
713 1217 766 1269 5.
809 1216 1094 1270 Juniorem
1137 1215 1425 1271 exordium
1466 1215 1687 1271 duxisse
1713 1258 1728 1280 ,
1766 1215 1861 1270 ubi
1888 1217 2074 1270 senior

497 1307 660 1360 linem
693 1306 976 1376 imposuit,
1010 1308 1078 1361 ab
1105 1307 1455 1362 ordinatione
1476 1323 1672 1378 nempe
1694 1307 1952 1372 Nestorii,
1980 1316 2077 1363 aut

496 1411 528 1449 a
570 1398 732 1451 motis
769 1397 953 1466 potius
981 1399 1050 1452 ab
1086 1399 1206 1468 ipso
1229 1398 1426 1464 turbis,
1466 1399 1701 1470 indeque
1725 1409 2075 1469 prosecutum

497 1503 618 1557 quae
667 1489 1038 1558 contigerunt,
1089 1504 1264 1558 usque
1290 1489 1359 1544 ad
1385 1490 1587 1546 Justini
1615 1491 1930 1559 imperium,
1978 1505 2077 1559 per

498 1593 673 1632 annos
698 1577 786 1643 90,
843 1578 1046 1633 additis
1082 1581 1328 1649 quinque
1363 1581 1522 1635 libris
1556 1581 1624 1635 ad
1654 1581 1828 1636 libros
1849 1581 2077 1636 totidem

498 1669 754 1725 senioris.
795 1670 850 1722 4ο
875 1669 952 1724 Ex
973 1677 1170 1739 quarto
1192 1670 1337 1725 libro
1360 1670 1662 1742 fragmenta
1684 1672 1772 1726 illa
1793 1673 2076 1730 Damasce-

497 1778 629 1816 num
657 1763 981 1833 sumpsisse,
1019 1779 1142 1833 quae
1165 1773 1327 1820 antea
1353 1766 1611 1821 diximus.

569 1853 753 1909 XVIII.
802 1855 882 1909 Ita
908 1855 1124 1921 forsan,
1181 1866 1406 1927 propter
1428 1857 1839 1929 prmjudicatam
1863 1858 2081 1928 opinio-

497 1958 644 2008 nem,
689 1944 878 2012 paucis
918 1960 1276 2015 persuasero;
1336 1947 1433 2000 sed
1477 1961 1586 2000 non
1616 1947 1815 2011 levem,
1862 1948 2079 2017 Opinor,

498 2032 901 2088 eruditioribus
923 2034 1151 2100 dedero,
1177 2035 1291 2090 sive
1311 2037 1649 2106 auspicandi,
1669 2037 1783 2092 sive
1804 2037 2085 2106 inquiren-

498 2122 552 2176 di
576 2139 793 2179 causam
813 2143 827 2191 ;
861 2142 1178 2197 quanquam
1199 2128 1344 2198 apud
1363 2145 1450 2182 me
1470 2129 1582 2183 vim
1599 2128 2085 2186 demonstrationis

498 2214 722 2280 habent,
750 2231 874 2285 quae
899 2217 1164 2272 hactenus
1193 2219 1355 2273 allata
1377 2227 1522 2273 sunt.

572 2307 716 2362 XIX.
747 2308 1018 2375 Quoniam
1038 2325 1172 2364 vero
1197 2307 1595 2380 suppositionis
1619 2311 1905 2381 epistolam
1926 2311 2083 2366 dam-

499 2395 788 2459 navimus,
848 2395 1052 2452 frustra
1102 2397 1379 2452 curiosius
1426 2399 1440 2416 ‘
1482 2397 1898 2466 inquisierimus
1943 2397 2085 2453 data?

501 2495 739 2556 tempus,
790 2485 995 2542 frustra
1026 2488 1220 2544 dandae
1245 2503 1460 2553 causas,
1503 2497 1559 2544 et
1582 2488 1805 2544 modum
1828 2490 2083 2560 scriptio-

501 2578 616 2643 nis;
674 2578 770 2633 sed
821 2579 948 2633 inde
994 2579 1182 2649 potius
1231 2579 1354 2634 falsi
1403 2596 1624 2635 rursum
1670 2590 1951 2637 auctorem
1993 2598 2082 2637 ar-

501 2670 779 2740 gumentis
803 2671 981 2725 tribus
1005 2671 1473 2726 convincemus”.

574 2760 692 2814 XX.
723 2760 997 2827 Quorsum
1019 2761 1165 2815 enim
1198 2762 1375 2830 primo
1403 2760 1784 2817 Theodoretus
1812 2761 1880 2816 ad
1904 2761 2084 2817 virum

503 2851 770 2907 illustrem
798 2851 953 2906 daret
973 2852 1282 2922 epistolam,
1307 2853 1375 2907 ad
1397 2869 1560 2922 quem
1583 2853 1836 2908 mittebat
1853 2853 2081 2920 librum,

503 2943 558 2997 in
587 2959 698 3012 quo
749 2942 895 2998 idem
931 2951 1316 3014 argumentum
1363 2943 1556 2998 iisdem
1582 2943 1769 2998 verbis
1793 2951 2081 3013 tractaret;

500 3049 605 3089 nec
653 3043 835 3089 tamen
890 3033 1018 3088 facti
1068 3040 1178 3088 tam
1221 3035 1527 3100 insolentis,
1563 3043 1782 3105 tamque
1816 3035 2081 3102 indecori,
2111 3069 2155 3127 ο

503 3125 773 3179 rationem
801 3124 964 3178 ullam
990 3123 1294 3193 proferret?

571 3216 716 3270 XXI.
754 3215 963 3269 Deinde
1019 3213 1219 3283 lingua:
1266 3211 1464 3267 Graeca:
1490 3212 1700 3281 peritos
1732 3211 1948 3280 appello
1987 3213 2080 3282 ju-

502 3305 671 3370 dices,
705 3315 974 3373 quantum
1001 3304 1174 3373 stylus
1201 3301 1445 3371 epistolae
1473 3317 1506 3354 a
1539 3300 1869 3355 Theodoreti
1899 3301 2083 3370 puris-

503 3396 640 3450 sima
679 3395 920 3449 dictione
963 3393 1219 3456 differat,
1275 3399 1336 3444 ut
1380 3392 1466 3445 vel
1493 3391 1599 3444 hoc
1624 3405 1735 3445 uno
1762 3399 2084 3461 argumento

504 3502 596 3542 res
617 3484 813 3540 confici
842 3485 1069 3539 omnino
1092 3490 1278 3552 queat.

577 3577 745 3632 XXII.
777 3575 978 3642 Quaero
1000 3582 1193 3644 postea
1222 3589 1250 3626 a
1276 3571 1661 3626 defensoribus
1683 3571 1946 3642 epistolae,
1974 3587 2083 3642 quo

506 3677 755 3736 tempore
788 3674 912 3734 post
938 3679 1141 3717 annum
1170 3662 1269 3716 M7
1301 3661 1562 3730 scriptam
1589 3670 1810 3732 putent;
1842 3674 1989 3728 ante,
2015 3680 2085 3718 an

503 3767 632 3828 post
657 3756 924 3827 synodum
955 3753 1494 3810 Chalcedonensem?

576 3850 633 3904 Si
656 3856 782 3902 ante
803 3865 816 3900 :
841 3863 939 3902 cur
958 3849 1235 3916 petierunt
1257 3847 1444 3900 Patres
1466 3853 1616 3899 tanto
1637 3844 1844 3900 ambitu
1862 3844 2088 3898 damna-

506 3940 554 3995 ri
583 3939 896 3994 Nestorium
928 3954 959 3991 a
984 3935 1356 4000 Theodoreto,
1385 3935 1479 4005 qui
1507 3936 1710 4005 scripto
1731 3935 1949 4005 publico
1976 3941 2084 3988 tam

504 4039 692 4100 aperte
723 4045 877 4084 suam
901 4036 1139 4082 mentem
1162 4026 1508 4096 aperuisset?
1537 4025 1648 4081 Cur
1671 4041 1799 4080 reus
1819 4040 1942 4079 cum
1961 4040 2088 4093 per-

505 4128 793 4188 ageretur,
831 4119 936 4173 hoc
968 4117 1188 4187 publico
1215 4116 1628 4186 fortissimoque
1655 4131 1767 4169 suae
1790 4129 1968 4169 causa:
1997 4114 2084 4168 in-

505 4217 816 4264 strumento
864 4223 977 4263 non
1023 4223 1158 4263 usus
1200 4208 1319 4263 est?
1376 4205 1487 4261 Cur
1519 4205 1910 4276 tergiversatus
1941 4205 1994 4258 in
2016 4219 2085 4259 eo

505 4300 864 4364 exsccrando,
916 4314 1081 4369 quem
1130 4299 1557 4353 instrumentum
1584 4297 1868 4360 daemonis,
1919 4313 2084 4366 quem

505 4391 758 4461 impium,
787 4406 954 4461 quem
987 4397 1286 4450 amentem,
1317 4404 1482 4457 quem
1513 4403 1612 4457 per
1638 4396 1856 4442 sanctos
1881 4387 2084 4456 Ephesi

503 4490 882 4554 congregatos,
939 4481 1132 4536 divino
1181 4479 1442 4549 suffragio
1483 4478 1552 4534 de
1580 4477 1901 4548 pontificatu
1933 4478 2083 4548 deje-

505 4583 652 4628 ctum
684 4573 948 4628 dixisset?

575 4664 631 4718 Si
663 4674 852 4734 postea
907 4682 920 4717 :
969 4679 1069 4718 cur
1094 4662 1246 4717 siluit
1277 4660 1345 4715 de
1366 4658 1800 4716 Chalcedonensi
1827 4662 2082 4726 concilio,

503 4770 631 4809 cum
665 4754 926 4824 Ephesini
960 4751 1244 4821 magnifice
1268 4749 1637 4814 meminisset,
1691 4758 1748 4804 et
1771 4750 1826 4804 in
1851 4760 2085 4820 utroque

503 4844 716 4908 Patres,
763 4843 988 4898 haeresis
1035 4840 1374 4894 Nestoriana:
1414 4838 1841 4910 impugnatores,
1891 4843 2082 4904 tacuit,

500 4950 624 4990 cum
665 4935 858 4988 solitus
892 4932 963 4986 sit
1011 4932 1242 4984 aliarum
1273 4931 1560 4985 haeresewn
1593 4931 1753 5003 412
1783 4931 2084 4988 domitores

502 5025 823 5082 nominatim
866 5023 1181 5078 celebrare?
1235 5023 1317 5078 An
1363 5023 1509 5079 ullus
1552 5026 1732 5094 potuit
1762 5027 2081 5082 celebrandi

501 5131 623 5171 esse
650 5117 805 5169 locus
848 5123 943 5167 aut
967 5115 1352 5183 opportunior,
1380 5123 1475 5168 aut
1500 5115 1796 5172 illustrior?
1819 5118 1931 5174 Cur
1947 5120 2083 5190 Spo-

501 5203 652 5259 racio
702 5201 951 5256 scribens
1003 5202 1097 5256 uni
1146 5218 1215 5257 ex
1255 5203 1563 5260 illustribus
1602 5207 1820 5263 concilii
1843 5207 2076 5264 Chalce-

2169 486 2263 542 riae
2287 487 2357 541 de
2381 488 2634 543 Nestorio
2657 496 2966 558 reportatae,
3000 503 3128 542 cum
3155 487 3335 542 virum
3368 498 3479 543 tam
3503 489 3751 546 nobilem

2169 584 2389 646 tamque
2416 577 2733 647 religiosum
2755 575 3041 630 laudaret?

2237 667 2380 733 Cur,
2431 669 2477 723 si
2504 679 2631 724 ante
2657 686 2688 723 ν
2713 668 2983 740 synodum
3009 666 3220 722 exstitit
3249 674 3344 720 aut
3368 665 3624 736 epistola,
3655 674 3755 721 aut

2169 768 2334 830 caput
2373 759 2760 816 duodecimum
2784 801 2799 824 ,
2863 774 3042 828 neque
3083 774 3114 814 a
3155 759 3538 814 defensoribus
3563 759 3751 815 Theo-

2170 850 2348 905 doreti
2369 851 2624 906 Facundo
2644 862 2701 907 et
2718 852 3002 915 Liberato,
3024 865 3204 920 neque
3229 865 3260 904 a
3284 850 3482 921 Vigilio
3508 866 3652 920 papa
3694 851 3752 904 in

2171 940 2483 1007 Constituto,
2501 957 2679 1012 neque
2691 957 2721 996 a
2735 941 2990 996 Patribus
3004 958 3036 994 v
3053 940 3266 1012 synodi,
3282 941 3396 994 veri
3413 941 3753 1006 amantibus,

2171 1033 2500 1090 alterutrum
2531 1043 2628 1088 aut
2654 1042 2949 1102 utrumque
2973 1033 3200 1087 allatum
3220 1040 3304 1086 est
3336 1031 3391 1085 in
3411 1031 3753 1086 Theodoreti

2172 1125 2438 1195 gratiam?
2487 1124 2598 1180 Cur
2643 1124 2938 1194 Gregorius
2959 1124 3202 1194 Magnus,
3245 1122 3491 1178 scribens
3525 1122 3594 1176 ad
3624 1123 3751 1202 epi-

2173 1231 2368 1286 scopos
2389 1216 2562 1271 Istrite
2590 1231 2690 1284 pro
2713 1215 2930 1285 Pelagio
2952 1216 2993 1269 Il
3017 1254 3032 1278 ,
3081 1229 3208 1270 cum
3231 1213 3391 1268 fidem
3413 1215 3749 1269 Theodoreti

2174 1306 2342 1360 vellet
2387 1305 2680 1360 ostendere
2745 1312 2870 1374 post
2929 1304 3199 1375 synodum
3246 1303 3751 1360 Chalcedonensem

2175 1397 2344 1452 fuisse
2369 1413 2586 1468 puram,
2633 1397 2737 1452 hoc
2765 1397 3080 1451 testimonio
3109 1405 3222 1450 tam
3244 1397 3495 1452 evidente
3531 1408 3754 1468 tamque

2176 1504 2434 1559 expresso
2463 1504 2575 1544 non
2603 1497 2689 1544 est
2717 1490 2884 1544 usus?
2935 1487 3047 1543 Cur
3076 1487 3494 1544 criminantibus
3516 1489 3752 1546 Chalce-

2177 1579 2478 1635 donensem
2506 1580 2798 1651 synodum,
2831 1579 2979 1650 quod
3001 1579 3406 1635 Theodoretum
3433 1583 3751 1652 recepisset,

2183 1672 2336 1726 nullo
2376 1672 2642 1742 requisito
2679 1671 2906 1741 scripto,
2961 1685 3071 1740 quo
3094 1685 3151 1726 se
3175 1671 3415 1726 alienum
3441 1688 3471 1726 a
3498 1673 3756 1728 Nestorio

2184 1763 2463 1833 probaret,
2515 1771 2804 1832 exceptum
2851 1776 2962 1816 non
3003 1770 3088 1817 est
3133 1763 3414 1830 continuo,
3446 1779 3558 1818 non
3584 1764 3758 1820 fuisse

2184 1870 2323 1925 opus
2345 1857 2414 1910 ab
2433 1871 2501 1910 eo
2515 1855 2782 1925 scriptum
2799 1854 3040 1925 exigere,
3063 1856 3156 1926 qui
3178 1864 3287 1910 tam
3303 1856 3511 1911 clarum
3535 1865 3761 1928 tamque

2184 1947 2533 2001 manifestum
2568 1947 2760 2002 volens
2779 1946 3073 2002 edidisset?
3118 1946 3259 2014 Quid
3283 1949 3474 2018 plura?
3501 1950 3649 2004 nulla
3678 1951 3760 2005 rei

2185 2035 2442 2107 adjuncta
2471 2038 2902 2106 suppositionem
2926 2052 3036 2092 non
3057 2038 3352 2096 declarant.

2185 2168 2317 2241 §IIL
2338 2167 2612 2225 Sermones
2637 2172 2820 2242 viginti
2846 2182 2894 2226 et
2917 2181 3111 2242 septem
3132 2173 3378 2227 adversus
3400 2175 3629 2230 diversas
3653 2178 3766 2230 Iur-

2454 2257 2590 2295 reses
2619 2260 2651 2296 α
2677 2243 2863 2296 Photio
2891 2244 3128 2296 attributi
3155 2243 3487 2298 Theodoreto.

2256 2377 2298 2431 I.
2325 2375 2554 2432 Photius
2569 2376 2759 2432 codice
2778 2375 2847 2430 46
2863 2376 2980 2432 haec
2994 2375 3160 2432 habet
3181 2394 3193 2429 :
3227 2395 3244 2426 ‹
3263 2375 3416 2431 Lecti
3439 2387 3564 2432 sunt
3579 2377 3769 2432 Theo-

2185 2469 2363 2525 doreti
2397 2468 2639 2539 episcopi
2661 2467 2788 2540 Cyri
2818 2467 2946 2522 libri
2970 2477 3176 2538 septem
3201 2476 3257 2522 et
3278 2467 3470 2538 viginti
3492 2469 3768 2526 adversus

2186 2563 2365 2616 varias
2386 2561 2790 2632 propositiones
2808 2561 2876 2626 ’°,
2901 2579 2919 2612 ›
2948 2568 3056 2614 etc.
3380 2624 3387 2628 _

2258 2650 2322 2708 ll.
2369 2655 2584 2710 Fefellit
2623 2656 2879 2710 Photium
2929 2670 3062 2710 suus
3090 2654 3261 2709 codex
3302 2654 3478 2708 tribus
3499 2662 3768 2709 constans

2185 2745 2516 2816 partibus”,
2549 2763 2780 2817 quarum
2802 2748 2980 2817 prima
3000 2745 3460 2817 complectebatur
3489 2761 3581 2800 sex
3603 2745 3770 2815 prio-

2188 2854 2276 2893 res
2299 2831 2500 2905 libros;
2531 2840 2767 2894 secunda
2795 2855 2963 2894 unum
2988 2848 3044 2894 et
3065 2839 3255 2910 viginti
3281 2852 3577 2903 sermones,
3606 2847 3770 2907 post-

2187 2943 2340 2983 rema
2403 2928 2694 2984 Eranisten
2746 2943 2842 2983 seu
2907 2929 3350 2999 Polymorphum.
3413 2927 3547 2983 Cum
3603 2929 3763 2982 enim

2186 3019 2364 3088 prima
2391 3026 2448 3073 et
2471 3019 2633 3074 tertia
2659 3019 2726 3074 ad
2752 3019 3155 3075 Theodoretum
3183 3019 3374 3088 procul
3397 3018 3564 3074 dubio
3583 3021 3765 3088 perti-

2188 3120 2378 3176 neant,
2411 3111 2640 3167 Photius
2665 3111 2899 3166 mediam
2924 3126 3141 3181 quoque
3174 3111 3277 3180 ipsi
3308 3111 3526 3176 tribuit;
3571 3111 3764 3181 reipsa

2190 3207 2372 3256 tamen
2404 3211 2490 3257 est
2512 3201 2763 3256 Eutherii
2787 3201 3088 3271 Tyanensis
3108 3200 3369 3270 episcopi,
3413 3199 3560 3270 quod
3584 3202 3769 3255 mani-

2189 3292 2330 3347 festa
2373 3293 2570 3362 probat
2619 3293 2916 3347 auctoritas
2962 3292 3117 3347 Marii
3157 3293 3550 3357 Mercatoris",
3593 3299 3654 3347 ut
3704 3294 3766 3348 in

2189 3383 2458 3438 Eutherio
2499 3383 3084 3449 demonstrabimus”,
3143 3383 3237 3438 ubi
3268 3395 3325 3438 et
3348 3385 3630 3440 historiam
3652 3383 3768 3440 Co-

2189 3472 2328 3528 dicis
2356 3474 2618 3542 tripartiti
2648 3483 2914 3528 texemus.

2663 3607 2690 3679 §
2720 3608 2806 3664 IV.
2843 3608 2994 3662 Liber
3020 3609 3290 3663 asceticus.

2260 3740 2302 3794 Ι.
2362 3740 2422 3794 1η
2451 3739 2825 3810 manuscripto
2853 3739 3042 3795 codice
3084 3739 3306 3804 Graeco,
3357 3739 3453 3809 qui
3499 3739 3603 3794 fuit
3627 3741 3765 3796 olim

2188 3821 2460 3886 Gabrielis
2489 3831 2983 3900 Philadelphiensis
3009 3831 3425 3901 archiepiscopi,
3458 3832 3660 3901 quique
3692 3836 3763 3888 ad

2189 3939 2292 3979 nos
2320 3939 2488 3994 opera
2517 3925 2812 3979 Frontonis
2835 3925 3016 3979 Ducazi
3038 3925 3308 3994 pervenit,
3333 3932 3457 3995 post
3470 3925 3764 3981 Historiam

2177 4015 2491 4086 religiosam
2517 4015 2871 4079 Theodoreti,
2905 4015 3318 4085 orationemque
3341 4015 3418 4070 De
3440 4016 3618 4071 divina
3637 4019 3766 4073 cha-

2191 4109 2369 4172 ritate,
2401 4106 2601 4177 legitur
2629 4105 2822 4161 titulus
2866 4123 2879 4159 :
2925 4105 3032 4159 Τοῦ
3071 4105 3234 4159 αὑτοῦ
3282 4103 3438 4175 λόγος
3464 4109 3761 4178 ἀσκητικὺς

2190 4199 2332 4254 κατὰ
2357 4199 2550 4252 πεῦσιν
2590 4199 2684 4252 καὶ
2729 4198 3043 4269 ἀπόκρισιν.
3082 4198 3204 4253 Mox
3243 4214 3444 4265 sermo,
3511 4201 3763 4270 ’Δδελφὸς

2190 4290 2442 4361 ἠρώτησε
2475 4290 2705 4360 γέροντα.
2729 4288 2923 4357 λέγων,
2953 4297 3058 4344 etc.

2116 4419 2162 4475 ο
2262 4385 2326 4440 Il.
2368 4384 2510 4440 Sunt
2535 4384 2630 4455 qui
2669 4397 2978 4438 sermonem
3012 4383 3162 4437 hunc
3193 4381 3424 4438 Maximo
3447 4382 3760 4439 Confessori

2193 4476 2518 4542 tribuant",
2546 4491 2724 4546 eoque
2752 4477 2974 4530 nomine
2999 4473 3299 4529 Bilibaldus
3323 4474 3763 4530 Birckheimerus

2193 4569 2586 4639 interpretatus
2607 4579 2710 4632 est,
2738 4567 3018 4636 ediditque
3044 4567 3416 4636 Norimbergaa
3438 4582 3586 4621 anno
3607 4567 3760 4623 L580.

2192 4661 2378 4716 Edidit
2402 4662 2567 4715 etiam
2593 4677 2625 4714 a
2665 4675 2724 4714 se
2764 4675 2982 4715 versum
3003 4659 3252 4714 Nobilius
3287 4659 3471 4713 Romae
3505 4659 3665 4721 I587,
3707 4670 3764 4712 et

2189 4765 2368 4821 nuper
2401 4749 2629 4804 Parisiis
2681 4748 3043 4804 Combefisius
3063 4747 3224 4819 413
3264 4756 3411 4802 tomo
3455 4747 3477 4802 Ι
3522 4747 3760 4818 Operum

2191 4840 2362 4894 sancti
2407 4838 2644 4902 Maximi,
2693 4853 2884 4892 rursus
2916 4854 2946 4892 a
2987 4853 3046 4892 se
3095 4837 3387 4892 Latinitate
3434 4837 3697 4892 donatum
3748 4855 3762 4888 :

2188 4941 2352 5002 atque
2376 4931 2450 4985 ita
2479 4931 2706 5001 singulis
2732 4928 3068 4985 editionibus
3089 4929 3314 5000 singula:
3329 4931 3631 4994 versiones,
3663 4945 3765 4998 pro

2187 5023 2463 5079 editorum
2497 5023 2736 5093 ingenio,
2777 5020 3189 5091 respondent".

2258 5116 2346 5170 III.
2399 5115 2540 5170 Sunt
2583 5115 2677 5184 qui
2703 5113 2995 5169 videantur
3025 5113 3274 5178 innuere,
3329 5128 3439 5167 non
3464 5113 3762 5168 admodum

2187 5210 2326 5264 certi
2374 5223 2493 5262 esse
2536 5206 2795 5262 auctoris.
2859 5206 2954 5260 llis
2976 5206 3343 5277 astipulantur
3372 5208 3765 5262 varizeinscri—

1847 5363 2161 5420 SCHULZII
2202 5363 2434 5422 ΝΟΤᾸΞ.

563 5493 610 5526 ⁶⁹
633 5491 712 5547 Ad
749 5493 823 5574 ιι..
845 5499 890 5574 ,1⁵
929 5497 1051 5574 vide
1072 5496 1486 5574 _I)npi_r_iiu_ln,-l_.
1521 5513 1568 5552 c.
1650 5500 1926 5574 ’°__Totum
1948 5500 2368 5574 __locum_illum
2418 5502 2543 5557 vide
2576 5517 2746 5574 supra
2768 5543 2782 5564 ,
2841 5512 2880 5557 t.
2937 5505 3023 5568 lV,
3059 5519 3115 5574 p.
3155 5503 3297 5574 1054
3325 5517 3442 5571 seq.

3558 5504 3601 5536 ”
3638 5505 3766 5560 Vit].

496 5580 682 5642 supra,
715 5579 769 5642 ρ.
797 5565 922 5642 flii).
994 5566 1038 5597 ⁹¹
1072 5565 1195 5642 Vi_d.
1226 5567 1652 5642 Marii___Mer_cat.
1682 5569 1841 5642 _Opp._
1873 5569 2015 5642 t._II,
2048 5585 2102 5642 p_.
2130 5572 2237 5642 265
2272 5588 2386 5641 seq.
2413 5588 2478 5626 ex
2523 5565 2846 5627 editharn.
2905 5576 2950 5606 ’³
2972 5565 3255 5628 Intercidit
3287 5565 3768 5642 ista'disputatio,

497 5633 578 5689 uti
606 5633 920 5689 Ilardu'inus
967 5637 1200 5698 monuit,

1243 5653 1296 5706 p.
1328 5637 1432 5712 685
1465 5636 1982 5712 editionis_prioris.
2055 5636 2103 5670 7"
2129 5641 2273 5712 Idetn
2312 5636 2496 5696 tuetur
2535 5643 2822 5711 Dupinius,
2857 5644 2892 5696 l.
2927 5660 2955 5699 c
2987 5686 2999 5710 ,
3025 5654 3062 5697 t.
3094 5645 3180 5704 IV,
3220 5660 3271 5712 p.
3307 5643 3422 5695 ΗΟ.
3499 5636 3548 5672 ’⁸
3573 5636 3771 5700 Exstat

499 5703 890 5792 llirckheimcri
939 5716 993 5762 et
1033 5703 1259 5760 Nobiliii
1284 5707 1460 5760 versio
1506 5706 1693 5761 Latina
1731 5703 1784 5760 in
1815 5706 2155 5778 Lugduneusi
2200 5710 2445 5766 Biblioth.
2485 5703 2688 5774 PP.,'t.
2719 5712 2781 5766 II.
