3956 6298
242 243 338 306 361

1382 249 1476 306 or:
1520 247 1773 306 LIBRIS
1811 220 2324 306 Thaumas“.

3389 257 3492 320 382

243 357 461 426 ptiones
495 354 775 407 variorum
805 355 1075 419 codicum,
1128 365 1188 410 ut
1226 366 1309 410 est
1340 358 1460 421 iste,
1497 372 1660 426 quem
1685 357 1820 421 dixi,
1860 368 1896 422 Α
1928 355 2092 428 ᾧ,ιᾷ
2114 373 2274 412 nemo
2298 367 2462 427 queat
2485 375 2685 413 novum
2703 359 2976 429 quoddam
2995 375 3132 429 opus
3152 361 3496 420 Theodoreto

240 446 515 502 Gabrielis
543 445 1063 516 Philadelphiensis,
1097 447 1428 503 Theodoreti
1454 465 1651 502 nomen
1678 464 1819 517 prte-

242 536 423 591 ferens
471 553 487 588 :
536 535 645 589 illis
667 536 851 590 favent
875 537 1225 593 bibliotheca:
1249 537 1431 609 Regia:
1468 548 1576 592 tres
1604 538 1824 592 codices

243 643 376 681 mss.
410 627 637 696 aiiiqe,
665 636 741 692 et,
781 629 873 697 qui
907 629 1130 699 majoris
1152 639 1237 684 est
1259 628 1539 699 ponderis,
1571 629 1820 692 Photius,

240 719 434 773 codice
460 719 582 773 I95.
634 718 814 784 Quare
861 719 1033 774 vincit
1060 720 1212 789 prior
1235 720 1506 774 sententia
1534 728 1822 774 auctorum

241 825 497 864 numero.

309 900 411 954 IV.
473 900 588 954 Cur
641 900 1138 970 Philadelphiensis
1196 901 1595 972 archiepiscopi
1649 902 1822 958 codex

238 1007 349 1046 non
400 1007 654 1061 magnam
687 1007 718 1046 a
759 1007 844 1046 me
891 992 1052 1046 fidem
1079 992 1346 1056 obtineat,
1381 996 1396 1012 '
1421 993 1552 1046 facit
1574 1001 1820 1047 veterum

236 1083 562 1145 auctoritas,
587 1099 822 1152 quorum
844 1101 1006 1139 nemo
1028 1100 1166 1154 opus
1179 1084 1448 1154 ejusmodi
1474 1085 1820 1138 Theodoreto

236 1174 517 1228 attribuit.
577 1175 837 1245 Negativa
875 1175 1096 1245 quidem
1133 1175 1225 1229 illa
1248 1184 1330 1230 est
1359 1177 1687 1240 auctoritas,
1722 1177 1818 1231 sed

237 1267 320 1318 sui
349 1274 535 1319 tamen
563 1266 617 1320 in
645 1266 748 1320 hoc
768 1281 966 1336 genere
993 1269 1276 1322 momenti.
1301 1268 1412 1323 Cur
1433 1270 1700 1322 assentiar
1724 1269 1820 1322 tri-

237 1353 546 1410 buentibus
573 1356 827 1420 Itasime,
858 1357 912 1411 in
934 1373 1096 1412 causa
1121 1367 1206 1412 est
1229 1369 1419 1414 auctor
1446 1360 1817 1415 centuriarum

236 1455 479 1514 quatuor
502 1444 571 1500 de
595 1447 884 1510 charitate,
940 1448 1033 1516 qui
1063 1447 1184 1501 libri
1215 1447 1434 1502 initium
1459 1448 1612 1504 ducit
1639 1449 1709 1502 ab
1736 1449 1818 1504 his

236 1537 425 1593 verbis
477 1556 490 1590 :
548 1539 726 1593 «Ecce
785 1550 984 1608 praeter
1032 1539 1232 1593 librum
1281 1540 1348 1594 de
1393 1540 1504 1593 vita
1544 1540 1814 1608 religiosa,

236 1629 361 1683 misi
394 1629 462 1682 ad
494 1639 568 1692 te,
607 1637 762 1698 pater
802 1630 1038 1699 Elpidie,
1086 1631 1287 1684 librum
1319 1630 1386 1683 de
1416 1631 1706 1692 charitate,
1741 1637 1818 1682 tot

232 1720 503 1773 centuriis
524 1720 785 1790 capitum,
815 1729 948 1789 quot
969 1721 1249 1790 evangelia
1273 1728 1423 1783 sunt,
1451 1720 1812 1788 comprehen-

232 1825 378 1862 sum.
405 1828 424 1859 ι
462 1810 649 1878 Neque
688 1809 833 1863 enim
869 1811 1016 1863 ullus
1053 1811 1250 1865 merito
1274 1809 1488 1863 dubitet
1521 1809 1719 1862 librum
1751 1809 1818 1864 de

229 1900 503 1954 cbaritate
536 1900 768 1953 Maximo
793 1900 1004 1953 auctori
1037 1899 1408 1954 tribuendum.

683 2039 708 2101 ἓ
742 2033 801 2088 γ.
835 2034 984 2088 Liber
1008 2034 1380 2104 formularum.

307 2146 542 2218 Scripsit
587 2146 894 2202 Eucherius
935 2145 1320 2218 Lugdunensis
1380 2162 1519 2217 opus
1555 2147 1816 2202 eximium

231 2239 302 2296 de
343 2241 682 2310 spiritalibus
724 2240 994 2304 formulis,
1047 2257 1157 2310 quo
1202 2239 1333 2310 quid
1398 2240 1450 2293 in
1518 2238 1817 2308 Scripturis

231 2343 332 2388 aut
375 2333 754 2401 metaphorice
809 2343 903 2387 aut
941 2330 1237 2403 symbolice
1279 2331 1485 2385 dictum
1513 2331 1684 2385 estde
1708 2332 1817 2384 Deo

232 2423 468 2493 aliisque
513 2419 580 2476 ad
626 2421 1045 2491 intelligentiam
1078 2437 1262 2476 rerum
1291 2421 1656 2490 spiritualium
1688 2438 1815 2490 per-

235 2515 564 2577 tinentibus,
618 2515 862 2582 exponit.
924 2513 982 2567 Id
1049 2529 1172 2567 cum
1221 2513 1460 2567 Joannes
1509 2511 1815 2566 Alexander

235 2605 591 2660 Brassicanus
622 2621 767 2659 anno
794 2604 932 2659 1530
955 2605 1228 2659 edendum
1248 2612 1488 2668 curaret,
1513 2605 1567 2658 in
1584 2604 1816 2674 epistola

234 2698 301 2752 ad
330 2697 527 2753 Ianum
558 2713 589 2750 a
614 2697 810 2751 Swolia
835 2697 888 2750 id
915 2697 1079 2751 habet
1101 2697 1167 2750 de
1194 2695 1542 2750 Theodoreto
1561 2737 1576 2760 ,
1612 2712 1677 2750 ex
1705 2711 1814 2765 quo

235 2797 424 2859 posset
448 2788 716 2859 quispiam
748 2789 989 2858 opinari,
1027 2789 1396 2857 composuisse
1429 2788 1604 2857 ipsum
1636 2787 1813 2840 simile

234 2879 499 2948 quiddam
528 2879 595 2934 de
622 2878 875 2933 formulis
907 2879 1049 2948 apud
1074 2878 1312 2942 Grteeos,
1341 2879 1486 2948 quod
1508 2877 1813 2932 Eucherius

237 2970 381 3039 apud
400 2969 642 3025 Latinos.
664 2969 835 3034 Quod,
854 2971 1050 3040 inquit,
1069 2969 1208 3039 apud
1225 2969 1439 3022 Latinos
1459 2968 1586 3022 fecit
1603 2969 1814 3022 Euche-

1924 446 2178 515 atlingere
2222 466 2234 500 :
2277 450 2428 517 prior
2450 449 2597 504 enim
2633 450 2786 504 locus
2812 449 3046 505 habetur
3085 451 3497 520 iuexpositiono

1924 538 2116 605 psalmi
2161 555 2344 601 Lxxrv,
2399 556 2550 594 num.
2576 543 2634 607 9;
2699 539 2972 610 posterior
3013 543 3067 596 in
3109 542 3499 612 qumstioneti

1924 639 2088 692 super
2117 625 2386 680 Numeros
2401 629 2436 680 '.

2541 739 2764 795 CAPUT
2797 740 2889 794 IX.

1923 851 2065 904 Libri
2089 853 2408 920 Theodoreti,
2436 870 2659 925 quorum
2673 853 2787 908 sola
2810 855 3062 907 memoria
3085 855 3289 908 videtur
3306 871 3493 926 super-

2643 941 2772 978 esse.

2420 1037 2446 1108 ᾗ
2474 1038 2515 1091 I.
2547 1037 2688 1109 Opus
2711 1039 3002 1109 mysticum.

1990 1145 2027 1198 Ι.
2067 1145 2279 1216 Mystici
2303 1149 2489 1218 operis
2517 1158 2798 1204 auctorem
2824 1165 2881 1202 se
2903 1148 3280 1203 Thcodoretus
3298 1148 3497 1204 fatetur

1919 1238 2118 1306 partim
2141 1239 2194 1292 in
2216 1241 2446 1308 cpistola
2472 1241 2538 1294 ad
2562 1241 2860 1295 Eusebium
2877 1243 2928 1293 ἐ
2957 1259 2974 1290 ‹
3001 1239 3497 1311 Mysticuspmetcr-

1919 1343 1981 1381 ea
2001 1328 2238 1398 Scriptus
2260 1338 2342 1384 est
2371 1347 2401 1384 a
2427 1331 2587 1384 nobis
2606 1332 2768 1395 liber,
2793 1340 2849 1384 et
2873 1331 2963 1384 alii
2989 1330 3054 1384 de
3079 1331 3489 1397 Providentiap

1920 1419 2117 1486 partim
2150 1419 2202 1472 in
2237 1421 2380 1474 libro
2403 1438 2435 1474 v
2482 1419 2864 1474 Ilwreticarum
2895 1420 3252 1489 fabularum’,
3287 1438 3411 1476 cum
3439 1423 3493 1477 in

1920 1509 2248 1578 baptismate
2281 1511 2448 1566 tradit
2479 1527 2578 1566 nos
2607 1512 2934 1583 consepeliri
2961 1511 3201 1576 Christo,
3232 1521 3291 1567 ut
3314 1529 3497 1569 resur-

1919 1600 2180 1654 rectionis
2227 1602 2525 1672 participes
2566 1603 2777 1658 fiamus.
2841 1623 2858 1656 ‹
2887 1604 3112 1667 Verum,
3157 1605 3355 1674 inquit,
3407 1607 3497 1662 hie

1849 1704 1894 1762 ε
1919 1706 2060 1758 opus
2086 1700 2170 1745 est
2199 1694 2369 1762 magis
2407 1695 2638 1764 mystico
2668 1710 2949 1759 sermone;
3011 1703 3067 1748 et
3098 1710 3222 1748 cum
3254 1697 3496 1766 alioquin

1923 1779 2181 1849 mysticos
2223 1781 2514 1836 duodecim
2537 1784 2711 1838 libros
2742 1785 3252 1854 conscripserimus,
3283 1788 3494 1842 studio-

1921 1885 2010 1922 sos
2041 1871 2106 1924 ad
2135 1887 2230 1926 eos
2264 1873 2622 1929 remittemus.
2655 1894 2672 1925 ›

1990 1963 2054 2016 II.
2093 1964 2230 2018 Hine
2261 1964 2617 2035 intelligimus
2649 1981 2786 2036 Opus
2841 1967 2984 2022 istud
3021 1969 3310 2024 duodecim
3338 1970 3494 2024 libris

1919 2057 2379 2124 comprehensum
2422 2057 2620 2123 fuisse,
2673 2068 2728 2112 et
2757 2067 2883 2114 ante
2915 2061 3087 2116 libros
3117 2063 3494 2116 Hcereticarum

1921 2145 2224 2214 fabularum
2257 2146 2489 2211 editum,
2527 2147 2638 2200 imo
2672 2156 2796 2201 ante
2824 2164 3026 2203 annum
3055 2151 3177 2215 “5,
3213 2167 3323 2221 quo
3349 2167 3495 2205 anno
3523 2167 3530 2172 '

1921 2237 2304 2292 Thcodoretus
2352 2239 2418 2292 ad
2465 2240 2764 2294 Eusebium
2809 2241 3056 2310 scripsit;
3117 2251 3279 2311 atque
3326 2244 3490 2298 etiam

1919 2336 2043 2383 ante
2065 2345 2268 2382 annum
2294 2330 2419 2393 455,
2445 2331 2538 2399 qui
2565 2331 2924 2386 duodecimus
2951 2342 3078 2386 ante
3106 2332 3288 2388 datam
3317 2335 3490 2389 Euse-

1920 2421 2008 2473 bio
2036 2421 2343 2490 epistolam.

1987 2512 2077 2565 Ill.
2118 2512 2305 2580 Neque
2362 2511 2610 2576 Photius,
2659 2527 2836 2582 neque
2886 2512 3046 2577 alius,
3101 2515 3246 2586 quod
3297 2517 3488 2580 sciam,

1918 2610 2188 2666 veterum,
2240 2602 2490 2656 meminit
2523 2601 2959 2658 elucubrationis
2985 2613 3147 2659 tanta:
3176 2623 3189 2657 :
3219 2621 3288 2659 an
3320 2606 3491 2661 inter—

1918 2694 2055 2748 ierat
2079 2693 2401 2763 jamdudum
2447 2703 2571 2747 ante
2604 2693 2722 2762 ipsa
2751 2709 2969 2764 quoque
3002 2695 3179 2750 Photii
3207 2697 3494 2766 tempora?

1916 2800 1986 2839 an
2009 2785 2116 2839 alio
2143 2784 2364 2838 nomine
2389 2785 2686 2839 censetur?

1987 2875 2074 2928 IV.
2136 2873 2338 2928 Credat
2379 2877 2519 2928 forte
2571 2875 2865 2945 quispiam,
2916 2877 3023 2930 levi
3067 2885 3267 2943 tamen,
3303 2887 3366 2932 ut
3389 2894 3493 2950 ego

1914 2965 2134 3034 quidem
2158 2965 2371 3033 opinor,
2393 2974 2740 3034 argumento,
2765 2967 3024 3036 mysticos
3046 2967 3219 3021 libros
3239 2969 3308 3023 ab
3324 2985 3491 3038 opere

239 3061 376 3122 rius,
417 3060 522 3113 hoc
556 3059 698 3129 apud
731 3058 948 3114 Graecos
985 3059 1330 3114 exactissime
1359 3058 1608 3127 ρι-ιεειίιίι
1632 3058 1810 3112 Theo-
1840 3046 1881 3102 C
1916 3051 1990 3103 De
2037 3052 2285 3104 curandis
2339 3051 2640 3106 ercorum
2677 3054 3032 3123 affectionibus
3083 3071 3192 3110 non
3219 3057 3444 3114 differre
3473 3078 3489 3112 :

238 3151 464 3204 doretus
495 3150 586 3204 ille
623 3148 881 3220 Cyrcnsis
902 3149 1275 3218 episcopus",
1335 3163 1400 3200 ex
1431 3148 1587 3215 cujus
1615 3146 1812 3214 insigni

236 3257 406 3310 opere
433 3281 446 3303 ,
499 3240 645 3309 quod
704 3239 846 3309 apud
892 3254 992 3292 nos
1026 3247 1109 3292 est
1139 3238 1194 3291 in
1222 3237 1462 3305 antiquis
1482 3235 1815 3289 membranis

237 3330 579 3398 descriptum
604 3369 618 3392 ,
673 3328 808 3382 libet
855 3327 944 3382 hic
975 3327 1184 3395 aliquot
1210 3325 1425 3394 egregie
1455 3323 1669 3378 erudita
1696 3323 1815 3377 loca

237 3419 536 3483 ascribere,
571 3433 638 3474 ex
687 3417 889 3486 quibus
913 3415 1157 3469 universi
1183 3415 1331 3468 illius
1365 3413 1553 3482 cperis
1575 3411 1814 3482 dignitas

236 3517 295 3561 et
324 3507 532 3562 utilitas
577 3507 871 3560 elucescet.
923 3501 1076 3566 Οἶνος
1103 3504 1193 3558 ἐπὶ
1232 3501 1365 3554 Θεοῦ
1412 3504 1444 3572 ὴ
1483 3503 1716 3570 τιμωρία
1744 3503 1810 3554 ⁸⁷.

238 3597 401 3651 Δαᾶδ
435 3599 516 3650 ὅτι
550 3598 806 3666 ποτήριον
841 3599 898 3648 ὲν
947 3595 1090 3666 χειρὶ
1137 3593 1341 3664 Κυρίου
1385 3595 1528 3646 οενου
1571 3593 1813 3662 ἀκράτου

240 3690 448 3759 πλῆρες
488 3687 852 3757 κεράσια-τος.
879 3687 1012 3740 Item
1038 3702 1051 3738 :
1081 3686 1146 3740 Ai
1188 3683 1372 3755 τρίχες
1391 3685 1458 3746 "',
1485 3684 1582 3753 τῆς
1612 3682 1816 3752 νεκρὼ-

241 3799 376 3844 eam;
404 3779 688 3848 σύμϐολονο
715 3777 905 3844 νεκραὶ
924 3777 1030 3847 γὰρ
1047 3770 1204 3828 αὗται
1233 3776 1325 3828 καὶ
1347 3775 1538 3844 ὀδύνης
1563 3774 1814 3844 αἴσθησιν

237 3871 296 3925 οὐ
331 3870 638 3940 δεχόμεναι.
673 3867 785 3939 Τὴν
813 3867 988 3937 ἁληθῆ
1022 3865 1198 3918 τοίνυν
1225 3865 1366 3935 ζωὴν
1400 3865 1543 3935 ἔχειν
1583 3864 1811 3926 κελεύει,

237 3961 362 4022 τοὺς
389 3959 463 4029 τῷ
493 3957 613 4028 Θεῷ
641 3957 1106 4028 λειτουργοῦντας,
1132 3957 1225 4010 καὶ
1261 3956 1424 4027 μηδὲν
1449 3958 1638 4028 νεκρδν
1673 3957 1815 4027 ἔχειν

242 4051 376 4118 μηδὲ
410 4051 665 4113 δυσῶδες.
710 4051 880 4102 Τοῦτο
917 4049 1024 4120 γὰρ
1066 4049 1158 4102 καὶ
1186 4049 1214 4100 ὁ
1244 4047 1524 4112 θεσπέσιος
1553 4052 1699 4119 ἡμᾶς
1732 4049 1813 4101 δι-

236 4141 424 4195 δάσκει
453 4141 681 4204 Παῦλος.
702 4139 930 4208 Χριστῷ
948 4139 1078 4210 γὰρ,
1115 4139 1267 4207 φησὶ,
1303 4141 1812 4207 συνεσταύρωμαι.

237 4233 330 4288 Ζῶ
345 4233 413 4286 δὲ
427 4235 537 4286 οὐκ
555 4234 639 4288 ἐτι
662 4233 794 4302 ἐγὼ,
821 4229 885 4298 ζῇ
905 4231 971 4285 δὲ
987 4231 1198 4300 ἐνέμοὶ
1221 4233 1488 4299 Χριστός.
1522 4232 1654 4292 Ταῖς
1683 4229 1810 4298 γὰρ,

1917 3157 2041 3194 nam
2093 3142 2364 3196 consentit
2416 3157 2706 3207 numerus,
2761 3152 2816 3199 et
2863 3147 3010 3217 quod
3060 3148 3184 3216 quis
3225 3150 3489 3216 miretur,

1917 3233 2280 3296 Thedorctus,
2331 3234 2423 3288 ubi
2454 3236 2682 3290 alterius
2696 3237 2889 3306 'operis
2911 3241 3184 3303 meminit,
3224 3242 3291 3296 de
3317 3243 3493 3299 altero

1917 3325 2062 3387 silet,
2109 3325 2264 3394 quasi
2311 3327 2428 3380 solo
2470 3328 2690 3382 nomine
2734 3328 2950 3384 diversa
2977 3331 3107 3386 sint.
3157 3333 3360 3389 Verum
3391 3350 3490 3390 ne-

1915 3429 2022 3483 que
2050 3414 2306 3485 mysteria
2334 3409 2639 3470 tractantur
2670 3432 2793 3470 eum
2819 3419 3137 3488 gentilibus,
3187 3425 3488 3490 praesertim

1915 3521 1944 3560 a
1970 3507 2337 3570 Theodoreto,
2375 3507 2469 3576 qui
2495 3507 2549 3561 id
2579 3508 2812 3563 maxime
2833 3519 3020 3575 cavet;
3055 3526 3230 3580 neque
3258 3513 3310 3566 in
3335 3514 3493 3569 libris

1915 3596 2076 3666 415
2111 3597 2376 3651 adversus
2413 3596 2633 3652 Graecos
2679 3601 2954 3668 reperitur
2975 3602 3303 3670 expositum,
3340 3605 3486 3673 quod

1917 3689 1972 3740 in
2019 3689 2162 3742 libro
2193 3705 2223 3743 τ
2268 3689 2651 3742 [hereticorum
2700 3691 3001 3760 fabularum
3049 3693 3118 3748 de
3165 3694 3488 3764 baptismate

1916 3777 2083 3832 dicitu
2093 3796 2134 3832 r.

1984 3869 2048 3924 ν.
2089 3869 2255 3924 Libro
2277 3888 2307 3924 v
2341 3872 2536 3926 Haeret.
2561 3872 2690 3940 fab.,
2710 3887 2852 3942 cap.,
2888 3873 2924 3926 2
2945 3873 3046 3926 sub
3069 3872 3230 3927 finem
3262 3876 3487 3944 prolixa

1915 3960 2303 4029 disputationis
2337 3962 2404 4016 de
2432 3963 2596 4016 Verbi
2628 3963 2912 4016 divinitate
2945 3962 3209 4016 adversus
3230 3964 3483 4027 Arianos.

1917 4051 2033 4106 ha:e
2055 4052 2330 4107 habentur
2353 4071 2365 4106 :
2395 4072 2412 4103 ι
2430 4053 2630 4107 Contra
2658 4054 2756 4106 hos
2778 4063 2958 4106 autem
2984 4051 3272 4105 duodecim
3287 4053 3394 4120 jam
3420 4053 3486 4108 li-

1915 4143 2046 4194 bros
2066 4157 2242 4210 nuper
2265 4141 2712 4210 conscripsimus,
2740 4149 2795 4192 et
2817 4147 3015 4208 praeter
3032 4139 3130 4192 hos
3152 4153 3300 4193 nunc
3316 4141 3482 4194 etiam

1915 4231 2144 4286 alterius
2161 4231 2384 4284 moralis
2401 4229 2685 4299 theologia:
2705 4239 2760 4282 et
2779 4229 3039 4282 doctrinae
3063 4243 3286 4298 scopum
3303 4238 3485 4284 osten-

239 4323 376 4393 φησὶ
399 4325 464 4388 ⁹⁹,
497 4325 796 4395 ἐνεργείαις
835 4324 1067 4393 ὲμαυτδν
1101 4322 1400 4392 ἀφιέρωται.
1437 4322 1640 4376 Verum
1682 4320 1810 4376 inde

1929 4321 2114 4375 limus.
2130 4341 2146 4371 ›
2180 4320 2392 4386 Quibus
2416 4320 2599 4374 verbis
2627 4318 2854 4374 indicari
2877 4317 3094 4372 videtur
3111 4332 3268 4387 opus,
3290 4317 3358 4373 de
3372 4332 3484 4388 quo

1571 4463 1879 4528 SCIIULZII
1921 4471 2010 4528 ΝΟ
2027 4491 2046 4524 ι

308 4610 356 4640 ⁹⁶
381 4607 566 4662 Sixtus
617 4605 875 4661 Senensis
899 4606 1164 4676 (Biblioth.
1189 4613 1405 4667 sanctw,
1428 4604 1535 4676 lii).
1569 4603 1641 4670 :v)
1680 4603 1868 4676 refert,
1896 4621 1953 4659 se
1992 4605 2136 4658 inter
2189 4604 2294 4658 alia
2326 4604 2656 4659 Theodoreti
2687 4619 2852 4676 opera
2901 4603 3095 4671 legisse
3129 4606 3480 4676 mysticarum

238 4678 644 4746 institutionum
673 4678 728 4730 in
747 4669 1056 4732 universam
1079 4693 1287 4732 sacram
1323 4669 1659 4746 Scripturam
1679 4675 2304 4746 isagogicumvolumen,
2340 4676 2619 4729 nominum
2651 4669 3032 4746 ac'verborum
3069 4669 3334 4740 omnium,
3359 4693 3482 4746 quin

235 4748 449 4803 divinis
493 4745 710 4805 Litteris
726 4746 1125 4818 __continentur,
1155 4747 1410 4818 mysticas
1438 4743 1492 4799 et
1535 4743 1851 4818 spirituales
1877 4745 2290 4818 intelligendas
2327 4743 2772 4818 exponens._ﬂoc
2812 4760 2970 4818 opus,
2997 4754 3132 4818 teste
3160 4743 3476 4818 Possevino.

239 4820 483 4888 (Αρρανζ
501 4824 681 4888 sac._t.
725 4815 792 4888 II,
841 4831 894 4888 ρ.
920 4817 1078 4888 ῥῦδ),
1115 4817 1171 4870 in
1204 4813 1444 4888 antiquis
1489 4813 1820 4888 membranis
1866 4813 2051 4888 Graece
2088 4813 2430 4888 descriptum
2473 4813 2794 4888 servabatur
2820 4813 3247 4888 Vindobonzujn
3276 4815 3478 4888 biblio-

235 4881 400 4942 theca
452 4884 809 4954 Brassicani._
842 4881 892 4916 ³⁷
916 4881 1142 4940 Videtur
1181 4901 1302 4940 esse
1338 4881 1655 4954 'legendum
1691 4881 1815 4954 sive;

1971 4883 2209 4954 τιμωρία
2250 4881 2351 4954 eos,
2399 4883 2569 4954 eeo-3,
2594 4883 2708 4954 sive
2737 4892 2797 4936 ut
2827 4893 2868 4954 ι.
2905 4884 2945 4946 ι,
2977 4884 3210 4954 @1158,
3238 4884 3307 4954 ad
3342 4885 3477 4954 psal.

238 4972 418 5018 LIXIV,
445 4956 501 5025 79,
536 4949 900 5025 legitqrpivov
926 4958 1024 5025 τὴν
1053 4957 1318 5025 τιμωρίαν
1362 4949 1534 5025 nilei,
1613 4952 1660 4983 ”
1688 4953 1812 5023 τρίχ

1929 4949 2067 5008 Edit.
2091 4949 2243 5022 prior
2269 4953 2503 5025 habebat
2534 4952 2746 5020 Γρίκες.
2824 4952 2869 5025 ξ’
2900 4949 3054 5019 φησί.
3084 4949 3367 5025 Excidisse
3397 4953 3481 5025 vi-

238 5026 403 5080 detur
435 5021 625 5086 θείαιξ.
661 5023 780 5078 Vid.
813 5021 999 5094 supra,
1033 5033 1072 5078 t.
1107 5021 1147 5087 I,
1172 5021 1226 5091 p.
1258 5024 1383 5078 9.28.
1467 5027 1476 5052 '
1512 5023 1693 5094 Longe
1724 5021 1921 5092 ’major
1963 5033 2046 5076 cst
2094 5021 2362 5076 numerus
2415 5023 2708 5094 librorum,
2747 5021 2841 5089 qui
2877 5032 3066 5076 nostro
3094 5022 3180 5094 vel
3211 5022 3477 5094 sumtuositi

239 5105 369 5150 sunt
398 5095 484 5148 vel
517 5103 721 5164 temere
743 5091 986 5164 ascripti.
1025 5095 1100 5164 Ne
1123 5096 1232 5164 jam
1257 5094 1323 5149 de
1357 5108 1544 5164 eorum
1570 5091 2060 5164 dicamuserrore,
2085 5093 2213 5164 qui,
2236 5107 2359 5146 cum
2409 5091 2665 5164 autiquos
2711 5099 2994 5145 versarent
3037 5091 3273 5164 codices,
3296 5091 3478 5164 Theo-

235 5167 494 5218 doretum
543 5177 667 5216 eum
698 5160 988 5232 Theodoro
1019 5160 1417 5232 Mopsuesteno,
1452 5162 1827 5232 Daphnopata,
1861 5160 2289 5232 aliisque’hujus
2320 5160 2565 5232 nominis
2597 5168 3028 5232 commutarunt,
3060 5160 3166 5232 huc
3202 5160 3256 5232 in
3285 5160 3479 5232 primis

239 5233 518 5304 referendi
550 5241 678 5304 sunt
703 5231 819 5304 duo
835 5233 934 5304 isti
967 5230 1138 5304 libri:
1175 5234 1226 5304 l,
1258 5234 1407 5304 ΠερὶΔ
1440 5233 1532 5284 τοῦ
1559 5230 1732 5304 ⁸ὁιγέὸυ
1767 5231 1815 5304 βξ

1929 5230 2140 5304 Lupiam;
2170 5230 2277 5304 τῷν
2321 5230 2864 5304 ᾀγξων-,ἁποστόλῳν
2903 5232 2994 5282 καὶ
3023 5230 3124 5300 τῆς
3157 5230 3317 5298 ἁγίας
3345 5230 3476 5304 950-

236 5307 424 5358 τόκου.
459 5301 557 5354 ilic
587 5302 807 5371 quidem
833 5302 1050 5356 libellus
1077 5303 1134 5356 in
1165 5298 1478 5371 Apperidice
1508 5300 1575 5354 ad
1629 5298 1820 5371 Cangii
1849 5298 2160 5357 Chrenicon
2192 5298 2824 5371 PaschaleTheodoreti
2872 5298 3091 5371 nomen
3111 5299 3476 5371 prafgsegfert,

239 5375 334 5428 sed
359 5373 579 5442 videtur
603 5368 722 5442 esse
749 5370 1042 5440 Sophronii
1071 5368 1395 5442 patriarcha}
1417 5370 1684 5424 Hierosol.
1717 5368 1820 5424 sub
1845 5372 2000 5442 cujus
2022 5371 2240 5442 nomine
2263 5379 2440 5442 exstat
2462 5369 2517 5422 in
2546 5368 2826 5442 Lambecii
2858 5368 3300 5442 Commentariis.
3325 5370 3361 5422 I.
3393 5385 3474 5442 tu,

238 5459 292 5514 p.
323 5445 410 5498 52.
445 5443 502 5514 2.
541 5439 788 5514 Collectio
819 5437 1086 5514 canonum'
1114 5441 1602 5514 ecclesiasticarum,
1636 5455 1800 5514 quam
1845 5437 2143 5514 Salmagsius
2168 5439 2484 5514 (penaria,
2514 5455 2563 5514 c_.
2595 5437 2715 5514 gl),
2753 5438 3186 5514 in_ter_6.vé>_c692a
3220 5437 3478 5514 Theodof

236 5506 337 5568 i-eti
389 5511 583 5574 refert,
616 5512 798 5572 nixus,
831 5518 891 5563 ut
938 5510 1174 5570 videtur,
1225 5509 1548 5564 auctoritate
1594 5506 1802 5564 codicis
1844 5512 2124 5579 cujusdam
2167 5506 2420 5564 Parisini.
2449 5506 2857 5579 Sed_Co‘l_iec_tio
2897 5508 3000 5562 ista
3023 5509 3255 5564 debetur
3278 5507 3481 5579 Joanni-

234 5582 603 5644 Scholastico,
633 5580 930 5649 utgplures
977 5580 1209 5649 probant
1257 5579 1493 5635 codices.
1544 5579 1745 5649 quibus
1791 5575 1927 5634 usus
1973 5589 2058 5635 est
2101 5579 2383 5649 Justelius.
2409 5593 2531 5632 cum
2557 5575 2953 5649 Bibliothecam
2979 5589 3130 5632 suam
3157 5576 3475 5632 canonicam

229 5657 552 5710 adornaret.
629 5651 648 5680 ¹
679 5645 993 5703 Eusebium:
1031 5649 1249 5703 Scilicet
1298 5645 1662 5719 Ancyranum.
1693 5647 1812 5704 \‘id.
1869 5650 2029 5718 epist.
2069 5650 2153 5705 82.
2233 5650 2251 5679 ³
2289 5648 2398 5702 Lib.
2429 5665 2458 5703 v
2511 5662 2628 5714 cap.
2660 5645 2743 5701 18.

567 5745 838 5802 PATBOL.
874 5743 990 5800 (in.
1031 5741 1276 5801 LXXXI
1295 5743 1362 5802 ν.
3073 5743 3145 5802 1‘2
