3956 6298
419 307 529 371 363

1563 298 1941 363 GARNERII
1974 298 2474 361 DISSEBTATIO
2506 298 2586 359 II.

3600 294 3721 365 364

421 417 687 492 agimus‘.
750 412 911 484 Quod
963 417 1008 471 si
1046 416 1118 471 ita
1158 424 1261 482 est,
1321 414 1567 485 oportuit
1600 415 1655 468 in
1684 414 1804 483 ipso
1833 418 2003 467 totam
2033 417 2074 474 Α
2105 419 2161 466 et
2188 419 2404 476 nostro,
2432 410 2656 465 libellus
2689 408 2969 479 reperitur
3012 407 3114 462 hac
3157 406 3543 478 inscriptione,
3579 410 3722 480 περὶ

423 507 712 578 theologia:
743 520 839 561 seu
866 504 1254 576 mysteriorum
1276 502 1404 558 ﬁdei
1437 502 1836 573 expositionem
1861 513 2011 555 com-

425 601 750 674 prehensam
775 611 917 651 esse.
964 595 1170 650 Verum
1200 611 1301 651 cur
1322 595 1528 650 dicitur
1555 609 1735 664 nuper
1764 592 1977 646 conseri
1994 622 2010 633 ο

425 693 616 767 ptum?
661 691 743 745 An
770 705 875 745 vox
903 688 1088 744 Graeca
1119 689 1335 761 πρώην,
1369 705 1480 743 non
1503 702 1689 757 nuper,
1726 684 1823 741 sed
1850 691 2009 738 antea

424 782 736 855 signiﬁcat?
793 781 906 837 Cur
957 780 1125 836 etiam
1179 781 1386 836 dicitur
1426 786 1440 800 '
1478 781 1620 835 liber
1669 777 2012 848 theologicns

423 893 573 936 nunc
597 874 969 945 compositus?
1016 876 1103 931 An
1132 875 1341 945 pariter
1385 889 1490 929 vox
1515 873 1701 929 Graeca
1721 870 1815 925 νῦν
1854 869 2009 924 reddi

422 968 602 1040 potuit
630 982 783 1021 more
812 981 924 1021 non
950 966 1233 1030 insolenti,
1263 974 1418 1031 tunc,
1469 974 1531 1020 ut
1563 964 1887 1023 ostendatur
1915 978 2010 1017 eo.

422 1061 548 1116 dem
577 1068 824 1130 tempore
852 1068 1154 1130 utrumque
1178 1074 1318 1131 opus
1342 1057 1760 1113 elucubratum?
1793 1056 2013 1113 Utrius-

421 1166 529 1222 que
556 1150 707 1205 vocis
740 1149 1261 1219 interpretationem
1294 1155 1443 1201 certa
1468 1145 1607 1200 ratio
1633 1144 2007 1199 demonstrat:

422 1258 548 1316 nam
574 1241 748 1296 libros
775 1239 1159 1295 [hereticorum
1182 1238 1490 1309 fabularum
1517 1236 1896 1291 Theodoretus
1917 1250 2013 1288 an-

421 1350 494 1389 no
513 1333 616 1389 452
646 1332 987 1402 composuit;
1023 1331 1278 1386 meminit
1299 1345 1431 1383 vero
1454 1326 1621 1400 longe
1649 1335 1775 1382 ante
1802 1326 2013 1381 theolo-

422 1425 670 1494 gicorum
699 1423 974 1477 librorum
1025 1439 1039 1475 :
1085 1436 1198 1475 non
1232 1420 1379 1489 ipsos
1414 1419 1580 1489 igitur
1608 1434 1775 1488 nuper
1798 1425 2012 1471 etnunc

423 1516 795 1572 elucubravit.

564 1672 592 1743 §
619 1672 685 1726 ll.
723 1671 867 1727 Libri
896 1671 959 1724 de
989 1668 1249 1739 theologia
1287 1677 1446 1739 atque
1474 1668 1867 1721 incarnatione.

492 1807 533 1862 l.
589 1806 739 1876 Opus
769 1821 801 1860 a
832 1820 890 1861 se
922 1804 1296 1873 conscriptum
1339 1802 1405 1856 de
1432 1800 1706 1870 theologia
1737 1807 1793 1853 et
1821 1799 2003 1854 incar-
2034 1780 2081 1836 δ’

421 1898 646 1953 natione
684 1897 851 1950 tradit
882 1894 1267 1949 Theodoretus
1316 1894 1437 1948 loco
1471 1907 1597 1951 mox
1626 1890 1828 1954 citato,
1863 1899 1919 1945 et
1955 1890 2011 1944 in

420 1990 621 2048 litteris
672 1989 741 2044 ad
789 1989 1029 2043 Leonem
1079 1987 1414 2057 pontiﬁcem.
1460 2005 1478 2035 ‹
1518 1984 1726 2055 Scripsi
1760 1982 2009 2053 quiedam

381 2084 687 2154 adversus
732 2082 966 2137 Arianos
1012 2089 1069 2135 et
1106 2081 1511 2143 Eunomianos;
1552 2109 1622 2145 τ-
1671 2076 1777 2130 alia
1819 2091 2012 2131 rursus

400 2176 492 2231 «le
515 2173 809 2244 theologia,
844 2173 1022 2241 deque
1056 2170 1241 2225 divina
1271 2169 1712 2224 incarnatione'.
1738 2185 1754 2219 ι

498 2264 562 2318 ll.
593 2263 756 2319 Solus
777 2263 892 2331 ipse
915 2271 1167 2314 veterum
1190 2258 1531 2312 mentionem
1551 2256 1683 2310 facit
1708 2273 1721 2309 :
1744 2270 1846 2309 nec
1861 2253 2011 2308 enim

424 2356 675 2417 Photius,
724 2362 820 2409 aut
865 2352 1230 2421 Nicephorus,
1288 2359 1384 2403 aut
1424 2350 1566 2403 alius
1587 2347 1861 2418 quispiam
1891 2361 2010 2400 me-

423 2445 616 2508 minit;
654 2444 764 2496 imo
796 2457 895 2495 nec
924 2441 1033 2493 ulla
1059 2441 1224 2509 hujus
1250 2437 1492 2491 nominis
1518 2436 1860 2491 elucubratio
1884 2436 2012 2489 hac-

425 2549 587 2592 tenus
619 2533 846 2605 prodiit.
894 2532 1179 2586 lnteriitne
1208 2528 1434 2584 omnino
1469 2537 1579 2582 tam
1606 2528 1820 2599 insigne
1848 2542 2008 2597 opus,

423 2643 493 2682 an
517 2625 680 2682 alteri
707 2623 1052 2693 suppositum
1074 2629 1158 2676 est
1184 2621 1418 2684 auctori,
1433 2621 1543 2690 jam
1563 2619 1691 2673 inde
1713 2635 1740 2673 a
1760 2619 2013 2688 pluribus

424 2717 671 2773 seculis?
725 2717 976 2771 Alterum
1032 2714 1177 2769 istud
1206 2712 1549 2784 probabilius
1576 2712 1712 2766 mihi
1737 2712 1957 2767 videtur
1993 2728 2009 2766 :

424 2809 623 2879 opinor
648 2808 797 2863 enim
818 2848 832 2871 ,
885 2822 1007 2876 qua:
1035 2804 1323 2874 scripsisse
1347 2820 1405 2860 se
1436 2802 1606 2859 tradit
1628 2803 2010 2859 Theodoretus

424 2903 495 2958 dc
518 2900 792 2970 theologia
825 2908 881 2955 et
905 2898 1094 2957 divina
1124 2897 1524 2961 incarnatione,
1560 2896 1874 2950 nullatenus
1903 2896 2011 2949 dif-

425 2993 573 3049 ferre
607 3008 638 3047 a
667 2991 827 3046 libris
857 2990 1035 3044 tribus
1077 2988 1345 3043 adversus
1370 2986 1920 3050 Pneumatomachos,
1954 2997 2011 3043 et

2112 504 2209 573 τῆς
2241 504 2404 572 ἁγίας
2436 501 2687 574 Τρέάδος.
2742 502 2851 557 Sed
2879 507 3172 573 postquam
3202 509 3265 556 et
3288 500 3707 571 illiusapogra—

2110 596 2307 666 phum,
2340 609 2399 651 et
2420 597 2586 651 istum
2612 595 2941 666 diligentius
2963 594 3195 665 perlegi,
3226 594 3414 663 reperi
3439 593 3578 648 nihil
3602 593 3719 649 dif-

2110 689 2259 744 ferre
2290 706 2321 743 a
2343 689 2631 759 prioribus
2652 689 2835 745 tribus
2860 688 3178 742 divinorum
3208 685 3531 756 dogmutum
3553 684 3719 754 capi-

2113 778 2282 842 tibus,
2309 793 2433 847 qua:
2450 777 2739 847 pertinent
2766 778 2834 832 ad
2859 777 3064 831 librum
3082 774 3446 846 subiunctum
3469 782 3721 844 quatuor

2111 870 2270 923 libris
2297 870 2685 924 Hmreticarum
2711 868 3039 939 fabularum.

2184 962 2247 1015 ν.
2271 960 2430 1027 Quod
2458 962 2505 1016 si
2528 961 2656 1032 quis
2678 961 2998 1015 divinorum
3020 959 3373 1013 decretorum
3395 957 3712 1027 epitomen,

2110 1069 2232 1123 qua:
2256 1054 2610 1125 subiungitur
2636 1052 2796 1108 libris
2821 1062 3060 1123 quatuor
3087 1050 3483 1106 Haretiearm
3494 1049 3716 1118 fabula-

2111 1162 2253 1209 rum,
2306 1145 2491 1215 operis
2530 1145 2826 1216 theologici
2853 1145 3099 1211 nomine,
3148 1153 3373 1216 propter
3395 1144 3715 1216 argumenti

2110 1236 2517 1306 cognationem,
2562 1237 2895 1307 appellatam
2932 1246 3118 1307 putet;
3155 1253 3241 1292 nae
3267 1238 3359 1291 ille
3389 1236 3584 1307 procul
3612 1237 3718 1291 ab-

2108 1334 2398 1382 erraturus
2411 1335 2497 1381 est
2512 1344 2542 1381 a
2561 1342 2713 1381 vero.
2727 1327 2861 1381 Nam
2884 1327 3009 1381 libri
3028 1327 3105 1382 de
3121 1327 3393 1398 theologia
3418 1327 3481 1381 ﬁt
3498 1327 3716 1382 mentio

2112 1419 2167 1473 in
2191 1418 2397 1475 litteris
2421 1427 2551 1474 ante
2576 1435 2783 1474 annum
2808 1419 2911 1474 ΜΩ
2932 1420 3188 1488 scriptis;
3221 1420 3503 1474 cum-libri
3525 1419 3714 1475 Hiere-

2114 1509 2343 1562 ticarum
2394 1507 2703 1578 fabularum
2723 1548 2739 1572 ,
2793 1522 2919 1562 cum
2950 1509 3242 1578 subjuncta
3264 1508 3588 1564 divinorum
3615 1509 3714 1564 tle-

2115 1607 2396 1652 creterum
2428 1597 2692 1666 epitome,
2742 1599 2968 1652 nonnisi
3002 1606 3125 1668 post
3154 1598 3455 1652 concilium
3481 1597 3724 1653 Cilice-

2116 1692 2360 1745 donense
2392 1690 2641 1744 habitum
2668 1705 2818 1743 anno
2843 1690 2941 1744 £51
2977 1687 3269 1758 compositi
3290 1688 3421 1743 sint.

2423 1848 2452 1918 §
2487 1848 2576 1902 lll.
2614 1846 2756 1917 Opus
2787 1847 3037 1901 adversm
3060 1845 3404 1900 Marcionem.

2188 2013 2227 2037 ι.
2265 1983 2437 2038 Nemo
2463 1993 2715 2038 veterum
2747 1983 2976 2054 hujusce
3001 1999 3186 2053 operis
3216 1983 3471 2037 meminit
3504 1995 3715 2054 preter

2116 2074 2548 2129 Theodoretum.
2606 2075 2856 2129 Meminit
2905 2075 2995 2128 ille
3034 2089 3166 2129 vero
3219 2073 3396 2127 tribus
3444 2074 3499 2128 in
3545 2075 3715 2131 locis.

2114 2166 2360 2238 Epistola
2385 2167 2454 2220 8Q
2482 2167 2551 2222 ad
2577 2168 2878 2222 Eusebium
2909 2185 2923 2219 :
2956 2186 2972 2217 ‹
2990 2166 3195 2221 Contra
3217 2166 3546 2237 Apollinarii
3569 2184 3718 2238 prte-

2113 2257 2323 2327 stigias,
2355 2257 2677 2326 rabiemque
2701 2256 2996 2310 Marcionis
3019 2246 3191 2311 libros
3207 2256 3337 2310 olim
3357 2258 3708 2326 composui.»

2113 2348 2358 2416 Epistola
2390 2348 2490 2402 116
2518 2347 2584 2401 ad
2608 2348 2884 2401 ‘Renatum
2919 2365 2931 2399 :
2971 2366 2987 2397 ι
3016 2346 3213 2401 Libros
3245 2347 3436 2417 scripsi
3469 2349 3722 2418 amplius

2115 2438 2339 2509 triginta
2390 2439 2659 2493 adversus
2699 2439 2891 2492 Arium
2939 2447 2995 2492 et
3035 2438 3398 2505 Eunomium,
3434 2440 3719 2495 adversus

2112 2530 2465 2596 Marcionem,
2498 2551 2515 2583 ι
2553 2538 2659 2585 etc.
2696 2530 2765 2585 Et
2792 2530 3023 2601 epistola
3050 2531 3152 2584 liii
3180 2531 3245 2584 ad
3279 2530 3582 2585 monachos
3611 2547 3719 2585 ur-

2112 2624 2198 2679 bis
2219 2625 2401 2695 Regia:
2424 2642 2436 2677 :
2468 2624 2776 2679 «Adversus
2796 2640 2914 2686 eos,
2938 2624 3030 2693 qui
3054 2623 3346 2679 Marcionis
3368 2624 3490 2677 tabe
3508 2639 3719 2679 corru-

2111 2716 2191 2786 pti
2217 2724 2366 2779 sunt,
2392 2725 2608 2770 certare
2631 2732 2913 2786 nunquam
2940 2715 3276 2781 destitimus,
3303 2715 3716 2786 persuadentes

2111 2808 2406 2863 Marcionis
2428 2809 2617 2864 furore
2646 2808 3077 2876 insanientibus,
3109 2824 3221 2862 non
3250 2808 3456 2863 bonum
3486 2818 3713 2863 tantum

2110 2914 2253 2963 esse,
2289 2914 2481 2954 verum
2506 2899 2675 2953 etiam
2712 2900 2958 2970 justum;
3007 2914 3118 2953 non
3144 2900 3473 2963 alienorum,
3510 2910 3572 2954 ut
3599 2900 3717 2970 ipsi

2111 2990 2450 3054 fabulantur,
2484 2989 2580 3045 sed
2604 3005 2831 3044 suorum
2860 2990 3033 3059 ipsius
3057 3006 3290 3059 operum
3315 2991 3702 3045 salvatorem.)

425 3084 644 3139 duobus
667 3091 860 3139 contra
880 3079 1303 3151 Apollinaristas
1331 3080 1671 3149 compositis,
1704 3077 1799 3147 qui
1825 3085 1881 3132 et
1904 3077 2007 3146 ipsi
2037 3120 2083 3181 ϐ
2113 3081 2244 3147 Quae
2290 3091 2566 3150 postrema
2595 3080 2766 3136 verba
2798 3080 3005 3136 idcirco
3049 3081 3277 3144 adduxi,
3314 3093 3375 3137 ut
3408 3083 3510 3138 hoc
3535 3099 3709 3154 opus,

425 3175 669 3246 quinque
713 3173 916 3229 diversi
960 3188 1071 3231 non
1100 3178 1228 3227 sunt
1258 3188 1291 3225 a
1317 3171 1549 3242 dialogis
1574 3172 1802 3227 totidem
1821 3213 1838 3238 ,
1871 3186 2010 3241 quos

424 3266 725 3331 Athanasio
770 3274 1173 3335 supposuerant
1198 3264 1269 3326 ii,
1321 3264 1417 3333 qui
1453 3278 1620 3333 opera
1652 3263 1826 3333 ipsius
1854 3277 2010 3318 com-

427 3357 742 3413 melinianis
767 3358 909 3428 typis
935 3373 1081 3412 anno
1110 3357 1246 3412 l600
1270 3356 1567 3412 ediderunt
1588 3357 1631 3412 ⁸.

498 3448 590 3504 llI.
626 3448 688 3503 In
727 3448 872 3503 hanc
897 3448 1220 3518 opinionem
1242 3448 1367 3501 veni
1419 3448 1508 3502 bis
1536 3448 1693 3517 quasi
1721 3449 2004 3519 gradibus.

427 3537 824 3601 Animadverti,
891 3539 939 3592 l.
968 3539 1061 3592 ubi
1100 3547 1456 3593 recensentur
1484 3538 1610 3593 libri
1640 3540 1708 3595 de
1737 3541 2007 3612 theologia

428 3640 485 3686 et
532 3629 719 3685 divina
767 3630 1189 3693 incarnatione,
1252 3629 1457 3684 nullam
1502 3630 1619 3686 fieri
1670 3632 2004 3688 mentionem

427 3736 655 3792 operum
691 3721 959 3776 adversus
976 3721 1355 3775 Macedoniam
1375 3731 1431 3777 et
1446 3721 1867 3792 Apollinarium,
1893 3725 2006 3779 vcl-

428 3812 570 3867 utin
600 3812 830 3880 epistola
859 3812 959 3866 il5
986 3811 1052 3866 ad
1080 3822 1329 3868 sanctum
1363 3796 1624 3879 Leonem,
1659 3826 1793 3877 ete.;
1827 3816 1882 3870 2.
1908 3816 2003 3870 ubi

429 3912 792 3960 recensentur
830 3904 1008 3974 Opera
1050 3904 1721 3963 adversusMacedoninm
1749 3918 1806 3962 et
1833 3908 2002 3977 Apol-

426 3996 684 4051 linarium
705 4037 719 4061 ,
756 4006 815 4052 ut
844 3998 897 4050 in
925 3998 1088 4067 epist.
1115 3996 1185 4053 82
1213 3997 1279 4051 ad
1306 3999 1604 4054 Eusebium
1626 4000 2000 4070 Ancyranum,

424 4094 484 4141 ct
508 4087 611 4143 116
638 4087 704 4142 ad
735 4087 1026 4153 Renatum,
1072 4103 1183 4143 non
1213 4090 1504 4144 memorari
1541 4090 1711 4144 libros
1745 4089 1814 4143 de
1844 4090 2000 4144 theo-

425 4177 567 4247 logia
614 4187 670 4233 et
704 4179 1122 4245 incarnatione;
1162 4180 1216 4234 5.
1257 4181 1452 4236 solitos
1476 4179 1641 4250 5.16
1664 4189 1878 4235 veteres
1896 4173 1999 4238 no-

427 4265 575 4323 mine
605 4265 892 4336 theologia:
915 4266 1219 4322 inscribere
1265 4269 1460 4331 libros,
1487 4268 1693 4336 quibus
1720 4271 1998 4340 ὁμοουσιό-

424 4370 525 4427 της
544 4356 856 4412 divinarum
886 4373 1248 4427 personarum
1271 4359 1572 4428 probatur;
1609 4360 1664 4414 id
1695 4372 1910 4419 constat
1933 4380 2001 4419 ex

2114 3176 2291 3231 sicubi
2314 3176 2496 3230 alieno
2523 3175 2626 3230 sub
2652 3175 2875 3229 nomine
2899 3174 3087 3239 lateat,
3111 3175 3257 3245 quod
3283 3176 3555 3246 suspicor,
3579 3178 3712 3246 ipso

2110 3267 2381 3337 prodente
2409 3276 2757 3338 argumento,
2792 3266 3138 3337 deprehendi
3171 3268 3365 3336 possit.

2178 3356 2243 3410 ll.
2301 3355 2683 3411 Theodoretus
2739 3357 2944 3426 passim
2990 3357 3152 3411 docet
3199 3356 3256 3411 in
3290 3358 3560 3427 epistolis,
3597 3374 3713 3414 cur

2110 3449 2393 3520 scripserit
2418 3448 2683 3503 adversus
2704 3448 3059 3514 Marcioncm,
3081 3457 3135 3503 et
3155 3464 3265 3518 quo
3287 3464 3465 3518 Opera?
3484 3451 3668 3519 pretio
3686 3469 3705 3504 :

2109 3550 2296 3595 narrat
2328 3540 2478 3595 enim
2512 3556 2611 3594 sua
2644 3540 2700 3595 in
2739 3542 3030 3611 parochia,
3078 3550 3210 3597 tunc
3237 3556 3361 3596 cum
3399 3542 3705 3613 regendam

2105 3632 2368 3701 suscepit,
2426 3632 2663 3702 viguisse
2710 3632 3006 3689 Marcionis
3050 3633 3325 3699 haeresin,
3381 3634 3706 3705 factumque

2106 3723 2222 3779 suis
2240 3722 2560 3786 sudoribus,
2596 3732 2764 3793 atque
2792 3726 2959 3780 etiam
2987 3734 3305 3783 sanctorum
3330 3726 3609 3795 precibus,
3632 3736 3706 3783 ut

2104 3810 2552 3866 Marcionitarum
2583 3811 2773 3867 decem
2804 3813 2973 3868 millia
3012 3812 3079 3867 ad
3108 3813 3267 3868 [idem
3301 3823 3703 3870 converteren-

2106 3911 2210 3958 tur.
2244 3903 2350 3959 Scd
2379 3904 2433 3958 in
2459 3904 2692 3959 Historia
2717 3904 2981 3975 religiosa,
3013 3905 3189 3976 capite
3206 3905 3295 3971 20,
3318 3906 3586 3976 prolixius
3609 3924 3703 3963 re—

2101 3993 2242 4058 fert,
2296 3996 2577 4064 quomodo
2618 4005 2936 4063 sanctorum
2964 3996 3223 4067 precibus
3274 4008 3480 4053 tantam
3512 3997 3581 4054 de
3611 4008 3701 4053 tot

2102 4086 2358 4140 hostibus
2390 4087 2678 4141 victoriam
2710 4088 3027 4157 reportarit.
3418 4138 3425 4143 .

2172 4178 2261 4233 lll.
2319 4178 2739 4234 Observandum
2779 4195 2945 4249 porro
2991 4195 3284 4234 numerum
3344 4180 3699 4237 Marcionita.

2103 4287 2223 4326 rum
2254 4271 2322 4326 ad
2354 4280 2561 4327 rectam
2590 4272 2754 4327 fidem
2782 4287 3176 4327 convcrsorum
3200 4272 3480 4327 diversum
3509 4272 3697 4329 diver-

2102 4366 2178 4416 sis
2207 4361 2368 4433 417
2392 4362 2532 4417 locis
2555 4363 2661 4433 legi
2692 4381 2705 4416 :
2732 4363 3144 4418 Derem'mitlia
3167 4375 3223 4420 et
3244 4365 3480 4435 amplius
3495 4366 3701 4421 dicam

423 4448 769 4503 orationibus
818 4449 1183 4515 Nazianzeni;
1219 4450 1273 4504 4.
1318 4450 1463 4519 apud
1508 4452 1730 4507 eosdem
1778 4465 1998 4510 veteres
2027 4459 2073 4515 D
2102 4461 2190 4508 tur
2214 4470 2480 4508 conversa
2512 4454 2565 4508 in
2593 4456 2757 4524 epist.
2784 4456 2916 4521 MSS;
2953 4455 3007 4509 in
3035 4455 3196 4524 epist.
3218 4456 3321 4510 115
3343 4456 3408 4510 ad
3436 4466 3694 4512 sanctum

423 4538 715 4610 theologia}
737 4548 792 4594 et
817 4539 1102 4595 Trinitatis
1122 4539 1366 4603 nomina,
1390 4556 1515 4595 cum
1538 4542 1719 4613 agitur
1737 4544 1804 4598 de
1824 4545 2002 4610 libris,

422 4628 732 4699 promiscue
779 4632 1032 4701 usurpari
1089 4648 1102 4684 :
1153 4628 1208 4683 id
1235 4628 1441 4698 ubique
1491 4630 1693 4699 passim
1720 4635 1997 4702 occurrit;

422 4720 477 4774 5.
520 4719 767 4789 dialogos
804 4720 1070 4776 adversus
1094 4717 1472 4773 Macedoniam
1507 4727 1564 4774 et
1596 4720 1998 4789 Apollinarium

421 4817 586 4878 atque
626 4810 793 4864 etiam
824 4809 1014 4863 Arium
1064 4809 1118 4861 in
1150 4806 1408 4861 omnibus
1438 4807 1553 4863 fere
1580 4810 1866 4867 codicibus
1894 4813 2000 4869 hoc

420 4900 585 4955 titulo
614 4901 888 4972 insigniri,
920 4901 1048 4970 περὶ
1076 4900 1173 4970 τῆς
1201 4898 1359 4967 ἁγίας
1382 4900 1632 4972 Τριάδος,
1663 4904 1752 4958 cui
1778 4915 1997 4975 poterat

420 4990 548 5046 addi
604 5000 831 5062 propter
858 4990 1104 5059 dialogos
1148 4989 1415 5047 adversus
1439 4992 1862 5064 Apollinarium,
1899 4999 1995 5052 καὶ

376 5121 381 5125 -
420 5081 571 5145 θείας
590 5082 747 5136 itva
756 5082 1075 5153 ρωπήσεως.

438 5170 439 5173 “
489 5169 576 5227 iV.
630 5171 690 5225 In
722 5168 1111 5239 manuscriptis
1137 5172 1356 5230 duobus
1380 5175 1685 5246 codicibus,
1728 5178 1995 5235 Vaticano

2103 4544 2345 4602 Leonem
2373 4546 2641 4601 duntaxat
2673 4547 2792 4618 plus
2816 4565 2978 4617 quam
3001 4548 3193 4602 millia.
3229 4550 3401 4603 Error
3433 4549 3487 4603 in
3509 4559 3697 4619 poste-

2101 4635 2307 4690 riorem
2333 4637 2514 4692 locum
2549 4638 2773 4708 irrepsit
2797 4642 2817 4671 ⁷
2845 4658 2859 4693 :
2888 4644 3127 4710 positum
3150 4641 3298 4696 enim
3324 4650 3409 4696 est
3428 4659 3442 4696 :
3462 4642 3692 4705 Πλειους

2106 4728 2204 4797 μὲν
2231 4729 2264 4799 ἢ
2294 4729 2470 4798 χιλίας
2498 4730 2696 4801 ψυχὰς,
2727 4748 2829 4801 pro
2871 4732 3089 4796 πλείους
3123 4735 3155 4804 ἢ
3191 4734 3390 4803 μυρίας
3415 4734 3614 4803 ψυχάς.

2171 4820 2259 4874 l'V.
2293 4821 2413 4875 Non
2446 4837 2613 4875 nemo
2643 4823 2747 4877 sibi
2803 4824 3078 4893 persuasit
3111 4824 3385 4895 dialogum
3422 4825 3691 4881 adversus

2100 4909 2449 4975 Maniclueos,
2499 4912 2591 4982 qui
2629 4914 2774 4970 inter
2821 4931 2991 4985 opera
3030 4916 3350 4972 Damasceni
3386 4919 3686 4987 reperitur,

2101 5017 2375 5071 quemque
2402 5004 2648 5066 Iacobus
2687 5005 2876 5061 Billius
2917 5007 2973 5061 in
3021 5006 3277 5062 Latinum
3321 5010 3519 5069 vertit.
3562 5025 3689 5066 esse

2101 5106 2241 5160 opus
2283 5106 2312 5145 ιι
2345 5091 2700 5149 ΤΙιθοάοι-ρῑο
2728 5096 2833 5150 sibi
2867 5097 3209 5152 vindicatum
3238 5114 3255 5151 ':
3285 5098 3547 5152 utebatur
3569 5096 3686 5163 ille,

2101 5182 2168 5236 ad
2197 5182 2511 5252 opinionem
2544 5184 2892 5261 firmandam,
2920 5189 3174 5261 pluribus
3202 5190 3447 5259 quidem,
3474 5188 3568 5245 sed
3599 5189 3690 5245 his

1754 5333 2064 5390 SCHULle
2103 5333 2335 5393 NOTAE.

423 5504 583 5597 Μ-ἓί
604 5505 1257 5597 nnquamAtal'isuerstiti‘t
1281 5510 1612 5597 Theodoreti
1646 5513 1807 5593 liber,
1843 5515 2059 5597 qualem
2092 5514 2278 5597 Sixtus
2300 5519 2713 5597 Senensisloco
2745 5526 2811 5580 ad
2843 5527 2869 5597 ς
2910 5528 2942 5582 5
2971 5528 3135 5584 allato
3170 5543 3586 5593 commemorat,
3616 5532 3687 5589 ad

420 5575 572 5659 illum
604 5575 786 5659 potius
808 5578 911 5659 hoc
939 5578 1322 5659 loconspectari
1365 5575 1819 5659 egtistitnavcrim1
1849 5575 1914 5659 ζ’
1950 5585 2073 5639 Vid.
2117 5588 2278 5659 epist.
2324 5591 2440 5645 H5.
2496 5575 2707 5649 ill—anc

420 5646 837 5741 Ei‘fl-tpendice
894 5648 1021 5703 huic
1046 5646 1419 5733 dissertationi
1440 5652 1718 5741 subjecta.
1742 5723 1777 5741 ﬂ
1799 5653 1819 5683 "
1843 5653 2103 5735 Errorem
2138 5646 2191 5711 in
2223 5659 2310 5713 his
2348 5662 2532 5718 verbis
2558 5646 2704 5718 inisti
2738 5646 3106 5737 agnoscimus,

421 5730 676 5789 magnum
720 5733 1005 5774 numerum
1030 5722 1339 5790 exprimere
1363 5728 1562 5790 potest.
1593 5722 1950 5780 Exactissima
1980 5735 2162 5783 autem
2180 5744 2285 5784 non
2312 5745 2451 5801 Opus
2474 5742 2591 5789 erat
2612 5722 3041 5807 computatione.
