3956 6298
217 345 322 405 3C5

216 548 422 601 dubius
453 542 642 605 ferit,
674 557 742 594 an
760 541 1007 611 dialogus
1029 537 1196 594 tribui
1224 536 1797 595 debeatDamasceno,

217 645 448 707 propter
483 646 720 703 pugnam
752 630 1018 685 doctrinae
1047 628 1115 683 de
1158 641 1352 697 pinna,
1386 639 1550 694 quam
1597 623 1800 678 daemo-

217 746 316 785 nes
341 730 526 791 luunt,
551 725 622 779 ab
653 739 718 778 ea
744 723 1038 785 diversam,
1069 734 1190 789 quae
1224 733 1384 788 pana
1431 716 1620 770 damni
1655 712 1799 768 dici-

218 833 327 875 tur.
358 819 488 873 Hec
523 824 705 872 autem
745 823 832 869 est
874 809 1208 866 Theodoreti
1250 807 1520 863 doctrina.
1547 805 1602 859 2-.
1642 803 1800 872 Quod

220 911 647 968 Manichaeorum
675 922 833 962 error
870 905 1066 962 eodem
1099 902 1320 974 penitus
1353 900 1537 961 modo,
1571 897 1799 951 iisdem-

215 1020 322 1073 que
367 1003 490 1057 fere
531 1000 736 1064 verbis,
774 999 830 1053 in
876 998 1111 1067 dialogo,
1147 1002 1312 1063 atque
1341 993 1396 1046 in
1437 991 1579 1044 libro
1620 988 1802 1058 primo

217 1099 612 1154 Βαρκαίων-νη
681 1091 1010 1163 fabularum,
1087 1087 1264 1157 capite
1323 1084 1411 1148 9.6,
1475 1089 1800 1151 caponatur.

216 1191 268 1245 5.
299 1189 461 1256 Quod
489 1187 776 1256 dialogista
807 1184 874 1237 de
915 1190 1109 1236 natura
1147 1187 1203 1233 et
1241 1176 1450 1231 malitia
1489 1176 1800 1229 daemonum

219 1281 452 1354 perinde
482 1280 682 1334 sentiat
715 1284 879 1345 atque
914 1270 1314 1331 Theodoretus,
1353 1275 1468 1320 tu
1502 1265 1558 1318 in
1581 1262 1802 1332 exposi-

221 1375 369 1430 tione
395 1373 692 1432 Geneseos,
726 1378 842 1422 tum
871 1365 926 1419 in
961 1363 1198 1434 epitome
1261 1359 1576 1413 divinorum
1609 1355 1804 1410 decre-

221 1479 428 1520 torum.
481 1465 534 1518 4.
580 1461 734 1528 Quod
772 1457 999 1530 perinde
1037 1456 1245 1526 pariter
1265 1452 1334 1508 de
1359 1451 1614 1505 libertate
1653 1445 1805 1501 arbi-

223 1558 336 1610 trii.
355 1556 426 1611 Ut
443 1553 685 1607 rationes
705 1552 809 1605 ilize
829 1565 938 1603 non
968 1548 1325 1602 vehementer
1341 1558 1428 1597 me
1445 1539 1803 1600 convincunt,

224 1650 297 1704 ita
327 1647 577 1702 sustineo
606 1641 932 1698 sententiam
960 1656 974 1691 :
996 1636 1204 1708 judicet
1235 1635 1427 1689 lector.

587 1756 614 1827 §
654 1756 739 1810 Ν.
765 1753 907 1824 Opus
943 1751 1191 1804 adversus
1223 1747 1449 1801 Iudicas.

298 1878 339 1932 l.
375 1875 657 1930 Adversus
700 1868 916 1924 Iudaeos
967 1862 1252 1930 scripsisse
1321 1875 1380 1913 se
1424 1855 1804 1911 Theodoretus

225 1976 460 2022 testatur
497 1966 552 2020 in
587 1959 816 2030 epistola
844 1957 965 2016 iis,
995 1953 1064 2007 ad
1099 1959 1344 2005 sanctum
1378 1948 1651 2010 Leonem;
1679 1945 1800 2009 ii6,

226 2063 292 2124 ad
321 2063 629 2120 “enatum;
659 2062 714 2108 et
756 2051 876 2114 MS,
918 2049 982 2104 ad
1015 2045 1316 2100 monachos
1337 2042 1804 2108 Constantinopo~

227 2155 444 2206 litanos.
481 2148 537 2202 Si
562 2145 835 2215 singulare
864 2138 1138 2210 quoddam
1163 2149 1301 2204 opus
1349 2132 1634 2200 intelligat,
1672 2129 1804 2183 illud

227 2242 310 2294 vel
339 2239 558 2310 penitus
587 2235 814 2297 interiit,
845 2231 930 2285 vel
955 2229 1133 2284 alieno
1156 2225 1258 2280 sub
1279 2223 1504 2278 nomine
1529 2221 1808 2290 fugitsen—

297 2425 362 2478 Il.
393 2423 531 2477 Cum
577 2423 959 2472 recenseretur
988 2409 1272 2480 Expositio
1313 2404 1572 2466 Danielis,
1605 2411 1662 2457 et
1684 2417 1806 2457 cum

225 2517 532 2571 referretur
570 2507 943 2563 testimonium
979 2499 1330 2558 Hebed-Jettu
1351 2496 1419 2552 de
1448 2494 1602 2550 libris
1626 2493 1808 2562 T-heo-

227 2606 430 2669 doreti,
455 2602 570 2658 dixi
600 2598 780 2654 videri
810 2610 972 2667 posse
1001 2595 1043 2657 ⁸,
1081 2607 1218 2664 opus
1244 2630 1258 2655 ,
1313 2586 1464 2657 quod
1508 2602 1535 2638 a
1559 2582 1811 2638 Theodo-

226 2707 348 2754 rcto
374 2696 641 2750 adversus
661 2689 876 2746 Judaeos
917 2684 1280 2754 compositum
1299 2688 1404 2742 est,
1449 2692 1559 2731 non
1585 2675 1809 2729 differre

226 2808 259 2846 a
296 2783 724 2846 Commentariis
771 2781 826 2834 in
882 2776 1195 2837 Daniclem,
1234 2780 1326 2826 aut
1357 2770 1522 2824 etiam
1569 2767 1634 2821 in
1676 2766 1810 2820 alios

229 2879 550 2952 prophetas.
605 2875 664 2929 In
705 2871 772 2926 iis
826 2877 974 2923 certe
1014 2866 1102 2929 fit,
1141 2863 1287 2933 quod
1324 2858 1708 2913 Theodoretus
1752 2872 1810 2909 se

228 2946 500 3027 adversus
537 2966 756 3022 Judmos
801 2957 1152 3018 contendisse
1183 2961 1368 3009 narrat
1408 2951 1463 3004 in
1486 2948 1718 3018 epistola
1744 2946 1810 3001 ad
1881 2975 1893 2983 -

232 3057 534 3115 monachos
567 3048 1218 3119 Constantinopolitanos,
1254 3043 1320 3096 dc
1351 3041 1571 3096 Christo
1616 3051 1812 3105 nempe

232 3150 379 3205 edita
405 3147 572 3201 fuisse
599 3144 992 3215 pr0phetarum
1017 3135 1288 3192 vaticinia.
1318 3133 1442 3187 Scio
1467 3145 1576 3184 non
1600 3126 1807 3182 nemini

236 3242 437 3304 visum,
475 3235 998 3293 demonstrationem
1054 3229 1320 3282 adversus
1385 3223 1643 3280 Iudaeos.
1689 3233 1810 3287 qua:

234 3343 317 3388 est
343 3334 489 3386 inter
515 3342 794 3384 sermones
838 3322 1020 3378 Basilii
1050 3315 1432 3376 Seleuciensis,
1457 3327 1578 3366 esse
1607 3310 1711 3363 hoc
1732 3307 1812 3377 ip—

237 3439 358 3477 sum
390 3437 549 3490 opus,
585 3417 731 3488 quod
774 3413 1154 3469 Theodoretus
1185 3405 1355 3460 tradit
1385 3419 1444 3457 se
1487 3408 1678 3456 contra
1711 3399 1809 3453 Ju-

236 3509 783 3579 daeos'composuisse
805 3507 846 3558 ⁸.
891 3502 1030 3558 lluic
1052 3497 1299 3569 opinioni
1341 3495 1485 3550 favet
1514 3490 1662 3561 quod
1696 3490 1812 3543 haec

238 3601 638 3658 demonstratio
663 3598 916 3653 videatur
948 3591 1149 3648 Basilio
1185 3585 1487 3657 supposita,
1514 3590 1570 3638 et
1608 3580 1812 3636 nihilo-

241 3692 431 3746 minus
459 3705 570 3744 non
605 3684 1036 3756 improbabiliter
1082 3678 1273 3734 referri
1313 3683 1478 3745 queat
1521 3672 1589 3727 ad
1634 3669 1814 3741 quinti

241 3783 425 3838 saeculi
478 3787 686 3851 partem
709 3821 723 3843 ,
771 3792 878 3847 qua
911 3774 1144 3829 Basilius
1171 3779 1228 3825 et
1259 3768 1639 3823 Theodoretus
1660 3763 1814 3815 vixe-

241 3883 391 3928 runt.
420 3873 622 3928 Verum
659 3865 1062 3924 hebdomadam
1099 3863 1316 3918 initium
1354 3875 1464 3913 non
1491 3855 1721 3926 perinde
1745 3853 1816 3907 ab

242 3974 480 4032 utroque
500 3959 754 4023 sumitur,
779 3971 955 4026 neque
980 3954 1143 4008 iidem
1164 3951 1289 4006 anni
1305 3949 1471 4022 418
1493 3948 1562 4001 ab
1581 3954 1816 4014 utroque

244 4061 546 4124 ponuntur,
580 4064 756 4118 neque
783 4048 956 4118 stylus
982 4043 1388 4098 Theodoretum
1420 4039 1580 4107 sapit.

569 4160 598 4231 ξ
626 4160 693 4213 ν.
725 4158 864 4229 Opus
915 4157 1162 4210 adversus
1202 4151 1497 4222 Origenem.

317 4273 357 4325 l.
388 4271 578 4339 Neque
608 4267 985 4322 Theodoretus
1023 4263 1256 4334 uspiam,
1287 4275 1462 4330 neque
1506 4259 1647 4311 ullus
1671 4264 1820 4308 vete-

247 4378 393 4425 rum,
422 4362 532 4415 imo
571 4374 673 4413 nec
717 4357 1084 4412 recentiorum
1119 4353 1318 4422 aliquis
1358 4346 1608 4402 meminit
1634 4345 1818 4415 operis

1401 327 1501 390 DE
1539 325 1794 391 LIBRIS
1822 322 2332 387 THEODORETI-

219 455 570 528 potissimum
632 448 985 521 argumentis.
1033 447 1080 500 i.
1121 443 1278 512 Quod
1320 443 1556 514 ipsemet
1605 441 1795 496 Billius
1827 445 1868 502 Α

1970 439 2057 494 Ill.
2118 437 2415 494 Observavi
2453 447 2635 506 porro,
2692 435 2837 506 quod
2894 433 3245 490 admonuisse
3299 437 3480 494 forsan

1894 527 2136 598 juvabit,
2165 526 2570 581 Theodoretum
2596 525 2842 596 magistri
2869 526 2954 580 sui
2979 525 3207 598 vestigia
3227 527 3305 583 sic
3335 545 3484 584 asse—

1900 627 2111 680 cutum,
2147 625 2207 670 ut
2235 617 2448 671 nullum
2481 617 2594 672 fere
2638 624 3044 687 argumentum,
3087 619 3235 688 quod
3268 620 3483 692 attigis-

1901 717 2005 773 set,
2059 709 2323 762 intactum
2381 707 2682 777 reliquerit.
2752 707 3123 764 Nihilominus
3168 710 3295 765 inde
3372 725 3483 767 non

1902 817 2128 856 moveor
2163 800 2230 855 ad
2255 799 2590 856 credendum
2614 799 2678 863 “,
2705 799 2851 869 quod
2885 801 3150 856 adversus
3185 801 3484 875 Origenem

1903 893 2188 964 scripserit
2214 910 2228 946 :
2256 908 2382 946 nam
2411 906 2538 947 eum
2574 906 2678 946 nec
2696 891 2840 946 inter
2866 891 3152 948 haereticos
3183 896 3482 961 recensuit,
3564 945 3570 950 .

1903 983 2015 1040 imo
2030 983 2416 1040 annumeravit
2431 982 2819 1038 haereticorum
2845 982 3352 1054 impugnatoribus;
3383 1001 3490 1041 nec

1903 1077 2222 1132 duriori-bus
2264 1076 2450 1132 verbis
2480 1075 2764 1130 insecutus
2801 1082 2914 1140 est,
2956 1076 3116 1145 cuius
3154 1076 3233 1131 rei
3261 1091 3482 1131 causam

1905 1183 2028 1224 cum
2080 1168 2457 1238 inquirerem,
2505 1167 2846 1234 mirarerque
2906 1175 3130 1235 pr0pter
3175 1175 3483 1236 temporum

1905 1260 2277 1315 conditionem
2307 1266 2363 1313 et
2393 1256 2832 1326 Origenistarum
2883 1255 2950 1310 ab
2978 1255 3362 1310 Alexandrinis
3385 1272 3483 1311 ve-

1905 1352 2203 1413 xationem,
2243 1365 2352 1403 non
2406 1347 2567 1402 aliam
2613 1347 3041 1417 probabiliorem
3083 1346 3284 1415 reperi,
3319 1360 3485 1416 quam

1906 1441 2054 1512 quod
2094 1440 2504 1502 Theodoretus,
2561 1447 2622 1491 ut
2651 1445 2772 1492 erat
2819 1437 3209 1491 monachorum
3242 1435 3488 1492 Orientis

1906 1533 2228 1587 ambitiosus
2247 1532 2476 1593 amicus,
2499 1540 2556 1584 et
2573 1529 2949 1600 Egyptiorum
2971 1529 3265 1597 praesulum
3294 1537 3486 1582 aucto-

1907 1624 2088 1680 ritatis
2122 1640 2230 1678 non
2262 1621 2716 1691 patientissimus,
2751 1636 2859 1674 non
2891 1636 3056 1675 ausus
3085 1627 3171 1674 est
3203 1621 3260 1674 in
3293 1619 3521 1690 Orige-~

1910 1731 2037 1770 nem
2081 1714 2300 1777 invehi;
2346 1713 2605 1782 quoniam
2649 1711 2801 1765 visus
2851 1720 2997 1765 esset
3051 1718 3106 1764 et
3140 1726 3169 1764 a
3204 1709 3487 1764 monachis

1839 1782 1877 1834 Β
1906 1806 2148 1861 Orientis
2194 1805 2522 1867 dissentire,
2569 1802 2712 1872 apud
2745 1817 2885 1871 quos
2921 1810 3041 1855 erat
3075 1802 3130 1855 in
3187 1801 3386 1872 pretio,
3430 1807 3488 1854 et

1905 1896 2286 1952 Alexandrinis
2327 1894 2609 1957 accedere,
2653 1907 2791 1962 quos
2829 1909 2952 1946 cum
2984 1894 3192 1948 Joanne
3215 1892 3486 1946 Hieroso-

1910 1988 2175 2059 lymitano
2219 1987 2272 2039 in
2327 2001 2489 2040 causa
2531 1984 2964 2053 Origenistarum
3013 1997 3284 2053 pugnasse
3314 1994 3486 2034 nove-

1907 2091 2007 2134 rat.

2147 2275 2171 2346 §
2209 2277 2295 2330 Vl.
2329 2277 2469 2329 Libri
2503 2276 2570 2328 ad
2603 2275 2912 2344 quam-tiones
2955 2290 3251 2342 magorum.

1983 2452 2021 2502 l.
2057 2449 2454 2517 Responsionis
2477 2447 2541 2520 ad
2568 2447 2792 2515 qumsita
2811 2462 3115 2514 magorum,
3142 2447 3234 2515 qui
3266 2452 3396 2500 sunt
3431 2447 3486 2500 in

1905 2539 2151 2603 Perside,
2181 2538 2432 2591 meminit
2463 2527 2670 2605 passim'
2709 2535 3105 2599 Theodoretus,
3140 2537 3291 2590 velut
3318 2537 3372 2589 in
3397 2537 3489 2591 lit-

1913 2635 2046 2688 teris
2076 2635 2141 2687 ad
2176 2634 2476 2688 Eusebium
2522 2632 2869 2704 Ancyranum
2896 2632 2936 2662 ¹¹
2972 2650 2982 2684 :
3019 2651 3034 2681 ι
3065 2632 3322 2702 Mysticus
3351 2646 3489 2701 prae-

1913 2736 2058 2780 terea
2093 2726 2330 2795 scriptus
2363 2734 2446 2779 est
2471 2742 2500 2778 a
2525 2723 2685 2777 nobis
2712 2723 2873 2786 li-ber,
2905 2731 2961 2777 et
2984 2723 3075 2776 alii
3099 2722 3166 2776 dc
3186 2721 3487 2776 Providen-

1915 2818 2008 2879 tia,
2046 2824 2100 2871 ct
2122 2817 2188 2870 ad
2226 2817 2451 2885 quaesita
2484 2817 2502 2834 ‘
2525 2829 2806 2882 magorum
2831 2814 2991 2875 alius,
3027 2821 3132 2865 etc.
3165 2811 3232 2865 Et
3256 2811 3321 2864 ad
3347 2811 3488 2865 Leo-

1914 2923 2036 2962 nem
2078 2907 2327 2975 Magnum
2354 2924 2365 2957 :
2403 2925 2419 2954 ‹
2447 2905 2586 2958 Sunt
2613 2904 2767 2971 mihi,
2800 2920 2920 2972 quae
2943 2903 3138 2972 partim
3164 2911 3288 2955 ante
3318 2916 3491 2955 annos

1913 2995 2129 3063 viginti,
2159 2995 2356 3064 partim
2401 3002 2525 3047 ante
2567 2991 2890 3053 octodecim,
2925 2990 3120 3059 partim
3154 2998 3279 3042 ante
3325 2989 3489 3057 quin-

1837 3111 1877 3167 ρ
1914 3087 2112 3148 decim,
2148 3085 2344 3154 partim
2383 3092 2509 3137 ante
2540 3081 2828 3136 duodecim
2861 3080 3050 3148 scripsi
3077 3097 3090 3144 ;
3119 3079 3364 3148 qumdam
3390 3079 3490 3132 ad-

1915 3193 2103 3232 versus
2143 3177 2374 3230 Ariauos
2427 3183 2483 3229 et
2537 3173 2942 3234 Eunomianos,
2993 3169 3241 3239 quaedam
3299 3181 3490 3223 contra

1911 3267 2128 3323 Judazos
2147 3283 2209 3321 ac
2235 3265 2486 3336 gentiles,
2510 3263 2758 3331 quazdam
2783 3268 2974 3314 contra
2999 3274 3203 3328 magos,
3233 3258 3327 3326 qui
3361 3265 3492 3311 sunt

1915 3361 1967 3414 in
1991 3358 2231 3421 Perside,
2257 3377 2272 3407 ι
2293 3366 2398 3411 etc.
2421 3356 2597 3424 Atque
2623 3355 2675 3407 in
2697 3352 2926 3407 Historia
2945 3351 3312 3413 ecclesiastica,
3336 3349 3490 3412 lib.v,

1914 3467 2034 3521 cap.
2063 3450 2130 3503 58
2170 3467 2182 3502 :
2217 3467 2233 3498 ι
2271 3448 2451 3517 Magos
2481 3460 2612 3499 vero
2658 3445 2836 3498 Persa
2869 3449 3069 3496 vocant
3095 3455 3223 3503 eos,
3252 3440 3344 3509 qui
3382 3439 3496 3494 ele-

1915 3550 2097 3613 menta
2148 3540 2280 3594 deos
2325 3539 2552 3600 faciunt,
2589 3535 2825 3605 quorum
2875 3549 2977 3588 nos
3036 3531 3248 3587 fabulas
3292 3531 3399 3586 alio
3437 3531 3494 3584 in

1915 3648 2081 3703 opere
2117 3630 2491 3692 ostendimus,
2540 3627 2594 3681 in
2633 3641 2742 3696 quo
2781 3623 2848 3678 ad
2896 3624 3226 3693 qumstiones
3273 3621 3494 3676 illorum

1916 3725 2244 3781 solutionem
2279 3719 2642 3777 attulimus”.
2679 3737 2697 3770 ι

1992 3817 2054 3871 ιι.
2091 3815 2168 3870 Ex
2210 3813 2298 3867 his
2358 3818 2572 3866 constat
2610 3805 3016 3862 Theodoretum
3061 3803 3232 3873 magis
3271 3816 3498 3872 respon-

1918 3909 2082 3969 disse,
2101 3920 2208 3959 non
2240 3912 2447 3957 tantum
2479 3908 2602 3954 ante
2623 3913 2823 3952 annum
2848 3896 2974 3959 456,
3009 3909 3118 3963 quo
3140 3907 3283 3946 anno
3313 3891 3498 3945 Histo-

1918 3998 1997 4052 ria
2014 3993 2312 4063 composita
2343 3999 2444 4051 est,
2471 3987 2566 4041 sed
2599 3986 2761 4039 etiam
2793 3993 2918 4036 ante
2935 3994 3138 4033 annum
3159 3977 3281 4038 457,
3317 3976 3367 4028 id
3389 3982 3494 4041 est,

1919 4083 2209 4141 duodecim
2234 4077 2393 4134 annis
2416 4084 2470 4129 et
2487 4074 2722 4142 amplius
2743 4080 2867 4124 ante
2885 4069 3066 4122 datam
3085 4066 3151 4120 ad
3169 4063 3334 4135 419
3359 4063 3498 4117 Leo-

1923 4192 2048 4231 nem
2087 4174 2338 4241 Magnum
2366 4165 2652 4236 epistolam
2681 4202 2694 4226 ,
2729 4162 2840 4212 imo
2863 4167 2989 4212 ante
3021 4170 3223 4208 annum
3247 4151 3371 4218 455,
3396 4153 3491 4222 qui

1920 4276 2003 4319 est
2031 4262 2390 4318 duodecimus
2415 4263 2538 4308 ante
2561 4251 2819 4318 scriptam
2851 4245 3088 4301 Eusebio
3122 4243 3433 4312 epistolam.

1991 4355 2078 4408 Ill.
2107 4351 2238 4418 Quae
2262 4347 2467 4403 fuerint
2501 4353 2782 4411 magorum
2828 4334 3078 4406 quzesita,
3107 4333 3355 4387 divinare
3385 4345 3496 4384 non

249 4456 309 4508 in
346 4453 636 4523 Origenem
661 4450 974 4518 conscripti.
1005 4445 1266 4516 Suspicor
1302 4440 1446 4511 apud
1490 4439 1655 4509 Syros
1681 4437 1817 4490 allc-
1851 4436 1894 4490 ἰ)
1923 4445 2090 4508 licet;
2131 4447 2343 4495 constat
2375 4433 2733 4489 nihilominus
2769 4424 3071 4498 frequentia
3117 4425 3324 4489 fuisse;
3369 4438 3495 4476 nam

249 4543 366 4598 rius
397 4541 677 4614 cujusdam
722 4547 937 4609 partum
983 4533 1325 4606 suppositum
1369 4529 1537 4584 fuisse
1569 4526 1821 4581 Theodo-

248 4645 388 4700 reto,
419 4635 815 4702 deceptumque
850 4630 975 4684 inde
1016 4626 1416 4682 liebed-Jesum
1439 4621 1502 4673 ¹⁰.

322 4727 388 4780 ll.
430 4723 660 4793 Scripsit
706 4721 960 4792 quidem,
997 4719 1043 4773 si
1098 4715 1504 4773 Hebed-Jesum
1569 4712 1824 4767 audimus

249 4827 418 4886 atque
445 4815 756 4870 Liberatum
783 4855 796 4879 ,
834 4813 1098 4867 adversus
1131 4809 1456 4879 allegoricos
1504 4803 1826 4860 Theodorus

251 4907 688 4975 Mopsuestenus,
720 4920 829 4958 non
863 4902 1069 4957 idcirco
1097 4910 1277 4955 tamen
1321 4898 1468 4970 credi
1500 4904 1679 4966 potest
1707 4910 1824 4948 ma-

1925 4544 1980 4590 et
2009 4533 2276 4587 Diodorus
2301 4525 2605 4588 Tarsensis,
2649 4529 2703 4576 et
2732 4519 3054 4575 Theodorus
3082 4517 3497 4586 Mopsuestenus

1929 4626 2192 4681 adversus
2224 4634 2408 4690 magos
2433 4613 2700 4686 ejusmodi
2725 4613 3097 4681 disputarunt.

1998 4716 2086 4770 1V.
2109 4713 2315 4783 Opinor
2342 4723 2472 4763 vero
2501 4723 2531 4761 a
2562 4705 2734 4775 magis
2755 4718 2864 4757 non
2889 4701 3036 4771 ipsos
3061 4699 3332 4760 doctores,
3362 4711 3499 4765 quos

1930 4803 2217 4876 appellavi,
2264 4799 2357 4854 sed
2397 4795 2738 4852 Christianos
2776 4792 2832 4846 in
2865 4789 3090 4844 Perside
3149 4787 3496 4846 cxsistentes,

1933 4875 2292 4962 interrogatos
2319 4904 2459 4950 esse,
2491 4885 2584 4955 qui
2616 4892 2804 4953 utpote
2837 4879 3119 4951 neophyti,
3139 4893 3260 4932 cum
3292 4877 3344 4928 in
3387 4875 3500 4929 sel-

251 4996 409 5066 gistri
463 5010 601 5064 opus
631 4994 898 5048 tributum
941 4991 1242 5060 discipulo,
1288 4966 1557 5057 siquidem
1614 4983 1830 5039 ilehed-
1931 4977 2536 5052 vendisqumstionibus
2561 4973 2892 5033 laborarent,
2913 4967 3155 5023 Orientis
3189 4966 3500 5035 magistros,

251 5089 384 5144 Jesu
414 5087 698 5155 utriusque
726 5085 908 5154 operis
947 5081 1214 5142 meminit,
1243 5089 1296 5135 et
1332 5078 1477 5148 quod
1512 5077 1829 5131 Theodore—
1933 5073 2134 5143 quippe
2161 5051 2493 5127 iviciniores,
2533 5061 2916 5123 consulebant,
2957 5057 3090 5126 quid
3124 5051 3352 5109 moleste
3398 5053 3503 5106 sci-

255 5190 365 5243 tus,
397 5188 454 5234 et
478 5179 625 5248 quod
642 5151 964 5231 Theodorus
991 5172 1366 5241 composuisse
1397 5169 1614 5224 dicitur.
1937 5163 2259 5220 scitantibus
2290 5153 2732 5228 respondendum
2764 5151 2907 5206 foret
2931 5151 2995 5202 ”.

1597 5321 1908 5378 SCHULZII
1929 5317 2168 5373 NOTAE.

332 5490 496 5561 fVid.
531 5505 791 5561 supra,p.
823 5488 946 5543 260.
989 5489 1038 5561 _’
1075 5485 1198 5561 Y_i_d.
1227 5483 1460 5561 Fabricii
1508 5479 1757 5561 ῌίὸιίοῑιιἒ
1793 5477 1910 5541 Gr.,
1941 5473 2218 5561 saluuii,
2236 5473 2438 5561 13:133.
2474 5539 2484 5549 _
2523 5465 2729 5561 ιίθοξίά.
2758 5455 3504 5561 ξριέιλθᾶῃρὶἓίξῇὶῖὴὲὲ.

259 5561 301 5641 '_‘
327 5529 496 5641 idem.
517 5529 719 5641 satagit
987 5558 1055 5641 in.
1077 5529 1854 5641 ;§:?é}7';cr’s£¢3c"éle{.,
2125 5529 2135 5540 ἵ
2177 5529 2218 5574 ’⁵
2239 5529 2379 5641 ’γεέῇ
2401 5539 2560 5641 epist.
2590 5535 2677 5641 '82.
2760 5533 2804 5565 ³³
2827 5529 2996 5586 Adde
3016 5529 3200 5641 llocum
3229 5542 3293 5579 ex
3310 5531 3506 5604 quaest.

968 5636 979 5641 -
1401 5621 1439 5641 ιι.
1473 5621 1527 5641 1..
1562 5621 1706 5641 ιη..-
1736 5618 1808 5641 ε..-
1835 5619 1968 5641 :..-....
2024 5617 2036 5641 :
2061 5628 2267 5641 ...η-η...
2388 5625 2452 5641 nn
2493 5623 2586 5641 ιιι-ιι
2616 5605 2628 5641 i
2689 5615 2920 5641 nnnrnm
2953 5614 3014 5641 an
3036 5614 3062 5641 ιι
3107 5608 3369 5641 memoria
3424 5608 3506 5641 νι-

260 5633 282 5685 t
325 5631 376 5686 in
410 5629 738 5686 Leviticum.
780 5627 904 5682 Vid.
926 5599 1079 5685 υιίι,
1109 5641 1164 5694 p.
1193 5623 1350 5694 i767.”
1401 5599 1970 5675 “'ih'iimié'ihuicém
1999 5599 2268 5670 librorum
2301 5599 2654 5666 Theodoreti,
2689 5615 2921 5673 quorum
2953 5599 3369 5694 εοιιιρῐηθωοτίθ
3424 5599 3510 5671 γε»

1831 5687 1842 5694 .
1943 5685 1963 5694 -
2033 5693 2038 5694 ,
2187 5692 2194 5694 ξ
2352 5679 2414 5694 ηη
2471 5679 2511 5694 ..
2704 5685 3049 5694 ----_.--.......
3123 5673 3509 5694 .....................c

263 5661 282 5685 1
325 5661 376 5686 ιιι
410 5661 738 5686 μῠὶιιιιιιιιι.
795 5661 904 5682 νιιι.
969 5661 1009 5680 ι·
1151 5665 1164 5677 ι
1197 5661 1312 5678 1":-
1475 5661 1533 5675 ιιι
1565 5661 1710 5674 ιιι-..πυ
1737 5661 1970 5673 ...υ-νει.-.
2002 5661 2097 5670 -..,-
2116 5661 2164 5666 --
2184 5661 2267 5666 --η
2313 5661 2443 5664 -νκ-
2464 5661 2474 5662 κ
2506 5661 2513 5662 κ

257 5702 420 5756 detur
473 5713 798 5769 superesse,
817 5661 1086 5769 referendi
1111 5661 1251 5748 lsunt
1276 5691 1373 5769 illi.
1404 5705 1637 5769 quorum
1679 5687 1882 5769 mentio
1940 5685 2079 5769 facta
2119 5692 2222 5769 est,
2252 5697 2309 5751 p.
2350 5661 2662 5769 ϐριηριιὶνίἱὲ
2700 5661 3052 5727 accensemus
3077 5661 3510 5720 Commentarios

258 5747 1064 5834 'Jzirii'e'éiitiéi'stir'i’ﬁini’rké
1101 5747 1288 5825 sacrae,
1329 5747 1395 5814 de
1424 5747 1626 5830 quibus
1652 5757 1760 5810 vid.
1809 5753 2086 5817 Lambec,
2129 5753 2166 5806 Ι.
2198 5747 2276 5814 ινζ
2311 5765 2361 5818 p.
2397 5747 2514 5801 i76.
