3956 6298
402 285 505 352 367

1041 386 1270 445 CAPUT
1300 386 1369 442 Χ.

687 480 882 555 Opera,
917 496 1034 554 qua
1063 470 1315 535 Auctario
1354 480 1707 533 continentur.

478 574 523 631 Ι.
575 575 647 632 Ut
678 589 844 645 quam
874 571 1283 628 absolutissima
1322 570 1525 641 potuit,
1552 585 1786 640 operum
1811 569 1996 624 Theo-‘-

390 664 585 735 Idoreti
608 666 861 731 collectio
879 664 1148 737 prodiret,
1175 664 1291 718 visa
1314 670 1447 717 sum
1464 662 1536 718 ad
1555 672 1794 732 quatuor
1817 669 2001 716 tomos

406 778 441 817 a
485 757 783 816 Sirmondo
841 757 1024 813 editos
1078 753 1355 820 addenda,
1408 768 1533 823 quae
1583 752 1995 815 desiderantur,

407 868 639 924 quaque
686 856 992 922 potuerunt
1032 845 1293 905 ltuzcniri.
1327 846 1407 900 Ea
1432 860 1564 899 vero
1607 852 1736 901 sunt
1761 843 1999 898 duorum

318 1002 325 1008 ,
362 1010 382 1018 _
408 957 673 1015 generum
711 959 724 995 :
762 941 871 995 alia
917 939 1067 994 enim
1101 951 1385 1006 nunquam
1420 934 1690 991 hactenus
1733 934 2002 991 viderunt

410 1034 753 1103 lucem;alia
788 1032 1053 1089 viderunt
1101 1030 1349 1101 quidem,
1379 1027 1477 1084 sed
1522 1028 1707 1084 alieno
1750 1028 1855 1083 sub
1899 1042 2000 1083 no-

411 1138 580 1181 mine.

482 1214 548 1271 ll.
590 1214 711 1269 Non
752 1214 934 1284 potuit
987 1222 1172 1269 autem
1230 1210 1453 1281 partitio
1504 1209 1702 1265 melior
1753 1206 2002 1264 Auctarii

412 1306 554 1371 ﬁeri,
587 1322 751 1377 quam
790 1321 913 1377 quas
935 1306 1040 1361 fuit
1083 1319 1316 1374 operum
1340 1319 1370 1357 a
1399 1302 1694 1357 Sirmomlo
1720 1300 1999 1356 instituta.

414 1398 595 1466 Quare
639 1398 707 1453 ad
752 1399 1003 1470 singulos
1029 1406 1207 1453 tomos
1256 1395 1463 1465 aliquid
1492 1394 1737 1459 additur,
1781 1402 2005 1463 praeter.

1248 278 1630 340 GARNERII
1666 276 2299 338 DI‘SSERTATIONIS
2331 276 2389 336 II
2431 277 2838 338 APPENDIX.

3576 276 3699 340 368

2022 390 2068 447 Α
2164 387 2255 442 lll.
2280 388 2501 459 Reliqui
2522 403 2656 459 ergo
2677 385 2810 441 tomi
2834 394 2946 441 tres
2978 400 3126 441 nunc
3146 392 3437 454 augentur,
3465 383 3564 438 sed
3587 385 3696 440 alii

2096 478 2337 547 parcius,
2363 478 2458 533 alii
2482 477 2781 547 copiosius.
2800 475 2881 531 Ad
2905 477 3072 546 primi
3088 475 3452 545 posteriorem
3477 483 3706 545 partem

2097 570 2311 625 accedit
2333 587 2401 626 ex
2447 571 2704 626 Vaticana
2734 569 3074 625 bibliotheca
3119 568 3377 624 nonnihil
3405 570 3706 638 pertinens

2098 659 2167 714 ad
2206 660 2481 726 Psalmos;
2513 677 2581 715 es
2611 671 2821 721 nostra.
2858 658 3305 716 Commentarius
3330 659 3599 730 mysticus
3637 659 3709 715 in

2098 749 2323 807 Cantica
2365 751 2705 807 canticorum
2738 752 2780 784 ¹⁵
2805 767 2822 814 ;
2848 751 2919 807 ad
2962 750 3112 807 tertii
3152 750 3522 820 posteriorem
3550 766 3708 820 quo-

2100 857 2207 912 que
2230 851 2465 913 partem,
2507 844 2752 914 epistola
2782 843 2975 913 viginti
3011 850 3263 912 septem;
3314 842 3386 899 ad
3432 851 3705 914 quartum

2101 953 2383 993 sermones
2416 948 2653 1007 septem,
2681 944 2737 993 et
2760 945 3021 992 tractatus
3042 937 3336 1003 undecim;
3363 953 3473 992 non
3497 953 3709 993 omnes

2101 1038 2288 1086 tamen
2331 1030 2528 1101 bttegri
2550 1070 2565 1096 ,
2609 1029 2704 1085 sed
2736 1030 2985 1085 nonnulli
3021 1030 3288 1085 duntaxat
3326 1031 3386 1086 in
3416 1030 3710 1101 fragmen—

2104 1121 2196 1176 tis.

2172 1213 2263 1283 1V,
2299 1212 2376 1268 De
2391 1213 2623 1283 singulis
2649 1212 3040 1269 additamentis
3062 1213 3364 1283 cepiosius,
3388 1221 3449 1267 ut
3475 1213 3545 1267 de
3571 1212 3708 1268 aliis

2106 1306 2371 1377 operibus
2416 1305 2619 1360 factum
2648 1304 2937 1370 hactenus,
2988 1304 3174 1359 dicere
3212 1304 3352 1358 nihil
3391 1303 3706 1359 admodum

2105 1400 2263 1469 juvat
2291 1415 2306 1451 :
2341 1398 2516 1452 satius
2530 1397 2687 1453 enim
2720 1396 3021 1467 unicuique
3046 1411 3366 1467 praeponere
3394 1411 3552 1451 suam
3573 1410 3711 1451 cen-

415 1506 578 1560 quam
601 1489 671 1544 ad
694 1489 1023 1553 secundum,
1060 1488 1156 1558 qni
1181 1487 1480 1557 prophetas
1504 1499 1699 1542 omnes
1725 1483 2009 1539 sexdecim
2110 1508 2315 1556 suram,
2358 1498 2628 1560 notasque
2673 1490 3011 1561 subjungere
3036 1530 3050 1555 ,
3091 1498 3258 1558 atque
3289 1489 3364 1543 ita
3404 1486 3707 1543 consulere

417 1581 800 1651 complectitur
825 1599 840 1647 ;
866 1596 993 1636 nam
1014 1578 1413 1634 Commentarii
1436 1578 1491 1631 in
1526 1576 1744 1639 Isaiam,
1767 1575 1863 1646 qui
1896 1591 2008 1631 non
2110 1581 2334 1636 lectoris
2356 1580 2553 1645 labori,
2583 1594 2694 1650 quo
2720 1578 3002 1634 fastidiose
3024 1578 3274 1649 requirat
3299 1578 3519 1648 procul,
3554 1575 3711 1632 unde

418 1672 692 1727 habentur
708 1672 938 1744 integri,
971 1671 1069 1727 sed
1095 1686 1165 1726 ex
1198 1670 1331 1725 solis
1364 1668 1588 1724 Catenis
1614 1668 1830 1722 collecti
1855 1675 2006 1734 sunt,
2112 1682 2413 1744 praesentes
2450 1672 2623 1739 locos,
2651 1672 2696 1728 si
2719 1671 3093 1727 dilIicultatem
3122 1677 3333 1735 creent,
3356 1669 3580 1725 facilius
3613 1669 3709 1724 in-

421 1761 525 1817 etsi
551 1762 872 1835 diligentius
888 1761 1190 1834 conquisiti
1213 1761 1342 1826 sint,
1377 1759 1613 1831 reperiri
1651 1767 1836 1814 tamen
1863 1775 2001 1815 nus-
2045 1750 2084 1803 Β
2118 1765 2336 1836 telligat.
2394 1763 2603 1820 Suilicit
2632 1780 2763 1833 ergo
2792 1763 3039 1819 Auctarii
3092 1762 3361 1835 syllabum
3401 1760 3712 1826 exhibere,

421 1869 589 1923 quam
618 1862 937 1925 potuerunt.
2119 1855 2411 1911 recensitis
2431 1856 2734 1927 sigillatim,
2757 1870 2879 1927 quae
2933 1854 3165 1925 singulis
3206 1852 3369 1908 tomis
3400 1850 3713 1910 adduntur.

1775 2011 2103 2067 SCHULZII
2143 2011 2376 2066 NOTAE.

497 2109 542 2143 ”
568 2109 689 2166 Non
720 2110 871 2167 stetit
899 2109 1205 2166 Gamerius
1239 2109 1549 2180 promissis.
1570 2108 1696 2166 Vid.
1729 2124 1784 2179 p.
1818 2108 1919 2162 271

1082 2464 2286 2584 DISSERTATIONIS
2374 2465 2622 2579 SEC
2646 2465 3073 2583 UNDE

1733 2703 2393 2794 APPENDIX.

868 2907 955 2969 De
989 2910 1232 2985 septem
1269 2899 1544 2978 Dialogis
1575 2898 1872 2961 adversus
1900 2896 2185 2971 Arianos,
2206 2894 2693 2960 Macedonianos
2730 2902 2791 2960 et
2812 2897 3307 2979 Apollinaristas.

1464 3174 1631 3249 520
1667 3178 2097 3241 ADMONITIO
2133 3179 2234 3238 AD
2268 3177 2693 3239 LECTOREM.

510 3442 786 3499 Harduini
816 3441 979 3511 culpa
1004 3439 1272 3496 accidisse
1300 3439 1543 3503 videtur,
1568 3446 1630 3492 ut
1652 3439 1783 3494 huic
1808 3439 2123 3494 tractationi
2154 3438 2366 3509 pariter
2388 3455 2452 3495 ac
2479 3436 2758 3508 sequenti,
2794 3450 2927 3505 ,qum
2955 3433 3026 3491 de
3052 3435 3159 3492 ﬁde
3185 3434 3521 3493 Theodoreti
3550 3452 3734 3507 expo-

443 3530 546 3595 nit,
581 3547 783 3588 nomen
803 3529 1220 3587 Dissertationis
1247 3530 1418 3584 tertia:
1467 3528 1883 3584 inscriberetur.
1910 3529 2367 3599 Prospiciendum
2386 3529 2495 3584 fuit
2521 3544 2590 3583 ne
2614 3527 2781 3598 hujus
2812 3529 3021 3583 erroris
3051 3526 3281 3601 vestigia
3305 3527 3362 3583 in
3378 3528 3732 3585 nostraedi.

446 3622 588 3678 tione
611 3632 799 3679 essent
820 3621 1065 3692 reliqua;
1092 3628 1211 3676 erat
1231 3620 1377 3675 enim
1400 3619 1696 3675 admodum
1714 3616 2081 3685 molestum,si
2110 3620 2180 3674 ad
2208 3619 2653 3677 dissertationem
2675 3618 2890 3673 tertiam
2910 3618 3229 3676 remittendi
3250 3628 3438 3675 essent
3462 3620 3730 3676 lectores.

436 3711 629 3769 Visum
658 3723 744 3770 est
769 3714 954 3784 itaque
980 3714 1126 3768 hanc
1159 3712 1227 3767 de
1244 3711 1487 3783 quinque
1516 3710 1751 3783 dialogis
1779 3711 2163 3767 tractationem
2206 3711 2586 3767 dissertationi
2625 3710 2883 3764 secundae
2918 3709 3095 3765 instar
3139 3709 3472 3780 Appendicis
3495 3713 3737 3782 subjun-

436 3819 590 3878 gere.
627 3803 742 3860 Hoc
772 3790 1065 3879 consilium
1089 3804 1398 3874 argumenti
1426 3803 1733 3858 similitudo
1774 3803 2060 3858 suadebat.
2096 3803 2307 3874 Dialogi
2328 3803 2476 3858 enim
2503 3802 2616 3867 isti,
2643 3817 2784 3871 quos
2806 3802 3031 3872 plurimi
3061 3802 3387 3866 Athanasio,
3421 3802 3738 3859 Garnerius

437 3896 810 3961 Theodoreto,
831 3895 1065 3951 aliicum
1092 3895 1337 3961 Petavio,
1361 3894 1696 3951 Combefisio
1717 3905 1772 3950 et
1800 3894 2039 3965 Dupinio
2073 3895 2284 3949 rectius
2313 3894 2551 3950 Maximo
2603 3893 2963 3950 vindicandos
3005 3910 3131 3950 esse
3174 3904 3457 3966 putarunt,
3482 3896 3592 3951 illis
3624 3913 3739 3953 an.

436 3987 767 4046 numerandi
790 3996 920 4043 sunt
942 3987 1120 4052 libris,
1152 3987 1220 4041 de
1246 4002 1483 4057 quorum
1511 3996 1736 4042 auctore
1757 3986 1939 4041 adhuc
1968 3986 2071 4041 sub
2096 3986 2283 4056 judice
2313 3985 2384 4040 lis
2405 3996 2510 4041 est.
2567 3986 2628 4041 lu
2669 3994 2821 4042 tanta
2862 3987 3048 4056 itaque
3068 3986 3407 4058 judiciorum
3429 3989 3735 4057 varietate,

436 4092 494 4140 et
514 4085 644 4154 quia
673 4082 976 4140 Garnerius
1007 4082 1200 4154 peritis
1225 4082 1422 4137 harum
1452 4098 1639 4138 rerum
1667 4082 1892 4137 arbitris
1914 4082 2205 4137 veritatem
2235 4083 2569 4152 conjecturae
2612 4098 2725 4138 suae
2753 4084 3088 4153 persuadere
3111 4099 3222 4140 non
3246 4083 3439 4150 valuit,
3471 4085 3615 4140 hanc
3636 4071 3737 4140 in;

439 4171 804 4248 gredi‘endam
836 4192 959 4232 esse
986 4176 1306 4246 putavimus
1331 4176 1500 4242 viam,
1533 4185 1615 4241 ut,
1650 4175 1831 4230 deleto
1854 4190 2019 4245 quem
2049 4173 2225 4228 editio
2254 4174 2409 4245 prior
2436 4175 2675 4231 habebat
2704 4177 2884 4241 titulo,
2914 4178 3059 4232 hanc
3104 4177 3490 4234 tractationem
3525 4177 3739 4233 inscri-

439 4269 697 4326 bcremus
727 4267 1079 4338 Appendicem
1095 4283 1194 4322 seu
1215 4266 1674 4337 Supplementum
1704 4266 1772 4322 ad
1798 4266 2203 4322 dissertationis
2230 4266 2533 4337 superioris
2555 4275 2721 4339 caput
2744 4278 3020 4324 octavum.
3051 4269 3350 4326 Mutandus
3374 4286 3595 4341 quoque
3617 4269 3730 4326 fuit

439 4358 613 4425 locus,
643 4376 807 4432 quem
854 4360 1054 4430 dialogi
1084 4360 1173 4414 isti
1205 4361 1262 4414 in
1281 4361 1524 4416 editione
1549 4362 1718 4431 priori
1747 4358 2027 4417 tenebant.
2061 4361 2209 4416 Inter
2237 4360 2380 4416 hanc
2408 4369 2464 4416 et
2493 4370 2816 4433 sequentem
2856 4365 3243 4420 tractationem
3299 4365 3463 4435 positi
3486 4364 3734 4433 prolixi-

444 4461 556 4511 tate
581 4467 681 4507 sua
736 4450 1096 4505 morabantur
1134 4451 1399 4519 lectorem
1430 4451 1486 4505 in
1514 4450 1922 4520 perlustrandis
1968 4449 2056 4504 his
2084 4448 2336 4505 Garnerii
2372 4450 2857 4507 dissertationibus
2881 4462 3215 4509 versantem.
3254 4454 3460 4509 Locum
3493 4453 3603 4509 illis
3625 4455 3730 4509 de-

445 4543 566 4599 beri
595 4551 856 4612 putamus
881 4548 1006 4612 post
1048 4540 1495 4596 dissertationem
1515 4543 1789 4610 ultimam,
1807 4558 1904 4598 seu
1928 4542 2202 4612 quintam.
2227 4541 2592 4615 Adjungimus
2640 4546 2825 4618 itaque
2859 4547 2985 4603 illos
3019 4548 3389 4613 sermonibus,
3416 4563 3558 4618 quos
3592 4546 3734 4604 Gar-

446 4634 640 4690 nerius
668 4632 936 4689 Eutherio
963 4630 1238 4705 Tyanensi
1267 4632 1486 4689 tribuit.

516 4903 558 4960 ι.
588 4901 783 4959 Tradit
810 4897 1197 4956 Theodoretus
1232 4916 1291 4956 se
1324 4907 1518 4955 contra
1571 4901 1826 4970 Arianos,
1852 4903 2039 4960 Euno-
2065 4907 2111 4969 c
2141 4904 2279 4975 gias,
2313 4905 2635 4976 rabiemque
2689 4904 3009 4972 Marcionis,
3043 4905 3216 4961 libros
3243 4907 3375 4962 olim
3420 4913 3735 4981 composui,

448 4994 684 5061 mianos,
718 4992 1142 5050 Macedonianos
1171 5000 1228 5048 et
1253 4993 1674 5065 Apollinaristas
1702 4996 1990 5068 scripsisse
2016 5015 2031 5065 ;

448 5083 515 5138 ad
544 5097 752 5153 eosque
790 5081 986 5146 libros,
1019 5096 1145 5137 cum
1176 5090 1553 5149 accusaretur,
1585 5085 1737 5140 velut
1762 5085 1830 5140 ad
1853 5094 2035 5142 certos

448 5178 564 5239 suae
606 5172 735 5230 ﬁdei
776 5180 946 5230 testes
995 5182 1280 5244 provocat.
1336 5173 1510 5245 Epist.
1573 5175 1683 5230 82:
1722 5193 1741 5227 ‹
1771 5176 1904 5244 Quae
1936 5177 2037 5235 Dei

449 5263 627 5337 gratia
683 5272 791 5330 est,
840 5272 899 5319 et
936 5262 1236 5334 prophetas
1267 5277 1462 5319 omnes
1490 5266 1909 5322 commentariis
1935 5282 2035 5323 ex-

449 5352 629 5423 posui,
663 5360 720 5408 et
764 5352 1112 5419 Psalterium,
1168 5361 1225 5408 et
1285 5352 1629 5424 Apostolum,
1685 5364 1742 5411 et
1769 5356 2037 5414 adversus

448 5440 683 5516 Arianos
732 5456 797 5498 ac
835 5440 1260 5498 Macedonianos
1286 5483 1301 5508 ,
1349 5451 1406 5498 ct
1441 5443 1777 5513 Apollinaris
1820 5447 2036 5515 praesti-

2139 5009 2197 5054 ct
2225 4997 2283 5053 in
2318 4997 2552 5070 singulis
2587 4997 2746 5054 libris
2793 4998 3231 5055 ecclesiasticum
3257 5001 3455 5073 dogma
3488 5019 3589 5074 per
3633 5004 3735 5060 Dei

2137 5085 2371 5157 gratiam
2399 5086 2599 5143 elucet.
2621 5106 2640 5139 ι
2677 5088 2854 5158 Epist.
2882 5088 2986 5144 H3
3021 5106 3033 5142 :
3082 5108 3098 5141 ι
3120 5089 3319 5146 lubeat
3343 5094 3609 5149 sanctitas
3637 5111 3737 5151 re-

2136 5188 2251 5235 stra
2282 5195 2370 5235 me
2400 5179 2468 5236 ad
2495 5196 2595 5237 vos
2632 5182 2847 5247 venire,
2879 5191 2936 5238 et
2965 5182 3273 5240 doctrinam
3304 5199 3483 5240 meam
3515 5196 3740 5257 aposto-

2135 5269 2261 5326 licis
2312 5272 2562 5343 vestigiis
2612 5273 2974 5330 inhaerentem
3024 5274 3344 5332 ostendere.
3394 5276 3538 5334 Sunt
3582 5278 3740 5335 enim

2138 5360 2295 5426 mihi,
2341 5377 2465 5432 qua:
2540 5366 2744 5434 partim
2808 5373 2937 5421 ante
2993 5380 3171 5423 annos
3246 5367 3464 5439 viginti,
3528 5370 3736 5440 partim

2137 5459 2264 5506 ante
2318 5455 2646 5524 octodecim,
2698 5457 2902 5527 partim
2971 5467 3098 5513 ante
3157 5457 3475 5530 quindecim
3506 5463 3551 5529 ',
3602 5477 3742 5534 par-

1800 5597 2118 5658 SCH‘ULZH
2159 5602 2388 5665 NOTAE.

522 5720 541 5752 ⁸
571 5718 722 5775 Part.
752 5727 874 5775 ante
902 5717 1084 5789 quind.
1110 5716 1238 5774 Haec
1265 5715 1492 5772 aberant
1520 5716 1588 5772 ab
1618 5717 1860 5775 editione
1886 5717 2087 5790 priori.
