3956 6298
230 251 347 314 369

924 257 1020 318 DE
1065 260 1417 324 DIALOGIS
1449 265 1615 324 ADV.
1656 261 2006 338 ARIANOS,
2049 265 2650 341 MACE‘DONIANOS,
2689 268 2848 328 ETC.
3409 273 3513 335 370

231 369 337 422 tim
389 377 522 422 ante
567 365 721 440 5.21
755 369 1044 425 duodecim
1097 375 1314 444 scripsi,
1349 376 1595 445 quazdam
1638 384 1830 432 contra
1859 382 1906 438 Α
2001 378 2087 450 VI.
2121 377 2270 433 Hanc
2302 394 2477 434 meam
2527 379 2856 434 sententiam
2893 387 2951 432 ut
2985 379 3108 433 aliis
3131 382 3510 449 persuadeam,

232 461 478 516 Arianos
524 470 582 515 et
631 461 1022 526 Eunomianos,
1057 484 1072 515 ι
1109 474 1216 520 etc.
1270 466 1446 536 Epist.
1482 469 1619 522 H6:
1661 487 1679 518 ‹
1734 467 1825 521 Li-

230 554 371 608 bros
416 553 617 623 scripsi
665 554 900 623 amplius
949 556 1170 627 triginta
1214 559 1478 615 adversus
1527 559 1718 615 Arium
1771 567 1827 614 et

235 645 574 700 Eunomium
611 686 624 709 ,
709 646 974 700 adversus
1044 648 1373 704 Marcionem
1455 659 1512 707 et
1572 651 1827 706 Macedo-

231 739 417 798 nium.
457 757 477 790 ›
506 746 613 792 etc.
648 738 834 804 Etlib.
858 755 891 794 v
920 738 1301 796 IIwreticarum
1334 742 1659 814 fabularum,
1687 759 1736 797 c.
1770 742 1825 806 2,

231 829 388 899 quod
439 836 526 883 est
575 829 644 883 de
705 828 844 882 Filio
881 831 1203 902 unigenito:
1243 851 1260 884 ‹
1301 833 1408 888 Sed
1444 835 1512 888 de
1538 835 1606 888 iis
1637 850 1737 888 nos
1773 833 1829 888 in

233 920 325 984 iis,
359 937 488 991 quae
517 921 780 976 adversus
811 921 998 976 Arium
1030 933 1085 978 et
1115 925 1445 980 Eunomium
1470 927 1792 996 scripsimus
1813 967 1826 990 ,

231 1014 469 1082 copiose
519 1013 902 1070 disseruimus.
960 1033 977 1064 ι
1014 1015 1083 1069 Et
1131 1031 1250 1086 cap.
1297 1032 1413 1086 seq.
1464 1017 1609 1087 quod
1648 1025 1734 1072 est
1763 1017 1830 1072 de

233 1104 460 1174 Spiritu
509 1114 726 1167 sancto,
759 1106 918 1175 cujus
961 1122 1085 1160 cum
1117 1107 1462 1163 divinitatem
1508 1109 1825 1178 probasset:

239 1213 259 1245 ‹
289 1197 366 1250 At
400 1196 573 1260 enim,
605 1196 812 1259 subdit,
841 1195 908 1249 de
936 1197 1142 1266 Spiritu
1190 1209 1380 1253 sancto
1411 1199 1677 1253 adversus
1713 1201 1832 1269 ejus

235 1289 424 1359 gratia
468 1288 765 1342 destitutos
809 1288 1096 1343 haereticos
1140 1298 1252 1344 tres
1299 1290 1471 1344 libros
1504 1293 1829 1361 conscripsi,

236 1387 294 1431 et
356 1391 834 1446 supervacaneum
891 1377 1150 1432 existimo
1203 1394 1516 1432 sermonem
1571 1381 1675 1434 hoc
1711 1381 1832 1434 loco

236 1469 582 1538 producere.
624 1487 641 1519 ι

313 1559 386 1614 Π.
414 1559 572 1614 Circa
601 1560 717 1614 hzec
759 1561 1072 1614 testimonia
1123 1561 1357 1616 observo
1394 1580 1407 1616 :
1441 1563 1706 1628 Primum,
1740 1579 1832 1617 or-

239 1649 433 1702 dinem
466 1651 559 1717 qui
594 1649 646 1702 in
672 1649 1025 1702 recensendis
1055 1650 1322 1718 operibus
1362 1661 1611 1704 servatur
1637 1651 1833 1705 adver-

1930 471 2282 526 ostendendte
2333 481 2462 526 sunt
2493 472 2772 542 sigillatim
2825 487 2921 526 sex
2947 479 3132 542 partes
3159 471 3244 528 ει.
3287 471 3418 538 Qua!
3461 482 3515 529 et

1931 563 2086 634 cujus
2139 563 2402 632 temporis
2459 563 2737 633 agitentur
2777 563 2833 617 in
2875 562 3106 633 dialogis
3144 563 3512 633 quaestiones;

1931 656 1986 709 2.
2017 670 2179 723 quam
2216 654 2461 708 incertus
2511 654 2680 708 fuerit
2723 655 2778 708 in
2817 653 2966 708 hunc
3014 670 3187 724 usque
3217 653 3362 708 diem
3416 670 3514 709 au~

1933 752 2078 806 ctor;
2105 743 2158 797 5.
2191 744 2338 813 quod
2361 745 2429 798 ab
2461 760 2570 797 uno
2588 759 2778 798 omnes
2801 744 2912 798 sint
2933 744 3223 813 compositi
3247 763 3261 809 ;
3282 745 3333 798 ι.
3365 743 3513 814 quod

1934 851 2076 890 unus
2105 836 2195 890 ille
2220 844 2412 890 auctor
2443 835 2598 890 sitab
2627 835 2954 889 Athanasio‘
2976 835 3260 899 diversus;
3284 835 3334 889 5.
3368 835 3513 905 quod

1935 937 2128 981 auctor
2159 926 2502 997 dialogorum
2561 929 2633 982 sit
2667 929 2920 982 diversus
2978 944 3008 982 a
3048 927 3282 982 Maximo
3323 944 3514 983 mona-

1935 1017 2108 1083 cho‘;
2139 1017 2192 1071 6.
2227 1017 2375 1087 quod
2401 1033 2592 1072 omnes
2625 1034 2761 1088 quas
2801 1018 3186 1073 Theodorelus
3215 1019 3373 1074 libris
3402 1020 3516 1076 suis

1937 1106 2198 1160 adversus
2244 1105 2476 1162 Arianos
2500 1147 2514 1172 ,
2566 1106 2984 1161 Macedonianos
3011 1113 3066 1158 et
3095 1104 3515 1175 Apollinaristas

1938 1197 2160 1266 apponit
2192 1206 2349 1252 notas
2369 1239 2383 1262 ,
2413 1198 2500 1252 his
2529 1207 2738 1267 septem
2778 1196 3010 1265 dialogis
3033 1194 3279 1264 apprime
3315 1209 3518 1250 conve-

1938 1290 2114 1343 niant.

1945 1404 1973 1475 §
2017 1405 2057 1458 Ι.
2086 1402 2216 1468 Qua:
2247 1414 2294 1457 et
2326 1405 2481 1473 cujus
2509 1403 2757 1475 temporis
2792 1403 3123 1475 quastionos
3163 1401 3430 1470 agitentur
3457 1400 3516 1454 in

2601 1471 2850 1542 dialogis.

2012 1565 2051 1618 Ῑ.
2091 1564 2150 1618 In
2182 1564 2291 1618 illis
2315 1572 2524 1632 septem
2549 1562 2798 1632 dialogis,
2821 1572 2880 1616 ut
2905 1578 2969 1616 ex
3002 1561 3238 1616 lectione
3259 1565 3514 1628 apertum

1941 1662 2043 1720 est,
2079 1662 2316 1722 quatuor
2339 1653 2562 1706 omnino
2590 1657 2979 1720 oppugnantur
3010 1644 3278 1709 lueretici,
3318 1656 3517 1713 nempe

240 1756 337 1794 sus
372 1740 621 1803 Arianos,
649 1738 1054 1793 Macedonianos
1081 1749 1125 1792 et
1148 1739 1830 1810 Apollinaristas.Deinde,
1865 1738 1907 1792 Β
1938 1745 1991 1798 in
2037 1743 2254 1798 duobus
2302 1741 2582 1812 prioribus
2628 1741 2817 1795 Aetius
2852 1748 3015 1810 atque
3062 1735 3385 1799 Eunomius,
3419 1732 3516 1804 qui

238 1833 440 1886 Arium
491 1845 616 1885 cum
656 1831 924 1885 Eunomio
975 1831 1164 1901 jungi,
1224 1830 1458 1886 Arianos
1489 1848 1613 1886 cum
1646 1833 1834 1886 Euno-

238 1918 470 1981 mianis,
501 1917 554 1971 id
586 1927 690 1980 est,
715 1933 842 1971 cum
860 1917 1012 1986 puris
1043 1917 1281 1981 Arianis,
1313 1917 1409 1986 qui
1432 1918 1682 1972 Anomuzi
1701 1918 1832 1972 dicti

240 2020 404 2066 sunt.
435 2011 646 2069 Tertio.
681 2018 797 2063 tres
823 2008 997 2063 libros
1019 2010 1280 2063 adversus
1309 2009 1835 2063 Pneumatomachos

241 2102 543 2158 brercticos
573 2116 602 2154 a
633 2100 982 2154 Theodorelo
1039 2115 1158 2154 esse
1187 2100 1544 2168 conscriptos.
1605 2099 1831 2164 Quarto,

243 2193 654 2264 priestigiarum
676 2191 1007 2261 Apollinaris
1029 2191 1251 2245 nomine
1281 2190 1506 2259 intelligi
1532 2191 1830 2259 captiones,

241 2286 514 2348 fallacias,
548 2285 897 2352 rationesque
920 2282 1268 2352 sophisticas,
1295 2283 1496 2351 quibus
1523 2282 1613 2336 ille
1645 2282 1829 2336 homi—

242 2393 344 2432 nes
382 2376 569 2430 minus
594 2375 841 2428 eruditos
871 2373 1126 2442 decipere
1157 2373 1385 2427 solebat.

313 2464 410 2519 Ill.
436 2465 699 2530 Quamvis
735 2464 802 2516 de
850 2463 938 2517 his
967 2463 1124 2516 libris
1154 2463 1420 2517 adversus
1441 2461 1692 2526 Arianos,
1725 2463 1835 2516 Ma-

244 2557 588 2612 cedonianos
604 2564 660 2609 et
675 2554 1092 2624 Apollinaristas
1108 2554 1487 2610 Theodorctus
1504 2565 1611 2608 tam
1645 2564 1833 2624 aperte

243 2653 535 2721 loquatur;
568 2664 746 2718 neque
777 2648 1010 2702 Photius
1039 2656 1241 2712 tamen,
1270 2663 1448 2716 neque
1469 2644 1832 2716 Nicephorus,

245 2757 434 2811 neque
467 2740 630 2802 ullus,
663 2739 809 2809 quod
863 2739 1053 2802 sciam,
1085 2747 1334 2793 veterum
1369 2739 1701 2793 mentionem
1737 2753 1834 2792 eo-

247 2848 374 2886 rum
409 2830 559 2886 fecit.
611 2831 724 2884 imo
753 2845 864 2884 non
907 2830 1132 2885 memini
1178 2846 1264 2884 me
1321 2831 1536 2900 legere,
1580 2831 1747 2884 etiam
1778 2831 1832 2884 in

245 2924 497 2988 Catenis,
529 2923 828 2992 quidquam
860 2922 987 2976 inde
1015 2921 1346 2991 productum
1378 2939 1391 2974 :
1423 2923 1640 2976 tametsi
1669 2938 1835 2992 opor-

251 3016 428 3070 tuerit
456 3013 930 3070 elucubratissima
959 3029 1079 3067 esse
1116 3029 1284 3083 opera
1319 3054 1332 3077 ,
1387 3029 1507 3083 quae
1539 3023 1692 3068 tanto
1723 3029 1837 3068 am-

249 3107 373 3161 bitu
411 3105 789 3160 Theodoretus
817 3103 1170 3174 deprz'edicet.

313 3199 412 3255 IV.
447 3198 573 3253 Haec
602 3213 726 3252 cum
759 3196 1025 3250 attentius
1051 3194 1453 3265 perpenderem
1482 3196 1840 3264 mirarerque,

249 3291 412 3347 venit
441 3291 499 3344 in
549 3298 786 3343 mentem
819 3287 1123 3357 inquirere,
1154 3302 1222 3340 an
1255 3287 1597 3342 interiissent
1633 3287 1721 3340 illa
1746 3302 1843 3356 pe-

252 3384 433 3446 nitus,
474 3389 537 3435 ut
569 3380 704 3434 nihil
745 3380 987 3449 supersit
1007 3388 1207 3448 praeter
1229 3377 1587 3443 memoriam;
1615 3393 1683 3431 an
1709 3377 1847 3431 inte~

251 3491 348 3545 gra
382 3473 620 3528 laterent
649 3470 873 3536 alicubi,
899 3469 995 3524 sed
1028 3469 1208 3523 alieno
1225 3469 1329 3523 sub
1349 3467 1592 3523 nomine.
1626 3469 1845 3522 Postre-

253 3581 414 3622 mum
453 3564 509 3619 id
541 3564 676 3618 mihi
731 3563 911 3617 visum
957 3569 1042 3616 est
1091 3559 1437 3624 credibilius,
1497 3574 1668 3629 reque
1717 3557 1846 3614 dili—

253 3658 483 3730 gentius
523 3671 761 3726 expensa
791 3653 1060 3717 conclusi,
1093 3651 1342 3722 dialogos
1391 3650 1517 3705 illos
1557 3659 1770 3720 septem
1802 3651 1844 3715 ‘,

252 3751 349 3821 qui
382 3749 742 3819 reperiuntur
769 3747 823 3800 in
856 3753 1005 3799 tomo
1049 3745 1294 3799 secundo
1317 3743 1558 3813 Operum
1601 3743 1847 3797 Athana-

255 3845 351 3907 sii,
388 3841 595 3912 quique
625 3840 696 3893 ab
726 3839 848 3893 aliis
873 3836 1194 3900 Athanasio,
1217 3836 1284 3890 ab
1313 3834 1434 3888 aliis
1462 3834 1695 3888 Maximo
1733 3849 1851 3888 mo-

255 3933 443 3988 nacho
484 3919 821 3992 tribuuntur,
862 3941 973 3981 non
1007 3924 1255 3978 diversos
1294 3939 1415 3978 esse
1447 3940 1475 3976 a
1515 3923 1675 3977 libris
1711 3937 1850 3993 quos

255 4024 650 4081 Theodoretus
696 4036 754 4075 se
815 4019 1080 4074 adversus
1113 4017 1348 4072 Arianos
1378 4057 1392 4080 ,
1454 4016 1847 4082 Eunomianos,

257 4114 797 4183 Macedonianosque
842 4120 898 4166 et
951 4109 1369 4180 Apollinaristas
1409 4108 1697 4178 scripsisse
1731 4123 1848 4162 me-

260 4217 466 4264 morat.

334 4300 404 4354 ν.
456 4298 514 4351 in
552 4298 700 4350 hanc
733 4294 1048 4364 opinionem
1091 4293 1216 4347 veni
1271 4291 1359 4345 his
1407 4291 1519 4346 fere
1566 4288 1846 4360 gradibus.

1935 1838 2324 1890 Anomaaorum
2354 1843 2644 1904 parentes;
2677 1831 2734 1885 in
2761 1831 2947 1895 tertio,
2989 1837 3142 1884 sexto
3171 1837 3227 1882 et
3257 1825 3511 1896 septimo,

1935 1925 2305 1987 Macedonius,
2337 1924 2429 1993 qui
2465 1921 3089 1978 Pneumatomachorum
3132 1917 3424 1987 princeps;
3457 1914 3513 1968 in

1936 2016 2165 2086 reliquis
2197 2015 2446 2078 duobus,
2501 2012 2894 2083 Apollinarius,
2928 2018 3022 2064 aut
3067 2006 3512 2078 Apollinariipo-

1938 2107 2046 2160 tius
2083 2114 2403 2169 sectatores,
2429 2119 2662 2174 quorum
2693 2103 2916 2174 triginta
2947 2102 3172 2172 argutia:
3191 2099 3366 2153 forma
3403 2098 3514 2170 syl-

1935 2199 2182 2269 logistica
2221 2205 2625 2267 proponuntur,
2667 2203 2724 2250 et
2769 2195 2838 2249 ab
2867 2193 3174 2249 orthodoxe
3197 2191 3512 2246 solvuntur.

2005 2289 2069 2343 li.
2112 2289 2171 2342 In
2225 2288 2404 2356 primo
2435 2287 2671 2357 agitatur
2713 2285 2892 2339 obiter
2919 2283 3312 2337 Anomoeorum
3362 2293 3515 2349 qua-

1935 2383 2041 2437 stio
2063 2381 2129 2436 de
2163 2380 2477 2450 cognitione
2501 2379 2620 2443 Dei,
2650 2378 2732 2433 An
2768 2375 2983 2447 perinde
3020 2377 3086 2428 sit
3115 2383 3266 2427 notus
3298 2371 3516 2435 homini,

1935 2476 2098 2528 etiam
2129 2472 2363 2536 mortali,
2396 2489 2457 2525 ac
2486 2472 2595 2542 ipse
2631 2470 2769 2524 sibi:
2800 2477 2915 2524 tum
2949 2467 3240 2537 diligenter
3269 2464 3519 2534 disputa-

1937 2574 2022 2620 tur
2042 2565 2117 2619 De
2144 2565 2380 2634 Ingenito
2419 2571 2465 2616 et
2506 2561 2712 2618 Genito.
2731 2559 2860 2627 Quae
2883 2558 3005 2613 duae
3031 2557 3362 2628 quaestiones
3389 2565 3521 2611 nro-

1935 2658 2020 2713 cul
2051 2657 2220 2712 dubio
2246 2655 2312 2710 ad
2340 2654 2501 2709 linem
2526 2653 2710 2725 quarti
2750 2652 2954 2714 saeculi,
2979 2649 3268 2719 quintique
3301 2645 3521 2700 initium

1934 2758 2182 2822 spectant
2220 2755 2391 2804 :sunt
2436 2747 2582 2800 enim
2616 2753 2778 2799 moue
2833 2743 2903 2798 ab
2945 2741 3110 2797 Aetio
3145 2749 3200 2794 et
3251 2736 3521 2792 Eunomia

1934 2843 2075 2897 Aetii
2095 2841 2384 2911 discipulo,
2409 2853 2642 2908 quorum
2681 2846 3000 2907 postremus
3041 2831 3179 2887 obiit
3207 2844 3351 2884 anno
3377 2826 3516 2881 592.

1935 2949 2280 3004 quorumque
2305 2939 2607 2985 sectatores
2619 2926 2868 2982 Anomuai
2889 2924 3019 2979 dicti
3044 2930 3193 2977 sunt.
3226 2921 3334 2974 Hos
3355 2922 3523 2987 porro

1943 3024 2178 3080 Basilius
2208 3022 2310 3077 sub
2338 3020 2562 3074 nomine
2584 3018 3076 3078 E‘unomianorum,
3117 3010 3524 3080 Gregoriusque

1948 3116 2226 3187 Nyssenus
2257 3121 2312 3168 et
2345 3111 2772 3182 Chrysostomus
2806 3107 2910 3162 sub
2966 3105 3189 3159 nomine
3230 3103 3530 3154 Anommo-

1949 3224 2070 3262 rum
2110 3205 2484 3261 confutarunt.
2521 3201 2732 3272 Dialogi
2777 3200 2888 3254 duo
2919 3198 3156 3269 priores,
3207 3194 3274 3250 de
3323 3191 3527 3263 quibus

1949 3311 2130 3351 sermo
2155 3301 2257 3358 est,
2284 3308 2409 3348 cum
2455 3291 2737 3347 Anomceis
2759 3289 3067 3354 habentur;
3102 3302 3225 3357 quae
3254 3293 3403 3341 secta
3418 3282 3529 3337 fuit

1948 3383 2054 3439 illis
2079 3383 2420 3453 temporibus
2446 3381 2757 3437 notissima.

2016 3477 2105 3531 Ill.
2138 3476 2200 3530 In
2228 3474 2410 3539 tertio,
2451 3481 2607 3529 sexto
2631 3485 2686 3528 et
2716 3474 2973 3544 septimo,
3000 3471 3076 3524 De
3101 3468 3329 3541 Spiritus
3358 3466 3528 3522 sancti

1947 3565 2239 3628 divinitate,
2255 3573 2412 3634 atque
2425 3565 2586 3617 etiam
2602 3560 2796 3617 Christi
2811 3563 3013 3626 anima,
3032 3557 3403 3615 controversia
3415 3571 3530 3611 mo-

1948 3665 2126 3711 vetur.
2141 3655 2271 3722 Quae
2293 3652 2415 3708 duae
2433 3652 2767 3722 quaestiones
2787 3650 3090 3706 Macedonii
3125 3658 3254 3705 sunt
3273 3645 3526 3719 proprie,

1950 3753 2010 3799 ut
2051 3745 2252 3816 partim
2293 3760 2362 3800 ex
2406 3743 2528 3799 aliis
2569 3743 2974 3814 scriptoribus,
3011 3743 3314 3813 partim‘ex
3357 3741 3529 3798 Mario

1947 3834 2250 3891 Mercatore
2300 3835 2586 3891 discimus.
2625 3835 2774 3890 Vixit
2811 3843 2996 3889 autem
3040 3833 3395 3890 Macedonius
3425 3827 3528 3889 sub

1950 3927 2115 3984 ﬁnem
2138 3928 2319 3999 quarti
2351 3928 2538 3983 saeculi
2573 3946 2585 3982 :
2619 3927 2902 3996 depositus
2927 3931 3077 3980 certe
3111 3933 3195 3980 est
3227 3938 3372 3978 anno
3400 3921 3526 3987 560,

1949 4027 2005 4074 et
2038 4019 2330 4073 damnatus
2363 4017 2418 4072 in
2456 4017 2694 4072 concilio
2724 4032 2762 4069 ιι
2811 4015 3177 4076 (ΒΟΠΙΪΙΘΠῙΟΟ,
3211 4027 3356 4066 anno
3398 4011 3525 4069 581.

1950 4108 2185 4162 Hzeresis
2209 4116 2392 4161 tamen
2426 4105 2602 4175 viguit
2637 4104 2818 4158 adhuc
2863 4111 3052 4171 postea
3074 4143 3087 4165 ,
3138 4109 3196 4155 ut
3231 4116 3297 4154 ex
3332 4114 3528 4156 conse-

1950 4199 2235 4269 quentium
2253 4207 2564 4266 temporum
2586 4195 2817 4249 historia
2834 4200 3068 4260 constat,
3092 4207 3403 4263 quanquam
3426 4193 3531 4246 mi-

1951 4305 2055 4349 nus,
2084 4289 2370 4343 turbarum
2396 4287 2654 4343 excitavit
2681 4293 2803 4355 post
2825 4299 3029 4339 annum
3051 4285 3173 4340 450.

264 4389 647 4446 Animadverti
667 4388 930 4458 primum,
949 4401 1070 4454 qua:
1101 4385 1154 4438 in
1178 4383 1408 4453 singulis
1438 4381 1670 4452 dialogis
1697 4396 1847 4450 quaz-
1881 4409 1928 4468 ο
2021 4380 2110 4435 IV.
2141 4380 2201 4434 In
2227 4385 2424 4449 quarto
2447 4387 2503 4433 et
2526 4377 2720 4447 quinto
2746 4375 3016 4430 refellitur
3049 4375 3275 4430 haeresis
3296 4373 3529 4429 Ariano-

265 4482 477 4537 stiones
505 4487 877 4534 moverentur.
915 4477 1076 4541 Tum,
1109 4489 1274 4544 quam
1305 4473 1550 4527 incertus
1591 4472 1758 4526 fuerit
1792 4471 1851 4526 in

265 4575 419 4628 hunc
457 4588 631 4642 usque
677 4571 823 4626 diem
880 4569 1123 4639 ipsorum
1172 4574 1384 4621 auctor.
1419 4566 1648 4628 Postea,
1681 4579 1851 4618 unum

263 4680 392 4721 esse
422 4665 662 4718 omnium
693 4670 996 4716 auctorem.
1026 4659 1255 4722 Deinde,
1285 4658 1433 4712 hunc
1469 4665 1750 4712 auctorem
1784 4655 1852 4710 ab

266 4755 570 4810 Athanasio
589 4753 833 4816 diﬂ'erre,
864 4760 1029 4821 atque
1053 4750 1220 4805 etiam
1243 4764 1272 4802 a
1302 4747 1536 4802 Maximo
1555 4745 1849 4802 monacho.

268 4845 540 4915 Denique,
571 4862 679 4900 non
714 4845 882 4899 alium
912 4841 1137 4897 omnino
1164 4855 1307 4904 esse,
1340 4854 1502 4909 quam
1540 4837 1854 4894 Theodore-

271 4947 417 5001 lum,
448 4935 893 5007 quandoquidem
924 4947 1136 4996 omnes,
1163 4945 1299 5000 quas
1327 4929 1440 4984 suis
1473 4929 1631 4983 libris
1654 4928 1850 4984 adver-

271 5047 370 5086 sus
393 5029 644 5092 Arianos,
675 5026 1094 5083 Macedonianos
1134 5033 1190 5079 et
1232 5021 1650 5092 Apollinaristas
1681 5035 1852 5090 appo-

271 5122 357 5175 nit
411 5119 572 5192 422
621 5127 819 5182 notas,
869 5116 1117 5186 apprime
1164 5113 1495 5168 conveniant
1523 5110 1611 5166 his
1641 5120 1850 5190 septem

271 5212 526 5281 dialogis,
554 5225 790 5280 quorum
823 5209 1066 5278 quinque
1095 5204 1419 5260 Theodorus
1445 5203 1607 5268 Beza,
1638 5202 1853 5258 Sculte-

274 5314 366 5359 tus
387 5304 526 5359 duos
556 5303 784 5357 Latinos
809 5301 996 5356 fecit'.

1955 4488 2098 4536 rum,
2149 4485 2366 4525 necnon
2421 4467 2958 4540 Apollinaristarum,
3008 4466 3078 4522 de
3115 4465 3296 4522 Verbo
3341 4463 3531 4520 divino

1954 4563 2215 4633 fungente
2237 4560 2452 4615 vicibus
2482 4559 2538 4614 in
2559 4557 2796 4630 .Christo
2830 4557 2946 4612 sive
2979 4557 3149 4612 totius
3184 4555 3402 4620 animas,
3433 4554 3530 4624 qui

1952 4653 2282 4708 Arianorum
2322 4666 2512 4717 error;
2540 4650 2655 4705 sive
2682 4648 2852 4704 solius
2874 4649 3096 4712 mentis,
3127 4646 3222 4717 qui
3248 4645 3530 4717 Apollina-

1956 4749 2043 4802 rii.
2078 4745 2172 4800 Hac
2208 4745 2331 4800 duae
2380 4745 2712 4815 quaastiones
2763 4741 2867 4798 sub
2917 4739 3080 4795 ﬁnem
3123 4739 3303 4809 quarti
3344 4735 3530 4792 saeculi

1959 4847 2096 4893 orta:
2163 4843 2322 4901 sunt,
2375 4843 2432 4890 et
2478 4834 2782 4898 damnatae,
2836 4833 2894 4886 in
2947 4829 3182 4886 concilio
3225 4827 3448 4900 quidem
3501 4842 3532 4880 ι

1957 4928 2118 5001 423
2165 4927 2419 4982 Patribus
2461 4921 3085 4994 Constantinopolitanis
3110 4928 3255 4974 anno
3295 4917 3418 4982 38!,
3474 4915 3531 4972 in

1952 5019 2114 5073 libris
2152 5025 2334 5071 autem
2379 5014 2448 5070 ab
2494 5012 2830 5075 Athanasio,
2874 5009 3242 5071 Nazianzeno,
3288 5005 3529 5076 Cyrillo.

1955 5111 2187 5181 aliisque
2213 5108 2402 5180 quarti
2427 5103 2677 5177 quintive
2697 5102 2903 5158 saeculi.

2026 5203 2092 5258 ν.
2143 5198 2521 5257 Animadverti
2583 5195 2784 5252 deinde
2845 5193 3148 5249 recensitas
3203 5189 3532 5261 quaestiones

1958 5307 2113 5347 suam
2144 5289 2426 5353 habuisse,
2460 5301 2624 5357 quam
2657 5291 2933 5356 gererent,
2955 5289 3200 5347 etatem,
3234 5277 3531 5350 tandiuque

1613 5406 1924 5478 scnutzu
1963 5403 2194 5460 nom.
2229 5463 2246 5473 __

347 5531 374 5561 "
399 5531 540 5586 Solis
566 5529 898 5600 coniecturis
923 5529 1038 5583 haec
1068 5527 1255 5600 opinio
1283 5525 1496 5581 nititur.
1521 5524 1651 5590 Quae
1670 5524 1735 5600 ἐξ
1770 5523 1983 5600 codicis
2007 5519 2288 5590 cujusdam
2312 5514 2782 5600 ‘auc‘torrit’a‘tefut
2795 5509 3182 5600 Ian‘tiq‘ttiorpin

277 5573 780 5657 calculohxhrrgg
797 5573 2452 5669 posseijimzijorem"merci-etin;ﬁdemiinfhoc'consentipnt
2504 5573 3015 5669 editpreshBened..
3049 5578 3113 5631 ad
3152 5573 3542 5638 Athanasium,

281 5649 1308 5742 ῐῖίῐῖίιῖῐῖῑὶῖςιῗ’Ἶῖνίίὶζῖῖἶῆι,
1333 5649 1471 5736 gs;
1534 5663 1557 5695 ι
1585 5664 1734 5728 Quod
1760 5695 1827 5703 —

1948 5665 2131 5716 nacho.
2162 5649 2302 5713 Haec
2326 5657 2549 5711 aberant
2581 5651 2648 5706 ab
2679 5649 3043 5720 edit..priori.
