  <div class='ocr_page' id='page_1' title='image "/cluster/home/n/w/nwhite01/storage/ocr_20150623/84/pst.000005712830/193.png"; bbox 0 0 3956 6298; ppageno 0'>
   <div class='ocr_carea' id='block_1_1' title="bbox 427 201 3692 273">
    <p class='ocr_par' dir='ltr' id='par_1_1' title="bbox 427 201 3692 273">
     <span class='ocr_line' id='line_1_1' title="bbox 427 201 3692 273; baseline -0.002 -3"><span class='ocrx_word' id='word_1_1' title='bbox 427 214 528 273; x_wconf 75' lang='grc' dir='ltr'>3ῗ1</span> <span class='ocrx_word' id='word_1_2' title='bbox 1274 207 1655 271; x_wconf 68' lang='lat' dir='ltr'>GARNERH</span> <span class='ocrx_word' id='word_1_3' title='bbox 1688 205 2319 268; x_wconf 66' lang='lat' dir='ltr'>DISSERTATIONIS</span> <span class='ocrx_word' id='word_1_4' title='bbox 2360 205 2419 265; x_wconf 88' lang='grc' dir='ltr'>ΙΙ</span> <span class='ocrx_word' id='word_1_5' title='bbox 2453 202 2865 270; x_wconf 72' lang='lat' dir='ltr'>APPENDIX.</span> <span class='ocrx_word' id='word_1_6' title='bbox 3580 201 3692 264; x_wconf 76' lang='lat'>37?.</span> 
     </span>
    </p>
   </div>
   <div class='ocr_carea' id='block_1_2' title="bbox 424 309 3799 394">
    <p class='ocr_par' dir='ltr' id='par_1_2' title="bbox 424 309 3799 394">
     <span class='ocr_line' id='line_1_2' title="bbox 424 309 3799 394; baseline -0.002 -18"><span class='ocrx_word' id='word_1_7' title='bbox 424 324 656 394; x_wconf 73' lang='lat' dir='ltr'>agitatas</span> <span class='ocrx_word' id='word_1_8' title='bbox 690 320 1095 385; x_wconf 78' lang='lat' dir='ltr'>vehementius,</span> <span class='ocrx_word' id='word_1_9' title='bbox 1125 319 1301 374; x_wconf 90' lang='lat' dir='ltr'>donec</span> <span class='ocrx_word' id='word_1_10' title='bbox 1347 318 1539 390; x_wconf 89' lang='lat' dir='ltr'>ingens</span> <span class='ocrx_word' id='word_1_11' title='bbox 1569 317 1659 374; x_wconf 85' lang='lat' dir='ltr'>illa</span> <span class='ocrx_word' id='word_1_12' title='bbox 1689 317 1757 372; x_wconf 89' lang='lat' dir='ltr'>de</span> <span class='ocrx_word' id='word_1_13' title='bbox 1789 316 2014 374; x_wconf 81' lang='lat' dir='ltr'>Christo</span> <span class='ocrx_word' id='word_1_14' title='bbox 2045 320 2082 375; x_wconf 79' lang='grc' dir='ltr'><strong>Α</strong></span> <span class='ocrx_word' id='word_1_15' title='bbox 2114 326 2237 385; x_wconf 84' lang='lat' dir='ltr'>post</span> <span class='ocrx_word' id='word_1_16' title='bbox 2265 316 2500 390; x_wconf 76' lang='lat' dir='ltr'>synodos</span> <span class='ocrx_word' id='word_1_17' title='bbox 2531 318 2773 389; x_wconf 78' lang='lat' dir='ltr'>scribere</span> <span class='ocrx_word' id='word_1_18' title='bbox 2802 313 3001 376; x_wconf 84' lang='lat' dir='ltr'>libros,</span> <span class='ocrx_word' id='word_1_19' title='bbox 3021 309 3231 380; x_wconf 80' lang='lat' dir='ltr'>quibus</span> <span class='ocrx_word' id='word_1_20' title='bbox 3254 310 3465 367; x_wconf 77' lang='lat' dir='ltr'>ratione</span> <span class='ocrx_word' id='word_1_21' title='bbox 3504 312 3712 371; x_wconf 66' lang='lat' dir='ltr'>suade.</span> <span class='ocrx_word' id='word_1_22' title='bbox 3774 309 3799 337; x_wconf 67' lang='grc' dir='ltr'><strong>ί</strong></span> 
     </span>
    </p>
   </div>
   <div class='ocr_carea' id='block_1_3' title="bbox 426 404 3719 485">
    <p class='ocr_par' dir='ltr' id='par_1_3' title="bbox 426 404 3719 485">
     <span class='ocr_line' id='line_1_3' title="bbox 426 404 3719 485; baseline -0.002 -16"><span class='ocrx_word' id='word_1_23' title='bbox 426 414 731 485; x_wconf 81' lang='lat' dir='ltr'>contentio,</span> <span class='ocrx_word' id='word_1_24' title='bbox 758 428 924 484; x_wconf 89' lang='lat' dir='ltr'>quam</span> <span class='ocrx_word' id='word_1_25' title='bbox 977 410 1263 467; x_wconf 82' lang='lat' dir='ltr'>Nestorius</span> <span class='ocrx_word' id='word_1_26' title='bbox 1288 418 1345 465; x_wconf 92' lang='lat' dir='ltr'>et</span> <span class='ocrx_word' id='word_1_27' title='bbox 1376 410 1654 481; x_wconf 87' lang='lat' dir='ltr'>Eutyches</span> <span class='ocrx_word' id='word_1_28' title='bbox 1694 413 2009 471; x_wconf 81' lang='lat' dir='ltr'>moverhnt,</span> <span class='ocrx_word' id='word_1_29' title='bbox 2115 418 2256 474; x_wconf 89' lang='lat' dir='ltr'>rent,</span> <span class='ocrx_word' id='word_1_30' title='bbox 2288 409 2435 479; x_wconf 91' lang='lat' dir='ltr'>quod</span> <span class='ocrx_word' id='word_1_31' title='bbox 2462 408 2789 464; x_wconf 89' lang='lat' dir='ltr'>auctoritate</span> <span class='ocrx_word' id='word_1_32' title='bbox 2820 405 3063 461; x_wconf 78' lang='lat' dir='ltr'>Ecclesia</span> <span class='ocrx_word' id='word_1_33' title='bbox 3095 404 3435 472; x_wconf 87' lang='lat' dir='ltr'>sanciverat;</span> <span class='ocrx_word' id='word_1_34' title='bbox 3463 406 3719 478; x_wconf 81' lang='lat' dir='ltr'>denique</span> 
     </span>
    </p>
   </div>
   <div class='ocr_carea' id='block_1_4' title="bbox 427 496 3718 576">
    <p class='ocr_par' dir='ltr' id='par_1_4' title="bbox 427 496 3718 576">
     <span class='ocr_line' id='line_1_4' title="bbox 427 496 3718 576; baseline -0.002 -16"><span class='ocrx_word' id='word_1_35' title='bbox 427 505 716 576; x_wconf 82' lang='lat' dir='ltr'>occupavit</span> <span class='ocrx_word' id='word_1_36' title='bbox 759 504 992 568; x_wconf 87' lang='lat' dir='ltr'>animos,</span> <span class='ocrx_word' id='word_1_37' title='bbox 1037 501 1477 571; x_wconf 81' lang='lat' dir='ltr'><strong>industriamque</strong></span> <span class='ocrx_word' id='word_1_38' title='bbox 1523 510 1875 555; x_wconf 88' lang='lat' dir='ltr'>tractatorum</span> <span class='ocrx_word' id='word_1_39' title='bbox 1920 515 2012 554; x_wconf 89' lang='lat' dir='ltr'>ec-</span> <span class='ocrx_word' id='word_1_40' title='bbox 2114 516 2225 556; x_wconf 89' lang='lat' dir='ltr'>non</span> <span class='ocrx_word' id='word_1_41' title='bbox 2269 501 2422 572; x_wconf 90' lang='lat' dir='ltr'>prius</span> <span class='ocrx_word' id='word_1_42' title='bbox 2450 500 2679 556; x_wconf 86' lang='lat' dir='ltr'>desiisse</span> <span class='ocrx_word' id='word_1_43' title='bbox 2709 496 3154 553; x_wconf 72' lang='lat' dir='ltr'>uniusmaterize</span> <span class='ocrx_word' id='word_1_44' title='bbox 3187 497 3504 563; x_wconf 55' lang='lat' dir='ltr'>tractanda,</span> <span class='ocrx_word' id='word_1_45' title='bbox 3537 514 3718 568; x_wconf 85' lang='lat' dir='ltr'>quam</span> 
     </span>
    </p>
   </div>
   <div class='ocr_carea' id='block_1_5' title="bbox 429 584 3723 661">
    <p class='ocr_par' dir='ltr' id='par_1_5' title="bbox 429 584 3723 661">
     <span class='ocr_line' id='line_1_5' title="bbox 429 584 3723 661; baseline -0.001 -12"><span class='ocrx_word' id='word_1_46' title='bbox 429 594 863 650; x_wconf 86' lang='lat' dir='ltr'>clesiastieorum</span> <span class='ocrx_word' id='word_1_47' title='bbox 924 590 1189 647; x_wconf 82' lang='lat' dir='ltr'>exercuit.</span> <span class='ocrx_word' id='word_1_48' title='bbox 1231 589 1421 660; x_wconf 87' lang='lat' dir='ltr'>Neque</span> <span class='ocrx_word' id='word_1_49' title='bbox 1467 591 1614 643; x_wconf 89' lang='lat' dir='ltr'>enim</span> <span class='ocrx_word' id='word_1_50' title='bbox 1667 599 1854 659; x_wconf 89' lang='lat' dir='ltr'>postea</span> <span class='ocrx_word' id='word_1_51' title='bbox 1901 584 2014 643; x_wconf 86' lang='lat' dir='ltr'>fere</span> <span class='ocrx_word' id='word_1_52' title='bbox 2115 589 2221 644; x_wconf 88' lang='lat' dir='ltr'>alia</span> <span class='ocrx_word' id='word_1_53' title='bbox 2253 590 2474 660; x_wconf 81' lang='lat' dir='ltr'>majoris</span> <span class='ocrx_word' id='word_1_54' title='bbox 2498 605 2599 661; x_wconf 88' lang='lat' dir='ltr'>pro</span> <span class='ocrx_word' id='word_1_55' title='bbox 2643 598 2887 659; x_wconf 86' lang='lat' dir='ltr'>tempore</span> <span class='ocrx_word' id='word_1_56' title='bbox 2914 586 3180 641; x_wconf 87' lang='lat' dir='ltr'>momenti</span> <span class='ocrx_word' id='word_1_57' title='bbox 3211 587 3278 641; x_wconf 84' lang='lat' dir='ltr'>ad</span> <span class='ocrx_word' id='word_1_58' title='bbox 3326 602 3723 650; x_wconf 74' lang='lat' dir='ltr'>segem-roses</span> 
     </span>
    </p>
   </div>
   <div class='ocr_carea' id='block_1_6' title="bbox 429 677 3718 754">
    <p class='ocr_par' dir='ltr' id='par_1_6' title="bbox 429 677 3718 754">
     <span class='ocr_line' id='line_1_6' title="bbox 429 677 3718 754; baseline -0.002 -12"><span class='ocrx_word' id='word_1_59' title='bbox 429 684 499 743; x_wconf 87' lang='lat' dir='ltr'>de</span> <span class='ocrx_word' id='word_1_60' title='bbox 538 684 670 754; x_wconf 86' lang='lat' dir='ltr'>ipsis</span> <span class='ocrx_word' id='word_1_61' title='bbox 713 692 895 738; x_wconf 87' lang='lat' dir='ltr'>actum</span> <span class='ocrx_word' id='word_1_62' title='bbox 937 690 1040 745; x_wconf 88' lang='lat' dir='ltr'>est,</span> <span class='ocrx_word' id='word_1_63' title='bbox 1086 681 1192 736; x_wconf 87' lang='lat' dir='ltr'>nisi</span> <span class='ocrx_word' id='word_1_64' title='bbox 1242 680 1532 737; x_wconf 82' lang='lat' dir='ltr'>occasione</span> <span class='ocrx_word' id='word_1_65' title='bbox 1568 680 1793 735; x_wconf 77' lang='lat' dir='ltr'>haeresis</span> <span class='ocrx_word' id='word_1_66' title='bbox 1841 678 2013 749; x_wconf 83' lang='lat' dir='ltr'>Euty-</span> <span class='ocrx_word' id='word_1_67' title='bbox 2119 677 2246 734; x_wconf 84' lang='lat' dir='ltr'>ﬁdei</span> <span class='ocrx_word' id='word_1_68' title='bbox 2271 680 2586 745; x_wconf 82' lang='lat' dir='ltr'>defensores</span> <span class='ocrx_word' id='word_1_69' title='bbox 2610 680 2882 745; x_wconf 84' lang='lat' dir='ltr'><strong>traheret;</strong></span> <span class='ocrx_word' id='word_1_70' title='bbox 2908 679 3045 737; x_wconf 85' lang='lat' dir='ltr'>adeo</span> <span class='ocrx_word' id='word_1_71' title='bbox 3070 687 3130 732; x_wconf 91' lang='lat' dir='ltr'>ut</span> <span class='ocrx_word' id='word_1_72' title='bbox 3151 679 3535 749; x_wconf 84' lang='lat' dir='ltr'>ehronologica</span> <span class='ocrx_word' id='word_1_73' title='bbox 3558 696 3718 750; x_wconf 71' lang='lat' dir='ltr'>quae-</span> 
     </span>
    </p>
   </div>
   <div class='ocr_carea' id='block_1_7' title="bbox 432 762 3713 844">
    <p class='ocr_par' dir='ltr' id='par_1_7' title="bbox 432 762 3713 844">
     <span class='ocr_line' id='line_1_7' title="bbox 432 762 3713 844; baseline -0.002 -15"><span class='ocrx_word' id='word_1_74' title='bbox 432 762 810 844; x_wconf 71' lang='lat' dir='ltr'>ehianae,qure</span> <span class='ocrx_word' id='word_1_75' title='bbox 839 773 1158 844; x_wconf 82' lang='lat' dir='ltr'>Apollinarii</span> <span class='ocrx_word' id='word_1_76' title='bbox 1201 774 1419 829; x_wconf 84' lang='lat' dir='ltr'>soboles</span> <span class='ocrx_word' id='word_1_77' title='bbox 1449 771 1696 843; x_wconf 66' lang='lat' dir='ltr'>quaedam</span> <span class='ocrx_word' id='word_1_78' title='bbox 1735 771 2021 825; x_wconf 79' lang='lat' dir='ltr'>nonnullis</span> <span class='ocrx_word' id='word_1_79' title='bbox 2119 766 2243 843; x_wconf 78' lang='lat' dir='ltr'>dam</span> <span class='ocrx_word' id='word_1_80' title='bbox 2294 770 2568 825; x_wconf 82' lang='lat' dir='ltr'>sententia</span> <span class='ocrx_word' id='word_1_81' title='bbox 2595 769 2725 825; x_wconf 83' lang='lat' dir='ltr'>ferri</span> <span class='ocrx_word' id='word_1_82' title='bbox 2764 769 2956 840; x_wconf 82' lang='lat' dir='ltr'>possit,</span> <span class='ocrx_word' id='word_1_83' title='bbox 2988 776 3044 824; x_wconf 87' lang='lat' dir='ltr'>et</span> <span class='ocrx_word' id='word_1_84' title='bbox 3086 768 3155 824; x_wconf 90' lang='lat' dir='ltr'>de</span> <span class='ocrx_word' id='word_1_85' title='bbox 3199 766 3493 827; x_wconf 68' lang='lat' dir='ltr'>haeresium</span> <span class='ocrx_word' id='word_1_86' title='bbox 3522 778 3713 833; x_wconf 63' lang='lat' dir='ltr'>aetate,</span> 
     </span>
    </p>
   </div>
   <div class='ocr_carea' id='block_1_8' title="bbox 434 866 690 919">
    <p class='ocr_par' dir='ltr' id='par_1_8' title="bbox 434 866 690 919">
     <span class='ocr_line' id='line_1_8' title="bbox 434 866 690 919; baseline 0 0"><span class='ocrx_word' id='word_1_87' title='bbox 434 866 550 919; x_wconf 85' lang='lat' dir='ltr'>visa</span> <span class='ocrx_word' id='word_1_88' title='bbox 586 873 690 919; x_wconf 90' lang='lat' dir='ltr'>est.</span> 
     </span>
    </p>
   </div>
   <div class='ocr_carea' id='block_1_9' title="bbox 405 951 2017 1027">
    <p class='ocr_par' dir='ltr' id='par_1_9' title="bbox 405 951 2017 1027">
     <span class='ocr_line' id='line_1_9' title="bbox 405 951 2017 1027; baseline -0.004 -15"><span class='ocrx_word' id='word_1_89' title='bbox 405 986 409 997; x_wconf 75' lang='grc' dir='ltr'>ι</span> <span class='ocrx_word' id='word_1_90' title='bbox 505 957 589 1012; x_wconf 81' lang='lat' dir='ltr'>Vl.</span> <span class='ocrx_word' id='word_1_91' title='bbox 632 956 764 1011; x_wconf 92' lang='lat' dir='ltr'>lnde</span> <span class='ocrx_word' id='word_1_92' title='bbox 796 956 931 1010; x_wconf 93' lang='lat' dir='ltr'>mihi</span> <span class='ocrx_word' id='word_1_93' title='bbox 962 955 1200 1027; x_wconf 90' lang='lat' dir='ltr'>primum</span> <span class='ocrx_word' id='word_1_94' title='bbox 1231 955 1385 1010; x_wconf 90' lang='lat' dir='ltr'>venit</span> <span class='ocrx_word' id='word_1_95' title='bbox 1412 955 1469 1008; x_wconf 90' lang='lat' dir='ltr'>in</span> <span class='ocrx_word' id='word_1_96' title='bbox 1506 960 1771 1017; x_wconf 81' lang='lat' dir='ltr'>mentem,</span> <span class='ocrx_word' id='word_1_97' title='bbox 1801 951 2017 1022; x_wconf 87' lang='lat' dir='ltr'>opinari</span> 
     </span>
    </p>
   </div>
   <div class='ocr_carea' id='block_1_10' title="bbox 430 1045 2016 1119">
    <p class='ocr_par' dir='ltr' id='par_1_10' title="bbox 430 1045 2016 1119">
     <span class='ocr_line' id='line_1_10' title="bbox 430 1045 2016 1119; baseline -0.004 -15"><span class='ocrx_word' id='word_1_98' title='bbox 430 1047 776 1119; x_wconf 83' lang='lat' dir='ltr'>dialogorum</span> <span class='ocrx_word' id='word_1_99' title='bbox 814 1054 1121 1114; x_wconf 86' lang='lat' dir='ltr'>auctorem,</span> <span class='ocrx_word' id='word_1_100' title='bbox 1174 1055 1302 1101; x_wconf 83' lang='lat' dir='ltr'>ante</span> <span class='ocrx_word' id='word_1_101' title='bbox 1345 1046 1730 1101; x_wconf 77' lang='lat' dir='ltr'>haereticorum</span> <span class='ocrx_word' id='word_1_102' title='bbox 1759 1045 2016 1109; x_wconf 90' lang='lat' dir='ltr'>duorum,</span> 
     </span>
    </p>
   </div>
   <div class='ocr_carea' id='block_1_11' title="bbox 370 1136 2023 1211">
    <p class='ocr_par' dir='ltr' id='par_1_11' title="bbox 370 1136 2023 1211">
     <span class='ocr_line' id='line_1_11' title="bbox 370 1136 2023 1211; baseline -0.003 -16"><span class='ocrx_word' id='word_1_103' title='bbox 370 1138 375 1143; x_wconf 31' lang='grc' dir='ltr'>θ</span> <span class='ocrx_word' id='word_1_104' title='bbox 430 1155 570 1209; x_wconf 89' lang='lat' dir='ltr'>quos</span> <span class='ocrx_word' id='word_1_105' title='bbox 609 1139 744 1205; x_wconf 81' lang='lat' dir='ltr'>dixi,</span> <span class='ocrx_word' id='word_1_106' title='bbox 776 1139 1011 1194; x_wconf 83' lang='lat' dir='ltr'>Nestorii</span> <span class='ocrx_word' id='word_1_107' title='bbox 1059 1148 1115 1193; x_wconf 90' lang='lat' dir='ltr'>et</span> <span class='ocrx_word' id='word_1_108' title='bbox 1152 1138 1436 1211; x_wconf 85' lang='lat' dir='ltr'>Eutychis,</span> <span class='ocrx_word' id='word_1_109' title='bbox 1472 1138 1663 1192; x_wconf 82' lang='lat' dir='ltr'>turbas</span> <span class='ocrx_word' id='word_1_110' title='bbox 1705 1136 2023 1206; x_wconf 83' lang='lat' dir='ltr'>scripsisse,</span> 
     </span>
    </p>
   </div>
   <div class='ocr_carea' id='block_1_12' title="bbox 368 1226 2020 1302">
    <p class='ocr_par' dir='ltr' id='par_1_12' title="bbox 368 1226 2020 1302">
     <span class='ocr_line' id='line_1_12' title="bbox 368 1226 2020 1302; baseline -0.004 -15"><span class='ocrx_word' id='word_1_111' title='bbox 368 1286 379 1294; x_wconf 84' lang='grc'><em>,</em></span> <span class='ocrx_word' id='word_1_112' title='bbox 433 1243 597 1302; x_wconf 87' lang='lat' dir='ltr'>atque</span> <span class='ocrx_word' id='word_1_113' title='bbox 642 1230 779 1285; x_wconf 90' lang='lat' dir='ltr'>adeo</span> <span class='ocrx_word' id='word_1_114' title='bbox 816 1245 915 1299; x_wconf 90' lang='lat' dir='ltr'>per</span> <span class='ocrx_word' id='word_1_115' title='bbox 953 1231 1004 1283; x_wconf 93' lang='lat' dir='ltr'>id</span> <span class='ocrx_word' id='word_1_116' title='bbox 1040 1230 1322 1299; x_wconf 87' lang='lat' dir='ltr'>temporis,</span> <span class='ocrx_word' id='word_1_117' title='bbox 1357 1227 1503 1298; x_wconf 88' lang='lat' dir='ltr'>quod</span> <span class='ocrx_word' id='word_1_118' title='bbox 1547 1243 1578 1282; x_wconf 90' lang='lat' dir='ltr'>a</span> <span class='ocrx_word' id='word_1_119' title='bbox 1608 1227 1840 1281; x_wconf 91' lang='lat' dir='ltr'>concilio</span> <span class='ocrx_word' id='word_1_120' title='bbox 1869 1243 1904 1281; x_wconf 88' lang='grc' dir='ltr'>ιι</span> <span class='ocrx_word' id='word_1_121' title='bbox 1952 1226 2020 1281; x_wconf 91' lang='lat' dir='ltr'>ad</span> 
     </span>
    </p>
   </div>
   <div class='ocr_carea' id='block_1_13' title="bbox 2118 860 3710 931">
    <p class='ocr_par' dir='ltr' id='par_1_13' title="bbox 2118 860 3710 931">
     <span class='ocr_line' id='line_1_13' title="bbox 2118 860 3710 931; baseline -0.001 -13"><span class='ocrx_word' id='word_1_122' title='bbox 2118 880 2189 918; x_wconf 79' lang='lat' dir='ltr'>ex</span> <span class='ocrx_word' id='word_1_123' title='bbox 2226 865 2427 930; x_wconf 77' lang='lat' dir='ltr'>libris;</span> <span class='ocrx_word' id='word_1_124' title='bbox 2466 873 2521 919; x_wconf 91' lang='lat' dir='ltr'>et</span> <span class='ocrx_word' id='word_1_125' title='bbox 2565 862 2631 918; x_wconf 88' lang='lat' dir='ltr'>de</span> <span class='ocrx_word' id='word_1_126' title='bbox 2668 862 2937 918; x_wconf 91' lang='lat' dir='ltr'>librorum</span> <span class='ocrx_word' id='word_1_127' title='bbox 2983 868 3250 931; x_wconf 89' lang='lat' dir='ltr'>tempore,</span> <span class='ocrx_word' id='word_1_128' title='bbox 3286 876 3356 915; x_wconf 78' lang='lat' dir='ltr'>ex</span> <span class='ocrx_word' id='word_1_129' title='bbox 3381 860 3710 917; x_wconf 67' lang='lat' dir='ltr'>haeresibus.</span> 
     </span>
    </p>
   </div>
   <div class='ocr_carea' id='block_1_14' title="bbox 2122 1019 3713 1092">
    <p class='ocr_par' dir='ltr' id='par_1_14' title="bbox 2122 1019 3713 1092">
     <span class='ocr_line' id='line_1_14' title="bbox 2122 1019 3713 1092; baseline -0.003 -16"><span class='ocrx_word' id='word_1_130' title='bbox 2122 1020 2150 1092; x_wconf 72' lang='lat'><strong>§</strong></span> <span class='ocrx_word' id='word_1_131' title='bbox 2180 1021 2255 1076; x_wconf 75' lang='grc'><strong>11..</strong></span> <span class='ocrx_word' id='word_1_132' title='bbox 2273 1020 2447 1086; x_wconf 78' lang='lat' dir='ltr'>Quam</span> <span class='ocrx_word' id='word_1_133' title='bbox 2475 1022 2704 1075; x_wconf 77' lang='lat' dir='ltr'>incertus</span> <span class='ocrx_word' id='word_1_134' title='bbox 2734 1019 2894 1089; x_wconf 79' lang='lat' dir='ltr'>fuerit</span> <span class='ocrx_word' id='word_1_135' title='bbox 2921 1019 2981 1072; x_wconf 80' lang='lat' dir='ltr'>in</span> <span class='ocrx_word' id='word_1_136' title='bbox 3013 1021 3148 1072; x_wconf 81' lang='lat' dir='ltr'>hunc</span> <span class='ocrx_word' id='word_1_137' title='bbox 3172 1034 3337 1089; x_wconf 74' lang='lat' dir='ltr'>usque</span> <span class='ocrx_word' id='word_1_138' title='bbox 3362 1019 3499 1072; x_wconf 82' lang='lat' dir='ltr'>diem</span> <span class='ocrx_word' id='word_1_139' title='bbox 3530 1019 3713 1072; x_wconf 82' lang='lat' dir='ltr'>dialo-</span> 
     </span>
    </p>
   </div>
   <div class='ocr_carea' id='block_1_15' title="bbox 2586 1098 3034 1161">
    <p class='ocr_par' dir='ltr' id='par_1_15' title="bbox 2586 1098 3034 1161">
     <span class='ocr_line' id='line_1_15' title="bbox 2586 1098 3034 1161; baseline -0.004 -18"><span class='ocrx_word' id='word_1_140' title='bbox 2586 1107 2774 1161; x_wconf 79' lang='lat' dir='ltr'>gorum</span> <span class='ocrx_word' id='word_1_141' title='bbox 2829 1098 3034 1143; x_wconf 73' lang='lat' dir='ltr'>auctor.</span> 
     </span>
    </p>
   </div>
   <div class='ocr_carea' id='block_1_16' title="bbox 2190 1221 3714 1293">
    <p class='ocr_par' dir='ltr' id='par_1_16' title="bbox 2190 1221 3714 1293">
     <span class='ocr_line' id='line_1_16' title="bbox 2190 1221 3714 1293; baseline -0.001 -13"><span class='ocrx_word' id='word_1_142' title='bbox 2190 1227 2230 1281; x_wconf 91' lang='lat' dir='ltr'>l.</span> <span class='ocrx_word' id='word_1_143' title='bbox 2265 1224 2437 1288; x_wconf 87' lang='lat' dir='ltr'>Quam</span> <span class='ocrx_word' id='word_1_144' title='bbox 2466 1225 2713 1279; x_wconf 87' lang='lat' dir='ltr'>incertus</span> <span class='ocrx_word' id='word_1_145' title='bbox 2737 1221 2903 1278; x_wconf 88' lang='lat' dir='ltr'>fuerit:</span> <span class='ocrx_word' id='word_1_146' title='bbox 2928 1221 2983 1276; x_wconf 88' lang='lat' dir='ltr'>in</span> <span class='ocrx_word' id='word_1_147' title='bbox 3022 1221 3171 1278; x_wconf 86' lang='lat' dir='ltr'>hunc</span> <span class='ocrx_word' id='word_1_148' title='bbox 3207 1238 3381 1293; x_wconf 87' lang='lat' dir='ltr'>usque</span> <span class='ocrx_word' id='word_1_149' title='bbox 3411 1223 3555 1279; x_wconf 88' lang='lat' dir='ltr'>diem</span> <span class='ocrx_word' id='word_1_150' title='bbox 3587 1224 3714 1279; x_wconf 87' lang='lat' dir='ltr'>dia-</span> 
     </span>
    </p>
   </div>
   <div class='ocr_carea' id='block_1_17' title="bbox 435 1312 3716 1392">
    <p class='ocr_par' dir='ltr' id='par_1_17' title="bbox 435 1312 3716 1392">
     <span class='ocr_line' id='line_1_17' title="bbox 435 1312 3716 1392; baseline -0.002 -15"><span class='ocrx_word' id='word_1_151' title='bbox 435 1339 494 1378; x_wconf 88' lang='grc' dir='ltr'>ιιι</span> <span class='ocrx_word' id='word_1_152' title='bbox 523 1321 752 1377; x_wconf 78' lang='lat' dir='ltr'>eﬁluxit.</span> <span class='ocrx_word' id='word_1_153' title='bbox 779 1321 1107 1390; x_wconf 89' lang='lat' dir='ltr'>Opinionem</span> <span class='ocrx_word' id='word_1_154' title='bbox 1138 1322 1400 1392; x_wconf 89' lang='lat' dir='ltr'>juverunt</span> <span class='ocrx_word' id='word_1_155' title='bbox 1431 1320 1560 1372; x_wconf 83' lang='lat' dir='ltr'>tria.</span> <span class='ocrx_word' id='word_1_156' title='bbox 1581 1319 1847 1382; x_wconf 88' lang='lat' dir='ltr'>Primum,</span> <span class='ocrx_word' id='word_1_157' title='bbox 1873 1316 2020 1387; x_wconf 86' lang='lat' dir='ltr'>quod</span> <span class='ocrx_word' id='word_1_158' title='bbox 2120 1315 2371 1389; x_wconf 86' lang='lat' dir='ltr'>logorum</span> <span class='ocrx_word' id='word_1_159' title='bbox 2414 1324 2626 1380; x_wconf 88' lang='lat' dir='ltr'>auctor,</span> <span class='ocrx_word' id='word_1_160' title='bbox 2662 1313 2949 1369; x_wconf 80' lang='lat' dir='ltr'>manifeste</span> <span class='ocrx_word' id='word_1_161' title='bbox 2985 1312 3285 1368; x_wconf 88' lang='lat' dir='ltr'>ostendunt</span> <span class='ocrx_word' id='word_1_162' title='bbox 3328 1313 3449 1368; x_wconf 69' lang='lat' dir='ltr'>alia:</span> <span class='ocrx_word' id='word_1_163' title='bbox 3474 1315 3716 1369; x_wconf 86' lang='lat' dir='ltr'>aliorum</span> 
     </span>
    </p>
   </div>
   <div class='ocr_carea' id='block_1_18' title="bbox 433 1408 2019 1480">
    <p class='ocr_par' dir='ltr' id='par_1_18' title="bbox 433 1408 2019 1480">
     <span class='ocr_line' id='line_1_18' title="bbox 433 1408 2019 1480; baseline -0.004 -13"><span class='ocrx_word' id='word_1_164' title='bbox 433 1413 787 1470; x_wconf 79' lang='lat' dir='ltr'>Orthodoxus</span> <span class='ocrx_word' id='word_1_165' title='bbox 829 1414 885 1466; x_wconf 92' lang='lat' dir='ltr'>in</span> <span class='ocrx_word' id='word_1_166' title='bbox 925 1412 1169 1467; x_wconf 89' lang='lat' dir='ltr'>secundo</span> <span class='ocrx_word' id='word_1_167' title='bbox 1221 1412 1436 1480; x_wconf 81' lang='lat' dir='ltr'>dialogo</span> <span class='ocrx_word' id='word_1_168' title='bbox 1461 1409 1680 1464; x_wconf 82' lang='lat' dir='ltr'>Aetium</span> <span class='ocrx_word' id='word_1_169' title='bbox 1715 1408 2019 1477; x_wconf 85' lang='lat' dir='ltr'>alloquens,</span> 
     </span>
    </p>
   </div>
   <div class='ocr_carea' id='block_1_19' title="bbox 2123 1404 3714 1478">
    <p class='ocr_par' dir='ltr' id='par_1_19' title="bbox 2123 1404 3714 1478">
     <span class='ocr_line' id='line_1_19' title="bbox 2123 1404 3714 1478; baseline -0.001 -15"><span class='ocrx_word' id='word_1_170' title='bbox 2123 1424 2290 1478; x_wconf 87' lang='lat' dir='ltr'>super</span> <span class='ocrx_word' id='word_1_171' title='bbox 2331 1423 2395 1462; x_wconf 90' lang='lat' dir='ltr'>ea</span> <span class='ocrx_word' id='word_1_172' title='bbox 2451 1421 2510 1461; x_wconf 90' lang='lat' dir='ltr'>re</span> <span class='ocrx_word' id='word_1_173' title='bbox 2564 1405 2869 1461; x_wconf 56' lang='lat' dir='ltr'>sententia.</span> <span class='ocrx_word' id='word_1_174' title='bbox 2914 1404 3227 1475; x_wconf 86' lang='lat' dir='ltr'>Scriptores</span> <span class='ocrx_word' id='word_1_175' title='bbox 3277 1405 3425 1460; x_wconf 89' lang='lat' dir='ltr'>enim</span> <span class='ocrx_word' id='word_1_176' title='bbox 3463 1406 3714 1477; x_wconf 86' lang='lat' dir='ltr'>ejusdem</span> 
     </span>
    </p>
   </div>
   <div class='ocr_carea' id='block_1_20' title="bbox 434 1498 3706 1575">
    <p class='ocr_par' dir='ltr' id='par_1_20' title="bbox 434 1498 3706 1575">
     <span class='ocr_line' id='line_1_20' title="bbox 434 1498 3706 1575; baseline -0.003 -14"><span class='ocrx_word' id='word_1_177' title='bbox 434 1516 502 1561; x_wconf 77' lang='lat' dir='ltr'>ex</span> <span class='ocrx_word' id='word_1_178' title='bbox 529 1505 646 1575; x_wconf 90' lang='lat' dir='ltr'>ipso</span> <span class='ocrx_word' id='word_1_179' title='bbox 671 1503 939 1574; x_wconf 87' lang='lat' dir='ltr'>prodiisse</span> <span class='ocrx_word' id='word_1_180' title='bbox 962 1519 1140 1572; x_wconf 86' lang='lat' dir='ltr'>nuper</span> <span class='ocrx_word' id='word_1_181' title='bbox 1172 1502 1318 1574; x_wconf 75' lang='grc' dir='ltr'>(χθὲς</span> <span class='ocrx_word' id='word_1_182' title='bbox 1347 1504 1442 1556; x_wconf 77' lang='grc' dir='ltr'>καὶ</span> <span class='ocrx_word' id='word_1_183' title='bbox 1468 1500 1726 1573; x_wconf 70' lang='grc' dir='ltr'>σήμερθν)</span> <span class='ocrx_word' id='word_1_184' title='bbox 1757 1500 2023 1570; x_wconf 82' lang='lat' dir='ltr'>quosdam</span> <span class='ocrx_word' id='word_1_185' title='bbox 2122 1501 2299 1556; x_wconf 78' lang='lat' dir='ltr'>aetatis</span> <span class='ocrx_word' id='word_1_186' title='bbox 2348 1501 2493 1555; x_wconf 88' lang='lat' dir='ltr'>inter</span> <span class='ocrx_word' id='word_1_187' title='bbox 2539 1516 2597 1555; x_wconf 92' lang='lat' dir='ltr'>se</span> <span class='ocrx_word' id='word_1_188' title='bbox 2656 1507 2920 1571; x_wconf 81' lang='lat' dir='ltr'>pugnant,</span> <span class='ocrx_word' id='word_1_189' title='bbox 2971 1506 3025 1553; x_wconf 89' lang='lat' dir='ltr'>et</span> <span class='ocrx_word' id='word_1_190' title='bbox 3073 1498 3251 1553; x_wconf 59' lang='lat' dir='ltr'>Graeci</span> <span class='ocrx_word' id='word_1_191' title='bbox 3282 1514 3314 1553; x_wconf 90' lang='lat' dir='ltr'>a</span> <span class='ocrx_word' id='word_1_192' title='bbox 3360 1514 3419 1554; x_wconf 86' lang='lat' dir='ltr'>se</span> <span class='ocrx_word' id='word_1_193' title='bbox 3465 1498 3706 1555; x_wconf 78' lang='lat' dir='ltr'>invicem</span> 
     </span>
    </p>
   </div>
   <div class='ocr_carea' id='block_1_21' title="bbox 435 1591 2024 1667">
    <p class='ocr_par' dir='ltr' id='par_1_21' title="bbox 435 1591 2024 1667">
     <span class='ocr_line' id='line_1_21' title="bbox 435 1591 2024 1667; baseline -0.006 -15"><span class='ocrx_word' id='word_1_194' title='bbox 435 1597 676 1667; x_wconf 72' lang='lat' dir='ltr'>obiiciat,</span> <span class='ocrx_word' id='word_1_195' title='bbox 709 1610 914 1666; x_wconf 88' lang='lat' dir='ltr'>eosque</span> <span class='ocrx_word' id='word_1_196' title='bbox 956 1602 1198 1665; x_wconf 87' lang='lat' dir='ltr'>opponat</span> <span class='ocrx_word' id='word_1_197' title='bbox 1228 1593 1317 1658; x_wconf 89' lang='lat' dir='ltr'>iis,</span> <span class='ocrx_word' id='word_1_198' title='bbox 1367 1611 1385 1643; x_wconf 82' lang='grc' dir='ltr'>ι</span> <span class='ocrx_word' id='word_1_199' title='bbox 1415 1592 1508 1662; x_wconf 90' lang='lat' dir='ltr'>qui</span> <span class='ocrx_word' id='word_1_200' title='bbox 1536 1593 1650 1663; x_wconf 85' lang='lat' dir='ltr'>jam</span> <span class='ocrx_word' id='word_1_201' title='bbox 1688 1591 1815 1646; x_wconf 90' lang='lat' dir='ltr'>inde</span> <span class='ocrx_word' id='word_1_202' title='bbox 1839 1606 1870 1645; x_wconf 87' lang='lat' dir='ltr'>a</span> <span class='ocrx_word' id='word_1_203' title='bbox 1901 1606 2024 1645; x_wconf 90' lang='lat' dir='ltr'>san-</span> 
     </span>
    </p>
   </div>
   <div class='ocr_carea' id='block_1_22' title="bbox 2126 1586 3724 1657">
    <p class='ocr_par' dir='ltr' id='par_1_22' title="bbox 2126 1586 3724 1657">
     <span class='ocr_line' id='line_1_22' title="bbox 2126 1586 3724 1657; baseline -0.004 -11"><span class='ocrx_word' id='word_1_204' title='bbox 2126 1591 2476 1655; x_wconf 87' lang='lat' dir='ltr'>dissentiunt,</span> <span class='ocrx_word' id='word_1_205' title='bbox 2504 1597 2562 1644; x_wconf 87' lang='lat' dir='ltr'>et</span> <span class='ocrx_word' id='word_1_206' title='bbox 2591 1605 2735 1644; x_wconf 85' lang='lat' dir='ltr'>unus</span> <span class='ocrx_word' id='word_1_207' title='bbox 2762 1588 3015 1657; x_wconf 84' lang='lat' dir='ltr'>idemque</span> <span class='ocrx_word' id='word_1_208' title='bbox 3049 1588 3287 1657; x_wconf 90' lang='lat' dir='ltr'>scriptor</span> <span class='ocrx_word' id='word_1_209' title='bbox 3304 1586 3410 1641; x_wconf 87' lang='lat' dir='ltr'>sibi</span> <span class='ocrx_word' id='word_1_210' title='bbox 3440 1602 3550 1641; x_wconf 91' lang='lat' dir='ltr'>non</span> <span class='ocrx_word' id='word_1_211' title='bbox 3581 1602 3724 1641; x_wconf 70' lang='lat' dir='ltr'>con-</span> 
     </span>
    </p>
   </div>
   <div class='ocr_carea' id='block_1_23' title="bbox 437 1660 3721 1758">
    <p class='ocr_par' dir='ltr' id='par_1_23' title="bbox 437 1660 3721 1758">
     <span class='ocr_line' id='line_1_23' title="bbox 437 1660 3721 1758; baseline -0.003 -16"><span class='ocrx_word' id='word_1_212' title='bbox 437 1660 542 1743; x_wconf 40' lang='lat' dir='ltr'>cti&#39;s</span> <span class='ocrx_word' id='word_1_213' title='bbox 561 1660 1128 1758; x_wconf 45' lang='lat' dir='ltr'>apostolis-usquead</span> <span class='ocrx_word' id='word_1_214' title='bbox 1175 1660 1504 1739; x_wconf 79' lang='lat' dir='ltr'>hodiernum</span> <span class='ocrx_word' id='word_1_215' title='bbox 1537 1660 1684 1737; x_wconf 84' lang='lat' dir='ltr'>diem</span> <span class='ocrx_word' id='word_1_216' title='bbox 1714 1681 2027 1737; x_wconf 88' lang='lat' dir='ltr'>collaudant</span> <span class='ocrx_word' id='word_1_217' title='bbox 2060 1660 2098 1713; x_wconf 65' lang='grc' dir='ltr'><strong>Β</strong></span> <span class='ocrx_word' id='word_1_218' title='bbox 2129 1683 2314 1747; x_wconf 87' lang='lat' dir='ltr'>sentit,</span> <span class='ocrx_word' id='word_1_219' title='bbox 2366 1682 2620 1752; x_wconf 87' lang='lat' dir='ltr'>idemque</span> <span class='ocrx_word' id='word_1_220' title='bbox 2671 1695 2811 1751; x_wconf 79' lang='lat' dir='ltr'>Opus</span> <span class='ocrx_word' id='word_1_221' title='bbox 2854 1679 3021 1734; x_wconf 90' lang='lat' dir='ltr'>modo</span> <span class='ocrx_word' id='word_1_222' title='bbox 3072 1679 3204 1734; x_wconf 87' lang='lat' dir='ltr'>huic</span> <span class='ocrx_word' id='word_1_223' title='bbox 3251 1680 3486 1748; x_wconf 85' lang='lat' dir='ltr'>auctori,</span> <span class='ocrx_word' id='word_1_224' title='bbox 3538 1679 3721 1734; x_wconf 88' lang='lat' dir='ltr'>modo.</span> 
     </span>
    </p>
   </div>
   <div class='ocr_carea' id='block_1_24' title="bbox 438 1771 2028 1846">
    <p class='ocr_par' dir='ltr' id='par_1_24' title="bbox 438 1771 2028 1846">
     <span class='ocr_line' id='line_1_24' title="bbox 438 1771 2028 1846; baseline -0.003 -15"><span class='ocrx_word' id='word_1_225' title='bbox 438 1777 656 1834; x_wconf 83' lang='lat' dir='ltr'>Patrem</span> <span class='ocrx_word' id='word_1_226' title='bbox 696 1789 753 1833; x_wconf 91' lang='lat' dir='ltr'>et</span> <span class='ocrx_word' id='word_1_227' title='bbox 788 1778 984 1833; x_wconf 85' lang='lat' dir='ltr'>Filium</span> <span class='ocrx_word' id='word_1_228' title='bbox 1015 1786 1071 1833; x_wconf 88' lang='lat' dir='ltr'>et</span> <span class='ocrx_word' id='word_1_229' title='bbox 1115 1777 1378 1846; x_wconf 89' lang='lat' dir='ltr'>Spiritum</span> <span class='ocrx_word' id='word_1_230' title='bbox 1414 1782 1691 1831; x_wconf 77' lang='lat' dir='ltr'>sanctum.</span> <span class='ocrx_word' id='word_1_231' title='bbox 1716 1792 1734 1824; x_wconf 85' lang='grc'><strong>›</strong></span> <span class='ocrx_word' id='word_1_232' title='bbox 1781 1773 1900 1828; x_wconf 89' lang='lat' dir='ltr'>Non</span> <span class='ocrx_word' id='word_1_233' title='bbox 1932 1771 2028 1827; x_wconf 87' lang='lat' dir='ltr'>diu</span> 
     </span>
    </p>
   </div>
   <div class='ocr_carea' id='block_1_25' title="bbox 438 1858 2030 1937">
    <p class='ocr_par' dir='ltr' id='par_1_25' title="bbox 438 1858 2030 1937">
     <span class='ocr_line' id='line_1_25' title="bbox 438 1858 2030 1937; baseline -0.002 -17"><span class='ocrx_word' id='word_1_234' title='bbox 438 1867 605 1937; x_wconf 80' lang='lat' dir='ltr'>igitur</span> <span class='ocrx_word' id='word_1_235' title='bbox 638 1875 762 1936; x_wconf 91' lang='lat' dir='ltr'>post</span> <span class='ocrx_word' id='word_1_236' title='bbox 800 1866 1047 1937; x_wconf 80' lang='lat' dir='ltr'>vulgatos</span> <span class='ocrx_word' id='word_1_237' title='bbox 1088 1865 1230 1920; x_wconf 87' lang='lat' dir='ltr'>Aetii</span> <span class='ocrx_word' id='word_1_238' title='bbox 1277 1864 1449 1918; x_wconf 91' lang='lat' dir='ltr'>libros</span> <span class='ocrx_word' id='word_1_239' title='bbox 1476 1863 1715 1933; x_wconf 81' lang='lat' dir='ltr'>scriptus</span> <span class='ocrx_word' id='word_1_240' title='bbox 1749 1870 1831 1918; x_wconf 91' lang='lat' dir='ltr'>est</span> <span class='ocrx_word' id='word_1_241' title='bbox 1855 1858 2030 1917; x_wconf 86' lang='lat' dir='ltr'>dialo-</span> 
     </span>
    </p>
   </div>
   <div class='ocr_carea' id='block_1_26' title="bbox 437 1950 2026 2028">
    <p class='ocr_par' dir='ltr' id='par_1_26' title="bbox 437 1950 2026 2028">
     <span class='ocr_line' id='line_1_26' title="bbox 437 1950 2026 2028; baseline -0.002 -19"><span class='ocrx_word' id='word_1_242' title='bbox 437 1970 540 2028; x_wconf 88' lang='lat' dir='ltr'>gus</span> <span class='ocrx_word' id='word_1_243' title='bbox 571 1955 880 2023; x_wconf 87' lang='lat' dir='ltr'>secundus;</span> <span class='ocrx_word' id='word_1_244' title='bbox 929 1954 1133 2025; x_wconf 87' lang='lat' dir='ltr'>vulgati</span> <span class='ocrx_word' id='word_1_245' title='bbox 1180 1963 1309 2009; x_wconf 90' lang='lat' dir='ltr'>sunt</span> <span class='ocrx_word' id='word_1_246' title='bbox 1339 1961 1522 2007; x_wconf 90' lang='lat' dir='ltr'>autem</span> <span class='ocrx_word' id='word_1_247' title='bbox 1553 1953 1703 2012; x_wconf 81' lang='lat' dir='ltr'>Aetii</span> <span class='ocrx_word' id='word_1_248' title='bbox 1721 1952 1848 2007; x_wconf 90' lang='lat' dir='ltr'>libri</span> <span class='ocrx_word' id='word_1_249' title='bbox 1874 1950 2026 2007; x_wconf 90' lang='lat' dir='ltr'>Con-</span> 
     </span>
    </p>
   </div>
   <div class='ocr_carea' id='block_1_27' title="bbox 440 2045 1633 2119">
    <p class='ocr_par' dir='ltr' id='par_1_27' title="bbox 440 2045 1633 2119">
     <span class='ocr_line' id='line_1_27' title="bbox 440 2045 1633 2119; baseline -0.007 -14"><span class='ocrx_word' id='word_1_250' title='bbox 440 2048 795 2119; x_wconf 80' lang='lat' dir='ltr'>stantinopoli</span> <span class='ocrx_word' id='word_1_251' title='bbox 847 2047 950 2102; x_wconf 87' lang='lat' dir='ltr'>sub</span> <span class='ocrx_word' id='word_1_252' title='bbox 996 2046 1162 2103; x_wconf 89' lang='lat' dir='ltr'>ﬁnem</span> <span class='ocrx_word' id='word_1_253' title='bbox 1207 2045 1390 2117; x_wconf 84' lang='lat' dir='ltr'>quarti</span> <span class='ocrx_word' id='word_1_254' title='bbox 1425 2045 1633 2101; x_wconf 80' lang='lat' dir='ltr'>saeculi.</span> 
     </span>
    </p>
   </div>
   <div class='ocr_carea' id='block_1_28' title="bbox 511 2136 2031 2209">
    <p class='ocr_par' dir='ltr' id='par_1_28' title="bbox 511 2136 2031 2209">
     <span class='ocr_line' id='line_1_28' title="bbox 511 2136 2031 2209; baseline -0.004 -14"><span class='ocrx_word' id='word_1_255' title='bbox 511 2140 778 2204; x_wconf 81' lang='lat' dir='ltr'>Alterum,</span> <span class='ocrx_word' id='word_1_256' title='bbox 815 2138 963 2209; x_wconf 89' lang='lat' dir='ltr'>quod</span> <span class='ocrx_word' id='word_1_257' title='bbox 1009 2138 1100 2193; x_wconf 93' lang='lat' dir='ltr'>ﬁat</span> <span class='ocrx_word' id='word_1_258' title='bbox 1129 2139 1185 2192; x_wconf 90' lang='lat' dir='ltr'>in</span> <span class='ocrx_word' id='word_1_259' title='bbox 1214 2138 1375 2193; x_wconf 91' lang='lat' dir='ltr'>tertio</span> <span class='ocrx_word' id='word_1_260' title='bbox 1407 2136 1626 2208; x_wconf 83' lang='lat' dir='ltr'>dialogo</span> <span class='ocrx_word' id='word_1_261' title='bbox 1653 2136 1858 2191; x_wconf 91' lang='lat' dir='ltr'>mentio</span> <span class='ocrx_word' id='word_1_262' title='bbox 1894 2150 2031 2189; x_wconf 88' lang='lat' dir='ltr'>con-</span> 
     </span>
    </p>
   </div>
   <div class='ocr_carea' id='block_1_29' title="bbox 444 2226 2029 2301">
    <p class='ocr_par' dir='ltr' id='par_1_29' title="bbox 444 2226 2029 2301">
     <span class='ocr_line' id='line_1_29' title="bbox 444 2226 2029 2301; baseline -0.005 -14"><span class='ocrx_word' id='word_1_263' title='bbox 444 2231 580 2296; x_wconf 87' lang='lat' dir='ltr'>cilii,</span> <span class='ocrx_word' id='word_1_264' title='bbox 625 2231 680 2285; x_wconf 91' lang='lat' dir='ltr'>in</span> <span class='ocrx_word' id='word_1_265' title='bbox 701 2245 811 2301; x_wconf 91' lang='lat' dir='ltr'>quo</span> <span class='ocrx_word' id='word_1_266' title='bbox 830 2230 1082 2287; x_wconf 86' lang='lat' dir='ltr'>nonnihil</span> <span class='ocrx_word' id='word_1_267' title='bbox 1110 2229 1176 2284; x_wconf 88' lang='lat' dir='ltr'>de</span> <span class='ocrx_word' id='word_1_268' title='bbox 1199 2228 1405 2299; x_wconf 89' lang='lat' dir='ltr'>Spiritu</span> <span class='ocrx_word' id='word_1_269' title='bbox 1428 2236 1617 2282; x_wconf 90' lang='lat' dir='ltr'>sancto</span> <span class='ocrx_word' id='word_1_270' title='bbox 1649 2233 1743 2281; x_wconf 89' lang='lat' dir='ltr'>aut</span> <span class='ocrx_word' id='word_1_271' title='bbox 1781 2226 2029 2280; x_wconf 90' lang='lat' dir='ltr'>additum</span> 
     </span>
    </p>
   </div>
   <div class='ocr_carea' id='block_1_30' title="bbox 440 2318 2027 2394">
    <p class='ocr_par' dir='ltr' id='par_1_30' title="bbox 440 2318 2027 2394">
     <span class='ocr_line' id='line_1_30' title="bbox 440 2318 2027 2394; baseline -0.003 -18"><span class='ocrx_word' id='word_1_272' title='bbox 440 2331 526 2378; x_wconf 66' lang='lat' dir='ltr'>est</span> <span class='ocrx_word' id='word_1_273' title='bbox 570 2323 817 2394; x_wconf 88' lang='lat' dir='ltr'>symbolo</span> <span class='ocrx_word' id='word_1_274' title='bbox 858 2322 1103 2386; x_wconf 84' lang='lat' dir='ltr'>Nieaeno,</span> <span class='ocrx_word' id='word_1_275' title='bbox 1154 2322 1198 2375; x_wconf 88' lang='lat' dir='ltr'>si</span> <span class='ocrx_word' id='word_1_276' title='bbox 1238 2330 1419 2377; x_wconf 86' lang='lat' dir='ltr'>tamen</span> <span class='ocrx_word' id='word_1_277' title='bbox 1460 2335 1589 2374; x_wconf 87' lang='lat' dir='ltr'>vere</span> <span class='ocrx_word' id='word_1_278' title='bbox 1633 2318 1881 2373; x_wconf 88' lang='lat' dir='ltr'>additum</span> <span class='ocrx_word' id='word_1_279' title='bbox 1923 2326 2027 2385; x_wconf 90' lang='lat' dir='ltr'>est,</span> 
     </span>
    </p>
   </div>
   <div class='ocr_carea' id='block_1_31' title="bbox 442 2397 2032 2483">
    <p class='ocr_par' dir='ltr' id='par_1_31' title="bbox 442 2397 2032 2483">
     <span class='ocr_line' id='line_1_31' title="bbox 442 2397 2032 2483; baseline -0.003 -15"><span class='ocrx_word' id='word_1_280' title='bbox 442 2424 499 2471; x_wconf 86' lang='lat' dir='ltr'>et</span> <span class='ocrx_word' id='word_1_281' title='bbox 527 2429 640 2469; x_wconf 90' lang='lat' dir='ltr'>non</span> <span class='ocrx_word' id='word_1_282' title='bbox 681 2413 865 2483; x_wconf 87' lang='lat' dir='ltr'>potius</span> <span class='ocrx_word' id='word_1_283' title='bbox 903 2397 1237 2482; x_wconf 72' lang='lat' dir='ltr'>explicatum</span> <span class='ocrx_word' id='word_1_284' title='bbox 1282 2411 1548 2465; x_wconf 84' lang='lat' dir='ltr'>adversus</span> <span class='ocrx_word' id='word_1_285' title='bbox 1594 2408 1901 2463; x_wconf 84' lang='lat' dir='ltr'>Macedonii.</span> <span class='ocrx_word' id='word_1_286' title='bbox 1924 2409 2032 2464; x_wconf 64' lang='lat' dir='ltr'>hm-</span> 
     </span>
    </p>
   </div>
   <div class='ocr_carea' id='block_1_32' title="bbox 444 2496 2027 2571">
    <p class='ocr_par' dir='ltr' id='par_1_32' title="bbox 444 2496 2027 2571">
     <span class='ocr_line' id='line_1_32' title="bbox 444 2496 2027 2571; baseline -0.002 -18"><span class='ocrx_word' id='word_1_287' title='bbox 444 2502 616 2563; x_wconf 86' lang='lat' dir='ltr'>resin,</span> <span class='ocrx_word' id='word_1_288' title='bbox 679 2501 824 2571; x_wconf 92' lang='lat' dir='ltr'>quod</span> <span class='ocrx_word' id='word_1_289' title='bbox 883 2500 1100 2554; x_wconf 65' lang='lat' dir='ltr'>Nicmna</span> <span class='ocrx_word' id='word_1_290' title='bbox 1158 2498 1399 2570; x_wconf 87' lang='lat' dir='ltr'>synodus</span> <span class='ocrx_word' id='word_1_291' title='bbox 1458 2496 1682 2565; x_wconf 78' lang='lat' dir='ltr'>brevius</span> <span class='ocrx_word' id='word_1_292' title='bbox 1728 2496 2027 2552; x_wconf 90' lang='lat' dir='ltr'>docuisset.</span> 
     </span>
    </p>
   </div>
   <div class='ocr_carea' id='block_1_33' title="bbox 2128 1772 2555 1829">
    <p class='ocr_par' dir='ltr' id='par_1_33' title="bbox 2128 1772 2555 1829">
     <span class='ocr_line' id='line_1_33' title="bbox 2128 1772 2555 1829; baseline -0.002 -1"><span class='ocrx_word' id='word_1_293' title='bbox 2128 1774 2288 1829; x_wconf 87' lang='lat' dir='ltr'>alteri</span> <span class='ocrx_word' id='word_1_294' title='bbox 2342 1772 2555 1828; x_wconf 90' lang='lat' dir='ltr'>tribuit.</span> 
     </span>
    </p>
   </div>
   <div class='ocr_carea' id='block_1_34' title="bbox 2198 1862 3714 1935">
    <p class='ocr_par' dir='ltr' id='par_1_34' title="bbox 2198 1862 3714 1935">
     <span class='ocr_line' id='line_1_34' title="bbox 2198 1862 3714 1935; baseline -0.001 -14"><span class='ocrx_word' id='word_1_295' title='bbox 2198 1866 2264 1922; x_wconf 79' lang='lat' dir='ltr'>ll.</span> <span class='ocrx_word' id='word_1_296' title='bbox 2297 1864 2628 1935; x_wconf 85' lang='lat' dir='ltr'>Scriptores,</span> <span class='ocrx_word' id='word_1_297' title='bbox 2646 1878 2789 1933; x_wconf 89' lang='lat' dir='ltr'>quos</span> <span class='ocrx_word' id='word_1_298' title='bbox 2811 1862 3213 1928; x_wconf 86' lang='lat' dir='ltr'>dico,reeentis</span> <span class='ocrx_word' id='word_1_299' title='bbox 3241 1872 3372 1919; x_wconf 85' lang='lat' dir='ltr'>sunt</span> <span class='ocrx_word' id='word_1_300' title='bbox 3396 1865 3498 1921; x_wconf 65' lang='lat' dir='ltr'>arvi</span> <span class='ocrx_word' id='word_1_301' title='bbox 3537 1881 3553 1919; x_wconf 90' lang='lat'><strong>:</strong></span> <span class='ocrx_word' id='word_1_302' title='bbox 3583 1880 3714 1920; x_wconf 85' lang='lat' dir='ltr'>nam</span> 
     </span>
    </p>
   </div>
   <div class='ocr_carea' id='block_1_35' title="bbox 2129 1952 3714 2026">
    <p class='ocr_par' dir='ltr' id='par_1_35' title="bbox 2129 1952 3714 2026">
     <span class='ocr_line' id='line_1_35' title="bbox 2129 1952 3714 2026; baseline 0.001 -17"><span class='ocrx_word' id='word_1_303' title='bbox 2129 1955 2224 2026; x_wconf 86' lang='lat' dir='ltr'>qui</span> <span class='ocrx_word' id='word_1_304' title='bbox 2256 1971 2288 2011; x_wconf 92' lang='lat' dir='ltr'>e</span> <span class='ocrx_word' id='word_1_305' title='bbox 2326 1954 2615 2010; x_wconf 87' lang='lat' dir='ltr'>veteribus</span> <span class='ocrx_word' id='word_1_306' title='bbox 2649 1952 2990 2023; x_wconf 84' lang='lat' dir='ltr'>dialogorum</span> <span class='ocrx_word' id='word_1_307' title='bbox 3046 1953 3385 2017; x_wconf 88' lang='lat' dir='ltr'>meminerit,</span> <span class='ocrx_word' id='word_1_308' title='bbox 3431 1955 3714 2023; x_wconf 79' lang='lat' dir='ltr'>neminem</span> 
     </span>
    </p>
   </div>
   <div class='ocr_carea' id='block_1_36' title="bbox 2128 2040 3730 2119">
    <p class='ocr_par' dir='ltr' id='par_1_36' title="bbox 2128 2040 3730 2119">
     <span class='ocr_line' id='line_1_36' title="bbox 2128 2040 3730 2119; baseline 0 -17"><span class='ocrx_word' id='word_1_309' title='bbox 2128 2064 2308 2119; x_wconf 89' lang='lat' dir='ltr'>neque</span> <span class='ocrx_word' id='word_1_310' title='bbox 2363 2046 2633 2110; x_wconf 59' lang='lat' dir='ltr'>Graecum,</span> <span class='ocrx_word' id='word_1_311' title='bbox 2668 2060 2848 2117; x_wconf 90' lang='lat' dir='ltr'>neque</span> <span class='ocrx_word' id='word_1_312' title='bbox 2889 2040 3144 2099; x_wconf 88' lang='lat' dir='ltr'>Latinum</span> <span class='ocrx_word' id='word_1_313' title='bbox 3179 2046 3328 2101; x_wconf 88' lang='lat' dir='ltr'>novi.</span> <span class='ocrx_word' id='word_1_314' title='bbox 3359 2045 3480 2102; x_wconf 82' lang='lat' dir='ltr'>Non</span> <span class='ocrx_word' id='word_1_315' title='bbox 3520 2048 3730 2102; x_wconf 38' lang='lat' dir='ltr'>memi‘</span> 
     </span>
    </p>
   </div>
   <div class='ocr_carea' id='block_1_37' title="bbox 2131 2136 3717 2207">
    <p class='ocr_par' dir='ltr' id='par_1_37' title="bbox 2131 2136 3717 2207">
     <span class='ocr_line' id='line_1_37' title="bbox 2131 2136 3717 2207; baseline -0.004 -12"><span class='ocrx_word' id='word_1_316' title='bbox 2131 2141 2214 2196; x_wconf 91' lang='lat' dir='ltr'>nit</span> <span class='ocrx_word' id='word_1_317' title='bbox 2256 2149 2404 2196; x_wconf 87' lang='lat' dir='ltr'>certe</span> <span class='ocrx_word' id='word_1_318' title='bbox 2448 2139 2699 2202; x_wconf 83' lang='lat' dir='ltr'>Photius,</span> <span class='ocrx_word' id='word_1_319' title='bbox 2750 2152 2854 2192; x_wconf 90' lang='lat' dir='ltr'>nec</span> <span class='ocrx_word' id='word_1_320' title='bbox 2899 2136 3042 2191; x_wconf 85' lang='lat' dir='ltr'>alius</span> <span class='ocrx_word' id='word_1_321' title='bbox 3079 2136 3456 2193; x_wconf 86' lang='lat' dir='ltr'>nomenclator</span> <span class='ocrx_word' id='word_1_322' title='bbox 3477 2138 3717 2207; x_wconf 67' lang='lat' dir='ltr'>scripto.»</span> 
     </span>
    </p>
   </div>
   <div class='ocr_carea' id='block_1_38' title="bbox 2130 2226 3725 2299">
    <p class='ocr_par' dir='ltr' id='par_1_38' title="bbox 2130 2226 3725 2299">
     <span class='ocr_line' id='line_1_38' title="bbox 2130 2226 3725 2299; baseline -0.003 -11"><span class='ocrx_word' id='word_1_323' title='bbox 2130 2249 2273 2288; x_wconf 91' lang='lat' dir='ltr'>rum.</span> <span class='ocrx_word' id='word_1_324' title='bbox 2305 2232 2455 2287; x_wconf 81' lang='lat' dir='ltr'>Inter</span> <span class='ocrx_word' id='word_1_325' title='bbox 2482 2231 2706 2287; x_wconf 87' lang='lat' dir='ltr'>Latinos</span> <span class='ocrx_word' id='word_1_326' title='bbox 2736 2228 3069 2285; x_wconf 86' lang='lat' dir='ltr'>mentionem</span> <span class='ocrx_word' id='word_1_327' title='bbox 3100 2226 3235 2289; x_wconf 77' lang='lat' dir='ltr'>fecit</span> <span class='ocrx_word' id='word_1_328' title='bbox 3276 2227 3415 2285; x_wconf 82' lang='lat' dir='ltr'>Beza</span> <span class='ocrx_word' id='word_1_329' title='bbox 3447 2228 3725 2299; x_wconf 75' lang='lat' dir='ltr'>primum,</span> 
     </span>
    </p>
   </div>
   <div class='ocr_carea' id='block_1_39' title="bbox 2130 2316 3727 2390">
    <p class='ocr_par' dir='ltr' id='par_1_39' title="bbox 2130 2316 3727 2390">
     <span class='ocr_line' id='line_1_39' title="bbox 2130 2316 3727 2390; baseline -0.002 -14"><span class='ocrx_word' id='word_1_330' title='bbox 2130 2330 2247 2376; x_wconf 91' lang='lat' dir='ltr'>tum</span> <span class='ocrx_word' id='word_1_331' title='bbox 2284 2321 2581 2384; x_wconf 84' lang='lat' dir='ltr'>Srultetus,</span> <span class='ocrx_word' id='word_1_332' title='bbox 2624 2328 2813 2390; x_wconf 88' lang='lat' dir='ltr'>postea</span> <span class='ocrx_word' id='word_1_333' title='bbox 2847 2318 3173 2374; x_wconf 85' lang='lat' dir='ltr'>Franciscus</span> <span class='ocrx_word' id='word_1_334' title='bbox 3198 2316 3584 2385; x_wconf 86' lang='lat' dir='ltr'>Combeﬁsius,</span> <span class='ocrx_word' id='word_1_335' title='bbox 3618 2320 3727 2389; x_wconf 76' lang='lat' dir='ltr'>qui</span> 
     </span>
    </p>
   </div>
   <div class='ocr_carea' id='block_1_40' title="bbox 2129 2406 3725 2481">
    <p class='ocr_par' dir='ltr' id='par_1_40' title="bbox 2129 2406 3725 2481">
     <span class='ocr_line' id='line_1_40' title="bbox 2129 2406 3725 2481; baseline -0.003 -15"><span class='ocrx_word' id='word_1_336' title='bbox 2129 2420 2188 2466; x_wconf 90' lang='lat' dir='ltr'>et</span> <span class='ocrx_word' id='word_1_337' title='bbox 2230 2426 2375 2481; x_wconf 85' lang='lat' dir='ltr'>opus</span> <span class='ocrx_word' id='word_1_338' title='bbox 2414 2411 2522 2465; x_wconf 82' lang='lat' dir='ltr'>hoc</span> <span class='ocrx_word' id='word_1_339' title='bbox 2562 2424 2596 2465; x_wconf 85' lang='lat' dir='ltr'>e</span> <span class='ocrx_word' id='word_1_340' title='bbox 2646 2408 2836 2465; x_wconf 65' lang='lat' dir='ltr'>Graeco</span> <span class='ocrx_word' id='word_1_341' title='bbox 2880 2415 3193 2463; x_wconf 87' lang='lat' dir='ltr'>verterunt.</span> <span class='ocrx_word' id='word_1_342' title='bbox 3230 2406 3371 2462; x_wconf 82' lang='lat' dir='ltr'>Beza</span> <span class='ocrx_word' id='word_1_343' title='bbox 3394 2407 3619 2476; x_wconf 87' lang='lat' dir='ltr'>quidem</span> <span class='ocrx_word' id='word_1_344' title='bbox 3661 2414 3725 2462; x_wconf 86' lang='lat' dir='ltr'>et</span> 
     </span>
    </p>
   </div>
   <div class='ocr_carea' id='block_1_41' title="bbox 2129 2497 3728 2572">
    <p class='ocr_par' dir='ltr' id='par_1_41' title="bbox 2129 2497 3728 2572">
     <span class='ocr_line' id='line_1_41' title="bbox 2129 2497 3728 2572; baseline -0.004 -13"><span class='ocrx_word' id='word_1_345' title='bbox 2129 2501 2491 2559; x_wconf 85' lang='lat' dir='ltr'>Combeﬁsius</span> <span class='ocrx_word' id='word_1_346' title='bbox 2512 2502 2723 2572; x_wconf 88' lang='lat' dir='ltr'>priores</span> <span class='ocrx_word' id='word_1_347' title='bbox 2742 2500 2983 2570; x_wconf 83' lang='lat' dir='ltr'>quinque</span> <span class='ocrx_word' id='word_1_348' title='bbox 3002 2499 3266 2569; x_wconf 73' lang='lat' dir='ltr'>dialogos,</span> <span class='ocrx_word' id='word_1_349' title='bbox 3287 2497 3571 2555; x_wconf 87' lang='lat' dir='ltr'>Scultetus</span> <span class='ocrx_word' id='word_1_350' title='bbox 3586 2514 3728 2553; x_wconf 79' lang='lat' dir='ltr'>vero</span> 
     </span>
    </p>
   </div>
   <div class='ocr_carea' id='block_1_42' title="bbox 445 2587 3712 2664">
    <p class='ocr_par' dir='ltr' id='par_1_42' title="bbox 445 2587 3712 2664">
     <span class='ocr_line' id='line_1_42' title="bbox 445 2587 3712 2664; baseline -0.006 -16"><span class='ocrx_word' id='word_1_351' title='bbox 445 2591 677 2664; x_wconf 88' lang='lat' dir='ltr'>Scripsit</span> <span class='ocrx_word' id='word_1_352' title='bbox 696 2607 826 2661; x_wconf 88' lang='lat' dir='ltr'>ergo</span> <span class='ocrx_word' id='word_1_353' title='bbox 842 2590 1180 2660; x_wconf 88' lang='lat' dir='ltr'>dialogorum</span> <span class='ocrx_word' id='word_1_354' title='bbox 1204 2598 1393 2644; x_wconf 87' lang='lat' dir='ltr'>auctor</span> <span class='ocrx_word' id='word_1_355' title='bbox 1410 2595 1533 2658; x_wconf 88' lang='lat' dir='ltr'>post</span> <span class='ocrx_word' id='word_1_356' title='bbox 1551 2603 1752 2641; x_wconf 88' lang='lat' dir='ltr'>annum</span> <span class='ocrx_word' id='word_1_357' title='bbox 1774 2587 1898 2652; x_wconf 77' lang='grc'><strong>581,</strong></span> <span class='ocrx_word' id='word_1_358' title='bbox 1921 2602 2039 2657; x_wconf 84' lang='lat' dir='ltr'>quo</span> <span class='ocrx_word' id='word_1_359' title='bbox 2133 2595 2379 2664; x_wconf 68' lang='lat' dir='ltr'>reliquos</span> <span class='ocrx_word' id='word_1_360' title='bbox 2413 2593 2579 2648; x_wconf 67' lang='lat' dir='ltr'>duos,</span> <span class='ocrx_word' id='word_1_361' title='bbox 2614 2593 2657 2648; x_wconf 87' lang='grc' dir='ltr'><strong>Ε</strong></span> <span class='ocrx_word' id='word_1_362' title='bbox 2697 2592 2903 2648; x_wconf 63' lang='lat' dir='ltr'>amcis</span> <span class='ocrx_word' id='word_1_363' title='bbox 2940 2606 3125 2655; x_wconf 63' lang='lat' dir='ltr'>nemo,</span> <span class='ocrx_word' id='word_1_364' title='bbox 3160 2589 3309 2660; x_wconf 75' lang='lat' dir='ltr'>quod</span> <span class='ocrx_word' id='word_1_365' title='bbox 3348 2589 3575 2660; x_wconf 68' lang='lat' dir='ltr'>quidem</span> <span class='ocrx_word' id='word_1_366' title='bbox 3623 2605 3712 2643; x_wconf 63' lang='lat' dir='ltr'>re-</span> 
     </span>
    </p>
   </div>
   <div class='ocr_carea' id='block_1_43' title="bbox 443 2677 2028 2747">
    <p class='ocr_par' dir='ltr' id='par_1_43' title="bbox 443 2677 2028 2747">
     <span class='ocr_line' id='line_1_43' title="bbox 443 2677 2028 2747; baseline -0.004 -11"><span class='ocrx_word' id='word_1_367' title='bbox 443 2696 588 2736; x_wconf 84' lang='lat' dir='ltr'>anno</span> <span class='ocrx_word' id='word_1_368' title='bbox 627 2680 963 2736; x_wconf 88' lang='lat' dir='ltr'>celebratum</span> <span class='ocrx_word' id='word_1_369' title='bbox 1003 2688 1085 2733; x_wconf 88' lang='lat' dir='ltr'>est</span> <span class='ocrx_word' id='word_1_370' title='bbox 1112 2677 1590 2747; x_wconf 87' lang='lat' dir='ltr'>Constantinopoli</span> <span class='ocrx_word' id='word_1_371' title='bbox 1637 2677 1929 2732; x_wconf 90' lang='lat' dir='ltr'>concilium</span> <span class='ocrx_word' id='word_1_372' title='bbox 1968 2693 2028 2731; x_wconf 89' lang='grc' dir='ltr'>ιι.</span> 
     </span>
    </p>
   </div>
   <div class='ocr_carea' id='block_1_44' title="bbox 516 2768 2031 2840">
    <p class='ocr_par' dir='ltr' id='par_1_44' title="bbox 516 2768 2031 2840">
     <span class='ocr_line' id='line_1_44' title="bbox 516 2768 2031 2840; baseline -0.003 -12"><span class='ocrx_word' id='word_1_373' title='bbox 516 2774 883 2835; x_wconf 85' lang='lat' dir='ltr'>Postremum,</span> <span class='ocrx_word' id='word_1_374' title='bbox 927 2770 1074 2840; x_wconf 89' lang='lat' dir='ltr'>quod</span> <span class='ocrx_word' id='word_1_375' title='bbox 1115 2770 1263 2824; x_wconf 88' lang='lat' dir='ltr'>nulla</span> <span class='ocrx_word' id='word_1_376' title='bbox 1308 2784 1338 2823; x_wconf 90' lang='lat' dir='ltr'>e</span> <span class='ocrx_word' id='word_1_377' title='bbox 1372 2768 1649 2823; x_wconf 83' lang='lat' dir='ltr'>contrario</span> <span class='ocrx_word' id='word_1_378' title='bbox 1684 2768 1779 2823; x_wconf 82' lang='lat' dir='ltr'>ﬁat</span> <span class='ocrx_word' id='word_1_379' title='bbox 1825 2768 2031 2824; x_wconf 89' lang='lat' dir='ltr'>mentio</span> 
     </span>
    </p>
   </div>
   <div class='ocr_carea' id='block_1_45' title="bbox 446 2860 2030 2933">
    <p class='ocr_par' dir='ltr' id='par_1_45' title="bbox 446 2860 2030 2933">
     <span class='ocr_line' id='line_1_45' title="bbox 446 2860 2030 2933; baseline -0.003 -13"><span class='ocrx_word' id='word_1_380' title='bbox 446 2873 723 2920; x_wconf 87' lang='lat' dir='ltr'>motarum</span> <span class='ocrx_word' id='word_1_381' title='bbox 757 2879 787 2916; x_wconf 88' lang='lat' dir='ltr'>a</span> <span class='ocrx_word' id='word_1_382' title='bbox 835 2861 1087 2916; x_wconf 85' lang='lat' dir='ltr'>Nestorio</span> <span class='ocrx_word' id='word_1_383' title='bbox 1117 2876 1181 2916; x_wconf 90' lang='lat' dir='ltr'>ac</span> <span class='ocrx_word' id='word_1_384' title='bbox 1210 2860 1456 2933; x_wconf 77' lang='lat' dir='ltr'>Eutyche</span> <span class='ocrx_word' id='word_1_385' title='bbox 1486 2861 1553 2916; x_wconf 92' lang='lat' dir='ltr'>de</span> <span class='ocrx_word' id='word_1_386' title='bbox 1579 2861 1746 2917; x_wconf 91' lang='lat' dir='ltr'>Verbi</span> <span class='ocrx_word' id='word_1_387' title='bbox 1779 2860 2030 2916; x_wconf 88' lang='lat' dir='ltr'>incarna-</span> 
     </span>
    </p>
   </div>
   <div class='ocr_carea' id='block_1_46' title="bbox 2132 2680 3723 2753">
    <p class='ocr_par' dir='ltr' id='par_1_46' title="bbox 2132 2680 3723 2753">
     <span class='ocr_line' id='line_1_46' title="bbox 2132 2680 3723 2753; baseline -0.004 -11"><span class='ocrx_word' id='word_1_388' title='bbox 2132 2685 2348 2751; x_wconf 88' lang='lat' dir='ltr'>corder,</span> <span class='ocrx_word' id='word_1_389' title='bbox 2390 2685 2503 2740; x_wconf 79' lang='lat' dir='ltr'>nisi</span> <span class='ocrx_word' id='word_1_390' title='bbox 2540 2685 2686 2739; x_wconf 89' lang='lat' dir='ltr'>circa</span> <span class='ocrx_word' id='word_1_391' title='bbox 2719 2693 2965 2753; x_wconf 86' lang='lat' dir='ltr'>tempora</span> <span class='ocrx_word' id='word_1_392' title='bbox 2998 2681 3221 2737; x_wconf 84' lang='lat' dir='ltr'>concilii</span> <span class='ocrx_word' id='word_1_393' title='bbox 3263 2680 3597 2746; x_wconf 87' lang='lat' dir='ltr'>Florentini,</span> <span class='ocrx_word' id='word_1_394' title='bbox 3624 2693 3723 2737; x_wconf 79' lang='lat' dir='ltr'>aut-</span> 
     </span>
    </p>
   </div>
   <div class='ocr_carea' id='block_1_47' title="bbox 2132 2773 3722 2846">
    <p class='ocr_par' dir='ltr' id='par_1_47' title="bbox 2132 2773 3722 2846">
     <span class='ocr_line' id='line_1_47' title="bbox 2132 2773 3722 2846; baseline -0.003 -13"><span class='ocrx_word' id='word_1_395' title='bbox 2132 2786 2283 2834; x_wconf 89' lang='lat' dir='ltr'>certe</span> <span class='ocrx_word' id='word_1_396' title='bbox 2321 2792 2445 2832; x_wconf 89' lang='lat' dir='ltr'>eum</span> <span class='ocrx_word' id='word_1_397' title='bbox 2475 2777 2542 2832; x_wconf 90' lang='lat' dir='ltr'>de</span> <span class='ocrx_word' id='word_1_398' title='bbox 2584 2775 2934 2846; x_wconf 86' lang='lat' dir='ltr'>processione</span> <span class='ocrx_word' id='word_1_399' title='bbox 2983 2773 3220 2844; x_wconf 83' lang='lat' dir='ltr'>Spiritus</span> <span class='ocrx_word' id='word_1_400' title='bbox 3269 2773 3443 2829; x_wconf 86' lang='lat' dir='ltr'>sancti</span> <span class='ocrx_word' id='word_1_401' title='bbox 3491 2783 3722 2828; x_wconf 84' lang='lat' dir='ltr'>conten-</span> 
     </span>
    </p>
   </div>
   <div class='ocr_carea' id='block_1_48' title="bbox 2134 2866 3616 2937">
    <p class='ocr_par' dir='ltr' id='par_1_48' title="bbox 2134 2866 3616 2937">
     <span class='ocr_line' id='line_1_48' title="bbox 2134 2866 3616 2937; baseline -0.004 -11"><span class='ocrx_word' id='word_1_402' title='bbox 2134 2871 2330 2927; x_wconf 88' lang='lat' dir='ltr'>tiosius</span> <span class='ocrx_word' id='word_1_403' title='bbox 2374 2870 2694 2925; x_wconf 85' lang='lat' dir='ltr'>dimicatum</span> <span class='ocrx_word' id='word_1_404' title='bbox 2742 2876 2846 2932; x_wconf 84' lang='lat' dir='ltr'>est,</span> <span class='ocrx_word' id='word_1_405' title='bbox 2897 2866 3142 2937; x_wconf 83' lang='lat' dir='ltr'>dialogos</span> <span class='ocrx_word' id='word_1_406' title='bbox 3180 2866 3318 2921; x_wconf 89' lang='lat' dir='ltr'>istos</span> <span class='ocrx_word' id='word_1_407' title='bbox 3349 2866 3616 2921; x_wconf 85' lang='lat' dir='ltr'>laudavit.</span> 
     </span>
    </p>
   </div>
   <div class='ocr_carea' id='block_1_49' title="bbox 443 2950 3725 3045">
    <p class='ocr_par' dir='ltr' id='par_1_49' title="bbox 443 2950 3725 3045">
     <span class='ocr_line' id='line_1_49' title="bbox 443 2950 3725 3045; baseline 0.001 -34"><span class='ocrx_word' id='word_1_408' title='bbox 443 2955 596 3011; x_wconf 88' lang='lat' dir='ltr'>tione</span> <span class='ocrx_word' id='word_1_409' title='bbox 648 2952 1034 3045; x_wconf 78' lang='lat' dir='ltr'>qtuestionum,</span> <span class='ocrx_word' id='word_1_410' title='bbox 1070 2968 1194 3045; x_wconf 86' lang='lat' dir='ltr'>cum</span> <span class='ocrx_word' id='word_1_411' title='bbox 1240 2960 1423 3008; x_wconf 90' lang='lat' dir='ltr'>tamen</span> <span class='ocrx_word' id='word_1_412' title='bbox 1463 2950 1664 3007; x_wconf 88' lang='lat' dir='ltr'>mirum</span> <span class='ocrx_word' id='word_1_413' title='bbox 1706 2953 1762 3007; x_wconf 85' lang='lat' dir='ltr'>in</span> <span class='ocrx_word' id='word_1_414' title='bbox 1805 2953 2027 3013; x_wconf 85' lang='lat' dir='ltr'>modum</span> <span class='ocrx_word' id='word_1_415' title='bbox 2059 2986 2100 3045; x_wconf 64' lang='grc' dir='ltr'><strong><em>ε</em></strong></span> <span class='ocrx_word' id='word_1_416' title='bbox 2202 2962 2294 3017; x_wconf 89' lang='lat' dir='ltr'>Ill.</span> <span class='ocrx_word' id='word_1_417' title='bbox 2336 2961 2518 3015; x_wconf 89' lang='lat' dir='ltr'>Latini</span> <span class='ocrx_word' id='word_1_418' title='bbox 2547 2974 2714 3030; x_wconf 86' lang='lat' dir='ltr'>porro</span> <span class='ocrx_word' id='word_1_419' title='bbox 2738 2958 2817 3012; x_wconf 91' lang='lat' dir='ltr'>illi</span> <span class='ocrx_word' id='word_1_420' title='bbox 2853 2966 2990 3023; x_wconf 86' lang='lat' dir='ltr'>tres,</span> <span class='ocrx_word' id='word_1_421' title='bbox 3033 2973 3173 3028; x_wconf 88' lang='lat' dir='ltr'>quos</span> <span class='ocrx_word' id='word_1_422' title='bbox 3205 2957 3498 3027; x_wconf 87' lang='lat' dir='ltr'>appellavi,</span> <span class='ocrx_word' id='word_1_423' title='bbox 3519 2957 3725 3026; x_wconf 81' lang='lat' dir='ltr'>aliique</span> 
     </span>
    </p>
   </div>
   <div class='ocr_carea' id='block_1_50' title="bbox 444 3043 2036 3116">
    <p class='ocr_par' dir='ltr' id='par_1_50' title="bbox 444 3043 2036 3116">
     <span class='ocr_line' id='line_1_50' title="bbox 444 3043 2036 3116; baseline 0.001 -16"><span class='ocrx_word' id='word_1_424' title='bbox 444 3046 664 3116; x_wconf 79' lang='lat' dir='ltr'>utrique</span> <span class='ocrx_word' id='word_1_425' title='bbox 699 3044 1088 3110; x_wconf 74' lang='lat' dir='ltr'>(orthodoxam</span> <span class='ocrx_word' id='word_1_426' title='bbox 1132 3043 1256 3097; x_wconf 89' lang='lat' dir='ltr'>dico</span> <span class='ocrx_word' id='word_1_427' title='bbox 1307 3052 1363 3097; x_wconf 89' lang='lat' dir='ltr'>et</span> <span class='ocrx_word' id='word_1_428' title='bbox 1398 3044 1871 3116; x_wconf 83' lang='lat' dir='ltr'>Apollinaristam)</span> <span class='ocrx_word' id='word_1_429' title='bbox 1906 3061 2036 3115; x_wconf 85' lang='lat' dir='ltr'>pro-</span> 
     </span>
    </p>
   </div>
   <div class='ocr_carea' id='block_1_51' title="bbox 444 3125 2036 3208">
    <p class='ocr_par' dir='ltr' id='par_1_51' title="bbox 444 3125 2036 3208">
     <span class='ocr_line' id='line_1_51' title="bbox 444 3125 2036 3208; baseline -0.003 -11"><span class='ocrx_word' id='word_1_430' title='bbox 444 3140 639 3197; x_wconf 82' lang='lat' dir='ltr'>fuisset</span> <span class='ocrx_word' id='word_1_431' title='bbox 685 3148 962 3194; x_wconf 89' lang='lat' dir='ltr'>momenta</span> <span class='ocrx_word' id='word_1_432' title='bbox 1017 3137 1293 3190; x_wconf 86' lang='lat' dir='ltr'>rationum</span> <span class='ocrx_word' id='word_1_433' title='bbox 1345 3125 1921 3192; x_wconf 36' lang='lat' dir='ltr'>suarum&#39;deﬁnilione</span> <span class='ocrx_word' id='word_1_434' title='bbox 1949 3153 2036 3208; x_wconf 85' lang='lat' dir='ltr'>sy-</span> 
     </span>
    </p>
   </div>
   <div class='ocr_carea' id='block_1_52' title="bbox 444 3227 2036 3303">
    <p class='ocr_par' dir='ltr' id='par_1_52' title="bbox 444 3227 2036 3303">
     <span class='ocr_line' id='line_1_52' title="bbox 444 3227 2036 3303; baseline -0.004 -12"><span class='ocrx_word' id='word_1_435' title='bbox 444 3232 576 3291; x_wconf 83' lang='lat' dir='ltr'>nodi</span> <span class='ocrx_word' id='word_1_436' title='bbox 629 3230 916 3303; x_wconf 79' lang='lat' dir='ltr'>Ephesinae</span> <span class='ocrx_word' id='word_1_437' title='bbox 941 3228 1181 3291; x_wconf 84' lang='lat' dir='ltr'>ﬁrmare,</span> <span class='ocrx_word' id='word_1_438' title='bbox 1208 3228 1323 3282; x_wconf 88' lang='lat' dir='ltr'>sive</span> <span class='ocrx_word' id='word_1_439' title='bbox 1353 3236 1563 3283; x_wconf 63' lang='lat' dir='ltr'>natura:</span> <span class='ocrx_word' id='word_1_440' title='bbox 1583 3231 1704 3283; x_wconf 82' lang='lat' dir='ltr'>duae</span> <span class='ocrx_word' id='word_1_441' title='bbox 1731 3229 1783 3283; x_wconf 90' lang='lat' dir='ltr'>in</span> <span class='ocrx_word' id='word_1_442' title='bbox 1813 3227 2036 3284; x_wconf 86' lang='lat' dir='ltr'>Christo</span> 
     </span>
    </p>
   </div>
   <div class='ocr_carea' id='block_1_53' title="bbox 447 3318 2037 3392">
    <p class='ocr_par' dir='ltr' id='par_1_53' title="bbox 447 3318 2037 3392">
     <span class='ocr_line' id='line_1_53' title="bbox 447 3318 2037 3392; baseline -0.002 -16"><span class='ocrx_word' id='word_1_443' title='bbox 447 3322 689 3392; x_wconf 79' lang='lat' dir='ltr'>perfecte</span> <span class='ocrx_word' id='word_1_444' title='bbox 735 3318 1031 3389; x_wconf 76' lang='lat' dir='ltr'>probandae</span> <span class='ocrx_word' id='word_1_445' title='bbox 1076 3328 1281 3380; x_wconf 89' lang='lat' dir='ltr'>essent,</span> <span class='ocrx_word' id='word_1_446' title='bbox 1341 3318 1455 3372; x_wconf 87' lang='lat' dir='ltr'>sive</span> <span class='ocrx_word' id='word_1_447' title='bbox 1494 3319 1788 3373; x_wconf 86' lang='lat' dir='ltr'>asserenda</span> <span class='ocrx_word' id='word_1_448' title='bbox 1828 3319 2037 3389; x_wconf 75' lang='lat' dir='ltr'>Virgini</span> 
     </span>
    </p>
   </div>
   <div class='ocr_carea' id='block_1_54' title="bbox 447 3407 2037 3480">
    <p class='ocr_par' dir='ltr' id='par_1_54' title="bbox 447 3407 2037 3480">
     <span class='ocr_line' id='line_1_54' title="bbox 447 3407 2037 3480; baseline -0.003 -10"><span class='ocrx_word' id='word_1_449' title='bbox 447 3411 808 3472; x_wconf 75' lang='lat' dir='ltr'>sanctissimae</span> <span class='ocrx_word' id='word_1_450' title='bbox 839 3425 938 3466; x_wconf 87' lang='lat' dir='ltr'>sua</span> <span class='ocrx_word' id='word_1_451' title='bbox 960 3408 1206 3477; x_wconf 72' lang='lat' dir='ltr'>Deiparze</span> <span class='ocrx_word' id='word_1_452' title='bbox 1235 3407 1492 3479; x_wconf 83' lang='lat' dir='ltr'>dignitas.</span> <span class='ocrx_word' id='word_1_453' title='bbox 1525 3408 1727 3478; x_wconf 89' lang='lat' dir='ltr'>Scripti</span> <span class='ocrx_word' id='word_1_454' title='bbox 1753 3417 1881 3464; x_wconf 88' lang='lat' dir='ltr'>sunt</span> <span class='ocrx_word' id='word_1_455' title='bbox 1906 3426 2037 3480; x_wconf 87' lang='lat' dir='ltr'>ergo</span> 
     </span>
    </p>
   </div>
   <div class='ocr_carea' id='block_1_55' title="bbox 448 3497 2036 3574">
    <p class='ocr_par' dir='ltr' id='par_1_55' title="bbox 448 3497 2036 3574">
     <span class='ocr_line' id='line_1_55' title="bbox 448 3497 2036 3574; baseline -0.002 -17"><span class='ocrx_word' id='word_1_456' title='bbox 448 3503 649 3574; x_wconf 80' lang='lat' dir='ltr'>dialogi</span> <span class='ocrx_word' id='word_1_457' title='bbox 691 3510 817 3559; x_wconf 83' lang='lat' dir='ltr'>ante</span> <span class='ocrx_word' id='word_1_458' title='bbox 872 3498 1169 3555; x_wconf 90' lang='lat' dir='ltr'>concilium</span> <span class='ocrx_word' id='word_1_459' title='bbox 1208 3497 1551 3568; x_wconf 84' lang='lat' dir='ltr'>Ephesinum</span> <span class='ocrx_word' id='word_1_460' title='bbox 1597 3498 1640 3565; x_wconf 85' lang='grc'>⁸,</span> <span class='ocrx_word' id='word_1_461' title='bbox 1690 3506 1855 3570; x_wconf 90' lang='lat' dir='ltr'>atque</span> <span class='ocrx_word' id='word_1_462' title='bbox 1900 3500 2036 3555; x_wconf 87' lang='lat' dir='ltr'>adeo</span> 
     </span>
    </p>
   </div>
   <div class='ocr_carea' id='block_1_56' title="bbox 446 3590 1720 3657">
    <p class='ocr_par' dir='ltr' id='par_1_56' title="bbox 446 3590 1720 3657">
     <span class='ocr_line' id='line_1_56' title="bbox 446 3590 1720 3657; baseline -0.01 -8"><span class='ocrx_word' id='word_1_463' title='bbox 446 3601 573 3657; x_wconf 81' lang='lat' dir='ltr'>ante</span> <span class='ocrx_word' id='word_1_464' title='bbox 621 3607 825 3657; x_wconf 81' lang='lat' dir='ltr'>annum</span> <span class='ocrx_word' id='word_1_465' title='bbox 876 3590 1000 3645; x_wconf 80' lang='grc'><strong>451.</strong></span> <span class='ocrx_word' id='word_1_466' title='bbox 1714 3646 1720 3652; x_wconf 43' lang='grc'><em>,</em></span> 
     </span>
    </p>
   </div>
   <div class='ocr_carea' id='block_1_57' title="bbox 518 3678 2034 3751">
    <p class='ocr_par' dir='ltr' id='par_1_57' title="bbox 518 3678 2034 3751">
     <span class='ocr_line' id='line_1_57' title="bbox 518 3678 2034 3751; baseline -0.003 -14"><span class='ocrx_word' id='word_1_467' title='bbox 518 3681 697 3748; x_wconf 86' lang='lat' dir='ltr'>Quid?</span> <span class='ocrx_word' id='word_1_468' title='bbox 722 3680 869 3751; x_wconf 86' lang='lat' dir='ltr'>quod</span> <span class='ocrx_word' id='word_1_469' title='bbox 896 3682 1114 3737; x_wconf 88' lang='lat' dir='ltr'>videtur</span> <span class='ocrx_word' id='word_1_470' title='bbox 1142 3680 1480 3750; x_wconf 83' lang='lat' dir='ltr'>dialogorum</span> <span class='ocrx_word' id='word_1_471' title='bbox 1516 3678 1752 3751; x_wconf 83' lang='lat' dir='ltr'>scriptor</span> <span class='ocrx_word' id='word_1_472' title='bbox 1781 3678 1836 3734; x_wconf 90' lang='lat' dir='ltr'>id</span> <span class='ocrx_word' id='word_1_473' title='bbox 1867 3694 2034 3733; x_wconf 88' lang='lat' dir='ltr'>unum</span> 
     </span>
    </p>
   </div>
   <div class='ocr_carea' id='block_1_58' title="bbox 450 3772 2035 3842">
    <p class='ocr_par' dir='ltr' id='par_1_58' title="bbox 450 3772 2035 3842">
     <span class='ocr_line' id='line_1_58' title="bbox 450 3772 2035 3842; baseline -0.003 -11"><span class='ocrx_word' id='word_1_474' title='bbox 450 3774 668 3831; x_wconf 83' lang='lat' dir='ltr'>consilii</span> <span class='ocrx_word' id='word_1_475' title='bbox 720 3773 1003 3841; x_wconf 87' lang='lat' dir='ltr'>habuisse,</span> <span class='ocrx_word' id='word_1_476' title='bbox 1058 3781 1139 3839; x_wconf 91' lang='lat' dir='ltr'>ut,</span> <span class='ocrx_word' id='word_1_477' title='bbox 1179 3788 1318 3842; x_wconf 90' lang='lat' dir='ltr'>quos</span> <span class='ocrx_word' id='word_1_478' title='bbox 1372 3772 1666 3827; x_wconf 89' lang='lat' dir='ltr'>concilium</span> <span class='ocrx_word' id='word_1_479' title='bbox 1716 3788 1772 3835; x_wconf 86' lang='grc' dir='ltr'>ιι,</span> <span class='ocrx_word' id='word_1_480' title='bbox 1825 3786 2035 3826; x_wconf 88' lang='lat' dir='ltr'>canone</span> 
     </span>
    </p>
   </div>
   <div class='ocr_carea' id='block_1_59' title="bbox 452 3859 2035 3931">
    <p class='ocr_par' dir='ltr' id='par_1_59' title="bbox 452 3859 2035 3931">
     <span class='ocr_line' id='line_1_59' title="bbox 452 3859 2035 3931; baseline -0.002 -15"><span class='ocrx_word' id='word_1_481' title='bbox 452 3861 631 3931; x_wconf 89' lang='lat' dir='ltr'>primo</span> <span class='ocrx_word' id='word_1_482' title='bbox 664 3861 971 3928; x_wconf 64' lang='lat' dir='ltr'>haereticos,</span> <span class='ocrx_word' id='word_1_483' title='bbox 1000 3861 1374 3917; x_wconf 89' lang='lat' dir='ltr'>Eunomianos</span> <span class='ocrx_word' id='word_1_484' title='bbox 1396 3860 1512 3915; x_wconf 90' lang='lat' dir='ltr'>sive</span> <span class='ocrx_word' id='word_1_485' title='bbox 1537 3860 1851 3924; x_wconf 70' lang='lat' dir='ltr'>Anommos,</span> <span class='ocrx_word' id='word_1_486' title='bbox 1881 3859 2035 3914; x_wconf 88' lang='lat' dir='ltr'>Aria-</span> 
     </span>
    </p>
   </div>
   <div class='ocr_carea' id='block_1_60' title="bbox 450 3949 2037 4016">
    <p class='ocr_par' dir='ltr' id='par_1_60' title="bbox 450 3949 2037 4016">
     <span class='ocr_line' id='line_1_60' title="bbox 450 3949 2037 4016; baseline 0.003 -14"><span class='ocrx_word' id='word_1_487' title='bbox 450 3965 553 4009; x_wconf 88' lang='lat' dir='ltr'>nos</span> <span class='ocrx_word' id='word_1_488' title='bbox 598 3959 655 4004; x_wconf 91' lang='lat' dir='ltr'>et</span> <span class='ocrx_word' id='word_1_489' title='bbox 683 3949 1073 4016; x_wconf 87' lang='lat' dir='ltr'>Semiarianos,</span> <span class='ocrx_word' id='word_1_490' title='bbox 1114 3950 1229 4005; x_wconf 88' lang='lat' dir='ltr'>sive</span> <span class='ocrx_word' id='word_1_491' title='bbox 1276 3951 1806 4007; x_wconf 87' lang='lat' dir='ltr'>Pnenmatomachos</span> <span class='ocrx_word' id='word_1_492' title='bbox 1852 3960 1908 4006; x_wconf 88' lang='lat' dir='ltr'>et</span> <span class='ocrx_word' id='word_1_493' title='bbox 1942 3950 2037 4007; x_wconf 90' lang='lat' dir='ltr'>Sa-</span> 
     </span>
    </p>
   </div>
   <div class='ocr_carea' id='block_1_61' title="bbox 448 4038 2036 4112">
    <p class='ocr_par' dir='ltr' id='par_1_61' title="bbox 448 4038 2036 4112">
     <span class='ocr_line' id='line_1_61' title="bbox 448 4038 2036 4112; baseline 0.003 -19"><span class='ocrx_word' id='word_1_494' title='bbox 448 4038 737 4105; x_wconf 89' lang='lat' dir='ltr'>bellianos,</span> <span class='ocrx_word' id='word_1_495' title='bbox 756 4039 1150 4104; x_wconf 80' lang='lat' dir='ltr'>Marcellianos,</span> <span class='ocrx_word' id='word_1_496' title='bbox 1175 4040 1531 4097; x_wconf 88' lang='lat' dir='ltr'>Photinianos</span> <span class='ocrx_word' id='word_1_497' title='bbox 1545 4057 1608 4096; x_wconf 90' lang='lat' dir='ltr'>ac</span> <span class='ocrx_word' id='word_1_498' title='bbox 1623 4039 2036 4112; x_wconf 82' lang='lat' dir='ltr'>Apollinaristas</span> 
     </span>
    </p>
   </div>
   <div class='ocr_carea' id='block_1_62' title="bbox 451 4128 2034 4203">
    <p class='ocr_par' dir='ltr' id='par_1_62' title="bbox 451 4128 2034 4203">
     <span class='ocr_line' id='line_1_62' title="bbox 451 4128 2034 4203; baseline 0.004 -22"><span class='ocrx_word' id='word_1_499' title='bbox 451 4128 823 4197; x_wconf 88' lang='lat' dir='ltr'>damnaverat,</span> <span class='ocrx_word' id='word_1_500' title='bbox 858 4147 953 4187; x_wconf 92' lang='lat' dir='ltr'>eos</span> <span class='ocrx_word' id='word_1_501' title='bbox 974 4131 1170 4203; x_wconf 84' lang='lat' dir='ltr'>partim</span> <span class='ocrx_word' id='word_1_502' title='bbox 1195 4132 1404 4187; x_wconf 87' lang='lat' dir='ltr'>ratione</span> <span class='ocrx_word' id='word_1_503' title='bbox 1430 4130 1803 4197; x_wconf 89' lang='lat' dir='ltr'>convinceret,</span> <span class='ocrx_word' id='word_1_504' title='bbox 1834 4133 2034 4203; x_wconf 84' lang='lat' dir='ltr'>partim</span> 
     </span>
    </p>
   </div>
   <div class='ocr_carea' id='block_1_63' title="bbox 451 4218 2033 4296">
    <p class='ocr_par' dir='ltr' id='par_1_63' title="bbox 451 4218 2033 4296">
     <span class='ocr_line' id='line_1_63' title="bbox 451 4218 2033 4296; baseline 0.003 -20"><span class='ocrx_word' id='word_1_505' title='bbox 451 4218 819 4293; x_wconf 85' lang='lat' dir='ltr'>objectionum</span> <span class='ocrx_word' id='word_1_506' title='bbox 839 4224 1111 4281; x_wconf 91' lang='lat' dir='ltr'>solutione</span> <span class='ocrx_word' id='word_1_507' title='bbox 1135 4224 1467 4279; x_wconf 87' lang='lat' dir='ltr'>debilitaret.</span> <span class='ocrx_word' id='word_1_508' title='bbox 1494 4224 1692 4295; x_wconf 88' lang='lat' dir='ltr'>Scripti</span> <span class='ocrx_word' id='word_1_509' title='bbox 1713 4235 1841 4280; x_wconf 91' lang='lat' dir='ltr'>sunt</span> <span class='ocrx_word' id='word_1_510' title='bbox 1867 4225 2033 4296; x_wconf 81' lang='lat' dir='ltr'>igitur</span> 
     </span>
    </p>
   </div>
   <div class='ocr_carea' id='block_1_64' title="bbox 2133 3048 3731 3120">
    <p class='ocr_par' dir='ltr' id='par_1_64' title="bbox 2133 3048 3731 3120">
     <span class='ocr_line' id='line_1_64' title="bbox 2133 3048 3731 3120; baseline -0.004 -12"><span class='ocrx_word' id='word_1_511' title='bbox 2133 3069 2244 3108; x_wconf 92' lang='lat' dir='ltr'>non</span> <span class='ocrx_word' id='word_1_512' title='bbox 2276 3051 2500 3120; x_wconf 70' lang='lat' dir='ltr'>maioris</span> <span class='ocrx_word' id='word_1_513' title='bbox 2523 3050 2890 3115; x_wconf 82' lang='lat' dir='ltr'>auctoritatis,</span> <span class='ocrx_word' id='word_1_514' title='bbox 2927 3049 3171 3119; x_wconf 75' lang='lat' dir='ltr'>dialogos</span> <span class='ocrx_word' id='word_1_515' title='bbox 3191 3049 3278 3103; x_wconf 91' lang='lat' dir='ltr'>vel</span> <span class='ocrx_word' id='word_1_516' title='bbox 3300 3048 3604 3105; x_wconf 80' lang='lat' dir='ltr'>Athanasio</span> <span class='ocrx_word' id='word_1_517' title='bbox 3625 3049 3731 3103; x_wconf 76' lang='lat' dir='ltr'>tri-</span> 
     </span>
    </p>
   </div>
   <div class='ocr_carea' id='block_1_65' title="bbox 2132 3139 3727 3209">
    <p class='ocr_par' dir='ltr' id='par_1_65' title="bbox 2132 3139 3727 3209">
     <span class='ocr_line' id='line_1_65' title="bbox 2132 3139 3727 3209; baseline -0.005 -8"><span class='ocrx_word' id='word_1_518' title='bbox 2132 3145 2330 3205; x_wconf 85' lang='lat' dir='ltr'>buunt,</span> <span class='ocrx_word' id='word_1_519' title='bbox 2364 3143 2449 3198; x_wconf 86' lang='lat' dir='ltr'>vel</span> <span class='ocrx_word' id='word_1_520' title='bbox 2477 3142 2710 3196; x_wconf 81' lang='lat' dir='ltr'>Maximo</span> <span class='ocrx_word' id='word_1_521' title='bbox 2761 3139 3032 3196; x_wconf 85' lang='lat' dir='ltr'>monacho</span> <span class='ocrx_word' id='word_1_522' title='bbox 3063 3157 3083 3193; x_wconf 49' lang='grc' dir='ltr'>εκ</span> <span class='ocrx_word' id='word_1_523' title='bbox 3106 3153 3215 3193; x_wconf 88' lang='lat' dir='ltr'>non</span> <span class='ocrx_word' id='word_1_524' title='bbox 3244 3146 3425 3195; x_wconf 90' lang='lat' dir='ltr'>tamen</span> <span class='ocrx_word' id='word_1_525' title='bbox 3468 3155 3727 3209; x_wconf 75' lang='lat' dir='ltr'>magnam</span> 
     </span>
    </p>
   </div>
   <div class='ocr_carea' id='block_1_66' title="bbox 2134 3226 3724 3301">
    <p class='ocr_par' dir='ltr' id='par_1_66' title="bbox 2134 3226 3724 3301">
     <span class='ocr_line' id='line_1_66' title="bbox 2134 3226 3724 3301; baseline -0.007 -10"><span class='ocrx_word' id='word_1_526' title='bbox 2134 3237 2237 3292; x_wconf 89' lang='lat' dir='ltr'>sibi</span> <span class='ocrx_word' id='word_1_527' title='bbox 2277 3235 2575 3292; x_wconf 85' lang='lat' dir='ltr'>conciliant</span> <span class='ocrx_word' id='word_1_528' title='bbox 2627 3233 2811 3287; x_wconf 89' lang='lat' dir='ltr'>ﬁdem.</span> <span class='ocrx_word' id='word_1_529' title='bbox 2846 3231 2983 3286; x_wconf 87' lang='lat' dir='ltr'>Nam</span> <span class='ocrx_word' id='word_1_530' title='bbox 3015 3231 3255 3301; x_wconf 82' lang='lat' dir='ltr'>primum</span> <span class='ocrx_word' id='word_1_531' title='bbox 3304 3231 3359 3286; x_wconf 93' lang='lat' dir='ltr'>id</span> <span class='ocrx_word' id='word_1_532' title='bbox 3412 3232 3608 3287; x_wconf 90' lang='lat' dir='ltr'>timide</span> <span class='ocrx_word' id='word_1_533' title='bbox 3636 3226 3724 3281; x_wconf 80' lang='lat' dir='ltr'>fa-</span> 
     </span>
    </p>
   </div>
   <div class='ocr_carea' id='block_1_67' title="bbox 2134 3324 3733 3393">
    <p class='ocr_par' dir='ltr' id='par_1_67' title="bbox 2134 3324 3733 3393">
     <span class='ocr_line' id='line_1_67' title="bbox 2134 3324 3733 3393; baseline -0.004 -8"><span class='ocrx_word' id='word_1_534' title='bbox 2134 3329 2309 3392; x_wconf 89' lang='lat' dir='ltr'>ciunt,</span> <span class='ocrx_word' id='word_1_535' title='bbox 2355 3337 2413 3382; x_wconf 87' lang='lat' dir='ltr'>et</span> <span class='ocrx_word' id='word_1_536' title='bbox 2440 3326 2555 3382; x_wconf 86' lang='lat' dir='ltr'>fere</span> <span class='ocrx_word' id='word_1_537' title='bbox 2594 3335 2829 3390; x_wconf 89' lang='lat' dir='ltr'>tantum,</span> <span class='ocrx_word' id='word_1_538' title='bbox 2864 3333 2923 3379; x_wconf 91' lang='lat' dir='ltr'>ut</span> <span class='ocrx_word' id='word_1_539' title='bbox 2955 3339 3067 3378; x_wconf 82' lang='lat' dir='ltr'>non</span> <span class='ocrx_word' id='word_1_540' title='bbox 3110 3324 3231 3379; x_wconf 89' lang='lat' dir='ltr'>sine</span> <span class='ocrx_word' id='word_1_541' title='bbox 3258 3324 3443 3393; x_wconf 89' lang='lat' dir='ltr'>aliquo</span> <span class='ocrx_word' id='word_1_542' title='bbox 3474 3324 3733 3379; x_wconf 83' lang='lat' dir='ltr'>auctoris</span> 
     </span>
    </p>
   </div>
   <div class='ocr_carea' id='block_1_68' title="bbox 2133 3415 3725 3488">
    <p class='ocr_par' dir='ltr' id='par_1_68' title="bbox 2133 3415 3725 3488">
     <span class='ocr_line' id='line_1_68' title="bbox 2133 3415 3725 3488; baseline 0 -15"><span class='ocrx_word' id='word_1_543' title='bbox 2133 3419 2356 3479; x_wconf 81' lang='lat' dir='ltr'>nomine</span> <span class='ocrx_word' id='word_1_544' title='bbox 2395 3424 2653 3488; x_wconf 87' lang='lat' dir='ltr'>appareat</span> <span class='ocrx_word' id='word_1_545' title='bbox 2692 3430 2852 3485; x_wconf 89' lang='lat' dir='ltr'>opus,</span> <span class='ocrx_word' id='word_1_546' title='bbox 2885 3415 2952 3469; x_wconf 85' lang='lat' dir='ltr'>de</span> <span class='ocrx_word' id='word_1_547' title='bbox 2980 3430 3091 3485; x_wconf 84' lang='lat' dir='ltr'>quo</span> <span class='ocrx_word' id='word_1_548' title='bbox 3123 3415 3461 3485; x_wconf 85' lang='lat' dir='ltr'>loquuntur;</span> <span class='ocrx_word' id='word_1_549' title='bbox 3497 3415 3725 3481; x_wconf 81' lang='lat' dir='ltr'>deinde,</span> 
     </span>
    </p>
   </div>
   <div class='ocr_carea' id='block_1_69' title="bbox 2133 3505 3724 3577">
    <p class='ocr_par' dir='ltr' id='par_1_69' title="bbox 2133 3505 3724 3577">
     <span class='ocr_line' id='line_1_69' title="bbox 2133 3505 3724 3577; baseline -0.003 -11"><span class='ocrx_word' id='word_1_550' title='bbox 2133 3508 2427 3566; x_wconf 83' lang='lat' dir='ltr'>levissimis</span> <span class='ocrx_word' id='word_1_551' title='bbox 2481 3507 2770 3577; x_wconf 88' lang='lat' dir='ltr'>dubiisque</span> <span class='ocrx_word' id='word_1_552' title='bbox 2820 3505 3039 3561; x_wconf 89' lang='lat' dir='ltr'>indiciis</span> <span class='ocrx_word' id='word_1_553' title='bbox 3083 3505 3303 3577; x_wconf 84' lang='lat' dir='ltr'>impulsi</span> <span class='ocrx_word' id='word_1_554' title='bbox 3347 3514 3497 3562; x_wconf 88' lang='lat' dir='ltr'>sunt.</span> <span class='ocrx_word' id='word_1_555' title='bbox 3532 3506 3724 3563; x_wconf 74' lang='lat' dir='ltr'>Codex</span> 
     </span>
    </p>
   </div>
   <div class='ocr_carea' id='block_1_70' title="bbox 2134 3596 3726 3669">
    <p class='ocr_par' dir='ltr' id='par_1_70' title="bbox 2134 3596 3726 3669">
     <span class='ocr_line' id='line_1_70' title="bbox 2134 3596 3726 3669; baseline -0.004 -13"><span class='ocrx_word' id='word_1_556' title='bbox 2134 3612 2283 3656; x_wconf 83' lang='lat' dir='ltr'>certe</span> <span class='ocrx_word' id='word_1_557' title='bbox 2335 3599 2579 3663; x_wconf 68' lang='lat' dir='ltr'>Graecus,</span> <span class='ocrx_word' id='word_1_558' title='bbox 2623 3613 2732 3668; x_wconf 87' lang='lat' dir='ltr'>quo</span> <span class='ocrx_word' id='word_1_559' title='bbox 2769 3613 2904 3653; x_wconf 89' lang='lat' dir='ltr'>usus</span> <span class='ocrx_word' id='word_1_560' title='bbox 2943 3605 3029 3653; x_wconf 88' lang='lat' dir='ltr'>est</span> <span class='ocrx_word' id='word_1_561' title='bbox 3050 3597 3210 3664; x_wconf 66' lang='lat' dir='ltr'>Beza,</span> <span class='ocrx_word' id='word_1_562' title='bbox 3245 3596 3456 3666; x_wconf 84' lang='lat' dir='ltr'>priores</span> <span class='ocrx_word' id='word_1_563' title='bbox 3481 3607 3726 3669; x_wconf 75' lang='lat' dir='ltr'>quatuor</span> 
     </span>
    </p>
   </div>
   <div class='ocr_carea' id='block_1_71' title="bbox 2137 3685 3727 3761">
    <p class='ocr_par' dir='ltr' id='par_1_71' title="bbox 2137 3685 3727 3761">
     <span class='ocr_line' id='line_1_71' title="bbox 2137 3685 3727 3761; baseline -0.004 -15"><span class='ocrx_word' id='word_1_564' title='bbox 2137 3691 2382 3761; x_wconf 80' lang='lat' dir='ltr'>dialogos</span> <span class='ocrx_word' id='word_1_565' title='bbox 2415 3689 2700 3745; x_wconf 78' lang='lat' dir='ltr'>Athanasii</span> <span class='ocrx_word' id='word_1_566' title='bbox 2749 3687 2972 3742; x_wconf 88' lang='lat' dir='ltr'>nomine</span> <span class='ocrx_word' id='word_1_567' title='bbox 3012 3687 3307 3757; x_wconf 88' lang='lat' dir='ltr'>inscriptos</span> <span class='ocrx_word' id='word_1_568' title='bbox 3352 3687 3569 3749; x_wconf 87' lang='lat' dir='ltr'>habuit,</span> <span class='ocrx_word' id='word_1_569' title='bbox 3627 3685 3727 3743; x_wconf 87' lang='lat' dir='ltr'>sed</span> 
     </span>
    </p>
   </div>
   <div class='ocr_carea' id='block_1_72' title="bbox 2138 3777 3725 3850">
    <p class='ocr_par' dir='ltr' id='par_1_72' title="bbox 2138 3777 3725 3850">
     <span class='ocr_line' id='line_1_72' title="bbox 2138 3777 3725 3850; baseline -0.004 -11"><span class='ocrx_word' id='word_1_570' title='bbox 2138 3782 2331 3839; x_wconf 85' lang='lat' dir='ltr'>habuit</span> <span class='ocrx_word' id='word_1_571' title='bbox 2347 3780 2508 3849; x_wconf 74' lang='lat' dir='ltr'>simul</span> <span class='ocrx_word' id='word_1_572' title='bbox 2532 3781 2598 3835; x_wconf 89' lang='lat' dir='ltr'>ad</span> <span class='ocrx_word' id='word_1_573' title='bbox 2614 3779 2915 3850; x_wconf 77' lang='lat' dir='ltr'>marginem</span> <span class='ocrx_word' id='word_1_574' title='bbox 2935 3777 3096 3849; x_wconf 81' lang='lat' dir='ltr'>primi</span> <span class='ocrx_word' id='word_1_575' title='bbox 3118 3779 3416 3848; x_wconf 88' lang='lat' dir='ltr'>ascriptum</span> <span class='ocrx_word' id='word_1_576' title='bbox 3437 3794 3449 3831; x_wconf 91' lang='lat'><strong>:</strong></span> <span class='ocrx_word' id='word_1_577' title='bbox 3470 3777 3577 3831; x_wconf 82' lang='grc' dir='ltr'>Τὸν</span> <span class='ocrx_word' id='word_1_578' title='bbox 3592 3795 3725 3849; x_wconf 67' lang='grc' dir='ltr'>πκρρ</span> 
     </span>
    </p>
   </div>
   <div class='ocr_carea' id='block_1_73' title="bbox 2132 3868 3725 3941">
    <p class='ocr_par' dir='ltr' id='par_1_73' title="bbox 2132 3868 3725 3941">
     <span class='ocr_line' id='line_1_73' title="bbox 2132 3868 3725 3941; baseline -0.004 -12"><span class='ocrx_word' id='word_1_579' title='bbox 2132 3876 2262 3930; x_wconf 76' lang='grc' dir='ltr'>ὄντα</span> <span class='ocrx_word' id='word_1_580' title='bbox 2316 3872 2587 3939; x_wconf 75' lang='grc' dir='ltr'>διάλογον,</span> <span class='ocrx_word' id='word_1_581' title='bbox 2621 3871 2699 3935; x_wconf 48' lang='grc' dir='ltr'>,οἱ</span> <span class='ocrx_word' id='word_1_582' title='bbox 2750 3869 2850 3938; x_wconf 82' lang='grc' dir='ltr'>μὲν</span> <span class='ocrx_word' id='word_1_583' title='bbox 2897 3868 3238 3932; x_wconf 73' lang='lat' dir='ltr'>’AOavaaiou,</span> <span class='ocrx_word' id='word_1_584' title='bbox 3272 3871 3320 3922; x_wconf 78' lang='grc' dir='ltr'>οἱ</span> <span class='ocrx_word' id='word_1_585' title='bbox 3363 3869 3419 3922; x_wconf 76' lang='grc' dir='ltr'>δὲ</span> <span class='ocrx_word' id='word_1_586' title='bbox 3464 3870 3725 3941; x_wconf 76' lang='grc' dir='ltr'>Μαξίμου</span> 
     </span>
    </p>
   </div>
   <div class='ocr_carea' id='block_1_74' title="bbox 2133 3958 3725 4030">
    <p class='ocr_par' dir='ltr' id='par_1_74' title="bbox 2133 3958 3725 4030">
     <span class='ocr_line' id='line_1_74' title="bbox 2133 3958 3725 4030; baseline -0.001 -12"><span class='ocrx_word' id='word_1_587' title='bbox 2133 3960 2271 4018; x_wconf 77' lang='grc' dir='ltr'>εἶναι</span> <span class='ocrx_word' id='word_1_588' title='bbox 2299 3961 2565 4030; x_wconf 79' lang='grc' dir='ltr'>λέγουσιν.</span> <span class='ocrx_word' id='word_1_589' title='bbox 2597 3958 3066 4015; x_wconf 77' lang='lat' dir='ltr'>Palatinuscodex</span> <span class='ocrx_word' id='word_1_590' title='bbox 3093 3959 3416 4029; x_wconf 72' lang='lat' dir='ltr'>insignior‘,</span> <span class='ocrx_word' id='word_1_591' title='bbox 3448 3959 3543 4029; x_wconf 85' lang='lat' dir='ltr'>qui</span> <span class='ocrx_word' id='word_1_592' title='bbox 3575 3976 3725 4017; x_wconf 85' lang='lat' dir='ltr'>nunc</span> 
     </span>
    </p>
   </div>
   <div class='ocr_carea' id='block_1_75' title="bbox 2126 4053 3728 4133">
    <p class='ocr_par' dir='ltr' id='par_1_75' title="bbox 2126 4053 3728 4133">
     <span class='ocr_line' id='line_1_75' title="bbox 2126 4053 3728 4133; baseline -0.002 -21"><span class='ocrx_word' id='word_1_593' title='bbox 2126 4058 2191 4119; x_wconf 85' lang='lat' dir='ltr'>in</span> <span class='ocrx_word' id='word_1_594' title='bbox 2220 4054 2552 4113; x_wconf 86' lang='lat' dir='ltr'>bibliotheca</span> <span class='ocrx_word' id='word_1_595' title='bbox 2585 4053 2845 4133; x_wconf 82' lang='lat' dir='ltr'>Vaticana</span> <span class='ocrx_word' id='word_1_596' title='bbox 2874 4058 2978 4117; x_wconf 82' lang='lat' dir='ltr'>est,</span> <span class='ocrx_word' id='word_1_597' title='bbox 3016 4053 3223 4108; x_wconf 87' lang='lat' dir='ltr'>nullius</span> <span class='ocrx_word' id='word_1_598' title='bbox 3245 4053 3486 4108; x_wconf 88' lang='lat' dir='ltr'>auctoris</span> <span class='ocrx_word' id='word_1_599' title='bbox 3519 4068 3728 4109; x_wconf 74' lang='lat' dir='ltr'>nomen:</span> 
     </span>
    </p>
   </div>
   <div class='ocr_carea' id='block_1_76' title="bbox 2133 4140 3725 4214">
    <p class='ocr_par' dir='ltr' id='par_1_76' title="bbox 2133 4140 3725 4214">
     <span class='ocr_line' id='line_1_76' title="bbox 2133 4140 3725 4214; baseline -0.001 -15"><span class='ocrx_word' id='word_1_600' title='bbox 2133 4143 2381 4214; x_wconf 82' lang='lat' dir='ltr'>profert;</span> <span class='ocrx_word' id='word_1_601' title='bbox 2412 4142 2552 4195; x_wconf 86' lang='lat' dir='ltr'>alter</span> <span class='ocrx_word' id='word_1_602' title='bbox 2591 4156 2722 4195; x_wconf 88' lang='lat' dir='ltr'>vero</span> <span class='ocrx_word' id='word_1_603' title='bbox 2761 4141 2960 4210; x_wconf 87' lang='lat' dir='ltr'>aliquis</span> <span class='ocrx_word' id='word_1_604' title='bbox 2989 4140 3269 4195; x_wconf 85' lang='lat' dir='ltr'>inferioris</span> <span class='ocrx_word' id='word_1_605' title='bbox 3308 4151 3452 4196; x_wconf 67' lang='lat' dir='ltr'>notae</span> <span class='ocrx_word' id='word_1_606' title='bbox 3482 4143 3725 4211; x_wconf 85' lang='lat' dir='ltr'>particu-</span> 
     </span>
    </p>
   </div>
   <div class='ocr_carea' id='block_1_77' title="bbox 2134 4228 3726 4300">
    <p class='ocr_par' dir='ltr' id='par_1_77' title="bbox 2134 4228 3726 4300">
     <span class='ocr_line' id='line_1_77' title="bbox 2134 4228 3726 4300; baseline -0.003 -12"><span class='ocrx_word' id='word_1_607' title='bbox 2134 4234 2243 4290; x_wconf 89' lang='lat' dir='ltr'>lam</span> <span class='ocrx_word' id='word_1_608' title='bbox 2281 4229 2510 4287; x_wconf 86' lang='lat' dir='ltr'>sccundi</span> <span class='ocrx_word' id='word_1_609' title='bbox 2568 4229 2769 4300; x_wconf 88' lang='lat' dir='ltr'>dialogi</span> <span class='ocrx_word' id='word_1_610' title='bbox 2822 4228 3125 4285; x_wconf 80' lang='lat' dir='ltr'>Athanasio</span> <span class='ocrx_word' id='word_1_611' title='bbox 3178 4229 3484 4299; x_wconf 86' lang='lat' dir='ltr'>adjudicat;</span> <span class='ocrx_word' id='word_1_612' title='bbox 3527 4246 3726 4285; x_wconf 82' lang='lat' dir='ltr'>verum</span> 
     </span>
    </p>
   </div>
   <div class='ocr_carea' id='block_1_78' title="bbox 451 4313 3723 4395">
    <p class='ocr_par' dir='ltr' id='par_1_78' title="bbox 451 4313 3723 4395">
     <span class='ocr_line' id='line_1_78' title="bbox 451 4313 3723 4395; baseline 0.003 -28"><span class='ocrx_word' id='word_1_613' title='bbox 451 4313 653 4386; x_wconf 81' lang='lat' dir='ltr'>dialogi</span> <span class='ocrx_word' id='word_1_614' title='bbox 693 4331 760 4371; x_wconf 90' lang='lat' dir='ltr'>eo</span> <span class='ocrx_word' id='word_1_615' title='bbox 810 4318 1072 4386; x_wconf 89' lang='lat' dir='ltr'>temporis</span> <span class='ocrx_word' id='word_1_616' title='bbox 1104 4317 1300 4386; x_wconf 79' lang='lat' dir='ltr'>spatio,</span> <span class='ocrx_word' id='word_1_617' title='bbox 1351 4316 1495 4387; x_wconf 89' lang='lat' dir='ltr'>quod</span> <span class='ocrx_word' id='word_1_618' title='bbox 1536 4317 1678 4371; x_wconf 88' lang='lat' dir='ltr'>inter</span> <span class='ocrx_word' id='word_1_619' title='bbox 1706 4318 2030 4375; x_wconf 81' lang='lat' dir='ltr'>&#39;concilium</span> <span class='ocrx_word' id='word_1_620' title='bbox 2066 4323 2108 4377; x_wconf 88' lang='lat' dir='ltr'><strong>D</strong></span> <span class='ocrx_word' id='word_1_621' title='bbox 2136 4322 2405 4395; x_wconf 88' lang='lat' dir='ltr'>ejusmodi</span> <span class='ocrx_word' id='word_1_622' title='bbox 2423 4321 2714 4393; x_wconf 88' lang='lat' dir='ltr'>judicium,</span> <span class='ocrx_word' id='word_1_623' title='bbox 2740 4336 2865 4377; x_wconf 87' lang='lat' dir='ltr'>cum</span> <span class='ocrx_word' id='word_1_624' title='bbox 2910 4322 2964 4376; x_wconf 89' lang='lat' dir='ltr'>in</span> <span class='ocrx_word' id='word_1_625' title='bbox 3003 4320 3246 4391; x_wconf 88' lang='lat' dir='ltr'>margine</span> <span class='ocrx_word' id='word_1_626' title='bbox 3295 4329 3506 4375; x_wconf 89' lang='lat' dir='ltr'>tantum</span> <span class='ocrx_word' id='word_1_627' title='bbox 3530 4337 3560 4376; x_wconf 85' lang='lat' dir='ltr'>a</span> <span class='ocrx_word' id='word_1_628' title='bbox 3592 4337 3723 4378; x_wconf 87' lang='lat' dir='ltr'>con-</span> 
     </span>
    </p>
   </div>
   <div class='ocr_carea' id='block_1_79' title="bbox 451 4405 1921 4475">
    <p class='ocr_par' dir='ltr' id='par_1_79' title="bbox 451 4405 1921 4475">
     <span class='ocr_line' id='line_1_79' title="bbox 451 4405 1921 4475; baseline -0.001 -12"><span class='ocrx_word' id='word_1_629' title='bbox 451 4406 753 4464; x_wconf 75' lang='lat' dir='ltr'>secundum</span> <span class='ocrx_word' id='word_1_630' title='bbox 798 4413 856 4462; x_wconf 87' lang='lat' dir='ltr'>et</span> <span class='ocrx_word' id='word_1_631' title='bbox 905 4407 1201 4461; x_wconf 87' lang='lat' dir='ltr'>concilium</span> <span class='ocrx_word' id='word_1_632' title='bbox 1237 4405 1573 4475; x_wconf 84' lang='lat' dir='ltr'>Ephesinum</span> <span class='ocrx_word' id='word_1_633' title='bbox 1603 4408 1921 4475; x_wconf 70' lang='lat' dir='ltr'>interﬁuxit.</span> 
     </span>
    </p>
   </div>
   <div class='ocr_carea' id='block_1_80' title="bbox 524 4479 2035 4567">
    <p class='ocr_par' dir='ltr' id='par_1_80' title="bbox 524 4479 2035 4567">
     <span class='ocr_line' id='line_1_80' title="bbox 524 4479 2035 4567; baseline 0 -15"><span class='ocrx_word' id='word_1_634' title='bbox 524 4498 645 4552; x_wconf 81' lang='lat' dir='ltr'>line</span> <span class='ocrx_word' id='word_1_635' title='bbox 704 4497 1168 4566; x_wconf 88' lang='lat' dir='ltr'>facitplurimum,</span> <span class='ocrx_word' id='word_1_636' title='bbox 1203 4497 1351 4566; x_wconf 90' lang='lat' dir='ltr'>quod</span> <span class='ocrx_word' id='word_1_637' title='bbox 1388 4497 1620 4567; x_wconf 90' lang='lat' dir='ltr'>quisque</span> <span class='ocrx_word' id='word_1_638' title='bbox 1665 4479 1845 4567; x_wconf 85' lang='lat' dir='ltr'>potest</span> <span class='ocrx_word' id='word_1_639' title='bbox 1888 4496 2035 4552; x_wconf 83' lang='lat' dir='ltr'>facili</span> 
     </span>
    </p>
   </div>
   <div class='ocr_carea' id='block_1_81' title="bbox 454 4585 2033 4661">
    <p class='ocr_par' dir='ltr' id='par_1_81' title="bbox 454 4585 2033 4661">
     <span class='ocr_line' id='line_1_81' title="bbox 454 4585 2033 4661; baseline -0.001 -18"><span class='ocrx_word' id='word_1_640' title='bbox 454 4586 673 4661; x_wconf 81' lang='lat' dir='ltr'>negotio</span> <span class='ocrx_word' id='word_1_641' title='bbox 714 4587 857 4641; x_wconf 88' lang='lat' dir='ltr'>inter</span> <span class='ocrx_word' id='word_1_642' title='bbox 901 4585 1066 4658; x_wconf 67' lang='grc'>424</span> <span class='ocrx_word' id='word_1_643' title='bbox 1089 4585 1388 4655; x_wconf 89' lang='lat' dir='ltr'>scriptores</span> <span class='ocrx_word' id='word_1_644' title='bbox 1422 4586 1823 4641; x_wconf 88' lang='lat' dir='ltr'>ecclesiasticos</span> <span class='ocrx_word' id='word_1_645' title='bbox 1847 4587 2033 4657; x_wconf 86' lang='lat' dir='ltr'>legen-</span> 
     </span>
    </p>
   </div>
   <div class='ocr_carea' id='block_1_82' title="bbox 454 4676 2032 4749">
    <p class='ocr_par' dir='ltr' id='par_1_82' title="bbox 454 4676 2032 4749">
     <span class='ocr_line' id='line_1_82' title="bbox 454 4676 2032 4749; baseline -0.001 -14"><span class='ocrx_word' id='word_1_646' title='bbox 454 4678 555 4735; x_wconf 82' lang='lat' dir='ltr'>dos</span> <span class='ocrx_word' id='word_1_647' title='bbox 591 4677 882 4732; x_wconf 89' lang='lat' dir='ltr'>observare</span> <span class='ocrx_word' id='word_1_648' title='bbox 909 4692 1043 4749; x_wconf 9' lang='lat' dir='ltr'>:‘eos</span> <span class='ocrx_word' id='word_1_649' title='bbox 1069 4691 1263 4746; x_wconf 84' lang='lat' dir='ltr'>nempe</span> <span class='ocrx_word' id='word_1_650' title='bbox 1295 4676 1485 4731; x_wconf 89' lang='lat' dir='ltr'>solitos</span> <span class='ocrx_word' id='word_1_651' title='bbox 1528 4676 1718 4740; x_wconf 87' lang='lat' dir='ltr'>fuisse,</span> <span class='ocrx_word' id='word_1_652' title='bbox 1746 4685 2032 4748; x_wconf 89' lang='lat' dir='ltr'>postquam</span> 
     </span>
    </p>
   </div>
   <div class='ocr_carea' id='block_1_83' title="bbox 456 4767 2033 4838">
    <p class='ocr_par' dir='ltr' id='par_1_83' title="bbox 456 4767 2033 4838">
     <span class='ocr_line' id='line_1_83' title="bbox 456 4767 2033 4838; baseline 0.003 -16"><span class='ocrx_word' id='word_1_653' title='bbox 456 4768 691 4827; x_wconf 74' lang='lat' dir='ltr'>haereses</span> <span class='ocrx_word' id='word_1_654' title='bbox 728 4777 822 4825; x_wconf 84' lang='lat' dir='ltr'>aut</span> <span class='ocrx_word' id='word_1_655' title='bbox 874 4775 1048 4825; x_wconf 69' lang='lat' dir='ltr'>enata:</span> <span class='ocrx_word' id='word_1_656' title='bbox 1093 4775 1241 4832; x_wconf 89' lang='lat' dir='ltr'>sunt,</span> <span class='ocrx_word' id='word_1_657' title='bbox 1278 4775 1373 4822; x_wconf 84' lang='lat' dir='ltr'>aut</span> <span class='ocrx_word' id='word_1_658' title='bbox 1408 4767 1591 4838; x_wconf 86' lang='lat' dir='ltr'>potius</span> <span class='ocrx_word' id='word_1_659' title='bbox 1630 4768 1951 4837; x_wconf 86' lang='lat' dir='ltr'>prodierunt</span> <span class='ocrx_word' id='word_1_660' title='bbox 1979 4771 2033 4826; x_wconf 90' lang='lat' dir='ltr'>in</span> 
     </span>
    </p>
   </div>
   <div class='ocr_carea' id='block_1_84' title="bbox 452 4858 2031 4935">
    <p class='ocr_par' dir='ltr' id='par_1_84' title="bbox 452 4858 2031 4935">
     <span class='ocr_line' id='line_1_84' title="bbox 452 4858 2031 4935; baseline 0.003 -20"><span class='ocrx_word' id='word_1_661' title='bbox 452 4861 759 4935; x_wconf 81' lang='lat' dir='ltr'>publicum,</span> <span class='ocrx_word' id='word_1_662' title='bbox 791 4860 1031 4931; x_wconf 89' lang='lat' dir='ltr'>primum</span> <span class='ocrx_word' id='word_1_663' title='bbox 1062 4873 1163 4928; x_wconf 92' lang='lat' dir='ltr'>pro</span> <span class='ocrx_word' id='word_1_664' title='bbox 1212 4858 1316 4914; x_wconf 90' lang='lat' dir='ltr'>tide</span> <span class='ocrx_word' id='word_1_665' title='bbox 1344 4867 1536 4929; x_wconf 86' lang='lat' dir='ltr'>aperto</span> <span class='ocrx_word' id='word_1_666' title='bbox 1569 4868 1741 4914; x_wconf 88' lang='lat' dir='ltr'>marte</span> <span class='ocrx_word' id='word_1_667' title='bbox 1766 4875 2031 4931; x_wconf 80' lang='lat' dir='ltr'>pugnare,</span> 
     </span>
    </p>
   </div>
   <div class='ocr_carea' id='block_1_85' title="bbox 456 4940 2032 5020">
    <p class='ocr_par' dir='ltr' id='par_1_85' title="bbox 456 4940 2032 5020">
     <span class='ocr_line' id='line_1_85' title="bbox 456 4940 2032 5020; baseline 0.003 -18"><span class='ocrx_word' id='word_1_668' title='bbox 456 4948 634 5007; x_wconf 85' lang='lat' dir='ltr'>donec</span> <span class='ocrx_word' id='word_1_669' title='bbox 671 4950 917 5007; x_wconf 88' lang='lat' dir='ltr'>Ecclesia</span> <span class='ocrx_word' id='word_1_670' title='bbox 957 4947 1014 5002; x_wconf 91' lang='lat' dir='ltr'>in</span> <span class='ocrx_word' id='word_1_671' title='bbox 1051 4940 1279 5020; x_wconf 84' lang='lat' dir='ltr'>synodis</span> <span class='ocrx_word' id='word_1_672' title='bbox 1303 4956 1360 5003; x_wconf 92' lang='lat' dir='ltr'>et</span> <span class='ocrx_word' id='word_1_673' title='bbox 1403 4943 1818 5011; x_wconf 85' lang='lat' dir='ltr'>deﬁnitionibus</span> <span class='ocrx_word' id='word_1_674' title='bbox 1846 4946 2032 5006; x_wconf 82' lang='lat' dir='ltr'>ﬁdeles</span> 
     </span>
    </p>
   </div>
   <div class='ocr_carea' id='block_1_86' title="bbox 457 5038 2039 5109">
    <p class='ocr_par' dir='ltr' id='par_1_86' title="bbox 457 5038 2039 5109">
     <span class='ocr_line' id='line_1_86' title="bbox 457 5038 2039 5109; baseline 0.001 -14"><span class='ocrx_word' id='word_1_675' title='bbox 457 5038 699 5107; x_wconf 85' lang='lat' dir='ltr'>doceret,</span> <span class='ocrx_word' id='word_1_676' title='bbox 728 5048 783 5095; x_wconf 91' lang='lat' dir='ltr'>et</span> <span class='ocrx_word' id='word_1_677' title='bbox 804 5038 1086 5095; x_wconf 70' lang='lat' dir='ltr'>luereticos</span> <span class='ocrx_word' id='word_1_678' title='bbox 1100 5039 1444 5095; x_wconf 86' lang='lat' dir='ltr'>anathemate</span> <span class='ocrx_word' id='word_1_679' title='bbox 1461 5041 1813 5109; x_wconf 83' lang='lat' dir='ltr'>pereelleret;</span> <span class='ocrx_word' id='word_1_680' title='bbox 1833 5041 2039 5097; x_wconf 90' lang='lat' dir='ltr'>deinde</span> 
     </span>
    </p>
   </div>
   <div class='ocr_carea' id='block_1_87' title="bbox 2136 4410 3686 4488">
    <p class='ocr_par' dir='ltr' id='par_1_87' title="bbox 2136 4410 3686 4488">
     <span class='ocr_line' id='line_1_87' title="bbox 2136 4410 3686 4488; baseline -0.002 -19"><span class='ocrx_word' id='word_1_681' title='bbox 2136 4417 2344 4488; x_wconf 86' lang='lat' dir='ltr'>jectore</span> <span class='ocrx_word' id='word_1_682' title='bbox 2374 4413 2562 4483; x_wconf 90' lang='lat' dir='ltr'>aliquo</span> <span class='ocrx_word' id='word_1_683' title='bbox 2598 4412 2895 4482; x_wconf 86' lang='lat' dir='ltr'>ascriptum</span> <span class='ocrx_word' id='word_1_684' title='bbox 2931 4410 3023 4475; x_wconf 86' lang='lat' dir='ltr'>sit,</span> <span class='ocrx_word' id='word_1_685' title='bbox 3072 4412 3229 4482; x_wconf 87' lang='lat' dir='ltr'>parvi</span> <span class='ocrx_word' id='word_1_686' title='bbox 3274 4420 3359 4467; x_wconf 88' lang='lat' dir='ltr'>est</span> <span class='ocrx_word' id='word_1_687' title='bbox 3395 4413 3686 4468; x_wconf 90' lang='lat' dir='ltr'>momenti.</span> 
     </span>
    </p>
   </div>
   <div class='ocr_carea' id='block_1_88' title="bbox 2209 4500 3722 4572">
    <p class='ocr_par' dir='ltr' id='par_1_88' title="bbox 2209 4500 3722 4572">
     <span class='ocr_line' id='line_1_88' title="bbox 2209 4500 3722 4572; baseline 0 -16"><span class='ocrx_word' id='word_1_688' title='bbox 2209 4503 2298 4557; x_wconf 85' lang='lat' dir='ltr'>1V.</span> <span class='ocrx_word' id='word_1_689' title='bbox 2323 4501 2495 4558; x_wconf 66' lang='lat' dir='ltr'>Graeci</span> <span class='ocrx_word' id='word_1_690' title='bbox 2524 4500 2656 4567; x_wconf 92' lang='lat' dir='ltr'>duo,</span> <span class='ocrx_word' id='word_1_691' title='bbox 2691 4500 2985 4570; x_wconf 86' lang='lat' dir='ltr'>Gregorius</span> <span class='ocrx_word' id='word_1_692' title='bbox 3016 4501 3468 4572; x_wconf 86' lang='lat' dir='ltr'>protosyncellus.</span> <span class='ocrx_word' id='word_1_693' title='bbox 3501 4501 3600 4570; x_wconf 88' lang='lat' dir='ltr'>qui</span> <span class='ocrx_word' id='word_1_694' title='bbox 3625 4501 3722 4556; x_wconf 88' lang='lat' dir='ltr'>ad-</span> 
     </span>
    </p>
   </div>
   <div class='ocr_carea' id='block_1_89' title="bbox 2139 4588 3722 4661">
    <p class='ocr_par' dir='ltr' id='par_1_89' title="bbox 2139 4588 3722 4661">
     <span class='ocr_line' id='line_1_89' title="bbox 2139 4588 3722 4661; baseline -0.003 -14"><span class='ocrx_word' id='word_1_695' title='bbox 2139 4606 2332 4647; x_wconf 88' lang='lat' dir='ltr'>versus</span> <span class='ocrx_word' id='word_1_696' title='bbox 2361 4591 2647 4661; x_wconf 88' lang='lat' dir='ltr'>epistolam</span> <span class='ocrx_word' id='word_1_697' title='bbox 2668 4588 2831 4644; x_wconf 86' lang='lat' dir='ltr'>Marci</span> <span class='ocrx_word' id='word_1_698' title='bbox 2854 4588 3100 4660; x_wconf 85' lang='lat' dir='ltr'>Ephesii,</span> <span class='ocrx_word' id='word_1_699' title='bbox 3131 4589 3435 4661; x_wconf 83' lang='lat' dir='ltr'>apologiam</span> <span class='ocrx_word' id='word_1_700' title='bbox 3459 4606 3722 4659; x_wconf 88' lang='lat' dir='ltr'>quorum-</span> 
     </span>
    </p>
   </div>
   <div class='ocr_carea' id='block_1_90' title="bbox 2141 4680 3715 4756">
    <p class='ocr_par' dir='ltr' id='par_1_90' title="bbox 2141 4680 3715 4756">
     <span class='ocr_line' id='line_1_90' title="bbox 2141 4680 3715 4756; baseline -0.002 -18"><span class='ocrx_word' id='word_1_701' title='bbox 2141 4682 2263 4738; x_wconf 84' lang='lat' dir='ltr'>dam</span> <span class='ocrx_word' id='word_1_702' title='bbox 2284 4682 2445 4756; x_wconf 59' lang='lat'>5.25</span> <span class='ocrx_word' id='word_1_703' title='bbox 2466 4683 2692 4741; x_wconf 84' lang='lat' dir='ltr'>Patrum</span> <span class='ocrx_word' id='word_1_704' title='bbox 2709 4680 2948 4752; x_wconf 88' lang='lat' dir='ltr'>scripsit,</span> <span class='ocrx_word' id='word_1_705' title='bbox 2971 4691 3028 4735; x_wconf 91' lang='lat' dir='ltr'>et</span> <span class='ocrx_word' id='word_1_706' title='bbox 3048 4681 3358 4739; x_wconf 83' lang='lat' dir='ltr'>Demetrius</span> <span class='ocrx_word' id='word_1_707' title='bbox 3377 4681 3659 4751; x_wconf 75' lang='lat' dir='ltr'>Cydonius</span> <span class='ocrx_word' id='word_1_708' title='bbox 3676 4682 3715 4745; x_wconf 84' lang='grc'>⁷,</span> 
     </span>
    </p>
   </div>
   <div class='ocr_carea' id='block_1_91' title="bbox 2139 4770 3717 4846">
    <p class='ocr_par' dir='ltr' id='par_1_91' title="bbox 2139 4770 3717 4846">
     <span class='ocr_line' id='line_1_91' title="bbox 2139 4770 3717 4846; baseline -0.001 -18"><span class='ocrx_word' id='word_1_709' title='bbox 2139 4775 2296 4846; x_wconf 87' lang='lat' dir='ltr'>cujus</span> <span class='ocrx_word' id='word_1_710' title='bbox 2336 4787 2500 4845; x_wconf 87' lang='lat' dir='ltr'>opera</span> <span class='ocrx_word' id='word_1_711' title='bbox 2549 4771 2810 4826; x_wconf 89' lang='lat' dir='ltr'>nonnulla</span> <span class='ocrx_word' id='word_1_712' title='bbox 2843 4770 3117 4826; x_wconf 85' lang='lat' dir='ltr'>Arcudins</span> <span class='ocrx_word' id='word_1_713' title='bbox 3158 4771 3334 4826; x_wconf 90' lang='lat' dir='ltr'>edidit</span> <span class='ocrx_word' id='word_1_714' title='bbox 3358 4771 3400 4836; x_wconf 86' lang='grc'>⁸,</span> <span class='ocrx_word' id='word_1_715' title='bbox 3442 4771 3717 4837; x_wconf 89' lang='lat' dir='ltr'>nonnihil,</span> 
     </span>
    </p>
   </div>
   <div class='ocr_carea' id='block_1_92' title="bbox 2137 4859 3721 4933">
    <p class='ocr_par' dir='ltr' id='par_1_92' title="bbox 2137 4859 3721 4933">
     <span class='ocr_line' id='line_1_92' title="bbox 2137 4859 3721 4933; baseline -0.001 -17"><span class='ocrx_word' id='word_1_716' title='bbox 2137 4859 2335 4924; x_wconf 84' lang='lat' dir='ltr'>fateor,</span> <span class='ocrx_word' id='word_1_717' title='bbox 2365 4877 2433 4915; x_wconf 82' lang='lat' dir='ltr'>ex</span> <span class='ocrx_word' id='word_1_718' title='bbox 2455 4859 2636 4929; x_wconf 87' lang='lat' dir='ltr'>primo</span> <span class='ocrx_word' id='word_1_719' title='bbox 2657 4860 2932 4929; x_wconf 88' lang='lat' dir='ltr'>tertioque</span> <span class='ocrx_word' id='word_1_720' title='bbox 2956 4860 3262 4930; x_wconf 87' lang='lat' dir='ltr'>proferunt,</span> <span class='ocrx_word' id='word_1_721' title='bbox 3293 4862 3446 4917; x_wconf 90' lang='lat' dir='ltr'>velut</span> <span class='ocrx_word' id='word_1_722' title='bbox 3465 4879 3533 4917; x_wconf 80' lang='lat' dir='ltr'>ex</span> <span class='ocrx_word' id='word_1_723' title='bbox 3554 4876 3721 4933; x_wconf 83' lang='lat' dir='ltr'>opere</span> 
     </span>
    </p>
   </div>
   <div class='ocr_carea' id='block_1_93' title="bbox 2122 4952 3720 5031">
    <p class='ocr_par' dir='ltr' id='par_1_93' title="bbox 2122 4952 3720 5031">
     <span class='ocr_line' id='line_1_93' title="bbox 2122 4952 3720 5031; baseline 0.002 -25"><span class='ocrx_word' id='word_1_724' title='bbox 2122 4952 2377 5031; x_wconf 76' lang='lat' dir='ltr'>Maximi.</span> <span class='ocrx_word' id='word_1_725' title='bbox 2415 4952 2620 5008; x_wconf 88' lang='lat' dir='ltr'>Verum</span> <span class='ocrx_word' id='word_1_726' title='bbox 2650 4952 2902 5008; x_wconf 90' lang='lat' dir='ltr'>homines</span> <span class='ocrx_word' id='word_1_727' title='bbox 2939 4953 3038 5018; x_wconf 92' lang='lat' dir='ltr'>illi,</span> <span class='ocrx_word' id='word_1_728' title='bbox 3066 4964 3428 5025; x_wconf 75' lang='lat' dir='ltr'>praeterquam</span> <span class='ocrx_word' id='word_1_729' title='bbox 3453 4953 3602 5024; x_wconf 85' lang='lat' dir='ltr'>quod</span> <span class='ocrx_word' id='word_1_730' title='bbox 3637 4969 3720 5009; x_wconf 82' lang='lat' dir='ltr'>re-</span> 
     </span>
    </p>
   </div>
   <div class='ocr_carea' id='block_1_94' title="bbox 2137 5041 3719 5114">
    <p class='ocr_par' dir='ltr' id='par_1_94' title="bbox 2137 5041 3719 5114">
     <span class='ocr_line' id='line_1_94' title="bbox 2137 5041 3719 5114; baseline 0 -16"><span class='ocrx_word' id='word_1_731' title='bbox 2137 5041 2412 5098; x_wconf 85' lang='lat' dir='ltr'>centiores</span> <span class='ocrx_word' id='word_1_732' title='bbox 2433 5050 2578 5107; x_wconf 90' lang='lat' dir='ltr'>sunt,</span> <span class='ocrx_word' id='word_1_733' title='bbox 2604 5057 2766 5114; x_wconf 88' lang='lat' dir='ltr'>quam</span> <span class='ocrx_word' id='word_1_734' title='bbox 2793 5051 2853 5097; x_wconf 87' lang='lat' dir='ltr'>ut</span> <span class='ocrx_word' id='word_1_735' title='bbox 2880 5042 3099 5097; x_wconf 86' lang='lat' dir='ltr'>valeant</span> <span class='ocrx_word' id='word_1_736' title='bbox 3127 5044 3454 5099; x_wconf 85' lang='lat' dir='ltr'>auctoritate</span> <span class='ocrx_word' id='word_1_737' title='bbox 3480 5059 3581 5100; x_wconf 88' lang='lat' dir='ltr'>sua</span> <span class='ocrx_word' id='word_1_738' title='bbox 3607 5043 3719 5099; x_wconf 78' lang='lat' dir='ltr'>sola</span> 
     </span>
    </p>
   </div>
   <div class='ocr_carea' id='block_1_95' title="bbox 1791 5192 2378 5253">
    <p class='ocr_par' dir='ltr' id='par_1_95' title="bbox 1791 5192 2378 5253">
     <span class='ocr_line' id='line_1_95' title="bbox 1791 5192 2378 5253; baseline 0.002 -2"><span class='ocrx_word' id='word_1_739' title='bbox 1791 5192 2105 5253; x_wconf 79' lang='lat' dir='ltr'>SCHL‘LZII</span> <span class='ocrx_word' id='word_1_740' title='bbox 2147 5194 2378 5252; x_wconf 68' lang='grc' dir='ltr'>Νθτλε.</span> 
     </span>
    </p>
   </div>
   <div class='ocr_carea' id='block_1_96' title="bbox 529 5335 3717 5408">
    <p class='ocr_par' dir='ltr' id='par_1_96' title="bbox 529 5335 3717 5408">
     <span class='ocr_line' id='line_1_96' title="bbox 529 5335 3717 5408; baseline -0.001 -16"><span class='ocrx_word' id='word_1_741' title='bbox 529 5338 552 5370; x_wconf 80' lang='grc'>⁸</span> <span class='ocrx_word' id='word_1_742' title='bbox 580 5337 824 5408; x_wconf 83' lang='lat' dir='ltr'>Primum</span> <span class='ocrx_word' id='word_1_743' title='bbox 858 5337 1085 5408; x_wconf 86' lang='lat' dir='ltr'>scilicet</span> <span class='ocrx_word' id='word_1_744' title='bbox 1118 5338 1224 5393; x_wconf 89' lang='lat' dir='ltr'>hoc</span> <span class='ocrx_word' id='word_1_745' title='bbox 1251 5354 1369 5394; x_wconf 78' lang='lat' dir='ltr'>esse</span> <span class='ocrx_word' id='word_1_746' title='bbox 1417 5337 1657 5408; x_wconf 77' lang='lat' dir='ltr'>Operam</span> <span class='ocrx_word' id='word_1_747' title='bbox 1702 5336 2058 5408; x_wconf 83' lang='lat' dir='ltr'>Theodoreti,</span> <span class='ocrx_word' id='word_1_748' title='bbox 2114 5337 2372 5408; x_wconf 10' lang='lat' dir='ltr'>etfcirca</span> <span class='ocrx_word' id='word_1_749' title='bbox 2433 5352 2638 5408; x_wconf 80' lang='lat' dir='ltr'>annum</span> <span class='ocrx_word' id='word_1_750' title='bbox 2690 5337 2795 5408; x_wconf 72' lang='lat'>425</span> <span class='ocrx_word' id='word_1_751' title='bbox 2861 5338 3245 5408; x_wconf 86' lang='lat' dir='ltr'>compositum,</span> <span class='ocrx_word' id='word_1_752' title='bbox 3268 5338 3377 5405; x_wconf 85' lang='lat' dir='ltr'>jam</span> <span class='ocrx_word' id='word_1_753' title='bbox 3408 5352 3587 5408; x_wconf 77' lang='lat' dir='ltr'>supra</span> <span class='ocrx_word' id='word_1_754' title='bbox 3625 5335 3717 5408; x_wconf 83' lang='lat' dir='ltr'>de-</span> 
     </span>
    </p>
   </div>
   <div class='ocr_carea' id='block_1_97' title="bbox 464 5405 3710 5478">
    <p class='ocr_par' dir='ltr' id='par_1_97' title="bbox 464 5405 3710 5478">
     <span class='ocr_line' id='line_1_97' title="bbox 464 5405 3710 5478; baseline -0.001 -17"><span class='ocrx_word' id='word_1_755' title='bbox 464 5407 693 5461; x_wconf 86' lang='lat' dir='ltr'>claravit</span> <span class='ocrx_word' id='word_1_756' title='bbox 716 5406 1029 5478; x_wconf 88' lang='lat' dir='ltr'>Garnerius.</span> <span class='ocrx_word' id='word_1_757' title='bbox 1079 5407 1196 5463; x_wconf 87' lang='lat' dir='ltr'>Huc</span> <span class='ocrx_word' id='word_1_758' title='bbox 1227 5410 1375 5463; x_wconf 88' lang='lat' dir='ltr'>enim</span> <span class='ocrx_word' id='word_1_759' title='bbox 1407 5405 1658 5477; x_wconf 80' lang='lat' dir='ltr'>spectare</span> <span class='ocrx_word' id='word_1_760' title='bbox 1684 5410 1940 5478; x_wconf 78' lang='lat' dir='ltr'>putamus</span> <span class='ocrx_word' id='word_1_761' title='bbox 1972 5407 2156 5478; x_wconf 76' lang='lat' dir='ltr'>locum</span> <span class='ocrx_word' id='word_1_762' title='bbox 2177 5407 2246 5478; x_wconf 83' lang='lat' dir='ltr'>in</span> <span class='ocrx_word' id='word_1_763' title='bbox 2278 5406 2521 5478; x_wconf 82' lang='lat' dir='ltr'>Historia</span> <span class='ocrx_word' id='word_1_764' title='bbox 2553 5405 2914 5478; x_wconf 82' lang='lat' dir='ltr'>_&#39;l‘heodoreti,</span> <span class='ocrx_word' id='word_1_765' title='bbox 2945 5405 3164 5478; x_wconf 66' lang='grc' dir='ltr'>ρζ149,</span> <span class='ocrx_word' id='word_1_766' title='bbox 3193 5407 3227 5478; x_wconf 78' lang='lat'>§</span> <span class='ocrx_word' id='word_1_767' title='bbox 3252 5409 3333 5461; x_wconf 76' lang='grc'>13.</span> <span class='ocrx_word' id='word_1_768' title='bbox 3379 5405 3505 5478; x_wconf 58' lang='lat' dir='ltr'>Vidi</span> <span class='ocrx_word' id='word_1_769' title='bbox 3545 5405 3710 5478; x_wconf 82' lang='lat' dir='ltr'>Undi-</span> 
     </span>
    </p>
   </div>
   <div class='ocr_carea' id='block_1_98' title="bbox 464 5475 3710 5603">
    <p class='ocr_par' dir='ltr' id='par_1_98' title="bbox 464 5475 3710 5603">
     <span class='ocr_line' id='line_1_98' title="bbox 464 5475 3710 5603; baseline -0.001 -73"><span class='ocrx_word' id='word_1_770' title='bbox 464 5492 617 5540; x_wconf 79' lang='lat' dir='ltr'>num,</span> <span class='ocrx_word' id='word_1_771' title='bbox 653 5478 687 5557; x_wconf 60' lang='lat' dir='ltr'>l.</span> <span class='ocrx_word' id='word_1_772' title='bbox 720 5493 794 5542; x_wconf 91' lang='lat' dir='ltr'>c.,</span> <span class='ocrx_word' id='word_1_773' title='bbox 829 5487 867 5532; x_wconf 91' lang='lat' dir='ltr'>t.</span> <span class='ocrx_word' id='word_1_774' title='bbox 901 5477 942 5541; x_wconf 91' lang='lat' dir='ltr'>l,</span> <span class='ocrx_word' id='word_1_775' title='bbox 1062 5478 1218 5533; x_wconf 63' lang='lat' dir='ltr'>H22.</span> <span class='ocrx_word' id='word_1_776' title='bbox 1296 5479 1317 5510; x_wconf 81' lang='grc'>⁸</span> <span class='ocrx_word' id='word_1_777' title='bbox 1347 5475 1504 5533; x_wconf 82' lang='lat' dir='ltr'>Alius</span> <span class='ocrx_word' id='word_1_778' title='bbox 1537 5475 1722 5535; x_wconf 83' lang='lat' dir='ltr'>autem</span> <span class='ocrx_word' id='word_1_779' title='bbox 1755 5475 1984 5530; x_wconf 85' lang='lat' dir='ltr'>Palatini</span> <span class='ocrx_word' id='word_1_780' title='bbox 2012 5475 2240 5535; x_wconf 86' lang='lat' dir='ltr'>codicis.</span> <span class='ocrx_word' id='word_1_781' title='bbox 2271 5477 2366 5544; x_wconf 91' lang='lat' dir='ltr'>qui</span> <span class='ocrx_word' id='word_1_782' title='bbox 2396 5476 2499 5529; x_wconf 84' lang='lat' dir='ltr'>hos</span> <span class='ocrx_word' id='word_1_783' title='bbox 2535 5475 2782 5546; x_wconf 86' lang='lat' dir='ltr'>dialogos</span> <span class='ocrx_word' id='word_1_784' title='bbox 2806 5486 2929 5546; x_wconf 84' lang='lat' dir='ltr'>post</span> <span class='ocrx_word' id='word_1_785' title='bbox 2946 5475 3062 5541; x_wconf 76' lang='lat' dir='ltr'>alia</span> <span class='ocrx_word' id='word_1_786' title='bbox 3101 5475 3317 5533; x_wconf 65' lang='lat' dir='ltr'>Maiimi</span> <span class='ocrx_word' id='word_1_787' title='bbox 3345 5477 3572 5546; x_wconf 80' lang='lat' dir='ltr'>scripta.</span> <span class='ocrx_word' id='word_1_788' title='bbox 3596 5476 3710 5532; x_wconf 84' lang='lat' dir='ltr'>sine</span> 
     </span>
     <span class='ocr_line' id='line_1_99' title="bbox 464 5541 3709 5603; baseline -0.002 -2"><span class='ocrx_word' id='word_1_789' title='bbox 464 5561 607 5601; x_wconf 88' lang='lat' dir='ltr'>novo</span> <span class='ocrx_word' id='word_1_790' title='bbox 644 5547 804 5602; x_wconf 75' lang='lat' dir='ltr'>titulo</span> <span class='ocrx_word' id='word_1_791' title='bbox 839 5548 964 5602; x_wconf 67' lang='lat' dir='ltr'>exhi</span> <span class='ocrx_word' id='word_1_792' title='bbox 1043 5556 1083 5603; x_wconf 88' lang='lat' dir='ltr'>t.</span> <span class='ocrx_word' id='word_1_793' title='bbox 1126 5548 1379 5602; x_wconf 81' lang='lat' dir='ltr'>meminit</span> <span class='ocrx_word' id='word_1_794' title='bbox 1402 5546 1819 5603; x_wconf 81' lang='lat' dir='ltr'>Felckmannus.</span> <span class='ocrx_word' id='word_1_795' title='bbox 1852 5545 1986 5599; x_wconf 84' lang='lat' dir='ltr'>edit.</span> <span class='ocrx_word' id='word_1_796' title='bbox 2022 5544 2309 5603; x_wconf 86' lang='lat' dir='ltr'>Commel..</span> <span class='ocrx_word' id='word_1_797' title='bbox 2348 5562 2402 5603; x_wconf 77' lang='grc' dir='ltr'>ιι.</span> <span class='ocrx_word' id='word_1_798' title='bbox 2435 5546 2523 5601; x_wconf 68' lang='grc'>84.</span> <span class='ocrx_word' id='word_1_799' title='bbox 2594 5546 2613 5576; x_wconf 89' lang='grc'><strong>⁷</strong></span> <span class='ocrx_word' id='word_1_800' title='bbox 2645 5544 2928 5603; x_wconf 79' lang='lat' dir='ltr'>Cudonius.</span> <span class='ocrx_word' id='word_1_801' title='bbox 2966 5546 3072 5600; x_wconf 87' lang='lat' dir='ltr'>Seu</span> <span class='ocrx_word' id='word_1_802' title='bbox 3116 5546 3386 5603; x_wconf 81' lang='lat' dir='ltr'>Cvdones.</span> <span class='ocrx_word' id='word_1_803' title='bbox 3411 5548 3497 5601; x_wconf 82' lang='lat' dir='ltr'>vel</span> <span class='ocrx_word' id='word_1_804' title='bbox 3530 5555 3590 5599; x_wconf 88' lang='lat' dir='ltr'>ut</span> <span class='ocrx_word' id='word_1_805' title='bbox 3621 5541 3709 5599; x_wconf 87' lang='lat' dir='ltr'>alii</span> 
     </span>
    </p>
   </div>
   <div class='ocr_carea' id='block_1_99' title="bbox 463 5547 964 5602">
    <p class='ocr_par' dir='ltr' id='par_1_99' title="bbox 463 5547 964 5602">
     <span class='ocr_line' id='line_1_100' title="bbox 463 5547 964 5602; baseline -0.002 -1"><span class='ocrx_word' id='word_1_806' title='bbox 463 5561 607 5601; x_wconf 85' lang='lat' dir='ltr'>novo</span> <span class='ocrx_word' id='word_1_807' title='bbox 644 5547 804 5602; x_wconf 89' lang='lat' dir='ltr'>titulo</span> <span class='ocrx_word' id='word_1_808' title='bbox 839 5548 964 5602; x_wconf 61' lang='lat' dir='ltr'>exilii</span> 
     </span>
    </p>
   </div>
   <div class='ocr_carea' id='block_1_100' title="bbox 1043 5541 3709 5618">
    <p class='ocr_par' dir='ltr' id='par_1_100' title="bbox 1043 5541 3709 5618">
     <span class='ocr_line' id='line_1_101' title="bbox 1043 5541 3709 5618; baseline -0.002 -16"><span class='ocrx_word' id='word_1_809' title='bbox 1043 5556 1083 5610; x_wconf 88' lang='lat' dir='ltr'>t,</span> <span class='ocrx_word' id='word_1_810' title='bbox 1126 5548 1379 5602; x_wconf 81' lang='lat' dir='ltr'>meminit</span> <span class='ocrx_word' id='word_1_811' title='bbox 1402 5546 1831 5618; x_wconf 26' lang='lat' dir='ltr'>Fe‘lckmannus,</span> <span class='ocrx_word' id='word_1_812' title='bbox 1852 5545 1986 5618; x_wconf 80' lang='lat' dir='ltr'>edit.</span> <span class='ocrx_word' id='word_1_813' title='bbox 2022 5541 2309 5618; x_wconf 54' lang='lat' dir='ltr'>(lommelf,</span> <span class='ocrx_word' id='word_1_814' title='bbox 2348 5562 2409 5618; x_wconf 33' lang='lat' dir='ltr'>pg</span> <span class='ocrx_word' id='word_1_815' title='bbox 2435 5546 2523 5601; x_wconf 67' lang='lat'>84.</span> <span class='ocrx_word' id='word_1_816' title='bbox 2594 5546 2613 5576; x_wconf 89' lang='grc'><strong>⁷</strong></span> <span class='ocrx_word' id='word_1_817' title='bbox 2645 5541 2928 5618; x_wconf 53' lang='lat' dir='ltr'>(Edonias.</span> <span class='ocrx_word' id='word_1_818' title='bbox 2966 5546 3094 5618; x_wconf 70' lang='lat' dir='ltr'>Seu</span> <span class='ocrx_word' id='word_1_819' title='bbox 3116 5546 3386 5618; x_wconf 81' lang='lat' dir='ltr'>Cydones,</span> <span class='ocrx_word' id='word_1_820' title='bbox 3411 5541 3497 5601; x_wconf 73' lang='lat' dir='ltr'>vel</span> <span class='ocrx_word' id='word_1_821' title='bbox 3530 5555 3590 5599; x_wconf 88' lang='lat' dir='ltr'>ut</span> <span class='ocrx_word' id='word_1_822' title='bbox 3621 5541 3709 5599; x_wconf 87' lang='lat' dir='ltr'>alii</span> 
     </span>
    </p>
   </div>
   <div class='ocr_carea' id='block_1_101' title="bbox 466 5614 3393 5689">
    <p class='ocr_par' dir='ltr' id='par_1_101' title="bbox 466 5614 3393 5689">
     <span class='ocr_line' id='line_1_102' title="bbox 466 5614 3393 5689; baseline 0 -20"><span class='ocrx_word' id='word_1_823' title='bbox 466 5618 696 5682; x_wconf 84' lang='lat' dir='ltr'>malunt,</span> <span class='ocrx_word' id='word_1_824' title='bbox 755 5618 1100 5689; x_wconf 72' lang='lat' dir='ltr'>Byzantinus.</span> <span class='ocrx_word' id='word_1_825' title='bbox 1174 5618 1420 5672; x_wconf 70' lang='lat' dir='ltr'>8Edidit.</span> <span class='ocrx_word' id='word_1_826' title='bbox 1465 5616 1521 5670; x_wconf 90' lang='lat' dir='ltr'>ln</span> <span class='ocrx_word' id='word_1_827' title='bbox 1576 5614 1867 5686; x_wconf 85' lang='lat' dir='ltr'>Opusculis</span> <span class='ocrx_word' id='word_1_828' title='bbox 1920 5615 2298 5686; x_wconf 82' lang='lat' dir='ltr'>theologorum</span> <span class='ocrx_word' id='word_1_829' title='bbox 2354 5614 2705 5683; x_wconf 66' lang='lat' dir='ltr'>Graecorum,</span> <span class='ocrx_word' id='word_1_830' title='bbox 2768 5617 2925 5671; x_wconf 74' lang='lat' dir='ltr'>Rom.</span> <span class='ocrx_word' id='word_1_831' title='bbox 2972 5615 3106 5671; x_wconf 74' lang='grc'>1650</span> <span class='ocrx_word' id='word_1_832' title='bbox 3150 5614 3203 5671; x_wconf 68' lang='grc' dir='ltr'>ἐι</span> <span class='ocrx_word' id='word_1_833' title='bbox 3241 5617 3393 5672; x_wconf 82' lang='grc'><strong>1671.</strong></span> 
     </span>
    </p>
   </div>
  </div>
