3956 6298
202 213 316 276 3Ἶ3

192 419 532 490 jamdudum
571 423 844 489 corruptis
881 424 1195 489 utebantur,
1242 429 1570 482 auctoritate
1639 427 1794 488 inuti,

201 512 550 585 populariter
569 512 827 566 citat-unt.
869 513 1046 578 Quid?
1072 517 1218 584 quod
1254 526 1484 586 uterque
1519 518 1651 571 vixit
1677 525 1797 586 post

204 604 489 656 decimum
524 612 780 671 quartum
807 605 1087 668 saeculum,
1119 622 1229 675 quo
1264 618 1508 676 tempore
1543 607 1796 676 supposi-

202 694 284 748 tio
319 694 648 764 jamdudum
673 694 826 748 facta
863 695 1060 749 fuerat.
1108 698 1175 750 Et
1207 714 1372 752 nemo
1409 700 1504 767 qui
1537 716 1795 770 κριτικω-

210 782 386 852 τέρω;
415 783 732 838 Graecorum
753 783 972 839 codices
989 788 1338 855 mss.legerit,
1361 805 1470 842 non
1497 789 1792 858 perspexit,

202 886 368 940 quam
400 876 644 944 corrupti
696 878 826 940 sint,
883 893 1156 948 quamque
1201 883 1344 949 apud
1395 884 1542 950 ipsos
1585 884 1796 936 soleant

203 963 576 1030 supposititiis
625 965 789 1018 iibris
837 968 856 998 '
898 967 1163 1022 nobilium
1219 971 1441 1024 Patrum
1493 987 1658 1040 opera
1715 972 1796 1025 in-

202 1059 254 1104 te
263 1052 492 1120 rpolari.

273 1142 336 1194 ν.
379 1143 687 1197 Prudenter
713 1145 1076 1200 Gom-beﬁsius
1099 1148 1152 1201 in
1187 1151 1410 1219 synopsi
1428 1165 1656 1220 operum
1686 1150 1794 1204 Ma-

202 1237 359 1295 ximi,
405 1253 526 1305 quae
552 1237 749 1301 edidit,
777 1255 875 1293 eos
907 1257 965 1294 se
998 1241 1243 1312 dialogos
1294 1244 1526 1297 Maximo
1549 1244 1792 1297 tribuere

202 1329 442 1390 monuit,
485 1342 707 1398 propter
744 1332 962 1387 codices
989 1333 1148 1397 duos,
1195 1335 1497 1388 Romanum
1537 1351 1568 1389 a
1617 1335 1792 1388 cardi-

205 1419 325 1471 nale
353 1417 587 1474 Baronio
623 1420 872 1486 relatum,
903 1432 959 1476 et
984 1425 1250 1478 Venetum
1285 1426 1552 1479 Gerasimi
1582 1426 1785 1489 Blachi,

203 1509 367 1562 dorico
405 1513 520 1578 quis
549 1513 852 1566 certioribus
885 1529 947 1566 ex
995 1509 1343 1569 monumentis
1385 1516 1540 1570 aliter
1561 1518 1786 1586 opinari?

204 1601 330 1654 dum
351 1604 575 1655 suaserit
606 1603 666 1656 ¹⁰.
700 1603 910 1668 Quibus
937 1607 1118 1659 verbis
1151 1608 1320 1661 videri
1367 1617 1546 1676 potest
1575 1606 1786 1676 opinari

886 218 982 276 DE
1024 219 1376 280 DIALOGIS
1410 223 1580 282 ADV.
1615 218 1968 292 ARIANOS,
2011 220 2614 293 MACEDONIANOS,
2650 219 2809 279 ETC.

203 328 379 384 ﬁdem
415 337 626 384 certam
667 329 876 396 facere;
921 341 1072 388 certe
1111 335 1228 388 sola
1279 336 1554 400 codicum,
1603 335 1803 406 quibus
1832 336 1876 390 Δ

3373 217 3474 282 371

2149 334 2176 406 §
2205 335 2293 390 111.
2323 333 2474 400 Quod
2503 351 2639 388 unus
2683 336 2749 388 sit
2779 334 3015 387 omnium
3052 342 3254 387 auctor.

1972 425 2010 478 l.
2048 426 2106 479 ln
2152 436 2358 496 septem
2411 426 2639 496 dialogis
2676 428 3065 496 impugnantur
3098 425 3333 479 haereses
3356 441 3464 479 om-

1898 515 2030 569 nino
2067 526 2194 581 tres,
2243 519 2440 572 Ariana
2473 519 2751 587 prioribus
2800 517 3049 583 duobus;
3087 516 3264 571 tribus
3294 526 3482 594 poste-t

1900 606 2139 662 riorihus
2165 608 2578 674 Macedoniana;
2613 607 3017 677 Apollinariana
3049 606 3284 660 duobus.
3308 607 3471 674 Opor-

1898 707 1974 752 tet
2008 699 2173 768 igitur
2190 699 2480 753 ostendere
2508 717 2520 752 :
2548 700 2806 768 primum,
2828 699 3039 766 priores
3069 697 3209 751 duos
3234 697 3476 766 dialogos

1896 788 1966 842 ab
1995 805 2103 842 uno
2143 805 2262 843 esse
2293 799 2514 843 auctore
2547 789 2906 858 compositos;
2961 788 3184 851 deinde,
3241 787 3310 840 ab
3363 802 3472 840 uno

1897 881 2024 934 item
2063 890 2172 934 tres
2215 889 2406 935 contra
2449 881 2862 945 Macedoniam;
2902 881 3084 942 tertio,
3137 880 3204 932 ab
3235 893 3345 932 uno
3378 894 3472 949 pa-

1896 974 2031 1027 riter
2074 974 2214 1026 duos
2257 983 2444 1027 contra
2478 973 2906 1042 Apollinarium;
2966 972 3204 1040 denique
3247 971 3317 1024 ab
3365 985 3475 1025 uno

1894 1065 2200 1134 eodemque
2247 1081 2458 1119 omnes.

1963 1154 2028 1208 ll.
2066 1153 2254 1219 Quoad
2290 1154 2526 1223 primum
2558 1172 2570 1207 :
2609 1154 2862 1223 quisquis
2902 1170 3012 1208 non
3055 1153 3351 1207 oscitanter
3393 1153 3472 1206 le-

1891 1247 2031 1315 gerit
2069 1249 2282 1317 priores
2315 1250 2454 1302 duos
2481 1247 2746 1301 adversus
2775 1247 3030 1301 Arianam
3069 1245 3322 1308 haeresin,
3352 1246 3472 1298 ani-

1892 1337 2200 1392 madvertet
2263 1339 2444 1402 facile,
2498 1353 2609 1391 non
2669 1352 2791 1391 esse
2841 1337 3126 1390 diversum
3183 1337 3472 1404 utriusque

1891 1438 2194 1484 auctorem.
2249 1431 2346 1483 Est
2387 1430 2534 1482 enim
2571 1429 2858 1482 amborum
2912 1444 3020 1482 una
3051 1427 3328 1496 quzestio;
3367 1442 3471 1480 una

1887 1521 2205 1590 quaestionis
2238 1519 2512 1574 solvendae
2556 1519 2729 1583 ratio;
2767 1518 2911 1572 idem
2948 1518 3139 1588 stylus,
3170 1515 3472 1584 eademque

1894 1612 2199 1666 disserendi
2251 1613 2423 1678 ratio;
2466 1611 2658 1666 eadem
2709 1610 3007 1679 Scriptura:
3056 1604 3470 1677 interpretatioi

206 1692 445 1756 codices,
507 1710 740 1761 quorum
797 1698 1066 1760 meminit,
1115 1699 1296 1754 minus
1357 1701 1555 1754 habere
1601 1709 1791 1754 aucto—
1825 1677 1866 1730 Β
1896 1705 2007 1757 imo
2060 1711 2116 1757 et
2149 1703 2466 1757 earumdem
2517 1703 2687 1756 veluti
2737 1702 3127 1771 parmmiarum
3176 1697 3470 1754 affectatio.

209 1781 409 1846 ritatis,
459 1799 622 1852 quam
669 1800 806 1854 opus
836 1797 983 1842 esset
1029 1788 1097 1842 ad
1136 1789 1441 1844 faciendam
1481 1799 1684 1844 certam
1731 1789 1793 1843 ﬁ-

208 1871 354 1926 dem.

278 1965 368 2019 Vl.
398 1966 440 2020 Ε
491 1969 894 2024 recentioribus
927 1970 1130 2024 Graecis
1162 1972 1250 2024 vix
1281 1972 1578 2042 quidquam
1611 1973 1794 2042 colligi

209 2073 367 2124 posse
415 2069 641 2115 autumo
671 2078 683 2112 :
728 2062 1171 2130 quandoquidem
1216 2080 1317 2117 nec
1347 2079 1538 2117 omnes
1566 2066 1708 2120 inter
1734 2082 1793 2121 se

208 2151 563 2214 conveniunt,
599 2169 702 2206 nec
739 2169 880 2207 unus
924 2154 1036 2207 fere
1076 2169 1282 2207 secum.
1321 2155 1584 2209 Eumdem
1613 2156 1791 2210 dialo-

209 2257 334 2310 gum
369 2243 532 2305 alius,
552 2245 661 2297 imo
684 2244 828 2316 idem
846 2245 1065 2313 aliquis,
1092 2245 1254 2299 modo
1277 2246 1424 2310 huic,
1450 2247 1614 2300 modo
1634 2247 1792 2301 alteri

210 2335 421 2387 auctori
451 2335 662 2389 tribuit.
708 2335 836 2405 Legi
865 2347 1016 2390 certe
1041 2353 1205 2406 super
1228 2352 1290 2391 ea
1324 2353 1380 2391 re
1416 2353 1525 2391 non
1553 2340 1793 2392 oscitan-

212 2432 291 2478 ter
338 2426 675 2482 Demetrium
717 2426 1047 2496 Cydoniam,
1103 2428 1180 2480 De
1218 2430 1543 2498 process-iane
1569 2427 1795 2498 Spiritus

209 2517 414 2580 sancti;
446 2517 746 2586 Josephum
790 2518 1201 2573 Methonenscm
1245 2520 1300 2572 in
1351 2519 1702 2589 Responsione
1725 2520 1796 2573 ad

211 2607 507 2677 Epistolam
533 2609 699 2662 Marci
735 2610 980 2680 Ephesii;
1016 2610 1253 2665 Marcum
1291 2612 1468 2680 ipsum
1499 2612 1795 2681 Ephesium

212 2700 265 2752 in
299 2699 522 2753 concilio
561 2700 867 2755 Florentino
886 2721 904 2766 ;
948 2703 1215 2757 Joannem
1238 2704 1513 2758 Veeehum
1539 2704 1795 2758 Adversus

211 2792 482 2846 Andream
541 2791 902 2858 Cornutorum,
960 2803 1016 2848 et
1055 2795 1178 2848 aliis
1219 2796 1274 2848 in
1335 2796 1618 2864 operibus,
1676 2811 1797 2865 quae

211 2883 417 2938 Graecia
444 2884 748 2938 orthodoxa
773 2885 955 2938 Allatii
1000 2885 1252 2949 exhibet;
1301 2885 1576 2939 Andream
1617 2885 1795 2954 ipsum

1892 1795 2132 1860 Quaestio
2179 1794 2471 1862 utrobique
2513 1802 2597 1848 est
2653 1793 2720 1848 de
2773 1793 3051 1862 ἀγεννήτῳ
3097 1796 3152 1844 et
3209 1788 3471 1857 γεννητῷ,

1895 1887 2180 1954 Patrisque
2206 1893 2259 1938 et
2283 1884 2428 1948 Filii,
2463 1893 2625 1952 atque
2650 1883 2816 1938 etiam
2845 1883 3012 1936 totius
3033 1879 3316 1934 Trinitatis
3347 1894 3474 1932 eon-

1894 1977 2376 2031 substantialitate.
2412 1975 2566 2041 Quod
2599 1975 2790 2029 iisdem
2825 1973 3118 2043 utrobique
3152 1971 3381 2026 vocibus
3410 1985 3473 2024 ac

1893 2068 2152 2136 loquendi
2177 2067 2429 2120 forn'iulis
2447 2067 2684 2135 scriptor
2714 2072 2922 2127 utatur,
2957 2063 3314 2131 eamdemque
3352 2075 3470 2116 ser-

1895 2166 1985 2212 vet
2023 2157 2290 2212 tractandi
2313 2157 2617 2226 argumenti
2652 2155 2903 2218 formam,
2931 2154 3058 2223 quia
3086 2154 3322 2208 lectione
3358 2151 3472 2222 ipsa

1895 2249 2097 2302 nemini
2126 2264 2235 2302 non
2266 2257 2518 2302 constare
2549 2255 2748 2316 potest,
2782 2246 3048 2315 exemplis
3075 2260 3181 2298 non
3201 2253 3284 2298 est
3313 2259 3471 2314 opus.

1893 2339 2136 2394 Celebris
2164 2339 2253 2394 ille
2279 2338 2451 2401 locus,
2477 2338 2639 2391 Pater
2660 2338 2833 2407 major
2854 2352 2934 2390 me
2961 2344 3055 2399 est,
3089 2334 3281 2388 eodem
3312 2332 3475 2387 modo

1895 2429 2186 2500 exponitur
2225 2430 2280 2481 in
2307 2413 2543 2496 utroque
2593 2427 2808 2498 dialogo
2841 2425 2906 2480 de
2941 2425 3120 2480 Verbo
3170 2423 3472 2485 incarnato,

1895 2531 2002 2574 etc.
2043 2519 2256 2574 Eaedem
2306 2517 2573 2572 aliectatae
2629 2515 2906 2586 parmmire
2941 2533 2952 2566 :
2995 2513 3051 2568 Si
3090 2515 3246 2567 scires
3281 2513 3475 2565 donum

1895 2611 2010 2676 Dei,
2049 2613 2205 2664 scires
2251 2611 2451 2680 utique,
2491 2616 2598 2662 etc.
2659 2607 2818 2676 (Dial.
2863 2604 2938 2677 1.)
2989 2601 3045 2659 Si
3082 2606 3238 2657 scires
3282 2601 3476 2654 donum

1895 2701 2011 2764 Dei,
2054 2707 2103 2752 et
2145 2702 2258 2771 quis
2303 2701 2387 2760 sit,
2426 2700 2514 2768 qui
2576 2697 2768 2759 docuit,
2817 2703 2924 2750 etc.
2965 2693 3125 2764 (Dial.
3161 2691 3239 2761 2.)
3289 2690 3478 2757 Quid?

1897 2791 2042 2860 quod
2080 2807 2110 2843 a
2147 2788 2552 2843 recentioribus
2597 2785 2800 2841 Graecis
2852 2784 3093 2838 citantur
3142 2781 3302 2836 ambo
3329 2784 3476 2838 velut

1901 2897 2062 2935 unus.
2087 2880 2372 2934 Videndus
2390 2880 2629 2933 Joannes
2651 2876 2893 2930 V’eechus
2909 2874 3202 2944 epigraphe
3227 2873 3292 2926 i5
3308 2875 3474 2926 semel

211 2973 561 3029 Comaterum
612 2975 758 3044 apud
807 2976 1112 3040 Vecchum;
1161 2975 1479 3045 Gregorium
1508 2984 1794 3046 protosyn-
1823 3003 1863 3058 ο
1899 2982 2061 3042 atque
2098 2971 2318 3024 iterum.
2357 2968 2667 3023 Demetrius
2711 2965 3012 3036 Cydonius.
3041 2964 3116 3017 De
3154 2963 3476 3034 processione

211 3065 410 3119 cellam
447 3066 529 3119 Ad
565 3067 939 3136 imperatorem
985 3067 1460 3135 Trapezuntiuum;
1500 3065 1790 3136 Georgium

212 3158 583 3221 Metochitam,
606 3160 623 3176 ⁴
649 3159 702 3211 in
719 3158 1054 3227 Refutatione
1077 3159 1237 3210 trium
1257 3157 1517 3211 Planudis
1539 3159 1789 3227 capitum.

213 3250 364 3319 Legi,
405 3250 649 3317 inquam,
685 3259 741 3302 et
775 3249 917 3302 inter
946 3248 1234 3316 legendum
1266 3249 1624 3302 animadverti
1657 3250 1796 3302 duos

211 3339 323 3393 fere
385 3346 596 3391 tantum
638 3337 705 3391 ab
753 3339 888 3408 ipsis
935 3339 1180 3406 dialogos
1217 3339 1395 3401 citari,
1437 3340 1674 3407 primum
1737 3354 1796 3392 ac

213 3430 473 3494 tertium;
509 3437 564 3483 et
597 3429 833 3498 priorem
861 3430 1082 3499 quidem
1114 3430 1414 3484 Athanasio
1442 3429 1607 3482 tribui
1640 3447 1668 3483 a
1697 3430 1798 3482 Me-

214 3522 445 3585 tochita,
479 3531 642 3589 atque
667 3520 832 3574 etiam
862 3538 892 3574 a
917 3521 1159 3585 Veceho;
1191 3521 1287 3574 sed
1311 3537 1337 3573 a
1367 3520 1582 3575 Veccho
1641 3520 1794 3585 alios,

213 3624 380 3682 atque
419 3628 449 3665 a
492 3612 914 3682 protosyneello,
957 3612 1188 3666 Maximo
1235 3612 1567 3681 adjudicari;
1614 3620 1796 3680 poste—

217 3705 424 3758 riorem
475 3719 606 3758 vero
658 3702 894 3758 Maximo
924 3703 1192 3758 vindicari
1232 3719 1261 3757 a
1299 3703 1587 3758 Comatero
1620 3712 1675 3756 et
1700 3702 1800 3774 Cy-

161 3807 177 3820 “
219 3796 417 3859 donio;
468 3794 766 3849 Athanasio
803 3802 884 3849 ter
925 3803 1019 3850 aut
1051 3805 1247 3864 quater
1281 3810 1311 3848 a
1351 3795 1586 3848 Veccho.

290 3887 403 3942 Vll.
437 3886 630 3956 Neque
676 3903 708 3941 a
757 3887 1148 3956 manuscriptis
1191 3886 1475 3940 codicibus
1509 3886 1632 3956 plus
1675 3902 1800 3954 spe-

222 3979 456 4033 randum
488 3978 650 4044 lucis,
672 3993 834 4046 quam
866 3979 934 4032 ab
964 3979 1148 4032 editis.
1180 3978 1316 4032 Nam
1345 3984 1406 4031 ut
1437 3993 1505 4030 ex
1539 3993 1650 4030 uno
1681 3992 1800 4030 om-

222 4071 376 4124 nium
423 4069 632 4138 optimo
666 4069 734 4124 de
797 4069 1025 4139 reliquis
1081 4068 1350 4139 judicium
1389 4067 1618 4131 feratur,
1663 4082 1802 4136 quos

223 4162 410 4230 plures
450 4160 814 4215 Felkmannus
845 4177 873 4214 a
910 4176 966 4214 se
1004 4161 1150 4214 visos
1185 4159 1378 4214 scribit
1411 4160 1474 4222 “,
1503 4158 1800 4221 Palatinus,

224 4251 318 4321 qui
353 4267 502 4306 nunc
533 4252 590 4305 in
629 4251 885 4311 Vaticana
921 4251 1252 4305 bibliotheca
1290 4257 1562 4310 servatur,
1601 4247 1804 4300 nullius

1896 3061 2124 3132 Spiritus
2155 3061 2344 3122 sancti,
2406 3073 2524 3126 cap.
2579 3057 2632 3110 5.
2673 3053 2971 3123 Gregorius
3021 3049 3475 3122 protosyncellus,

1893 3153 1974 3206 Ad
2008 3153 2381 3222 imperatorem
2429 3147 2895 3218 Trapezuutinum,
2941 3151 3029 3198 etc

1966 3242 2051 3296 Ill.
2091 3241 2244 3295 Adde
2297 3239 2443 3309 quod
2496 3237 2773 3292 secundus
2832 3234 2982 3288 aliud
3037 3233 3150 3288 fere
3202 3233 3338 3286 nihil
3385 3231 3476 3296 sit,

1895 3340 2095 3402 prmtcr
2137 3330 2300 3400 primi
2335 3331 2483 3384 velut
2514 3327 2851 3390 coronidcm,
2895 3342 3001 3396 qua
3029 3325 3282 3379 Eunomii
3308 3339 3480 3393 pauca

1896 3421 2144 3490 qurcdam
2180 3418 2387 3474 scholia
2433 3419 2489 3479 in
2533 3417 2821 3487 epistolam
2860 3416 3025 3480 Aetii,
3079 3424 3135 3470 et
3180 3415 3294 3484 ipsa
3335 3413 3478 3468 Aetii

1895 3513 2123 3581 epistola
2181 3511 2481 3566 secundum
2541 3509 2752 3580 singula
2805 3524 2901 3562 sua
2949 3508 3125 3577 capita
3168 3505 3479 3571 refellitur;

1897 3604 2042 3672 quod
2067 3603 2168 3656 fuit
2197 3603 2263 3656 ad
2288 3603 2686 3656 absolutionem
2717 3600 2899 3670 operis
2928 3599 3320 3654 necessarium.
3346 3597 3482 3652 Nam

1900 3703 2010 3748 tota
2044 3696 2110 3748 de
2152 3695 2398 3764 lngenito
2424 3701 2480 3747 et
2503 3692 2698 3747 Genito
2721 3693 2953 3762 quaestio
2985 3707 3049 3745 ex
3082 3679 3224 3745 Aet-ii
3253 3689 3482 3762 epistola

1899 3785 2252 3855 produxerat.

1971 3880 2057 3934 IV.
2085 3878 2210 3932 Sive
2243 3894 2372 3948 ergo
2397 3877 2507 3931 duo
2546 3876 2652 3930 sint
2684 3875 2907 3945 dialogi,
2937 3875 3083 3944 quod
3117 3874 3289 3944 magis
3327 3889 3486 3939 reor;

1901 3971 2014 4024 sive
2060 3969 2226 4024 unius
2283 3969 2404 4022 duae
2452 3976 2672 4036 partes,
2723 3976 2783 4020 ut
2833 3966 3237 4019 recentioribus
3286 3965 3487 4019 Grzccis

1900 4063 2108 4127 visum;
2165 4075 2310 4115 uinus
2356 4067 2506 4112 certe
2556 4057 2795 4125 scriptor
2852 4066 2954 4110 est.

1975 4153 2036 4205 ν.
2088 4151 2243 4216 Quod
2272 4149 2513 4219 pertinet
2550 4147 2616 4201 ad
2646 4145 2971 4208 secundum,
3015 4161 3212 4215 nempe
3245 4145 3498 4216 dialogos-

1903 4252 2019 4297 tres
2058 4242 2324 4295 adversus
2350 4237 2728 4292 Macedonium
2773 4237 2939 4290 unius
2968 4252 3088 4291 esse
3127 4237 3385 4303 auctoris,
3421 4252 3491 4292 ex

227 4342 472 4396 auctoris
502 4358 704 4396 nomen
937 4342 1030 4396 ιιιῙὶ
1067 4342 1234 4395 trium
1275 4339 1526 4408 priorum
1555 4337 1797 4408 dialogo-
1831 4340 1877 4396 Ι)
2104 4331 2358 4401 pluribus
2381 4345 2493 4383 non
2528 4329 2764 4384 obscure
2790 4326 3161 4392 concluditur,
3205 4327 3300 4382 sed
3330 4342 3398 4381 ex
3421 4343 3488 4383 eo

229 4448 354 4486 rum
385 4432 709 4503 inscriptum
754 4433 955 4497 habet;
1012 4431 1108 4486 sed
1155 4431 1303 4484 hunc
1341 4437 1548 4482 tantum
1585 4428 1803 4484 titulum

227 4521 510 4593 prasinum
547 4524 725 4592 primo
753 4541 767 4576 :
803 4524 1081 4592 'Avopoioo
1119 4523 1237 4592 ἦτοι
1264 4520 1629 4590 Ἀρειανίστου
1660 4521 1804 4572 ἀντι-

228 4615 384 4680 loris.
435 4614 569 4681 μετὰ
614 4614 917 4684 ὀρθοδὸξου.
943 4614 1228 4669 Secundus
1264 4612 1400 4666 nihil
1431 4612 1574 4682 gerit
1608 4613 1805 4668 inscri-

229 4713 406 4773 ptum.
446 4703 628 4758 Tertio
660 4705 727 4758 ad
781 4705 1101 4776 marginem,
1160 4705 1265 4758 Τοῦ
1323 4707 1482 4772 ἁγίου
1535 4705 1805 4775 Μαξίμου,

229 4795 553 4863 ascriptum.
579 4798 814 4861 Quartus
847 4798 926 4851 sic
947 4796 1266 4852 inscribitur
1289 4815 1300 4850 :
1325 4799 1366 4850 Τ
1369 4798 1614 4864 οὖηὰγίου
1652 4796 1810 4850 Ἀθα-

229 4890 417 4943 νασίου
455 4889 590 4959 πρὸς
619 4889 994 4959 ’Λπολινάριον
1033 4889 1289 4951 διάλεξις.
1336 4889 1575 4956 Quintus
1626 4902 1757 4941 vero
1795 4903 1808 4938 :

233 4979 340 5032 Τοῦ
385 4979 553 5034 αὐτοῦ
604 4979 1050 5051 Ἀπολιναρίστου
1087 4981 1454 5049 κεφαλαεωσις
1480 4981 1573 5033 καὶ
1607 4980 1813 5048 Γρηγο-

237 5074 354 5142 ρίου
408 5073 734 5128 ἐπισκόπου.
803 5074 923 5128 Duo
982 5073 1180 5143 reliqui
1242 5072 1564 5142 inscriptum
1617 5077 1812 5142 gerunt

234 5166 517 5219 Athanasii
563 5182 787 5221 nomen.

303 5257 440 5310 V’lll.
474 5256 674 5310 Verum
703 5259 868 5328 igitur
895 5267 998 5319 est,
1029 5257 1173 5326 quod
1199 5258 1357 5312 initio
1379 5256 1512 5314 dixi.
1545 5257 1815 5312 incertum

235 5347 404 5404 fuisse
439 5348 709 5404 hactenus
755 5350 1092 5420 dialogorum
1145 5361 1448 5405 auctorem.

1907 4424 2231 4487 clarissime,
2278 4421 2425 4492 quod
2461 4421 2514 4474 in
2545 4419 2707 4474 tertio
2732 4419 2834 4474 sub
2862 4419 3044 4483 ﬁnem,
3078 4433 3201 4472 cum
3229 4417 3488 4473 recedere

1909 4517 2207 4573 meditatur
2248 4512 2693 4576 Macedonianus,
2741 4511 3012 4580 ﬁnemque
3059 4509 3272 4580 dialogo
3316 4509 3490 4579 impo«

1911 4623 2066 4673 nere,
2117 4607 2205 4660 his
2240 4605 2429 4659 verbis
2477 4604 2652 4657 utitur
2683 4621 2696 4656 :
2741 4603 2952 4670 Ὀλίγος
2989 4602 3123 4671 εἰμὶ,
3161 4601 3400 4672 εὑρίσκω
3436 4601 3492 4653 δὲ

1911 4702 2002 4756 τὸν
2031 4700 2324 4768 δυνάμενον
2355 4696 2492 4766 πρὸς
2513 4695 2685 4747 ταῦτα
2715 4696 2889 4746 εἰπεῖν
2907 4709 2920 4721 ·
2971 4693 3165 4744 Πεῖσον
3203 4692 3330 4754 τοὺς
3353 4690 3494 4742 διδα-

1917 4791 2150 4852 σκάλους
2196 4805 2320 4858 μου,
2373 4787 2467 4838 καὶ
2498 4785 2775 4854 πείθομαι.
2826 4783 3027 4838 Iisdem
3077 4782 3190 4836 fere
3219 4781 3398 4835 uti-tur
3437 4780 3492 4833 in

1906 4894 2060 4941 sexto
2084 4882 2186 4937 sub
2208 4880 2392 4943 ﬁnem,
2416 4893 2541 4932 cum
2563 4877 2992 4947 disputationem
3015 4874 3308 4928 terminare
3335 4871 3454 4926 vult
3477 4889 3490 4924 :

1925 4975 2067 5042 Ἐγὼ
2117 4970 2336 5041 ἀμαθής
2384 4972 2521 5038 εἰμι.
2576 4969 2696 5035 ἄγω
2735 4969 2826 5019 τὸν
2872 4963 3193 5018 διδάσκαλόν
3233 4979 3358 5030 μου,
3399 4963 3495 5014 καὶ

1915 5064 2219 5134 διαλέγεται
2254 5079 2353 5114 σοι.
2380 5060 2532 5115 Unus
2557 5075 2689 5128 ergo
2722 5068 2808 5112 est
2830 5056 3115 5110 amborum
3145 5061 3353 5107 auctor.
3381 5052 3495 5106 lmo

1919 5170 1976 5217 et
2001 5154 2220 5227 septimi
2245 5168 2404 5219 ;eum
2432 5150 2579 5205 enim
2606 5149 2731 5204 inde
2759 5147 2974 5202 initium
3002 5145 3166 5199 ducat
3190 5161 3201 5197 :
3237 5143 3308 5195 υὺ
3340 5144 3494 5213 μόνον

1925 5247 2186 5320 σφάλλετε
2230 5243 2497 5311 λέγοντες,
2546 5241 2626 5292 ὅτι
2671 5236 2954 5308 specum,-
2992 5238 3138 5288 ἐστιν
3177 5235 3204 5286 ὁ
3253 5232 3376 5294 Υἱὸς
3419 5231 3498 5299 τῷ

1926 5339 2122 5411 [lat-pi,
2146 5334 2281 5390 ἀλλὰ
2314 5333 2410 5387 καὶ
2431 5333 2510 5384 ὅτι
2544 5330 2719 5400 ψυχὴν
2746 5325 2858 5397 εἶχε
2886 5324 3186 5396 σαρκωῠέις
3205 5325 3232 5376 ὁ
3262 5322 3462 5392 Κύριος
3480 5364 3494 5387 ,

1577 5441 1899 5498 5011131111
1924 5431 2159 5493 NOTAE.

303 5585 324 5615 ’
356 5585 544 5638 Libris.
588 5581 751 5642 Oud,
778 5582 813 5633 1.
842 5598 914 5639 ο..
945 5597 996 5648 p.
1039 5581 1187 5640 1117,
1220 5579 1386 5632 habet
1412 5577 1594 5648 titulis.

1709 5579 1749 5608 ‘°
1776 5576 2024 5631 Potiores
2059 5580 2258 5631 tainen,
2294 5582 2347 5636 p.
2391 5567 2513 5633 7I3,
2570 5563 2703 5618 dicit
2750 5559 2968 5615 codices
3008 5557 3097 5626 qui
3139 5553 3366 5608 Maximo
3399 5548 3513 5602 hos

237 5637 484 5725 dialogos
519 5637 785 5706 tribuunt.
874 5637 911 5681 ’ί
941 5637 995 5703 1η
1042 5637 1186 5703 notis
1231 5649 1293 5702 ad
1329 5657 1458 5702 tom.
1489 5648 1529 5700 ll
1557 5646 1791 5726 Operum
1837 5643 2012 5701 sancti
2059 5637 2362 5696 Athanasii.
