3956 6298
401 147 542 252 ’375

1283 195 1659 258 GARNERII
1700 199 2329 263 DISSERTATIONIS
2373 205 2428 264 II
2472 211 2874 273 APPENDIX.

3602 212 3727 276 376

431 305 696 371 ostendit.
738 307 955 376 ODiIIOI'.
1003 308 1293 364 manifeste
1352 323 1410 362 δε
1473 298 1836 378 posteriorem
1895 323 2016 362 esse
2051 315 2091 369 Α
2123 322 2284 382 gente
2307 316 2520 371 vicibus
2549 321 2751 374 mentis
2774 323 2826 374 in
2851 321 3092 376 Christo.
3124 322 3264 388 Quin
3290 331 3347 377 et
3375 325 3724 379 convenien-

434 397 628 462 altero,
677 397 734 452 in
761 414 870 468 quo
905 398 970 452 de
1004 397 1568 474 consubstantialitate
1618 398 1738 452 Filii
1767 397 2014 467 disputa-

434 500 555 545 tum
594 489 700 556 sit;
759 490 1096 559 disputatum
1132 505 1264 548 vero
1291 499 1375 544 est
1406 493 1626 560 copiose
1673 491 1727 544 in
1769 497 1942 544 sexto.

507 595 595 650 Vl.
632 593 934 648 Observare
978 610 1143 662 porro
1184 594 1277 647 hic
1306 595 1461 663 juvat
1511 591 1886 647 Macedonium
1922 607 2013 646 er-

438 701 585 740 rasse
615 701 738 739 cum
763 685 913 748 Ario,
947 701 1054 738 non
1095 694 1305 739 tantum
1343 685 1410 738 de
1445 683 2015 739 consubstantialita-te

441 775 624 837 Verbi,
665 775 760 829 scd
806 776 976 829 etiam
1020 776 1087 830 de
1137 778 1510 847 assumptione
1552 780 1746 832 animae
1788 795 1799 830 :
1845 778 2014 846 quod,

355 877 366 890 '
436 875 636 936 praeter
663 867 734 920 Μ.
765 867 1122 921 Mercatorcm
1162 884 1343 932 nemo,
1371 869 1519 938 quod
1557 870 1746 934 sciam,
1772 869 1875 923 nisi
1902 869 2018 923 dia—

437 956 544 1026 logi
592 957 821 1026 hujusce
864 966 1079 1020 auctor,
1124 958 1368 1012 tradidit.
1417 958 1593 1021 Adde,
1629 957 1775 1026 quod
1827 973 2018 1012 recen-

439 1049 607 1102 tiores
621 1045 791 1102 Grzcci
814 1047 994 1102 cidem
1017 1048 1228 1102 auctori
1251 1048 1468 1102 tertium
1485 1047 1760 1116 dialogum
1777 1055 2020 1101 sextum-

438 1154 544 1208 que
581 1139 846 1194 tribuant.
884 1139 961 1194 Ita
989 1138 1227 1194 Joannes
1257 1139 1524 1194 Vccchus.

509 1250 622 1304 VII.
655 1249 775 1305 Jam
797 1259 960 1315 vero,
993 1250 1142 1320 quod
1175 1251 1395 1304 tertium
1420 1259 1524 1314 est,
1556 1249 1624 1303 de
1654 1248 1871 1302 duobus
1897 1247 2016 1301 dia-

438 1342 582 1414 logis
610 1343 874 1396 adversus
895 1342 1315 1412 Apollinarium,
1340 1343 1434 1411 qui
1463 1352 1691 1410 quartus
1715 1349 1770 1394 et
1794 1341 2021 1410 quintus

440 1437 496 1490 in
549 1435 712 1490 editis
762 1436 923 1490 libris
977 1445 1360 1497 numerantur,
1407 1450 1503 1490 eos
1548 1449 1744 1504 nempe
1797 1433 2020 1487 unicum

443 1527 644 1580 habere
699 1536 1016 1590 auctorem,
1058 1526 1204 1580 facili
1255 1527 1473 1597 negotio
1521 1526 1829 1580 conficitur.
1884 1524 2020 1578 Nam

440 1617 457 1636 ⁶
481 1615 708 1684 quintus
744 1615 925 1684 quarti
967 1615 1240 1669 absolutio
1280 1623 1382 1670 est.
1430 1614 1713 1684 Siquidem
1745 1624 1806 1668 ut
1844 1613 1901 1666 in
1934 1629 2020 1667 se—

2120 405 2194 458 tia
2234 406 2432 478 dialogi
2467 412 2730 478 postremi
2771 427 2896 466 cum
2929 412 3158 482 reliquis
3188 421 3380 467 contra
3412 414 3720 470 Anommos

2121 495 2209 550 his
2232 512 2297 550 ex
2332 499 2516 552 verbis
2543 508 2713 570 patet,
2744 517 2773 555 a
2802 502 3005 572 quibus
3039 503 3257 558 initium
3294 503 3538 558 ducitur.
3566 504 3716 560 Cum

2119 588 2265 639 enim
2304 588 2730 646 Macedonianus
2759 592 3009 656 dixisset,
3046 592 3115 646 ab
3141 593 3465 648 orthodoxis
3487 595 3575 649 bis
3611 611 3718 649 er-

2121 679 2252 740 rari,
2281 680 2445 734 semel
2479 695 2603 734 cum
2637 683 2833 736 Filium
2864 683 3009 738 Patri
3049 685 3574 741 consubstantialem
3614 687 3713 741 di-

2120 778 2272 832 cunt,
2310 771 2510 825 iterum
2544 788 2668 826 cum
2704 774 2982 830 Christum
3027 786 3281 830 asserunt
3325 778 3563 832 animam
3601 779 3710 832 ha-

2124 860 2308 914 buisse
2343 879 2356 913 :
2390 863 2689 932 respondet
2718 863 3086 928 Orthodoxus,
3124 874 3422 936 utrumque
3449 869 3710 938 religiose

2120 952 2312 1016 asscri,
2347 955 2719 1023 continuoque
2749 956 2956 1010 crimen
2982 956 3036 1010 iu
3065 956 3515 1013 Macedonianum
3542 975 3708 1030 rege-

2121 1041 2212 1093 rit.
2249 1060 2265 1091 (
2293 1042 2481 1111 Neque
2501 1058 2652 1106 vero,
2679 1043 2876 1112 inquit,
2895 1059 3150 1113 magnum
3174 1045 3432 1113 quiddam
3453 1057 3707 1115 praestas,

2120 1133 2197 1194 si,
2254 1141 2544 1202 postquam
2595 1135 2880 1206 negaveris
2929 1137 3488 1200 consubstantialem,
3535 1153 3714 1208 neges

2120 1225 2444 1279 animatum.
2477 1226 2535 1280 Id
2559 1227 2707 1280 enim
2733 1228 3257 1302 propriumieorum,
3285 1230 3380 1298 qui
3403 1229 3708 1286 diversita-

2121 1323 2229 1370 tem
2276 1326 2331 1372 et
2373 1317 2878 1372 dissimilitudinem
2927 1319 3249 1374 substantia:
3289 1328 3566 1386 astruunt,
3644 1331 3711 1376 ut

2120 1408 2406 1476 patibilem
2469 1409 2747 1480 Unigeniti
2810 1410 3174 1464 substantiam
3234 1413 3447 1476 dicant,
3513 1428 3708 1467 carere

2122 1499 2303 1554 anima
2355 1501 2582 1564 dicunt,
2638 1510 2803 1571 atque
2864 1501 2994 1557 inde
3047 1502 3259 1557 exstitit
3310 1504 3710 1559 Anomeaorum

2122 1591 2462 1662 figmentum.
2500 1612 2518 1644 ›
2564 1593 2713 1648 idem
2731 1593 2898 1664 igitur
2933 1603 3018 1649 est
3067 1595 3313 1649 omnium
3355 1595 3706 1666 dialogorum

484 1661 707 1684 Ὶ“““’“““””
746 1661 868 1684 Ί“’““
888 1661 925 1668 "'
967 1661 1236 1669 ““’“”’“’“““““ν
1282 1661 1382 1670 """
1430 1661 1713 1684 "'"l"""""
1751 1661 1805 1668 "'
1847 1661 1901 1666 "'
1935 1661 1990 1667 _'
2171 1661 2179 1662 ί

439 1705 622 1759 eundo
650 1704 813 1769 Aetii,
843 1706 924 1759 sic
953 1705 1007 1758 in
1035 1707 1226 1774 quinto
1249 1705 1578 1775 Apollinaris
1602 1706 1841 1758 rationes
1870 1704 2020 1774 sigil-
2049 1661 2092 1716 Β
2122 1684 2382 1753 scriptor-

440 1797 594 1850 latim
623 1804 678 1851 et
709 1808 1091 1867 proponuntur
1122 1807 1178 1852 et
1212 1797 1519 1852 solvuntur.
1551 1797 1757 1850 Deinde
1786 1811 2018 1850 concors

439 1895 524 1942 est
570 1889 857 1958 utriusque
905 1888 1191 1954 doctrina,
1243 1889 1354 1942 imo
1397 1889 1620 1952 eadem,
1668 1887 1860 1948 iisdem
1904 1888 2018 1942 fere

440 1980 622 2035 verbis
651 1981 915 2050 exposita,
943 1980 1088 2034 idem
1116 1981 1406 2036 manifeste
1434 1982 1626 2051 stylus.

511 2095 646 2149 Vlll.
706 2095 1051 2150 Postremum
1112 2095 1185 2149 ita
1243 2095 1610 2149 concluditur.
1663 2095 1906 2150 Primum
1965 2105 2020 2149 et

441 2192 654 2240 sextum
675 2184 948 2256 dialogum
974 2186 1221 2256 ejusdem
1247 2201 1366 2240 esse
1391 2186 1653 2250 auctoris,
1682 2186 2022 2240 demonstrat

441 2277 688 2331 insolens
736 2277 1011 2346 quoddam
1053 2277 1119 2331 de
1163 2277 1354 2340 Petro',
1399 2277 1567 2330 Paulo
1623 2293 1686 2331 ac
1732 2277 2021 2332 Timotheo

440 2365 671 2430 dictum,
703 2366 860 2435 quasi
891 2382 1000 2420 non
1039 2366 1151 2420 sint
1191 2374 1302 2420 tres
1338 2367 1610 2429 homines,
1642 2365 1737 2420 sed
1773 2375 1883 2421 tres
1916 2367 2021 2422 hu-

442 2457 720 2512 manitatis
742 2457 906 2512 unius
929 2459 1266 2528 hypostases.
1292 2458 1426 2511 Nam
1461 2460 1516 2511 in
1547 2466 1780 2528 utroque
1807 2458 2022 2527 dialogo

440 2550 638 2607 iisdem
667 2551 781 2606 fere
813 2551 998 2606 verbis
1034 2551 1365 2620 exponitur:
1392 2561 1447 2606 et
1479 2551 1532 2604 in
1566 2553 1744 2621 primo
1777 2552 2020 2620 quidem,

442 2643 711 2712 quaerenti
753 2642 1039 2708 Anomoeo,
1074 2643 1350 2714 quomodo
1392 2643 1673 2699 diceretur
1715 2643 1784 2698 ab
1822 2643 2023 2699 Ortho-

443 2733 586 2788 doxo
632 2753 650 2784 ‹
685 2750 791 2788 una
825 2733 1106 2799 divinitas,
1135 2741 1193 2789 et
1227 2744 1335 2790 tres
1366 2735 1712 2806 hypostases;
1755 2755 1772 2786 ι
1802 2751 2026 2804 respon-

390 2837 408 2847 “
440 2825 536 2878 det
560 2822 907 2882 Orthodoxus
935 2841 949 2878 :
983 2845 998 2876 ι
1033 2825 1101 2881 Ut
1142 2826 1453 2891 suntPetri,
1478 2839 1534 2882 et
1555 2827 1729 2892 Pauli,
1761 2836 1816 2882 et
1845 2827 2028 2881 Timo-

445 2917 558 2971 thei
593 2925 705 2972 tres
735 2918 1074 2988 hypostases,
1109 2927 1165 2974 et
1205 2936 1311 2975 una
1356 2919 1688 2974 humanitas.
1725 2938 1742 2970 ›
1781 2919 1976 2974 Anom.
2009 2937 2023 2973 :

451 3027 468 3058 ι
503 3008 643 3078 Ergo
675 3015 788 3063 tres
817 3017 946 3062 sunt
971 3008 1071 3074 dii,
1094 3029 1110 3059 ι
1139 3017 1245 3065 etc.
1266 3010 1323 3064 In
1355 3019 1508 3065 sexto
1539 3019 1742 3075 autem,
1762 3025 1886 3065 cum
1918 3010 2028 3064 Ma-

443 3100 779 3155 ccdonianus
823 3103 927 3155 tria
962 3119 1126 3156 unum
1160 3101 1352 3155 diceret
1386 3103 1442 3156 in
1474 3102 1767 3166 Trinitate,
1825 3101 2028 3172 excipit

445 3191 838 3246 Orthodoxus:
877 3211 893 3243 ι
924 3191 1321 3263 liypostasibus
1361 3193 1464 3246 tria
1504 3203 1651 3257 sunt,
1684 3209 1794 3247 non
1831 3207 2024 3248 unum.

446 3283 654 3337 Maced.
705 3303 722 3334 ι
759 3282 1046 3348 Quomodo
1095 3284 1262 3354 igitur
1303 3300 1468 3337 unam
1516 3284 1640 3338 dico
1684 3282 1972 3338 naturam?
2003 3303 2019 3335 ι

447 3372 680 3428 Orthod.
714 3393 733 3425 ι
765 3374 904 3441 Quia
929 3383 984 3429 et
1003 3375 1164 3449 Pater
1196 3383 1251 3429 et
1275 3375 1447 3432 Filius
1468 3386 1524 3430 et
1550 3374 1789 3444 Spiritus
1809 3385 2028 3431 sanctus

449 3464 644 3519 eodem
683 3465 844 3536 plane
885 3466 1049 3520 modo
1093 3467 1560 3521 immortalitatem
1599 3467 1774 3524 Patris
1819 3467 2025 3523 habet:

451 3563 616 3626 atque
656 3567 718 3611 ut
757 3556 972 3619 Petrus,
1003 3557 1205 3612 Paulus
1238 3567 1302 3612 'et
1346 3558 1668 3614 Timotheus
1702 3560 1866 3615 unius
1901 3571 2028 3618 sunt

453 3655 682 3711 naturas,
723 3654 780 3701 et
827 3656 937 3702 tres
975 3646 1332 3719 hypostases,
1365 3648 1439 3703 ita
1479 3649 1691 3704 Patrem
1735 3659 1792 3704 et
1830 3651 2027 3705 Filium

450 3745 507 3790 et
530 3737 796 3807 Spiritum
835 3746 1084 3792 sanctum
1127 3748 1235 3793 tres
1267 3739 1586 3810 hypostases
1609 3740 1753 3806 dico,
1783 3750 1837 3796 et
1863 3758 2026 3797 unam

449 3841 694 3884 naturam
711 3869 724 3893 ,
757 3847 774 3878 ι
810 3839 916 3883 etc.

525 3939 615 3994 1X;
653 3941 857 3995 Deinde
896 3944 1159 4011 partemin
1192 3943 1282 3998 illa
1323 3945 1505 4013 primo
1535 3946 1884 4014 secundoque
1908 3945 2027 4000 dia-

452 4035 579 4105 logo
605 4044 880 4103 usurpata,
909 4033 966 4089 Si
999 4037 1156 4090 scires
1191 4037 1387 4091 donum
1427 4037 1544 4102 Dei,
1581 4038 1811 4093 aﬂertur
1844 4039 2028 4092 statim

455 4124 513 4180 in
543 4134 716 4180 sexto.
758 4127 912 4182 Unus
950 4128 1115 4197 igitur
1159 4137 1242 4183 est
1274 4129 1519 4198 quinque
1557 4129 1894 4199 dialogorum
1929 4145 2030 4184 au-

455 4229 594 4284 ctor,
631 4235 882 4288 unusque
919 4220 1135 4276 Arianae
1165 4229 1220 4274 et
1244 4221 1643 4276 Macedonianae
1676 4222 1902 4278 haeresis
1930 4223 2032 4277 im-

454 4318 743 4382 pugnator.
794 4310 860 4365 Et
901 4326 1035 4365 vero
1079 4327 1201 4380 quae
1243 4311 1460 4382 dialogo
1495 4313 1674 4380 primo
1709 4312 1778 4366 de
1807 4327 2030 4382 proces-

455 4403 610 4458 sione
669 4401 910 4472 Spiritus
963 4402 1134 4455 sancti
1191 4401 1360 4472 428
1403 4410 1460 4457 et
1513 4403 1789 4458 locutione
1837 4418 1948 4457 non
1999 4419 2030 4458 a

457 4493 751 4560 semetipso
792 4491 1073 4555 dicuntur,
1108 4491 1300 4546 eadem
1342 4493 1536 4548 iisdem
1576 4495 1691 4548 fere
1723 4494 1910 4548 verbis
1948 4509 2033 4548 re-

459 4592 721 4654 petuntur
760 4583 815 4636 in
860 4591 1033 4637 sexto.
1065 4582 1240 4648 Adde,
1275 4584 1423 4653 quod
1466 4585 1521 4638 in
1565 4586 1745 4654 primo
1776 4595 1832 4638 et
1871 4585 2032 4639 tertio

456 4675 821 4744 exprobratur
862 4673 975 4728 Arii
1013 4675 1396 4740 sectatoribus,
1431 4675 1577 4744 quod
1617 4675 1916 4742 Epistolam
1963 4676 2031 4730 ad

457 4767 714 4822 llebrteos
747 4767 1016 4836 rejiciant.
1061 4765 1314 4820 lnﬁnitus
1356 4767 1480 4831 sim,
1519 4767 1565 4821 si
1605 4767 1817 4837 singula
1852 4783 2032 4836 perse-

457 4873 615 4928 quar.
665 4857 872 4922 Nemo,
921 4858 1016 4926 qui
1067 4856 1292 4926 legerit,
1334 4873 1445 4912 non
1491 4858 1688 4927 saepius
1735 4859 2034 4915 adverterit

457 4949 870 5002 consonantiam
911 4947 1274 5017 dialogorum,
1309 4949 1404 5018 qui
1447 4949 1708 5005 adversus
1740 4950 2034 5007 Anommos

458 5049 514 5094 et
541 5039 963 5093 Macedoniauos
994 5047 1143 5093 sunt.

526 5147 728 5203 Verum
772 5147 931 5202 facile
963 5163 1184 5218 quoque
1227 5161 1311 5206 est
1344 5154 1653 5222 perSpiecre
1693 5171 1907 5217 eorum.
1939 5157 2033 5226 qui

459 5245 652 5291 contra
687 5237 1084 5307 Apollinarium
1123 5249 1270 5305 sunt,
1302 5257 1426 5296 cum
1465 5243 1870 5300 Macedonianis
1907 5262 2037 5301 con-

350 5365 372 5380 ..
458 5329 814 5384 venientiam.
853 5330 984 5387 Nam
1017 5331 1110 5401 qui
1147 5333 1343 5388 tertius
1376 5345 1565 5390 contra
1592 5337 2032 5400 Macedonianos,

461 5420 668 5490 quique
711 5423 976 5490 septimus
1027 5423 1082 5477 in
1127 5424 1284 5481 libris
1325 5427 1488 5482 editis
1532 5441 1810 5493 censetur,
1849 5429 2035 5499 aperte

463 5509 815 5564 consentiunt
845 5527 966 5566 cum
1000 5513 1217 5569 duobus
1251 5516 1304 5570 in
1333 5516 1727 5586 Apollinarium
1764 5519 1982 5588 scriptis
2020 5538 2030 5571 :

461 5599 652 5656 eadem
692 5602 838 5657 enim
883 5605 1177 5676 utrobique
1213 5616 1296 5662 cst
1338 5607 1585 5663 doctrina
1611 5608 1677 5664 de
1703 5610 1880 5666 Verbo
1917 5612 2037 5669 fun-

2193 1775 2282 1830 Xl.
2316 1778 2518 1832 Verum
2553 1794 2643 1834 res
2674 1787 2788 1833 tota
2825 1779 3029 1834 clarius
3058 1780 3424 1843 elucescet,si
3449 1781 3710 1835 conside-

2122 1878 2276 1924 retur
2305 1870 2618 1935 methodus,
2648 1886 2770 1940 quae
2807 1871 2864 1925 in
2905 1869 3222 1925 refcllendis
3252 1870 3557 1926 hatresibus
3590 1887 3708 1926 me-

2121 1963 2349 2018 moratis
2408 1971 2682 2017 servatur.
2733 1963 2869 2018 Nam
2917 1962 3094 2032 primo
3146 1961 3200 2014 vi
3253 1968 3708 2030 argumentorum

2122 2061 2416 2123 pugnatur,
2457 2052 2514 2106 in
2555 2067 2732 2121 eoque
2757 2052 2982 2122 ponitur
3017 2050 3170 2128 prior
3201 2050 3469 2121 dialogus.
3497 2051 3715 2106 Deinde

2123 2143 2448 2198 refelluntur
2479 2144 2535 2198 in
2569 2144 2901 2214 posteriore,
2924 2159 3046 2213 qua:
3075 2143 3239 2213 vulgo
3270 2142 3496 2198 heresis
3521 2143 3715 2199 defen-

2123 2252 2278 2291 sores
2325 2237 2608 2300 afferrent,
2640 2236 2950 2306 quibusque
2994 2236 3237 2291 solerent
3276 2235 3718 2306 simplicioribus

2125 2325 2392 2380 insidiari.
2446 2325 2537 2380 Sic
2577 2325 2792 2396 dialogo
2836 2325 3018 2396 primo
3057 2324 3356 2394 disputatio
3399 2325 3714 2380 instituitur

2125 2431 2248 2471 cum
2273 2417 2566 2482 Anomceo;
2599 2415 2844 2471 secundo
2869 2416 3095 2471 scholiis
3118 2416 3372 2471 Eunomii
3394 2425 3452 2472 et
3477 2416 3718 2487 singulis

2125 2507 2268 2561 Aetii
2313 2508 2543 2577 argutiis
2585 2507 2972 2576 respondetur.
3011 2506 3104 2561 Sic
3137 2506 3195 2559 in
3231 2507 3410 2576 primo
3443 2506 3713 2562 adversus

2127 2597 2551 2652 Macedonianos
2585 2599 2939 2668 impugnatur
2966 2598 3311 2666 baresis;.in
3345 2599 3590 2654 secundo
3618 2615 3713 2654 sa-

2129 2687 2262 2743 tisﬁt
2291 2688 2690 2757 quaestionibus
2729 2688 2784 2742 in
2823 2687 3026 2742 scheda
3066 2689 3382 2758 propositis,
3413 2698 3470 2744 et
3503 2689 3559 2743 in
3590 2689 3711 2742 vul-

2128 2795 2229 2849 gus
2257 2779 2481 2848 sparsis.
2509 2778 2602 2833 Sic
2634 2778 2873 2848 denique
2911 2779 2968 2831 in
2994 2777 3178 2846 priore
3211 2787 3403 2832 contra
3430 2777 3715 2848 Apollina-

2129 2873 2271 2926 rium
2304 2887 2463 2927 mens
2493 2873 2732 2926 humana
2755 2869 2960 2926 Christi
2981 2871 3288 2926 rationibus
3307 2869 3611 2935 astruitur;
3653 2870 3715 2923 in

2054 2993 2098 3053 ο
2131 2963 2436 3034 posteriore
2480 2962 2804 3033 Apollinarii
2848 2963 3134 3033 praestigiae
3170 2963 3478 3016 diluuntur.
3518 2960 3719 3017 Unius

2131 3056 2222 3109 illa
2259 3055 2503 3110 methodi
2551 3069 2721 3110 unum
2765 3069 2864 3124 per
2903 3070 2961 3110 se
3003 3055 3116 3110 sola
3151 3063 3434 3110 auctorem
3477 3053 3718 3109 suadere

2129 3156 2352 3217 potest:
2387 3160 2443 3200 at
2481 3149 2775 3217 conjuncta
2809 3163 2935 3202 cum
2981 3147 3103 3202 aliis
3145 3145 3388 3211 indiciis,
3429 3145 3715 3210 eumdem,

2130 3239 2235 3294 nisi
2264 3238 2446 3301 fallor,
2473 3238 2832 3294 demonstrat.

2199 3397 2342 3468 διν.
2388 3397 2539 3462 Quod
2582 3412 2718 3450 unus
2758 3396 2851 3468 ille
2889 3404 3074 3450 auctor
3107 3397 3174 3450 sit
3213 3396 3348 3450 alius
3379 3412 3411 3449 α
3444 3410 3635 3464 magno

2760 3467 3075 3522 Athanasio.

2200 3615 2241 3668 1.
2275 3613 2430 3680 Quod
2459 3613 2504 3669 si
2533 3613 2627 3668 uni
2655 3613 2756 3668 soli
2783 3627 2976 3668 omnes
3004 3611 3203 3681 dialogi
3227 3610 3452 3666 attribui
3483 3609 3713 3673 debent,

2129 3712 2189 3758 ut
2211 3714 2359 3758 certe
2389 3704 2611 3767 debent,
2651 3704 2834 3758 nullus
2861 3719 3052 3758 eorum
3086 3702 3153 3757 ad
3181 3702 3538 3757 Athanasium
3580 3717 3718 3771 per-

2129 3797 2299 3861 tinet,
2346 3813 2472 3850 cum
2521 3805 2826 3867 repugnent
2869 3796 3182 3851 communia
3221 3795 3316 3849 illa
3357 3795 3457 3848 tria
3512 3793 3717 3862 κριτή-

2131 3905 2242 3959 ρια,
2281 3897 2514 3957 tempus,
2555 3887 2805 3942 doctrina
2843 3895 2900 3941 et
2939 3887 3130 3942 dictio.
3173 3886 3302 3951 Quae
3355 3884 3608 3954 quamvis
3648 3883 3715 3937 in

2129 3978 2510 4049 adjudicandis
2565 3980 2774 4034 auctori
2836 3979 2999 4034 alicui
3056 3977 3317 4048 operibus
3366 3976 3715 4047 probabilem

2130 4077 2342 4124 tantum
2389 4069 2595 4126 faciant
2641 4070 3045 4141 conjecturam,
3071 4069 3127 4124 in
3167 4067 3548 4139 abjudicandis
3585 4083 3717 4122 eer-

2131 4169 2239 4216 tam
2289 4162 2617 4216 sententiam
2645 4161 2885 4232 pariunt.

2203 4253 2269 4307 ll.
2303 4254 2480 4324 Atque
2510 4261 2570 4308 ut
2606 4269 2636 4307 a
2672 4262 2918 4325 tempore
2961 4254 3157 4308 ducam
3204 4254 3442 4318 initium,
3468 4251 3596 4306 inde
3632 4252 3718 4307 sic

2061 4347 2106 4402 B
2134 4353 2506 4413 argumentor.
2539 4344 2871 4400 Athanasius
2907 4359 2975 4399 ex
3011 4344 3116 4400 bac
3149 4345 3262 4399 vita
3296 4342 3533 4399 decessit
3568 4357 3717 4397 anno

2131 4433 2255 4487 571.
2285 4433 2517 4504 Scripsit
2551 4433 2717 4505 429
2754 4435 3096 4504 dialogorum
3137 4443 3330 4490 auctor
3359 4442 3481 4504 post
3508 4447 3716 4488 annum

2132 4523 2267 4587 581,
2317 4539 2428 4592 quo
2481 4539 2626 4579 anno
2677 4525 2915 4579 secunda
2961 4525 3203 4602 synodus
3241 4522 3718 4594 Constantinopoli

2133 4615 2318 4670 habita
2345 4625 2447 4671 est.
2489 4616 2641 4670 Alter
2671 4616 2837 4686 igitur
2860 4616 2928 4670 ab
2955 4616 3129 4670 altero
3153 4614 3404 4670 diversus
3431 4623 3535 4669 est.

2206 4709 2295 4763 lll.
2329 4708 2636 4778 Propositio
2672 4715 2822 4762 certa
2859 4716 2964 4773 est,
2992 4723 3118 4763 cum
3150 4708 3219 4762 de
3261 4717 3506 4778 tempore
3530 4708 3718 4763 obitus

2132 4798 2439 4861 Athanasii,
2475 4805 2742 4866 quantum
2783 4798 2892 4852 huc
2938 4798 3156 4864 sufﬁcit,
3188 4809 3446 4854 constans
3487 4801 3562 4855 sit
3599 4814 3718 4854 om-

2133 4887 2286 4940 nium
2312 4887 2519 4955 opinio.
2546 4887 2623 4942 De
2656 4887 2894 4942 triennio
2921 4888 3066 4942 enim
3099 4889 3217 4942 solo
3240 4889 3405 4958 vulgo
3431 4889 3572 4943 solet
3593 4903 3716 4943 esse

2134 4975 2384 5045 quastio.
2427 4975 2557 5030 Nam
2599 4977 2856 5031 Petavius
2890 4978 2958 5031 ad
2988 4993 3202 5031 annum
3233 4978 3358 5041 571,
3389 4977 3482 5031 alii
3519 4977 3588 5030 ad
3625 4992 3716 5031 se-

2135 5071 2416 5136 quentem,
2451 5065 2702 5119 nonnulli
2738 5066 2903 5120 etiam
2937 5066 3005 5120 ad
3035 5065 3158 5130 575,
3193 5066 3457 5119 referunt.
3486 5064 3714 5119 Assum—

2134 5158 2251 5227 ptio
2282 5156 2406 5212 inde
2444 5156 2753 5211 conficitur.
2781 5157 3171 5212 Macedoniano
3201 5157 3423 5212 Luciani
3457 5159 3714 5228 martyris

2136 5248 2300 5303 fidem
2340 5263 2398 5303 se
2441 5255 2626 5303 tenere
2651 5254 2668 5268 ‘
2693 5249 2941 5318 jactanti,
2981 5249 3360 5317 quaerentique
3401 5248 3470 5300 ab
3509 5246 3716 5302 Ortho‘

2137 5340 2278 5394 doxo
2325 5339 2604 5394 Nicaenum
2638 5339 2958 5411 Symbolum
2989 5339 3311 5409 proﬁtente,
3351 5339 3482 5408 quid
3533 5347 3717 5394 tamen

2137 5431 2192 5485 in
2238 5431 2465 5486 Luciani
2510 5431 2615 5487 fide
2641 5432 2956 5498 damnaret;
3003 5431 3301 5501 respondet
3341 5429 3713 5492 Orthodoxus,

2141 5523 2193 5577 id
2225 5539 2281 5578 se
2312 5525 2593 5591 damnare,
2627 5544 2645 5576 ι
2683 5524 2827 5594 quod
2871 5532 3061 5578 contra
3095 5523 3346 5595 martyris
3382 5523 3715 5577 sententiam

2139 5614 2384 5670 additum
2423 5615 2617 5672 fuisset
2654 5615 2882 5686 aliquid,
2916 5615 3079 5686 idque
3114 5630 3169 5670 se
3203 5615 3436 5685 probare
3465 5628 3649 5685 posse.
3690 5632 3710 5664 ι
