3956 6298
203 291 308 351 3ῗ7

883 287 980 346 DE
1020 288 1372 348 DIALOGIS
1409 291 1575 350 ADV.
1622 291 1973 364 ARIANOS,
2012 291 2616 364 MACEDONIANOS,
2661 291 2818 352 ETC.

3376 292 3480 355 378

209 406 426 476 Excipit
456 406 909 464 Macedonianus:
944 423 961 455 ε
981 405 1062 458 An
1083 421 1193 459 non
1217 415 1274 459 et
1296 422 1394 460 vos
1417 405 1648 460 Nicaanze
1667 406 1792 460 fidei
1823 411 1869 466 Α
1896 416 1951 460 et
1995 407 2192 461 horum
2241 417 2538 463 sectatores
2582 427 2593 460 :
2635 406 2969 462 Athanasius
3015 415 3202 462 contra
3249 409 3481 465 Arianos

209 495 418 566 aliquid
463 495 780 566 adjecistis?
817 525 886 534 —-
925 494 1241 565 Adjecimus
1281 510 1435 558 sane,
1477 496 1655 564 inquit
1693 494 1796 550 Or-

210 587 511 651 thodoxus,
577 586 670 641 sed
729 601 838 640 non
900 586 1004 656 ipsi
1038 587 1354 656 pugnantia.
1391 605 1408 638 ι
1449 586 1587 641 Tum
1624 587 1800 642 Mace-

210 680 540 734 donianus:
594 697 610 728 ‹
650 678 846 748 Aliqua
895 678 1120 732 omnino
1165 677 1459 748 adjecistis.
1515 679 1590 732 Ea
1634 693 1794 742 sane,

212 771 382 825 refert
411 769 786 834 Orthodoxus,
817 770 885 825 de
913 771 1114 840 quibus
1139 779 1268 826 tunc
1290 786 1398 824 non
1427 772 1794 839 quaerebatur,

208 869 260 918 et
291 877 416 930 qua:
443 877 595 915 nunc
621 868 747 915 sunt
777 876 805 914 a
839 860 1095 915 Patribus
1127 861 1214 929 pie
1241 862 1530 930 explicata.
1560 882 1578 913 ›

271 951 358 1006 IV.
403 953 670 1019 Apertum
709 957 812 1012 est,
844 949 913 1004 de
958 949 1027 1004 iis
1067 951 1175 1018 agi,
1215 966 1336 1019 qua:
1365 951 1432 1004 ad
1477 950 1793 1021 Symbolum

210 1041 498 1098 Nicamum
519 1041 1109 1110 Constantinopolitani
1129 1042 1318 1095 Patres
1339 1042 1605 1096 adversus
1622 1043 1795 1098 Mace-

211 1131 360 1187 donii
399 1147 647 1187 errorem
685 1132 1038 1187 addiderunt.
1089 1132 1226 1186 Cum
1266 1133 1413 1188 enim
1452 1133 1506 1186 in
1548 1135 1794 1205 symbolo

209 1220 357 1274 aliud
384 1221 530 1274 nihil
553 1221 620 1275 de
651 1221 859 1290 Spiritu
895 1230 1084 1276 sancto
1113 1231 1259 1276 esset
1294 1223 1533 1292 positum
1563 1239 1593 1278 a
1618 1224 1793 1278 Nicae-

209 1313 310 1376 nis,
342 1323 548 1382 praeter
577 1315 676 1368 has
703 1323 941 1383 quatuor
966 1329 1149 1377 voces,
1190 1313 1258 1368 Et
1292 1315 1344 1367 in
1379 1312 1637 1384 Spiritum
1669 1332 1796 1368 sau-

209 1415 378 1473 ctum;
412 1408 625 1462 dictum
668 1408 802 1462 illud
842 1409 1067 1463 brevius
1102 1407 1276 1463 coacti
1318 1417 1446 1462 sunt
1476 1408 1792 1463 Constanti-

210 1500 553 1569 nopolitani,
616 1508 842 1570 propter
893 1499 1456 1563 Pneumatomachos,
1517 1499 1793 1568 explicare

209 1589 308 1644 hac
336 1590 648 1655 additione,
686 1610 702 1640 ι
733 1591 802 1644 Ει
835 1591 890 1644 in
913 1590 1181 1660 Spiritum
1206 1601 1456 1646 sanctum
1478 1593 1791 1657 Dominum,

208 1689 261 1735 et
307 1681 703 1746 viviﬁcantem,
741 1697 807 1735 ex
856 1682 1016 1736 Patre
1063 1683 1472 1752 procedentem,
1520 1683 1616 1752 qui
1667 1700 1791 1738 cum

1900 498 2070 566 ipsos,
2101 498 2300 567 vixque
2331 499 2474 552 Aetii
2497 498 2867 568 Eunomiiquc
2895 498 3106 567 uspiam
3143 500 3402 553 tneminit.

1969 585 2263 656 Dialogista
2296 586 2672 641 Macedonium
2719 596 3024 656 oppugnat,
3055 588 3204 642 velut
3235 589 3300 643 de
3341 589 3479 645 Filio

1897 677 1993 732 Dei
2032 689 2220 746 aperte
2247 679 2576 734 sentientem
2620 694 2744 732 cum
2780 679 2939 733 Aelio
2976 697 2989 731 :
3026 679 3354 736 Athanasius
3391 685 3475 738 vel

1897 768 2200 824 Macedonii
2247 786 2445 825 nomen
2488 786 2758 840 nusquam
2804 781 3091 836 memorat,
3122 774 3207 828 vel
3245 789 3371 828 eum
3409 775 3476 830 de

1899 860 2038 914 Filio
2068 873 2215 916 recte
2245 861 2482 916 sensisse
2520 863 2702 926 docet,
2739 863 2784 916 si
2827 862 3068 918 secunda
3097 864 3162 919 ad
3204 863 3472 936 Spiridio-

1895 967 2021 1006 nem
2055 953 2282 1022 epistola
2318 955 2556 1024 genuina
2581 954 2672 1010 sit.

1965 1043 2263 1112 Dialogista
2319 1045 2517 1114 saepius
2567 1045 2892 1116 Apollinarii
2957 1064 3154 1104 nomen
3218 1066 3475 1121 expresse

1895 1134 2165 1202 appellat,
2215 1134 2497 1205 ipsiusque
2547 1153 2605 1191 se
2658 1138 3056 1194 confessionem
3106 1142 3302 1212 legisse
3347 1144 3464 1198 ait:

1896 1223 2225 1280 Athanasius
2269 1227 2438 1281 semel
2486 1237 2715 1292 tantum,
2743 1230 2890 1298 quod
2936 1232 3126 1296 sciam,
3157 1241 3212 1286 et
3250 1235 3472 1302 quidem

1895 1317 2074 1371 obiter
2095 1317 2350 1387 appellat,
2385 1317 2440 1370 in
2461 1319 2693 1387 epistola
2718 1321 2931 1374 scilicet
2955 1321 3021 1374 ad
3050 1320 3471 1388 Antiochenscs,

1896 1424 2020 1462 cum
2049 1409 2114 1462 de
2140 1408 2522 1463 Alexandrinae
2548 1410 2739 1480 synodi
2768 1412 3171 1482 subscriptione
3196 1423 3402 1484 ageret.

1965 1501 2263 1569 Dialogista
2314 1508 2424 1555 tres
2477 1501 2800 1571 hypostascs
2853 1503 3138 1560 Trinitatis
3188 1508 3474 1564 manifeste

1895 1590 2048 1653 dicit,
2085 1607 2196 1661 quo
2237 1591 2386 1646 dicto
2429 1607 2487 1647 se
2526 1592 2935 1647 Antiochenum
2977 1596 3181 1664 prodit,
3217 1605 3277 1651 ut
3312 1614 3475 1652 nemo

1894 1681 2145 1736 eruditus
2187 1683 2364 1737 nescit
2409 1701 2419 1734 :
2462 1682 2794 1737 Athanasius
2843 1693 2954 1738 tres
3001 1685 3320 1756 hypostases
3363 1703 3474 1744 non

207 1773 366 1828 Patre
414 1783 471 1828 et
524 1774 662 1828 Filio
700 1773 862 1828 simul
912 1773 1176 1828 adoratur
1211 1781 1266 1827 et
1305 1773 1660 1844 glorificatur,
1695 1775 1789 1844 qui
1827 1754 1865 1807 Β
1894 1771 2048 1836 dicit,
2078 1772 2175 1826 sed
2210 1788 2372 1827 unam
2399 1773 2683 1836 duntaxat,
2719 1773 2922 1844 quippe
2958 1754 3052 1844 qui
3076 1754 3473 1833 Alexandrino-

209 1867 423 1921 locutus
476 1875 566 1920 est
617 1882 715 1935 per
755 1873 974 1920 sanctos
1012 1865 1328 1935 prophetas.
1370 1885 1388 1916 ι
1442 1865 1655 1932 Quibus
1697 1883 1790 1921 sex

207 1957 486 2012 attributis
511 1968 570 2012 et
593 1958 1215 2012 Pneumatomachorum
1243 1957 1465 2012 heresis
1489 1960 1790 2029 proscripta

205 2058 307 2114 est,
333 2058 386 2104 et
411 2050 580 2104 simul
611 2059 818 2104 asserta
848 2049 1088 2119 Spiritus
1119 2050 1291 2104 sancti
1318 2049 1599 2114 divinitas,
1627 2059 1789 2120 atque

208 2141 773 2195 consubstantialitas.
809 2140 1041 2209 Scripsit
1073 2140 1241 2210 igitur
1273 2150 1466 2195 auctor
1495 2143 1640 2195 tertii
1675 2143 1792 2196 dia-

209 2231 310 2302 logi
349 2242 472 2302 post
515 2233 784 2303 synodum
809 2249 866 2297 ιι,
904 2232 956 2286 id
985 2240 1088 2293 est,
1130 2242 1254 2302 post
1295 2249 1497 2288 annum
1533 2235 1656 2299 581,
1693 2235 1787 2304 qui

207 2321 468 2386 decimus,
496 2331 599 2376 aut
623 2323 814 2377 saltem
844 2331 1071 2377 octavus
1101 2323 1170 2377 ab
1197 2324 1350 2378 obitu
1374 2325 1678 2381 Athanasii.

271 2415 331 2468 V;
358 2415 424 2468 Et
459 2423 618 2469 certe
647 2415 862 2485 dialogo
883 2417 1047 2470 tertio
1066 2425 1330 2486 sextoque
1349 2417 1499 2472 aliud
1517 2417 1632 2472 fere
1650 2419 1786 2472 nihil

207 2503 398 2574 agitur,
428 2521 601 2574 quam
631 2505 776 2575 quod
813 2506 1122 2560 rationibus
1156 2507 1605 2565 demonstrentur
1638 2509 1788 2580 sigil-

207 2592 350 2648 latim
384 2595 474 2650 illa
507 2611 606 2650 sex
639 2611 669 2649 a
697 2595 1316 2665 Constantinopolitanis
1338 2596 1566 2666 Spiritui
1596 2610 1785 2654 sancto

209 2687 484 2751 attributa,
507 2703 624 2757 quo
642 2688 726 2742 vel
753 2704 864 2742 uno
885 2689 1153 2742 evertitur
1173 2689 1394 2754 invicte,
1421 2707 1540 2745 mea
1561 2693 1783 2761 quidem

210 2781 508 2844 sententia,
561 2779 886 2835 recentioris
929 2777 1153 2835 Graecia:
1201 2779 1444 2852 dialogos
1487 2785 1784 2840 Athanasio

211 2872 490 2926 tribuentis
526 2873 818 2942 judicium.

275 2960 356 3015 Vl.
392 2959 658 3032 Oportuit
685 2961 852 3032 igitur
870 2962 1088 3020 Graecos
1121 2965 1391 3031 homines.
1416 2981 1653 3034 quorum
1681 2983 1782 3023 no-

210 3053 346 3106 mina
373 3070 496 3108 mox
528 3054 798 3124 appellata
831 3065 981 3120 sunt,
1007 3072 1186 3126 neque
1210 3057 1628 3128 diligentissime
1659 3073 1784 3114 ver-

209 3151 345 3199 satos
384 3145 562 3200 fuisse
599 3145 654 3199 in
698 3147 812 3201 suis
849 3148 1170 3202 auctoribus
1208 3149 1576 3219 perlegendis,
1607 3166 1786 3220 neque

209 3235 428 3290 multum
480 3236 736 3301 scivisse,
778 3253 920 3306 quae,
955 3239 1154 3307 quibus
1206 3240 1566 3310 temporibus,
1611 3257 1788 3310 quave

208 3327 484 3383 occasione
519 3329 854 3396 quaestiones
881 3340 1044 3384 moue
1073 3329 1202 3393 sint,
1231 3338 1286 3384 et
1317 3331 1506 3400 scripti
1540 3332 1607 3386 de
1639 3348 1787 3402 qua:-

207 3418 467 3474 stionibus
501 3418 659 3472 libri.
697 3419 1099 3475 lntellexissent
1142 3421 1388 3492 alioquin
1425 3424 1782 3492 quaestionem

207 3507 270 3562 de
303 3508 589 3579 ἀγεννήτῳ
630 3518 688 3563 et
731 3508 994 3580 γεννητῷ,
1025 3510 1308 3566 Athanasii
1338 3520 1517 3578 aztate,
1549 3522 1642 3569 aut
1673 3531 1783 3570 non

205 3599 488 3654 admodum
543 3608 769 3666 motam,
808 3610 902 3655 aut
947 3602 1263 3657 ventilatam
1311 3603 1608 3670 duntaxat,
1655 3622 1782 3662 cum

205 3691 437 3745 nondum
471 3691 743 3761 publicati
786 3699 971 3746 essent
1007 3691 1076 3745 ab
1111 3691 1382 3749 Eunomio
1421 3694 1565 3749 Aetii
1599 3696 1727 3751 libri
1765 3714 1778 3750 :

204 3781 450 3850 agitatam
475 3798 617 3837 vero
641 3783 987 3854 pugnaciter,
1020 3798 1143 3837 cum
1174 3784 1252 3838 illi
1282 3784 1385 3858 ipsi
1416 3786 1544 3841 libri
1577 3788 1782 3858 vulgati

203 3881 350 3938 sunt;
393 3874 495 3928 hos
543 3881 725 3927 autem
768 3873 1108 3943 Epiphanius
1148 3890 1338 3930 recens
1374 3878 1552 3933 editos
1593 3882 1778 3942 tradit.

203 3977 304 4032 quo
331 3972 583 4034 tempore
611 3965 877 4018 adversus
903 3965 1195 4020 Anomceos
1223 3968 1498 4022 scribebat
1530 3986 1543 4022 :
1569 3971 1779 4027 scribe-

203 4053 290 4108 bat
320 4071 450 4110 vero
485 4071 639 4110 anno
666 4055 871 4111 Christi
907 4057 1032 4120 375,
1066 4065 1161 4113 aut
1193 4058 1357 4113 etiam
1391 4060 1514 4115 376.
1551 4062 1782 4118 Videtur

201 4145 337 4199 enim
383 4155 495 4202 tres
549 4162 721 4202 annos
759 4148 816 4201 in
853 4147 1185 4202 elaborando
1218 4148 1380 4220 430
1410 4151 1643 4206 Panario
1678 4167 1779 4222 po-

199 4238 372 4294 suisse
402 4257 415 4294 :
443 4239 654 4309 quippe
685 4256 832 4305 cum,
864 4249 923 4295 ut
949 4248 1137 4296 censet
1164 4241 1438 4306 Petavius,
1481 4243 1775 4299 inchoave-

203 4326 271 4380 rit
312 4343 452 4384 anno
492 4331 744 4385 Valentis
783 4331 1093 4396 undecimo,
1131 4332 1224 4401 qui
1268 4331 1391 4395 574,
1427 4333 1776 4401 duodecimo,

1894 1879 2014 1917 rum
2058 1879 2210 1918 more
2248 1864 2559 1935 hypostasis
2591 1865 2814 1919 nomine
2849 1867 3009 1934 φύσιν
3042 1884 3136 1922 seu
3171 1869 3356 1922 οὐσίαν
3391 1871 3476 1925 in-

1896 1953 2184 2024 telligeret.
2226 1954 2361 2008 Vide
2409 1955 2696 2024 epistolam
2733 1956 3010 2011 Athanasii
3036 1959 3103 2012 ad
3139 1960 3475 2016 Antiochen-

1893 2063 2013 2111 ses;
2049 2056 2104 2100 et
2141 2047 2429 2116 epistolam
2456 2047 2750 2102 Alexandri
2786 2050 2933 2120 apud
2970 2051 3376 2110 Theodorctum
3415 2053 3471 2109 in

1891 2137 2141 2190 historia.

1961 2229 2252 2295 Dialogista
2295 2229 2424 2284 totis
2460 2229 2639 2284 tribus
2677 2230 2910 2302 dialogis
2944 2233 3160 2289 curiose
3194 2242 3370 2300 cavet,
3401 2252 3470 2291 ne

1889 2318 1972 2372 vel
2001 2319 2196 2372 leviter
2223 2319 2426 2375 indicet
2455 2305 2690 2389 Spiritus
2724 2323 2900 2376 sancti
2933 2339 2964 2376 a
2999 2323 3136 2378 Filio
3166 2327 3473 2393 processio-

1889 2426 2015 2464 nem
2051 2427 2064 2462 :
2093 2411 2426 2465 Athanasius
2455 2399 2721 2481 Spiritum
2745 2425 2992 2468 sanctum
3022 2430 3051 2467 a
3077 2414 3212 2469 Filio
3242 2415 3468 2479 habere,

1888 2496 2238 2570 quaecunque
2280 2501 2463 2566 habet,
2502 2503 2812 2574 Filiumque
2851 2520 2971 2559 esse
3019 2504 3257 2575 Spiritus
3295 2506 3469 2560 sancti

1886 2591 2116 2656 fontem,
2147 2608 2402 2661 expresse
2448 2594 2615 2649 tradit
2657 2593 2808 2649 Orat.
2849 2595 2884 2648 2
2922 2595 3185 2650 adversus
3217 2596 3467 2661 Arianos,

1888 2681 1944 2735 in
1980 2682 2119 2737 libro
2145 2682 2212 2736 de
2239 2683 2448 2752 Spiritu
2479 2693 2671 2740 sancto
2702 2686 2769 2741 ad
2797 2687 3194 2756 Spiridionem,
3224 2688 3280 2741 in
3322 2688 3469 2742 libro

1886 2775 1954 2830 de
2005 2784 2202 2830 natura
2255 2775 2493 2831 humana
2541 2786 2824 2846 suscepta,
2879 2787 2934 2832 et
2983 2780 3233 2834 oratione
3279 2789 3468 2834 contra

1885 2865 2130 2935 gregales
2158 2864 2402 2920 Sabellii.

1957 2956 2252 3026 Dialogista
2291 2957 2528 3027 denique
2568 2958 3080 3027 Apollinaristarum
3118 2959 3336 3029 triginta
3367 2961 3470 3014 sol-

1840 3100 1853 3116 .
1887 3047 1967 3100 vit
2007 3047 2268 3116 argutias.
2320 3046 2651 3102 Athanasius
2701 3049 2946 3117 quinque
2999 3058 3244 3114 tantum,
3293 3059 3349 3104 et
3395 3051 3468 3106 ita

1889 3139 2133 3209 quidem,
2175 3147 2231 3191 ut
2283 3154 2385 3193 nec
2434 3138 2628 3194 iisdem
2672 3137 2929 3193 omnibus
2981 3141 3329 3210 respondeat,
3365 3157 3469 3196 nec

1888 3229 2083 3284 iisdem
2115 3227 2308 3284 eodem
2349 3228 2528 3282 modo.

1958 3320 2093 3375 Vlll.
2125 3319 2264 3386 Quid
2295 3321 2491 3390 plura?
2523 3321 2880 3377 Verissimum
2908 3322 3156 3393 profecto
3184 3335 3287 3388 est,
3319 3325 3464 3394 quod

1887 3412 2142 3467 Petavius
2189 3412 2486 3481 aliquando
2525 3413 2728 3479 aiebat,
2769 3429 2894 3469 cum
2947 3425 3164 3485 urgeret
3211 3415 3467 3471 insanum

1884 3504 2176 3573 quemdam
2207 3504 2490 3560 Athanasii
2527 3506 2958 3570 criminatorem,
2992 3507 3088 3577 qui
3123 3507 3464 3579 dialogorum

1884 3595 2202 3651 testimonio
2227 3598 2483 3652 utebatur
2507 3597 2572 3652 ad
2601 3598 2904 3655 faciendam
2929 3599 3260 3654 Arianorum
3290 3599 3468 3655 domi-

1887 3688 1991 3741 tori
2023 3688 2238 3744 Arianae
2280 3689 2507 3744 haeresis
2538 3689 2820 3745 invidiam.
2854 3690 3214 3746 Verissimum
3249 3698 3353 3756 est,
3383 3692 3467 3746 in-

1882 3795 2071 3848 quam,
2121 3799 2138 3830 ‹
2180 3781 2482 3845 neminem,
2517 3782 2608 3850 qui
2649 3784 2667 3800 ‘
2703 3783 3104 3853 dialogisticum
3156 3783 3287 3846 illud
3328 3797 3466 3852 opus

1883 3871 2097 3940 legerit,
2129 3879 2186 3925 et
2223 3871 2279 3924 in
2319 3871 2424 3926 hoc
2459 3872 2635 3941 ipsum
2668 3872 2934 3928 doctrina:
2969 3873 3253 3942 paululum
3288 3888 3352 3926 ac
3377 3873 3470 3942 ju-

1883 3961 2013 4015 dicii
2043 3961 2358 4026 contulerit,
2383 3961 2639 4015 dubitare
2667 3978 2848 4031 posse,
2874 3964 3018 4032 quod
3045 3963 3326 4018 Athanasii
3357 3981 3465 4018 non

1881 4052 1954 4106 sit
1987 4051 2041 4106 id
2079 4059 2275 4114 totum,
2310 4051 2577 4120 quidquid
2616 4063 2722 4117 est,
2755 4063 3152 4122 quantumque,
3187 4061 3242 4107 et
3277 4055 3463 4123 cujus-

1883 4142 2052 4195 modi.
2091 4162 2109 4193 ι
2153 4143 2511 4197 Verissimum
2544 4156 2785 4210 quoque,
2822 4143 2970 4211 quod
3016 4142 3160 4196 idem
3199 4143 3327 4197 alibi
3367 4143 3464 4196 ob-

1882 4242 2084 4297 servat,
2111 4231 2406 4287 dictionem
2439 4231 2780 4302 dialogorum
2806 4232 2874 4286 ab
2902 4232 3271 4286 Athanasiana
3300 4232 3451 4304 43]

1882 4322 2195 4377 inimitabili
2221 4323 2468 4377 oratione
2493 4323 2691 4376 mirum
2717 4313 2982 4392 quantum
3007 4323 3230 4378 ditl'erre
3255 4325 3318 4377 ¹¹¹.

201 4420 289 4490 qui
319 4423 438 4488 375,
473 4423 546 4478 ad
575 4423 816 4478 medium
843 4424 1178 4494 pervenerit,
1207 4424 1300 4478 ubi
1331 4424 1597 4481 adversus
1621 4425 1778 4482 cata-
1808 4431 1852 4487 ι)
1948 4413 2039 4468 IX.
2080 4415 2126 4468 A
2151 4413 2269 4470 viro
2302 4423 2408 4468 tam
2454 4413 2741 4485 insigniter
2772 4414 2991 4470 erudito
3018 4431 3127 4469 non
3163 4417 3292 4472 licet
3327 4419 3460 4472 mihi

201 4507 426 4581 phrygas
472 4513 740 4582 disputat.
791 4511 1017 4582 Oportet
1066 4513 1232 4583 igitur
1277 4513 1419 4568 Aetii
1465 4515 1774 4584 epistolam,

199 4614 314 4668 qua:
345 4601 564 4674 dialogo
609 4620 645 4657 ll
685 4603 1055 4674 impugnatur,
1090 4604 1562 4674 Constantinopoli
1592 4608 1778 4679 vulga-

201 4696 306 4742 tam
337 4689 506 4746 t‘uisse
541 4706 686 4746 anno
715 4692 839 4757 572,
874 4700 970 4746 aut
1000 4692 1125 4758 575,
1159 4693 1254 4762 qui
1287 4693 1426 4749 alter
1451 4704 1547 4750 aut
1576 4711 1774 4752 secun-

198 4776 304 4832 dus
344 4779 413 4833 ab
457 4781 744 4838 Athanasii
793 4782 970 4848 obitu,
1013 4782 1059 4835 si
1107 4781 1519 4853 chronologiam
1567 4785 1776 4841 Petavii

201 4870 502 4938 sequimur.

267 4960 375 5015 VII.
410 4963 589 5033 Atque
619 4964 734 5019 haec
761 4963 829 5019 de
864 4973 1143 5033 tempore;
1174 4963 1282 5034 jam
1306 4965 1376 5020 de
1395 4965 1664 5022 doctrina.
1699 4969 1775 5023 De

200 5050 374 5106 tribus
413 5053 718 5108 haeresibus
751 5054 805 5107 in
841 5053 1072 5123 dialogis
1117 5055 1319 5124 agitur,
1354 5055 1572 5122 Ariana,
1604 5057 1779 5112 Mace-

199 5139 430 5197 doniana
461 5156 519 5200 et
557 5145 988 5214 Apollinariana.
1025 5145 1303 5201 Adversus
1341 5148 1583 5219 singulas
1619 5150 1778 5204 aliter

199 5227 548 5293 Athanasius.
581 5235 742 5288 aliter
775 5233 1061 5303 dialogista
1097 5232 1357 5303 disputat.

263 5321 560 5393 Dialogista
589 5331 796 5394 pugnat
836 5331 1026 5378 contra
1065 5325 1279 5378 Actium
1312 5327 1772 5397 Eunomiumque,

1885 4507 1942 4561 in
1982 4507 2086 4560 hac
2125 4515 2357 4577 utraque
2399 4507 2669 4563 sententia
2708 4506 3004 4563 dissentire
3038 4526 3050 4560 :
3085 4510 3340 4564 assentiri
3378 4519 3461 4564 ta-

1889 4613 2014 4654 men
2042 4614 2150 4652 non
2183 4614 2404 4668 possum
2434 4599 2488 4653 in
2521 4613 2589 4654 eo
2632 4598 2802 4669 quod,
2833 4615 2956 4669 quae
2993 4600 3194 4670 scripta
3226 4601 3471 4656 Athana--

1883 4691 1967 4746 sio
2005 4691 2304 4762 abjudicat,
2346 4691 2581 4747 Maximo
2623 4693 2894 4747 monacho
2938 4693 3210 4758 attribuit,
3251 4693 3464 4749 Graeco-

1883 4799 2028 4847 rum,
2063 4792 2122 4837 ut
2149 4783 2246 4847 ait,
2297 4783 2566 4852 judicium
2598 4793 2838 4841 secutus.
2869 4785 3034 4853 Atqui
3063 4801 3164 4854 ego
3189 4786 3470 4840 contendo

1881 4874 2087 4929 nullius
2135 4889 2255 4928 esse
2309 4874 2569 4928 momenti
2607 4875 2710 4930 hac
2756 4877 2811 4929 in
2847 4883 2999 4944 parte
3025 4874 3336 4929 Graacorum
3371 4890 3458 4929 re-

1881 4964 2188 5018 centiorum
2219 4963 2510 5035 judicium,
2539 4981 2664 5019 cum
2705 4975 2762 5020 et
2794 4965 2896 5034 ipsi
2931 4971 3173 5034 pugnent
3210 4966 3353 5018 inter
3379 4979 3457 5024 se,

1879 5057 2026 5127 quod
2073 5066 2232 5113 antea
2274 5057 2654 5124 ostendimus;
2702 5066 2758 5112 et
2801 5057 3269 5112 demonstratione
3315 5065 3460 5111 certa

1877 5148 2256 5214 revineantur,
2307 5149 2454 5218 quod
2511 5165 2660 5203 nunc
2708 5149 3078 5218 praestandum
3123 5165 3137 5202 :
3181 5149 3226 5203 si
3279 5156 3460 5202 tamen

1879 5243 2031 5310 prius
2057 5242 2354 5312 objectioni
2383 5257 2707 5312 responsum
2748 5241 2936 5306 fuerit,
2973 5255 3095 5310 quae
3127 5255 3192 5294 cx
3226 5239 3459 5294 concilio

1883 5331 2240 5387 Lateranensi
2273 5332 2374 5386 sub
2407 5331 2640 5386 Martino
2664 5332 2682 5385 Ι
2708 5331 2984 5386 celebrato
3009 5329 3190 5385 atl'erri
3219 5337 3416 5399 potest.

1525 5515 1840 5572 SCHULZII
1880 5515 2112 5569 NOTAE.

273 5689 315 5721 δ’
346 5689 494 5747 Idem
533 5694 643 5753 fere
670 5703 754 5750 est
787 5706 1189 5768 argumentum,
1222 5714 1330 5766 quo
1364 5698 1445 5752 usi
1485 5707 1610 5753 sunt
1652 5699 1894 5754 editores
1947 5699 2154 5754 Bencd.
2208 5707 2247 5753 ε.
2285 5699 2349 5764 ιι,
2385 5697 2520 5766 Opp.
2552 5695 2773 5762 Athan,
2805 5710 2860 5764 p.
2898 5693 3022 5750 472.
