3956 6298
518 279 624 346 379

1388 281 1761 343 GARNEBII
1794 276 2425 342 DISSERTATIONIS
2466 278 2526 337 II
2558 276 2963 365 APPENDIX-

3681 269 3800 333 380

588 393 660 449 Χ.
707 393 1070 450 Adducuntur
1119 395 1171 448 in
1202 394 1510 450 Secretario
1545 411 1598 450 v.
1644 396 1958 450 testimonia
1997 393 2104 448 tria
2133 396 2175 453 A
2203 391 2432 462 jaceret,
2472 394 2760 464 ipsumque
2809 403 3015 446 nomen
3059 387 3174 443 fere
3216 384 3424 443 oblivio
3459 383 3805 443 delevisset?

516 488 822 552 Athanasii,
854 495 908 542 et
939 489 1160 542 tertium
1193 487 1416 557 quidem
1441 486 1547 542 hoc
1579 487 1739 542 titulo
1771 507 1783 541 :
1825 508 1842 538 ι
1882 488 1961 542 Ex
1987 502 2101 541 ser-

517 572 677 635 mone
710 580 1014 643 Athanasii,
1049 580 1141 649 qui
1181 595 1278 650 per
1317 580 1539 634 modum
1571 579 2016 650 interrogationis
2044 588 2101 633 et

517 672 894 744 responsionis
939 688 1063 731 cum
1100 672 1400 743 Apollinari
1446 673 1522 728 fit.
1556 692 1572 723 ι
1620 672 1754 739 Quis
1792 687 1924 727 vero
1956 673 2101 741 ejus-

515 762 660 815 modi
695 777 874 817 sermo
906 769 991 816 est
1029 770 1227 832 prmter
1257 762 1531 834 dialogum
1568 777 1737 816 unum
1778 762 1845 817 de
1881 761 2099 816 duobhs

513 852 778 908 adversus
796 853 1233 922 Apollinarium?
1257 842 1458 909 Verum
1484 861 1701 923 oportet
1726 861 1823 908 aut
1843 852 2096 930 vitiosam

509 959 631 998 esse
661 944 1003 1009 citationem,
1033 952 1126 998 aut
1156 946 1323 999 alium
1357 944 1654 1016 dialogum,
1687 960 1849 1014 quam
1884 943 1976 1013 qui
2008 958 2099 1015 ge-

511 1029 716 1089 nuinus
751 1035 1013 1101 habetur,
1056 1036 1291 1090 laudari.
1324 1035 1455 1102 Qua:
1495 1036 1642 1091 enim
1683 1036 1993 1090 aﬂerunlur
2030 1050 2097 1090 eo

510 1126 651 1190 loco,
680 1126 735 1180 in
778 1136 978 1181 neutro
1022 1127 1406 1198 reperiuntur;
1454 1127 1564 1183 imo
1606 1144 1709 1182 nec
1742 1128 1799 1181 in
1838 1127 2095 1197 septimo,

509 1216 603 1285 qui
636 1210 885 1271 nonnihil
918 1217 1086 1272 habet
1129 1219 1471 1289 cognationis
1509 1235 1634 1274 cum
1671 1218 1796 1273 aliis
1832 1218 2050 1273 duobus
2080 1237 2092 1272 :

507 1306 642 1375 quin
683 1309 848 1363 etiam
895 1309 1278 1364 testimonium
1323 1311 1649 1377 secundum,
1683 1311 1829 1382 quod
1869 1310 2098 1365 aﬂertur

508 1396 612 1451 hac
659 1399 1065 1470 inscriptione:
1116 1420 1133 1452 ι
1169 1399 1430 1471 Ejusdem
1476 1400 1544 1456 de
1588 1417 1840 1457 sermone
1888 1403 2095 1472 majore

507 1496 699 1543 contra
746 1490 1151 1560 Apollinarem,
1193 1491 1261 1546 de
1301 1491 1427 1555 ﬁde,
1462 1510 1480 1542 ι
1529 1490 1735 1547 frustra
1777 1507 1992 1562 quaaras
2037 1493 2093 1547 in

505 1572 857 1636 sermonibus
884 1581 1064 1636 tribus
1093 1581 1359 1636 adversus
1387 1582 1807 1651 Apollinarium,
1830 1584 1924 1652 qui
1952 1584 2096 1638 inter

504 1680 673 1735 opera
713 1669 999 1725 Athanasii
1042 1671 1321 1739 leguntur.
1356 1670 1514 1727 Unde
1542 1687 1650 1726 non
1681 1672 1974 1727 temeraria
2010 1673 2095 1727 ἰη-

2202 481 2367 551 Atqui
2402 482 2744 552 temporibus
2767 478 2983 537 Maximi
3008 478 3087 533 ita
3118 494 3175 531 se
3206 492 3295 533 res
3318 476 3586 541 habebat;
3617 474 3799 529 altum

2201 571 2298 624 fuit
2338 571 2407 627 de
2444 571 2727 626 Anomteis
2767 570 3083 635 silentium;
3133 569 3284 624 nulla
3324 568 3440 623 fere
3485 575 3795 630 manserat,

2201 663 2307 716 nisi
2352 663 2496 733 apud
2539 662 2875 717 eruditiores
2910 661 3145 731 aliquos,
3178 658 3474 722 memoria;
3514 666 3573 712 et
3609 656 3798 711 dialo-

2201 756 2340 826 gista
2370 755 2732 810 nihilominus
2764 754 2819 808 in
2862 754 2915 808 id
2954 769 3125 808 unum
3168 752 3401 822 dialogis
3455 749 3676 804 duobus
3707 749 3797 802 inv

2201 848 2456 901 cumbit:
2493 846 2767 913 Quorsum
2820 843 3067 914 epistola:
3121 842 3340 897 duobus
3386 849 3512 911 post
3569 840 3795 895 saeculis

2200 940 2620 1009 respondeatur,
2648 955 2721 994 ne
2764 954 2863 993 sua
2904 937 3148 993 novitate
3188 935 3341 991 fallat
3383 932 3789 1004 imprudentes,

2198 1039 2254 1085 et
2285 1030 2410 1086 fidei
2440 1031 2675 1086 noceat?

2272 1123 2356 1177 ιν.
2397 1124 2643 1193 Denique
2686 1121 2903 1177 Maximi
2945 1130 3106 1177 aetate
3134 1119 3391 1190 vigebant
3430 1114 3791 1186 Monophysi-

2199 1223 2375 1270 tarum
2414 1226 2470 1270 et
2500 1215 2980 1271 Monotln-litarum
3015 1213 3252 1267 haereses
3280 1211 3423 1271 duae,
3453 1223 3577 1278 quae
3607 1206 3792 1262 amba:

2197 1309 2266 1363 ab
2290 1309 2631 1380 Eutychiana
2644 1317 2955 1379 propagatae
2974 1314 3127 1368 sunt,
3146 1319 3402 1375 quaeque,
3423 1311 3591 1372 prout
3602 1300 3791 1355 varios

2196 1398 2353 1468 quasi
2382 1413 2484 1468 per
2511 1397 2731 1453 canales
2758 1396 3111 1458 transierant,
3152 1393 3229 1447 ita
3271 1392 3548 1446 vaniorum
3588 1398 3789 1445 aucto-

2196 1507 2340 1555 rum,
2378 1506 2615 1560 quorum
2654 1489 2978 1544 notissimus
3017 1486 3275 1547 Severus,
3312 1483 3538 1537 nomina
3573 1481 3788 1539 sortita:

2194 1588 2373 1636 erant.
2402 1580 2680 1635 Adversus
2703 1588 3017 1649 utramque,
3044 1577 3137 1631 sed
3164 1572 3525 1644 posteriorem
3547 1586 3785 1641 praeser-

2195 1675 2316 1738 tim,
2354 1672 2487 1727 totis
2516 1672 2726 1726 viribus
2761 1669 3095 1740 depugnavit
3132 1667 3421 1730 Maximus,
3454 1662 3782 1734 pugnando-

502 1757 639 1812 cidit
686 1761 872 1830 Opinio
907 1779 919 1814 :
956 1762 1215 1831 primum,
1260 1763 1482 1818 nomine
1529 1762 1811 1820 Athanasii
1856 1765 2091 1835 proferri
2131 1767 2170 1821 Β
2198 1779 2306 1835 que
2336 1765 2658 1836 martyrium
2684 1763 2905 1817 illustre
2932 1761 3081 1817 fecit.

501 1850 671 1919 opera
707 1851 937 1907 alterius
959 1854 1272 1924 scriptoris;
1308 1854 1529 1921 deinde,
1567 1855 1938 1912 certissimum
1977 1872 2089 1912 non

499 1957 620 1997 esse
651 1942 719 1998 ab
746 1943 1051 2000 Athanasio
1112 1945 1260 2000 aliud
1294 1946 1596 2018 quidquam
1632 1947 1895 2003 adversus
1925 1947 2090 2019 Apol-

498 2031 697 2087 linariu
708 2048 756 2087 m
783 2035 1051 2105 scriptum
1073 2035 1264 2097 fuisse.
1283 2041 1445 2106 quam
1471 2037 1759 2107 epistolam
1781 2036 1848 2092 ad
1872 2038 2088 2108 Epicte-

498 2134 634 2189 tum,
674 2135 728 2181 et
758 2142 1068 2182 sermonem
1089 2144 1261 2182 unum
1296 2128 1364 2183 de
1399 2130 1577 2184 tribus
1613 2144 1740 2184 mox
1775 2129 2082 2201 appellatis.

498 2214 602 2271 Sed
635 2217 750 2272 haec
782 2235 880 2288 per
912 2228 1288 2274 transennam.

498 2306 526 2379 ᾗ
562 2307 624 2363 V.
661 2307 812 2374 Quod
842 2320 1027 2364 auctor
1049 2306 1383 2382 dialogorum
1408 2313 1476 2366 sit
1501 2311 1734 2367 diversus
1767 2330 1799 2367 a
1828 2312 2081 2368 Maximo.

566 2398 606 2453 Ι.
639 2397 752 2454 Cur
788 2392 900 2455 non
945 2402 1216 2456 assentiar
1256 2402 1312 2455 in
1358 2417 1445 2470 eo,
1486 2403 1635 2473 quod
1673 2404 1806 2469 dixi,
1838 2405 2080 2473 Petavio,

493 2491 636 2546 ratio
684 2499 789 2556 est,
837 2492 1008 2562 quod,
1049 2493 1154 2547 etsi
1202 2494 1438 2549 maxime
1487 2495 1670 2562 velim,
1717 2512 1830 2552 non
1876 2497 2080 2568 possim

492 2574 990 2654 tamen‘cogitando
1028 2585 1269 2654 assequi,
1305 2600 1426 2656 quae
1460 2601 1625 2643 causa
1651 2588 1832 2643 virum
1866 2590 2080 2660 perspi-

489 2674 792 2730 cacissimaa
823 2677 1024 2731 mentis
1053 2680 1109 2730 et
1141 2677 1341 2732 eximie
1372 2679 1653 2735 eruditum
1685 2680 1987 2751 impulerit’,
2020 2691 2081 2738 ut

490 2766 766 2821 Demetrio
812 2766 1092 2839 Cydonio,
1150 2770 1308 2840 cujus
1353 2771 1702 2840 potissimum
1753 2774 2079 2830 auctoritate

487 2859 730 2923 ducitur,
759 2859 1076 2915 adhibuerit
1107 2860 1291 2926 fidem,
1325 2862 1555 2928 homini,
1584 2863 1677 2934 qui
1708 2864 1949 2921 recentis
1976 2866 2076 2921 τενί

485 2961 592 3019 est,
626 2960 685 3006 ut
731 2953 823 3023 qui
865 2951 1083 3008 decimo
1129 2954 1328 3023 quinto
1369 2957 1571 3010 saeculo
1607 2957 1837 3024 vixerit;
1869 2966 1926 3013 et
1956 2958 2073 3029 qui,

487 3054 547 3099 ut
590 3045 817 3100 haberet
861 3046 984 3115 plus
1025 3044 1224 3110 :etatis,
1268 3042 1337 3100 de
1382 3046 1562 3117 primo
1606 3056 1819 3103 tantum
1858 3048 2075 3120 dialogo

2267 1853 2423 1909 Tunc
2454 1853 2716 1924 temporis
2746 1852 3021 1922 pracipua
3063 1850 3435 1908 contentionis
3473 1862 3642 1903 causa
3679 1846 3783 1901 fuit

2191 1947 2445 2003 Ecthesis
2487 1945 2757 2011 Heraclii,
2800 1953 2858 2001 et
2906 1945 3089 2016 Typus
3138 1942 3452 2000 Constantis
3496 1958 3510 1994 :
3551 1940 3679 1995 aliis
3711 1939 3783 1997 de

2188 2038 2542 2110 dogmatibus
2573 2039 2661 2093 vel
2693 2038 3005 2103 consensio,
3036 2037 3123 2092 vel
3152 2035 3456 2092 silentium.

2258 2127 2535 2193 Quorsum
2584 2127 2853 2183 Maximus
2898 2127 3173 2182 laboriose
3219 2142 3346 2182 cum
3394 2124 3681 2180 Aoommis
3722 2130 3781 2177 et

2188 2220 2622 2286 Macedonianis,
2668 2221 2781 2275 imo
2827 2227 2883 2274 et
2927 2219 3358 2289 Apollinaristis,
3404 2215 3781 2286 disputasset?

2188 2312 2631 2383 quandoquidem
2660 2312 3050 2376 Monothelitae,
3076 2313 3094 2332 ’
3124 2327 3156 2366 a
3183 2311 3389 2381 quibus
3419 2308 3781 2379 importatis-

2185 2404 2378 2458 simam
2437 2403 2867 2472 continuataque
2922 2402 3267 2457 vexationem
3328 2400 3665 2472 patiebatur,
3719 2406 3780 2454 et

2183 2493 2299 2548 Arii
2354 2496 2681 2566 impietatem
2727 2493 2796 2548 de
2845 2494 3031 2549 Verbo
3078 2493 3209 2557 Dei,
3251 2501 3308 2547 et
3352 2491 3658 2548 Macedonii
3704 2490 3777 2547 de

2184 2585 2391 2656 Spiritu
2445 2593 2636 2641 sancto
2689 2584 3092 2656 blasphemiam,
3129 2594 3186 2640 et
3217 2585 3540 2656 Apollinarii
3588 2601 3778 2643 am-

2183 2678 2334 2741 tiam,
2369 2676 2483 2731 imo
2510 2687 2566 2732 et
2595 2677 2858 2748 Eutychis
2886 2676 3607 2733 delia-ium’exsecrabantur.
3640 2676 3777 2730 Pro-

2181 2767 2477 2824 fitebantur
2497 2769 2647 2824 enim
2672 2768 3199 2824 consubstantialem
3225 2767 3572 2832 Trinitatem,
3604 2767 3775 2822 duas-

2179 2875 2287 2930 que
2330 2861 2384 2915 in
2419 2860 2640 2915 Christo
2680 2868 2905 2915 naturas
2949 2860 3210 2931 integras,
3242 2861 3355 2916 imo
3383 2875 3483 2915 sua
3519 2860 3781 2929 singulas

2178 2962 2362 3008 mente
2387 2953 2645 3022 praeditas
2684 2952 2760 3007 ita
2787 2951 3174 3017 defendebant,
3207 2960 3270 3007 ut
3306 2953 3473 3008 etiam
3501 2967 3633 3007 eum
3652 2951 3770 3006 Ne-

2180 3045 2353 3099 storio
2399 3045 2749 3114 aliquatenus
2798 3046 3037 3100 sensisse
3087 3062 3117 3099 a
3167 3045 3376 3100 Joanne
3410 3051 3479 3101 et
3528 3044 3771 3099 Martin

482 3135 767 3205 loquitur:
794 3152 918 3190 cum
949 3144 1128 3191 tamen
1158 3137 1436 3192 secundus
1464 3138 1710 3209 ejusdem
1740 3154 1865 3194 cum
1894 3117 2075 3210 primo

2192 3135 2408 3189 tummis
2456 3133 2836 3204 pontiﬁcibus,
2892 3133 3121 3204 ipsoque
3169 3134 3404 3189 Maximo
3457 3131 3765 3197 monacho,

486 3228 555 3281 sit
587 3227 850 3288 auctoris,
880 3236 1187 3298 quartoque
1230 3229 1529 3285 inclinante
1560 3231 1761 3286 saeculo
1790 3233 1955 3301 q'uam
1997 3233 2075 3287 ci-

472 3319 716 3399 tissime,
749 3319 834 3373 vel
871 3320 1064 3388 quinto
1108 3320 1346 3389 scriptus
1378 3320 1564 3384 fuerit,
1598 3321 1653 3375 id
1681 3331 1785 3388 est,
1819 3322 2074 3378 ducentis

482 3409 643 3463 annis
672 3418 727 3463 et
758 3408 995 3478 amplius
1023 3414 1149 3463 ante
1181 3408 1397 3463 Maximi
1428 3406 1661 3464 obitum.
1687 3411 1746 3465 Id
1781 3421 1965 3468 autem
1998 3414 2071 3469 ita

483 3502 776 3557 conficitur
810 3501 875 3554 ³³.

551 3594 618 3648 ll.
651 3592 862 3664 Dialogi
899 3593 1009 3648 duo
1047 3592 1264 3665 priores
1307 3607 1417 3648 non
1462 3594 1624 3667 longo
1660 3606 1784 3667 post
1823 3605 2070 3671 tempore
2140 3618 2143 3619 '

480 3685 769 3755 compositi
825 3694 985 3749 sunt,
1035 3701 1199 3755 quam
1258 3687 1489 3756 quaestio
1549 3688 1617 3743 de
1673 3691 1953 3763 ἁγεννήτῳ
2012 3702 2070 3749 et

481 3774 723 3846 γεννητῷ
746 3783 1063 3830 moveretur
1106 3773 1173 3830 ab
1203 3777 1360 3831 Actio
1390 3796 1402 3830 :
1432 3778 1702 3848 siquidem
1729 3782 2068 3840 orthodoxus

479 3867 660 3931 Aetio,
692 3866 944 3937 querenti
975 3862 1051 3922 se
1071 3884 1099 3922 a
1129 3867 1409 3924 Chronitis
1449 3872 1887 3939 persecutionem
1927 3876 2061 3943 pati,

475 3958 638 4033 5,32
679 3958 976 4029 respondet
1020 3956 1075 4012 in
1114 3959 1231 4014 haec
1271 3959 1434 4013 verba
1474 3977 1486 4013 ε
1531 3980 1548 4011 ‹
1584 3961 1732 4028 Quos
1767 3961 2063 4019 cmonium

476 4051 652 4106 dicis?
681 4049 763 4105 An
794 4066 911 4115 eos,
945 4046 1038 4120 qui
1073 4048 1183 4121 jam
1228 4050 1354 4105 inde
1397 4066 1426 4104 a
1473 4051 1815 4120 temporibus
1843 4062 2063 4122 aposto-

474 4144 596 4203 licis
624 4143 691 4198 ad
722 4142 1051 4198 hodiernum
1093 4158 1264 4213 usque
1301 4142 1446 4197 diem
1481 4143 1706 4196 laudant
1734 4144 1974 4209 Patrem,
2005 4154 2061 4200 et

470 4234 695 4301 Filium,
729 4243 786 4291 et
815 4234 1079 4307 Spiritum
1112 4235 1403 4290 sanctum?
1427 4234 1507 4289 An
1539 4251 1654 4299 eos,
1687 4236 1780 4306 qui
1810 4235 1935 4307 χθὲς
1966 4238 2060 4291 καὶ

475 4329 735 4400 σήμερον,
768 4328 835 4382 ab
866 4344 975 4382 uno
1004 4328 1248 4381 alterove
1279 4326 1388 4391 die,
1425 4334 1822 4396 apparuerunt,
1856 4336 1912 4382 et
1945 4328 2057 4383 hae-

2176 3224 2516 3280 dicerentur.

2245 3316 2309 3369 ν.
2345 3315 2501 3382 Quod
2530 3316 2576 3369 si
2618 3314 2835 3370 Maximi
2876 3315 3241 3371 indubitatam
3288 3315 3596 3373 decumam
3629 3332 3769 3373 cum

2173 3406 2476 3476 dialogiste
2520 3407 2794 3461 sententia
2842 3406 3093 3462 conferre
3131 3407 3317 3472 libeat,
3355 3407 3410 3461 id
3448 3409 3597 3478 quod
3639 3408 3761 3480 agi-

2172 3512 2317 3561 mus,
2345 3497 2560 3552 facilius
2589 3496 2932 3552 conficietur.

2242 3587 2410 3643 Cavet
2454 3588 2763 3659 dialogista,
2807 3597 2870 3642 ut
2914 3590 3027 3660 jam
3068 3589 3205 3652 dixi,
3247 3589 3486 3655 curiose,
3530 3606 3601 3646 ne
3645 3606 3761 3661 qua

2171 3681 2376 3737 indicet
2413 3680 2678 3751 Spiritum
2735 3689 2983 3736 sanctum
3018 3697 3049 3736 a
3083 3682 3223 3736 Filio
3263 3682 3536 3737 ullatenus
3561 3697 3761 3751 prooe-

2168 3772 2299 3826 dere
2333 3790 2345 3825 :
2379 3772 2432 3826 id
2458 3779 2645 3841 aperte
2672 3771 2941 3827 Maximus
2974 3773 3144 3827 tradit
3173 3774 3227 3827 in
3253 3773 3484 3843 epistola
3512 3774 3581 3829 ad
3606 3774 3760 3831 Mar-

2166 3865 2342 3918 tinum
2387 3863 2793 3934 presbyterum,
2830 3873 2996 3934 prout
3037 3866 3270 3921 affertur
3306 3866 3363 3920 in
3401 3866 3756 3924 collectaneis

2165 3954 2458 4009 Anastasii.

2232 4045 2394 4118 533
2445 4044 2738 4115 Dialogista
2788 4047 2956 4103 refert
2997 4050 3059 4113 ιδ,
3103 4065 3162 4104 se
3194 4050 3392 4121 legisse
3426 4050 3753 4121 Apollinarii

2162 4136 2583 4200 confessionem,
2612 4136 2670 4191 in
2708 4153 2814 4206 qua
2854 4154 3054 4211 corpus
3083 4141 3298 4196 Domini
3329 4143 3509 4197 nostri
3539 4142 3755 4198 diceret

2159 4228 2444 4297 ὀμοούσιον
2492 4228 2679 4283 Maria:
2721 4244 2738 4281 :
2776 4229 3045 4286 Maximus
3094 4232 3178 4287 in.
3201 4232 3575 4304 disputatione
3621 4251 3751 4290 cum

2159 4321 2369 4392 Pyrrho
2388 4319 2786 4390 Apollinarium
2810 4322 2886 4376 ait
2907 4324 3138 4378 abusum
3161 4340 3296 4381 voce
3318 4329 3476 4381 unius
3494 4327 3744 4382 echinu-

472 4421 582 4474 rcsi
622 4420 912 4474 laborant?
954 4418 1048 4488 qui
1093 4428 1343 4473 sanctum
1389 4417 1567 4473 Patris
1594 4427 1651 4473 et
1684 4417 1806 4474 Filii
1853 4434 2056 4475 nomen
2092 4454 2098 4508 Ι

2192 4412 2227 4464 is
2248 4451 2261 4474 ,
2295 4418 2358 4466 ut
2395 4410 2712 4465 ostenderet
2757 4427 2977 4468 carnem
3028 4416 3246 4470 Domini
3288 4432 3413 4472 esse
3455 4418 3741 4488 ὀμοούσιον

471 4510 977 4580 prmtermiserunt.
1036 4509 1198 4579 eique
1239 4524 1298 4562 se
1346 4509 1681 4578 przeferunt,
1728 4512 1822 4579 qui
1868 4510 2058 4566 docuit

471 4602 752 4672 baptizare
795 4600 852 4654 in
897 4600 1118 4654 nomine
1169 4598 1376 4663 Patris,
1419 4607 1475 4652 et
1521 4594 1675 4663 Filii,
1718 4609 1773 4655 et
1820 4600 2058 4671 Spiritus

467 4693 666 4758 sancti,
705 4701 870 4763 atque
916 4693 1082 4747 etiam
1128 4691 1493 4763 sapientiores
1524 4708 1583 4748 se
1617 4702 1812 4764 putant
1839 4709 1926 4759 eo,
1960 4697 2056 4767 qui

469 4789 685 4843 Patrem
702 4787 940 4849 Patrem,
963 4799 1022 4839 se
1044 4783 1241 4838 Filium
1281 4798 1401 4838 esse
1435 4783 1679 4840 tradidit.
1717 4805 1736 4837 ι
1771 4785 1885 4853 Qua
1925 4786 2056 4845 vero

465 4877 592 4948 quis
638 4876 850 4930 ratione
897 4874 965 4928 de
1018 4872 1336 4928 hominibus
1385 4882 1512 4930 ante
1560 4882 1835 4933 trecentos
1876 4894 2050 4935 annos

464 4969 672 5023 exortis
707 4968 941 5037 (tantum
986 4965 1132 5020 enim
1185 4966 1449 5036 temporis
1490 4965 1647 5022 ﬂuxit
1679 4969 1748 5025 ab
1784 4970 1941 5027 Actio
1978 4972 2046 5027 ad

466 5060 784 5114 Maximuml
828 5057 1030 5111 dixerit
1063 5072 1178 5121 eos,
1215 5057 1341 5127 χθὲς
1380 5057 1474 5111 καὶ
1518 5059 1777 5132 σήμερον,
1819 5063 1888 5117 ab
1934 5079 2045 5118 uno

465 5152 707 5206 alterove
738 5149 828 5202 die
856 5147 1167 5204 exstitisse?

2164 4503 2345 4558 Verbo.

2189 4629 2192 4632 ~
2229 4597 2523 4669 Dialogista
2564 4600 2816 4670 pluribus
2847 4614 2972 4655 cum
3016 4599 3283 4659 Auamma
3316 4601 3594 4672 disputat;
3630 4604 3741 4658 imo

2156 4689 2401 4762 dialogos
2426 4692 2565 4746 duos
2592 4691 2707 4747 fere
2736 4693 3001 4763 integros,
3041 4692 3282 4762 primum
3316 4702 3373 4747 et
3414 4695 3741 4757 secundum,

2156 4783 2426 4853 impendit
2464 4784 2520 4837 in
2553 4783 2836 4839 tractanda
2870 4785 3194 4853 quaestione,
3226 4791 3411 4839 utrum
3448 4784 3745 4854 ἀγέννητον

2155 4886 2210 4930 et
2239 4875 2497 4945 γεννητόν
2527 4876 2638 4930 sint
2676 4876 2856 4929 οὐσία.
2900 4875 3185 4940 Maximus,
3211 4877 3363 4931 velut
3391 4875 3449 4930 in
3490 4876 3744 4932 confesso

2156 4966 2300 5037 apud
2333 4981 2544 5031 omnes,
2575 4968 2764 5032 sumit,
2806 4967 3106 5038 Ingenitum
3135 4974 3185 5021 et
3213 4966 3461 5023 Geaitum
3486 4984 3593 5022 non
3632 4984 3745 5022 esse

2152 5060 2501 5115 substantiam
2528 5058 2654 5124 Dei;
2685 5059 2944 5129 additque
2979 5077 2992 5112 :
3023 5057 3151 5124 Quis
3193 5060 3335 5113 enim
3366 5061 3461 5113 hoc
3488 5061 3633 5114 dicat
3660 5061 3743 5114 ³⁸2

2218 5151 2512 5221 Dialogista
2552 5151 2697 5207 inter
2729 5151 3118 5222 disputandum
3153 5167 3278 5206 eum
3309 5152 3737 5222 Apollinaristis,

535 5238 625 5291 lll.
668 5236 875 5291 Deinde
908 5237 1035 5307 quis
1077 5236 1309 5309 singulis
1340 5239 1481 5296 Aetii
1528 5243 1778 5312 argutiis,
1808 5258 1878 5298 ne
1912 5242 2047 5313 ipsis
2148 5259 2325 5313 neque
2358 5242 2621 5313 Eutychis
2657 5243 2928 5305 meminit,
2963 5259 3142 5313 neque
3172 5244 3601 5313 Acephalorum,
3640 5260 3744 5302 ne-

465 5327 789 5412 irretiantur
849 5326 1071 5393 ﬁdeles,
1129 5332 1572 5400 respondendum
1634 5334 1848 5387 euriose
1914 5343 2047 5388 tunc
2147 5350 2254 5405 que
2286 5334 2495 5399 Severi,
2531 5335 2873 5404 aliorumque
2917 5336 3220 5407 ejusmodi;
3270 5336 3381 5390 imo
3423 5351 3529 5392 nec
3569 5336 3743 5393 uilius

461 5425 639 5490 putet,
671 5434 796 5475 cum
830 5420 1057 5478 haeresis
1084 5424 1473 5480 Anomoeorum
1510 5425 1779 5480 exstincta
1818 5425 2044 5479 omnino
2147 5425 2340 5498 synodi
2364 5436 2722 5497 pneterquam
2756 5426 2965 5496 primae,
2995 5442 3118 5497 quae
3150 5427 3371 5483 Nicama
3403 5437 3509 5485 est.
3539 5429 3743 5485 adver-

1808 5560 2130 5617 SCllULle
2168 5562 2397 5619 NOTAE.

536 5669 580 5749 ξ³
616 5671 737 5749 Ιιιιις
778 5681 1099 5749 argumenta
1137 5673 1391 5749 codicum
1440 5674 1767 5730 auctoritate
1818 5674 2208 5747 infringttntur.
2263 5688 2319 5733 ut
2389 5678 2753 5734 Combelisius
2783 5680 3052 5749 probavit.

460 5740 620 5811 epist.
664 5742 730 5798 ad
775 5740 1070 5815 Georgium
1119 5742 1393 5800 abbatem.

3149 5679 3190 5712 ’δ
3225 5680 3363 5736 Dial.
3394 5682 3447 5737 «ί.
3533 5685 3578 5717 ’⁵
3613 5682 3741 5741 γξιι.
