3956 6298
149 307 255 373 38L

833 305 930 369 DE
971 307 1326 368 DIALOGIS
1360 309 1528 368 ADV.
1565 307 1918 381 ARIANOS,
1961 309 2572 383 MACEDONIANOS,
2613 310 2772 371 ETC.

3338 312 3451 374 382‘

150 434 254 476 sus
293 417 512 482 Arium,
545 425 601 473 et
633 417 908 482 secunde,
950 433 1072 488 qua:
1112 415 1714 487 Constantinopolim“
1737 458 1750 480 ,
1783 423 1827 477 Α
1856 426 2104 473 mentum
2135 430 2252 485 est,
2299 419 2493 478 eadem
2537 417 2838 489 Scriptura:
2871 416 3182 472 testimonia
3203 457 3216 480 ,
3251 419 3442 474 eadem

151 510 426 566 adversus
447 509 825 564 Macedonius}:
857 526 870 563 :
897 509 1151 564 meminit
1176 509 1380 578 ubique
1413 509 1614 578 passim
1640 509 1749 566 Ma-

153 603 342 657 ximus
372 601 659 655 hominum
691 600 985 671 ejusmodi,
1023 600 1492 671 synodorumquo,
1526 599 1581 652 in
1620 599 1748 668 qui-

149 694 259 748 bus
290 692 599 762 proscripta
631 702 716 745 est
752 691 1016 762 Eutychis
1049 691 1319 759 impietas.

225 783 522 852 Dialogista
573 784 762 852 jejuno
817 783 1124 836 admodum
1163 781 1232 835 de
1281 781 1448 834 Maria
1502 780 1751 853 Θεοτὸκῳ

151 876 425 946 loquitur,
462 891 565 929 nec
610 875 736 928 aliis
773 874 886 928 fere
934 874 1137 937 verbis,
1185 889 1348 942 quam
1385 872 1590 944 quibus
1631 873 1749 942 ipse

152 969 450 1024 Nestorius
501 984 612 1021 non
665 967 914 1037 ingratiis
961 975 1211 1022 uteretur
1258 985 1272 1020 :
1321 982 1446 1020 cum
1490 968 1638 1022 enim
1681 967 1750 1021 de

153 1072 317 1131 partu
355 1060 594 1130 Virginis
627 1059 880 1113 nonnihil
927 1059 1174 1124 dixisset,
1218 1058 1514 1128 excipienti
1545 1059 1752 1129 Apolli—

87 1150 103 1171 ‘
153 1155 403 1217 naristae,
435 1153 710 1208 Hominem
740 1155 905 1225 igitur
938 1154 1116 1208 Maria
1157 1154 1379 1224 genuit?
1410 1155 1705 1224 respondet
1733 1172 1747 1208 :

152 1247 226 1298 θύ
252 1245 437 1314 ψιλὸν,
464 1245 597 1299 ἀλλὰ
639 1246 770 1300 Θεὸν
813 1246 1333 1318 ἐνανθρωπήσαντα.
1381 1247 1602 1316 Πρῶτον
1642 1246 1750 1317 γὰρ

152 1337 180 1386 ὁ
209 1335 424 1407 Κύριος
458 1338 575 1407 μετ’
599 1339 770 1407 αὐτῆς
796 1336 1016 1401 θεῖκὼς,
1054 1338 1149 1391 καὶ
1175 1338 1298 1390 τότε
1321 1336 1380 1401 ὲξ
1408 1338 1577 1408 αὐτῆς
1609 1339 1752 1390 οἱκο-

154 1428 404 1495 νομικῶς
435 1429 650 1481 παιδίον
672 1445 686 1459 ο
734 1429 816 1482 διὸ
848 1429 942 1482 καὶ
973 1429 1236 1494 Θεοτόκος
1264 1432 1296 1499 ἡ
1337 1429 1546 1496 Μαρία.
1582 1449 1598 1479 ε
1631 1429 1751 1484 Non

153 1518 408 1582 nudum,
460 1519 554 1573 sed
599 1520 772 1574 Deum
817 1519 1258 1574 inhumanatum.
1310 1519 1553 1573 Primum
1601 1518 1751 1573 enim

157 1625 284 1663 cum
311 1626 376 1664 ea
405 1611 670 1666 Dominus
695 1610 901 1675 divine,
937 1628 1005 1665 ex
1036 1611 1151 1680 ipsa
1181 1618 1368 1680 postea
1399 1611 1576 1664 infans
1600 1627 1750 1666 (eco-

158 1701 414 1765 nomice;
441 1701 676 1771 ideoque
707 1702 872 1757 Maria
907 1703 1138 1771 Deipara
1162 1711 1270 1755 est.
1303 1721 1321 1752 ι
1357 1700 1559 1756 Contra
1579 1701 1749 1755 Maxi-

158 1807 305 1854 mus,
339 1808 468 1845 cum
504 1808 698 1862 passus
725 1803 874 1850 esset
905 1793 1257 1857 calumniam,
1289 1793 1446 1862 quasi
1471 1794 1748 1864 Virginem

157 1899 270 1942 non
303 1885 517 1939 diceret
549 1885 860 1954 Deiparam,
903 1904 922 1936 ι
967 1885 1134 1940 missa
1174 1894 1445 1940 metanma
1486 1887 1746 1950 surrexit,

155 1985 215 2030 et
230 1977 477 2030 extensis
495 1977 550 2030 in
576 1978 774 2032 coelum
793 1977 1069 2039 manibus,
1087 1993 1212 2031 cum
1235 1977 1493 2048 lacrymis
1523 1977 1661 2030 dixit
1684 1994 1700 2031 ι
1723 1997 1742 2029 ι

165 2089 184 2120 ι
222 2068 327 2135 Qui
372 2085 482 2124 non
512 2069 679 2134 dicit,
726 2070 1010 2124 Dominam
1047 2078 1291 2124 nostram
1337 2067 1751 2138 superlaudahi—

156 2161 295 2233 lem,
319 2162 722 2216 sanctissimam
745 2204 758 2224 ,
801 2162 1185 2216 intemeratam
1207 2203 1220 2224 ,
1261 2169 1318 2215 et
1357 2161 1510 2216 omni
1537 2169 1752 2216 natura:

161 2253 523 2308 intellectuali
551 2254 944 2319 venerandam,
971 2253 1280 2307 naturalem
1319 2253 1587 2307 veraciter
1631 2267 1748 2306 ma-

158 2357 306 2404 H'em
351 2346 451 2402 Dei
493 2347 767 2410 ell‘ectam,
812 2348 906 2417 qui
951 2347 1082 2401 fecit
1110 2346 1310 2401 coelum
1345 2355 1400 2401 et
1432 2355 1656 2408 terram,
1694 2354 1749 2399 et

156 2454 336 2500 mare,
366 2447 424 2492 et
476 2440 658 2492 omnia
701 2453 823 2508 quae
857 2438 911 2490 in
952 2437 1034 2490 eis
1075 2445 1224 2500 sunt,
1259 2436 1331 2490 sit
1371 2436 1662 2490 anathema
1693 2445 1750 2489 et

159 2531 471 2584 eatathema
502 2546 530 2584 a
573 2531 732 2585 Patre
768 2539 824 2584 et
853 2530 992 2583 Filio
1019 2538 1075 2583 et
1117 2528 1321 2598 Spiritu
1360 2538 1572 2592 sancto,
1618 2543 1750 2582 con-

159 2622 512 2676 substantiali
544 2630 599 2676 et
641 2620 1161 2691 supersubstantiali
1187 2619 1478 2681 Trinitate,
1510 2634 1573 2672 ac
1597 2618 1747 2672 omni

158 2714 373 2770 eclesti
402 2715 626 2777 virtute,
666 2724 830 2783 atque
867 2729 896 2768 a
927 2714 1100 2768 choro
1127 2721 1441 2767 sanctorum
1475 2710 1751 2779 apostolo—

160 2819 324 2866 rum,
375 2805 808 2874 prophetarum,
858 2812 915 2858 et
959 2803 1171 2856 inﬁnita
1225 2803 1381 2872 plebe
1433 2810 1748 2856 sanctorum

159 2905 489 2967 martyrum,
521 2897 779 2965 omnique
811 2896 1006 2965 spiritu
1038 2895 1093 2948 in
1112 2894 1322 2964 jnstitia
1343 2901 1745 2958 consummato,

157 3004 312 3043 nunc
335 2996 393 3042 et
420 3003 659 3058 semper,
689 2997 744 3041 et
775 2989 829 3041 in
863 2987 1060 3042 saecula
1097 2987 1449 3040 saeculorum.
1487 2985 1680 3038 Amen.
1721 3003 1739 3035 ι

238 3081 267 3149 ς
305 3080 392 3134 Vl.
437 3078 588 3144 Quod
621 3079 966 3133 Theodoretus
998 3079 1063 3131 sit
1097 3077 1430 3146 dialogorum
1471 3082 1675 3128 auctor.

232 3171 313 3226 Ex
343 3171 450 3232 his,
483 3186 602 3240 qua!
647 3170 913 3223 hactenus
959 3169 1104 3223 dicta
1153 3177 1302 3230 sunt,
1345 3166 1566 3220 videtur
1610 3163 1745 3218 mihi

158 3280 307 3319 unus
341 3263 432 3318 ille
472 3271 663 3316 auctor
696 3263 1038 3333 dialogorum
1082 3261 1285 3315 sensim
1322 3260 1440 3313 sine
1482 3273 1645 3312 sensu
1689 3273 1748 3312 se

159 3356 428 3427 prodere,
479 3355 768 3425 patefactis
815 3355 1066 3417 indiciis,
1118 3353 1323 3422 quibus
1375 3351 1745 3420 dignoscatur.

156 3449 349 3518 Neque
384 3447 531 3500 enim
566 3446 816 3500 diversus
843 3455 946 3509 est,
978 3460 1099 3500 mea
1127 3443 1350 3514 quidem
1393 3442 1684 3504 sententia,
1719 3457 1749 3495 a

159 3536 538 3598 Theodoreto,
571 3536 717 3606 quod
750 3550 857 3589 non
894 3537 1130 3590 obscure
1168 3533 1358 3588 videre
1391 3532 1624 3602 quisque
1655 3546 1752 3600 po.

160 3637 291 3692 test,
315 3628 362 3682 si
385 3627 550 3682 modo
572 3627 920 3682 collationem
945 3626 1290 3696 dialogistam
1326 3624 1468 3678 inter
1495 3631 1550 3677 et
1573 3622 1752 3676 Theo-

160 3718 443 3782 doretum,
475 3717 638 3790 434
681 3719 860 3788 quoad
893 3718 1198 3771 doctrinam
1231 3717 1445 3784 aliaque
1471 3713 1747 3784 adjuncta,

161 3813 419 3867 instituat
448 3829 460 3864 :
503 3812 752 3866 instituet
778 3826 911 3865 vero
942 3809 1226 3865 commode
1257 3815 1496 3877 quatuor
1528 3807 1706 3860 modis
1735 3823 1750 3858 :

159 3904 344 3973 primo
377 3903 430 3956 in
458 3902 757 3966 communi,
781 3910 834 3956 et
859 3900 1038 3971 quoad
1067 3913 1259 3953 omnes
1285 3899 1446 3951 simul
1467 3897 1712 3966 dialogos
1735 3913 1749 3949 :

161 3993 387 4058 deinde,
419 3994 598 4064 quoad
632 3995 844 4064 priores
876 3993 1034 4052 duos,
1075 4007 1201 4046 cum
1232 3989 1451 4044 Arianis
1491 4005 1504 4042 :
1539 3997 1749 4059 postea,

160 4085 346 4156 quoad
369 4095 481 4140 tres
501 4085 658 4147 alios,
683 4101 808 4140 cum
835 4083 1224 4139 Macedoniam)
1252 4099 1263 4134 :
1289 4081 1550 4151 denique,
1573 4081 1753 4152 quoad

161 4179 432 4247 reliquos,
459 4193 584 4232 cum
610 4177 1016 4246 Apollinarista.

234 4269 546 4335 Antequam
580 4267 754 4320 lector
787 4264 1011 4319 accedat
1036 4263 1102 4317 ad
1129 4263 1459 4318 laboriosam
1484 4260 1754 4332 ejusmodi

161 4357 516 4414 collationem
536 4398 551 4421 ,
589 4357 834 4411 facturus
857 4363 972 4419 est,
1001 4356 1230 4425 opinor,
1262 4369 1446 4423 operte
1481 4352 1719 4423 pretium
1739 4393 1752 4416 ,

1851 510 2293 565 testimoniorum
2311 511 2602 580 expositio,
2621 509 2811 565 eadem
2830 508 3106 566 rationum
3129 518 3404 564 momenta
3426 528 3440 564 :

1849 604 2055 673 quibus
2077 604 2429 676 subjungitur
2455 620 2618 659 causa
2650 614 2758 658 tam
2795 611 3094 659 contracta:
3131 605 3441 672 argumenti

1850 696 2096 764 alioquin
2130 704 2238 750 tam
2265 695 2431 762 ampli
2471 693 2834 749 tractationis.
2861 695 2929 748 Et
2958 694 3010 748 in
3048 696 3294 749 secundo
3320 696 3445 765 qui-

1851 788 1976 843 dem
2007 790 2187 858 capite
2218 807 2230 842 :
2265 807 2283 840 ‹
2319 788 2423 842 Sed
2457 787 2524 842 de
2559 788 2643 842 his
2677 803 2778 842 nos
2805 787 2860 840 in
2903 787 2992 851 iis,
3022 804 3144 857 quae
3175 789 3443 844 adversus

1850 880 2042 938 Arium
2083 891 2139 936 et
2178 880 2512 935 Eunomium
2544 880 2888 950 scripsimus,
2924 881 3146 949 copiose
3177 882 3444 936 disserui-

1851 989 1996 1028 mus.
2029 993 2046 1024 ›
2081 973 2140 1027 1η
2169 973 2333 1027 tertio
2359 980 2543 1025 autem
2574 989 2586 1024 :
2624 990 2640 1021 ‹
2672 971 2888 1025 Etenim
2917 970 2985 1024 de
3010 970 3218 1041 Spiritu
3250 981 3442 1027 sancto

1852 1065 2116 1120 adversus
2146 1065 2394 1134 ejusdem
2424 1068 2439 1084 °
2469 1066 2645 1136 gratia
2675 1064 2972 1120 destitutos
2994 1063 3302 1127 haereticos,
3329 1074 3442 1119 tres

1852 1170 2072 1225 quoque
2115 1155 2288 1210 libros
2331 1155 2663 1225 conscripsi,
2712 1165 2771 1210 et
2816 1170 3283 1224 supervacaneum
3326 1155 3442 1209 exi-

1853 1245 2017 1300 stimo
2050 1260 2357 1300 sermonem
2392 1245 2498 1300 hoc
2533 1246 2654 1300 loco
2684 1245 3012 1314 producere.
3053 1262 3071 1293 ›
3109 1242 3228 1296 Non
3254 1243 3438 1306 video,

1852 1338 1987 1405 quid
2015 1338 2413 1393 consonantius
2446 1337 2554 1391 diei
2586 1345 2774 1406 queat,
2799 1335 2933 1406 quid
2969 1333 3207 1388 validius
3233 1333 3298 1387 ad
3323 1334 3443 1403 opi-

1855 1433 2075 1487 nionem
2113 1431 2434 1485 lirmaudam
2479 1430 2701 1484 adduci.

1921 1525 2040 1578 1am
2065 1539 2216 1587 vero,
2242 1539 2365 1577 cum
2394 1522 2594 1591 dialogi
2617 1521 2729 1575 duo
2752 1519 3019 1574 adversus
3039 1519 3438 1589 Apollinarium

1853 1616 1993 1670 nihil
2020 1615 2169 1669 aliud
2200 1615 2311 1668 sint
2341 1613 2570 1683 pariter,
2601 1627 2766 1681 quam
2789 1609 2992 1664 solutio
3015 1609 3437 1680 praestigiarum.

1854 1709 1968 1762 sive
2015 1707 2436 1777 sophismatnm,
2488 1705 2692 1774 quibus
2726 1703 3023 1758 haereticus
3054 1702 3147 1756 ille
3193 1700 3443 1756 tentabat

1853 1798 2253 1869 simpliciorum
2287 1797 2485 1851 animis
2515 1796 2748 1850 illudere
2794 1814 2807 1848 :
2849 1809 3086 1863 cumque
3126 1792 3443 1848 Theodore-

1855 1901 1944 1946 tus
1975 1897 2208 1944 testetnr
2249 1906 2306 1944 se
2345 1887 2648 1959 praestigias
2677 1886 2997 1957 Apollinarii
3023 1885 3226 1955 scripto
3257 1885 3440 1954 aliquo

1853 1982 2104 2046 solvisse,
2129 1991 2186 2036 et
2213 1981 2458 2044 easdem,
2483 1996 2551 2035 ex
2584 1979 2780 2034 eodem
2813 1979 2957 2033 libro
2990 1977 3314 2032 nominatim
3345 1991 3442 2046 ap-

1851 2074 2082 2143 pellato,
2131 2073 2184 2126 in
2229 2073 2479 2126 Eraniste
2527 2072 2722 2134 solvat,
2758 2085 2897 2140 quas
2935 2069 2992 2123 in
3036 2068 3298 2138 dialogis,
3347 2067 3438 2121 ubi

1851 2167 2106 2221 eumdem
2144 2167 2348 2220 librant
2385 2165 2654 2228 nominat,
2683 2163 3046 2233 eamdemque
3084 2161 3141 2216 in
3183 2160 3437 2231 dialogis,

1851 2275 2014 2329 quam
2063 2260 2186 2313 aliis
2225 2260 2280 2312 in
2324 2259 2481 2322 locis,
2515 2256 2819 2312 doctrinam
2861 2256 2929 2310 de
2956 2254 3178 2310 Christo
3213 2253 3437 2308 tradat:

1854 2351 2213 2405 indubitabile
2271 2351 2515 2413 videtur,
2559 2365 2590 2404 a
2633 2349 2986 2403 Theodoreto
3028 2347 3274 2418 dialogos
3316 2346 3441 2399 illos

1851 2453 2043 2498 contra
2068 2442 2489 2512 Apollinarium,
2513 2451 2676 2510 atque
2701 2441 2839 2495 adeo
2862 2454 3055 2494 omnes
3081 2447 3290 2508 septem
3319 2452 3440 2491 esse

1851 2537 2206 2607 compositos,
2227 2535 2676 2606 quandoquidem
2692 2548 2837 2588 unus
2851 2542 2936 2588 est
2955 2530 3200 2586 omnium
3223 2537 3437 2590 auctor,

1851 2638 1911 2683 ut
1940 2637 2099 2684 antea
2124 2629 2435 2684 confectum
2463 2636 2569 2682 cst.

1920 2721 2184 2774 Advertat
2212 2721 2421 2790 pariter
2454 2719 2520 2772 ad
2565 2717 2908 2780 methodum,
2952 2729 3076 2785 qua:
3101 2712 3293 2768 eadem
3325 2726 3442 2765 ser-

1850 2820 2010 2864 vatur
2045 2811 2101 2863 in
2135 2809 2368 2880 dialogis
2401 2809 2540 2871 istis,
2573 2823 2696 2877 quae
2730 2807 2784 2860 in
2817 2805 3051 2874 dialogis
3089 2803 3268 2857 tribus
3308 2801 3442 2855 Era-

1851 2903 2028 2956 nistze.
2063 2903 2194 2956 Nam
2242 2901 2433 2954 eadem
2481 2899 2926 2968 colloquentibns
2965 2895 3218 2966 personis
3267 2894 3440 2961 impo-

1852 3003 2060 3047 nuntur
2104 2992 2348 3053 nomina,
2381 2989 2675 3044 haereticus
2707 3002 2904 3056 nempe
2947 2985 3032 3040 sui
3080 2983 3353 3044 nominis,
3384 2988 3440 3034 ct

1776 3100 1818 3157 ς
1851 3080 2190 3134 orthodoxus
2219 3097 2232 3132 :
2268 3095 2385 3148 qua:
2407 3077 2701 3131 mcthodus
2720 3092 2828 3130 non
2858 3075 3076 3128 videtur
3106 3084 3232 3127 ante
3260 3071 3442 3126 Theo-

1848 3175 2100 3228 doretum
2131 3182 2412 3243 usurpata.
2447 3170 2554 3226 Sed
2583 3171 2695 3241 jam
2723 3167 3060 3223 instituenda
3089 3163 3331 3220 collatio.

2380 3350 2542 3423 5.35
2577 3363 2826 3404 COLLA'IIO
2860 3365 2899 3402 1.

1849 3487 2000 3541 Inter
2050 3485 2391 3557 dialogistam
2439 3493 2487 3557 et
2551 3482 2968 3557 Theodoretum,
3028 3479 3207 3550 quoad
3262 3494 3442 3534 omnes

2410 3553 2574 3608 simul
2613 3553 2874 3623 dialogos.

1922 3715 1962 3767 Ι.
2003 3713 2236 3781 Scripsit
2257 3710 2546 3780 dialogista
2580 3707 2846 3762 adversus
2871 3714 2984 3758 tres
3011 3705 3268 3766 haereses,
3303 3701 3438 3765 Arii,

1853 3802 2156 3858 Macedonii
2201 3811 2255 3856 et
2288 3799 2634 3870 Apollinarii.
2665 3798 3048 3853 Theodoretus
3076 3797 3114 3826 ¹⁷
3145 3814 3155 3848 :
3191 3815 3208 3846 ι
3237 3795 3444 3864 Scripsi

1859 3897 2126 3950 adversus
2159 3894 2393 3949 Arianos
2433 3907 2495 3947 ac
2526 3891 2966 3953 Macedonianos,
2991 3897 3047 3943 et
3068 3897 3258 3943 contra
3280 3887 3444 3956 Apol-

1854 3988 2045 4042 linaris
2073 3986 2396 4058 praestigias.
2443 4004 2461 4035 ι
2493 3983 2754 4046 Advorte,
2783 3983 2976 4043 lector,
3006 3979 3201 4033 eodem
3246 3978 3442 4032 ordine

1855 4081 2057 4149 scripta
2103 4094 2201 4132 sua
2236 4077 2647 4132 Theodorctmn
2693 4087 3003 4134 recensere,
3032 4085 3196 4138 quem
3239 4067 3441 4138 dialogi

1858 4171 2001 4225 inter
2035 4188 2091 4225 se
2123 4177 2363 4224 servant.

1927 4261 1992 4316 ll.
2048 4262 2184 4315 Tres
2227 4269 2357 4314 sunt
2404 4256 2670 4312 adversus
2722 4250 3144 4306 hiacedonianos
3199 4247 3440 4317 dialogi,

1866 4352 2084 4415 tertius,
2123 4360 2311 4405 sextus
2349 4357 2406 4403 et
2439 4345 2724 4416 septimus.
2756 4341 3142 4397 Theodoretus
3175 4341 3217 4372 ¹⁸
3248 4356 3261 4392 :
3301 4357 3318 4390 ι
3367 4337 3444 4393 De

161 4452 211 4506 si
241 4451 494 4505 advertat
531 4451 774 4504 animum
823 4448 891 4504 ad
951 4446 1476 4503 demonstrationem
1522 4444 1748 4499 manife-
1787 4454 1828 4507 ι)
1858 4442 2066 4514 Spiritu
2096 4449 2308 4505 sancto,
2343 4440 2611 4494 adversus
2651 4435 2824 4507 gratia
2855 4435 2974 4504 ejus
3007 4431 3300 4488 destitutos
3334 4429 3444 4484 lue-

161 4549 307 4596 stam
337 4541 606 4602 veritatis,
634 4555 740 4608 qua
765 4538 834 4592 de
868 4537 1135 4608 agitur“;
1177 4535 1467 4604 ipsumque
1501 4533 1754 4588 Theodo-

163 4641 350 4689 retum
373 4631 442 4687 de
472 4632 632 4686 libris
656 4648 684 4686 a
709 4647 767 4686 se
797 4631 1037 4700 scriptis,
1063 4628 1281 4684 duobus
1305 4626 1528 4696 quidem
1556 4626 1752 4680 adver-

161 4740 267 4780 sus
292 4724 513 4778 Aetium
546 4733 603 4778 et
633 4723 988 4785 Eunomium,
1015 4720 1194 4775 tribus
1215 4733 1349 4772 vero
1371 4726 1560 4772 contra
1581 4717 1756 4772 Mace-

162 4815 490 4878 donianos,,
521 4823 714 4871 testem
744 4814 954 4869 audiat.
993 4812 1129 4867 Nam
1158 4817 1323 4879 caput
1352 4809 1656 4864 secundum
1699 4817 1756 4863 et

163 4908 400 4963 tertium
431 4906 556 4962 libri
583 4907 894 4962 divinorum
921 4905 1257 4975 dogmatum,
1283 4903 1378 4974 qui
1407 4903 1635 4972 quintus
1655 4900 1758 4955 Fa-

163 4999 421 5054 bularum
451 5000 837 5059 hereticorum,
863 5011 1101 5066 quorum
1125 4996 1359 5050 alterum
1383 4994 1451 5050 de
1479 4994 1616 5048 Filio
1640 4993 1758 5057 Dei,

166 5091 408 5146 alterum
445 5090 514 5145 de
549 5090 757 5160 Spiritu
790 5098 1002 5152 sancto,
1037 5087 1174 5142 nihil
1212 5087 1392 5157 reipsa
1423 5093 1552 5141 sunt
1587 5085 1757 5150 aliud,

165 5197 336 5250 quam
365 5181 758 5251 compendiosa
787 5179 1036 5249 quaedam
1070 5179 1375 5233 contractio
1401 5193 1614 5243 eorum,
1641 5194 1763 5248 qua

167 5276 383 5344 prolixe
428 5274 484 5329 in
529 5273 764 5342 dialogis
802 5281 1126 5326 tractantur.
1161 5271 1310 5326 Idem
1355 5272 1558 5343 quippe
1602 5287 1764 5343 argu-

1859 4535 2080 4599 retices,
2109 4543 2220 4588 tres
2247 4530 2783 4601 libros,conscripsi.
2819 4548 2838 4580 ι

1929 4627 2018 4681 lll.
2058 4625 2350 4695 Dialogista
2403 4623 2567 4679 solvit
2613 4621 2772 4676 libris
2813 4636 2909 4674 seu
2954 4617 3186 4687 dialogis
3228 4615 3444 4670 duobus

1859 4719 2229 4791 syllogismos,
2279 4715 2481 4784 quibus
2532 4713 2689 4783 quasi
2749 4710 3040 4782 praestigiis
3073 4707 3446 4777 Apollinarius

1859 4808 2204 4878 simplicibus
2237 4804 2520 4859 illudebat.
2567 4801 2954 4858 Theodoretus
2991 4800 3075 4850 ‘9:
3112 4815 3130 4846 ι
3171 4795 3446 4849 Adversus

1860 4899 2181 4972 Apollinarii
2210 4897 2512 4968 praestigias
2538 4895 2707 4950 libros
2730 4891 3035 4962 composui.
3066 4909 3085 4941 ›

1929 4995 2016 5049 ιγ.
2053 4991 2284 5062 Scripsit
2316 4987 2605 5059 dialogista
2646 4993 2770 5056 post
2817 4982 3116 5039 secundam
3148 4978 3440 5052 synodum,

1859 5103 1981 5157 qua:
2010 5084 2196 5140 habita
2230 5099 2376 5138 anno
2405 5081 2530 5144 581,
2563 5087 2621 5134 et
2652 5085 2780 5144 ante
2815 5076 3055 5137 tertiam,
3089 5087 3210 5143 quae
3245 5070 3445 5140 Ephesi

1860 5186 2048 5233 coacta
2076 5190 2221 5230 anno
2250 5175 2373 5229 451.
2411 5170 2795 5226 Theodoretus
2829 5168 2874 5199 ²⁰
2917 5185 2929 5220 :
2962 5186 2979 5216 ι
3024 5166 3301 5235 [ntegrum
3326 5170 3410 5216 est
3432 5201 3445 5223 ,

1860 5271 1950 5326 cui
1984 5269 2203 5323 animus
2235 5266 2402 5321 fuerit
2428 5264 2653 5334 antiqua
2677 5275 2798 5316 mea
2821 5273 2990 5329 opera
3018 5256 3296 5317 evolvere,
3331 5262 3444 5306 tum

1517 5411 1835 5485 sc'tiULzu
1877 5428 2110 5483 nom;

245 5613 287 5642 ⁸⁵
314 5613 428 5666 Hoc
448 5617 865 5680 argumentum”
892 5609 1025 5680 nihil
1082 5609 1280 5670 valere,
1338 5607 1734 5680 nisigcodicnm
1786 5625 1916 5664 mss.
1974 5605 2264 5680 accesserit
2300 5600 2633 5680 anctoritas,_
2658 5599 2767 5667 jam
2806 5598 3166 5680 monuerunt,

168 5682 374 5737 Bencd.
411 5677 551 5750 Opp.
589 5677 903 5750 Athanasii,
932 5687 969 5750 t.
1003 5679 1066 5737 Il,

169 5753 401 5808 litudinc
433 5748 690 5821 petitum.
773 5750 810 5778 ⁸⁷
850 5748 966 5800 Vid.
993 5749 1152 5817 epist.
1187 5749 1272 5801 82.

1110 5695 1161 5747 p.
1195 5654 1318 5732 ΗΞ.
1358 5677 1564 5730 Ibidem
1599 5654 1922 5747 responsum
1951 5654 2036 5733 esi
2065 5677 2129 5728 ad
2162 5654 3258 5747 argumentumavlocornm.quorpmdam
3291 5654 3444 5747 sinti-

1356 5748 1394 5775 ’κ
1429 5747 1544 5800 vm.
1580 5737 1738 5801 libfv
1781 5748 1922 5802 ηιτν.
1960 5747 2108 5811 Falx,
2138 5737 2255 5812 capi
2290 5743 2340 5795 δ.
2420 5742 2458 5773 ι’
2500 5738 2620 5795 Vid.
2649 5737 2808 5808 epist.
2842 5737 2934 5789 cit.

3016 5734 3058 5764 ²⁰
3091 5731 3234 5785 Loco
3286 5725 3381 5782 cit.
