3956 6298
305 5825 447 5910 ,γ’

538 309 643 370 383

1345 309 1721 372 GARNERII
1763 311 2389 374 DISSERTATIONIS
2434 315 2491 374 II
2533 313 2931 376 APPENDIX.

3695 322 3808 385 384

537 433 604 473 ea
634 433 753 488 qua:
800 426 924 473 ante
969 418 1234 489 synodum
1285 420 1646 489 Ephesinam,
1693 432 1807 477 tum
1850 439 1971 493 quae
2003 430 2126 493 post
2155 425 2199 483 Α
2298 425 2364 479 11.
2393 425 2614 495 Dialogo
2647 441 2662 478 ι
2691 424 2886 493 quaerit
2930 424 3248 486 Anommus,
3275 423 3366 477 ubi
3401 423 3664 492 scriptum
3693 428 3797 493 sit,

543 510 690 564 illam
740 524 955 563 rursum
1001 519 1127 564 ante
1175 510 1462 567 duodecim
1508 527 1681 568 annos
1726 515 1941 584 scripsi.
1988 515 2118 582 Quae

540 599 691 653 enim
734 599 829 653 Dei
870 600 1041 669 gratia
1075 609 1179 665 est,
1211 611 1266 656 et
1295 603 1590 672 prophetas
1618 619 1809 660 omnes
1841 620 2120 662 commen-

544 688 697 742 tariis
728 689 973 757 exposui,
1002 698 1058 745 et
1086 691 1430 759 Psalterium,
1458 703 1514 750 et
1548 695 1899 765 Apostolum;
1941 709 1998 754 et
2023 698 2120 752 ad-

543 793 736 832 versus
766 779 998 835 Arianos
1036 797 1100 836 ac
1125 783 1563 850 Macedonianos,
1606 796 1662 842 et
1691 799 1881 843 contra
1915 791 2119 860 Apolli-

541 868 691 924 naris
722 871 1045 942 praestigias,
1086 874 1404 946 rabiemque
1443 879 1755 945 Marcionis,
1787 881 1958 937 libros
1984 883 2116 937 olim

540 962 846 1029 composui.
868 982 885 1013 ι

610 1050 674 1106 ν.
709 1052 1000 1124 Dialogista
1030 1064 1159 1112 tunc
1180 1060 1419 1130 scripsit,
1448 1078 1572 1116 cum
1598 1063 1834 1118 haereses
1853 1064 1957 1119 illae
1979 1075 2112 1132 tres,

537 1152 676 1208 quas
703 1139 846 1202 dixi,
890 1143 1157 1213 vigerent.
1207 1148 1587 1205 Theodoretns
1629 1167 1910 1222 exponens
1955 1169 2116 1224 argu-

538 1238 785 1284 mentum
817 1232 1153 1303 singulorum
1179 1238 1420 1309 quinque
1449 1241 1715 1295 librorum
1744 1243 1812 1297 de
1843 1243 2114 1299 haereticis

539 1318 736 1375 fabulis
763 1339 774 1374 :
811 1341 827 1372 ι
856 1323 914 1376 In
939 1336 1136 1394 quarto
1163 1330 1499 1385 recentiores
1519 1331 1754 1387 Inereses
1775 1333 2115 1389 demonstra-

539 1409 720 1465 bimus
748 1412 814 1476 ",
856 1414 994 1479 Arii,
1046 1417 1296 1486 inquam,
1328 1429 1385 1474 et
1427 1423 1716 1488 Eunomii,
1749 1435 1805 1480 et
1845 1437 2115 1498 quotquot

538 1507 662 1566 post
691 1499 814 1556 illos
836 1515 1184 1559 emerserunt
1209 1523 1381 1577 usque
1403 1510 1468 1562 ad
1498 1512 1742 1566 ultimam
1764 1513 1923 1578 hanc,
1949 1531 2110 1584 quam

539 1589 801 1646 Dominus
834 1593 1128 1664 derepente
1166 1597 1412 1653 funditus
1437 1601 1779 1671 exstirpavit.
1818 1624 1836 1656 ι
1875 1606 2011 1660 Τυιη
2057 1607 2111 1661 in

535 1680 742 1750 syllabo
761 1684 968 1749 Arium,
994 1686 1356 1743 Macedoniam
1381 1701 1428 1744 et
1448 1692 1814 1762 Apollinarem
1840 1707 2108 1765 recenset,

536 1787 660 1826 cum
695 1774 810 1828 suis
843 1776 1087 1846 singulos
1114 1781 1380 1835 sectariis.

609 1865 694 1919 VI.
742 1866 818 1920 Ita
861 1880 1066 1939 pugnat
1098 1870 1384 1942 dialogista
1425 1890 1548 1930 cum
1591 1877 1831 1944 Arianis,
1863 1888 1924 1935 ut
1961 1882 2110 1937 Ano-

534 1969 707 2009 illoeos
738 1957 1079 2022 nominatim,
1115 1961 1614 2035 Anommorumque
1655 1977 1909 2037 parentes
1950 1971 2110 2036 duos,

532 2044 748 2099 Aetium
777 2057 832 2101 et
861 2047 1190 2104 Eunomium
1224 2061 1392 2120 petat.
1423 2055 1821 2122 Theodorctus,
1849 2059 1943 2113 ubi
1982 2075 2112 2116 suos

531 2134 702 2190 libros
731 2139 993 2202 nominat,
1026 2141 1134 2192 imo
1173 2150 1230 2196 et
1267 2159 1391 2197 cum
1428 2144 1690 2214 disputat,
1718 2148 1937 2204 Aetium
1972 2152 2113 2207 solet

531 2240 655 2278 cum
703 2227 993 2292 Eunomio,
1031 2231 1265 2287 Arianos
1310 2250 1435 2289 cum
1481 2237 1838 2296 Eunomianis
1877 2244 2109 2313 conjun-

529 2330 680 2382 gere.
709 2317 997 2374 lnnumera
1023 2324 1270 2391 exempla
1294 2334 1615 2394 suppetunt.

600 2406 712 2460 VII.
759 2409 900 2472 Quid
945 2411 1139 2479 plura?
1173 2413 1550 2471 Theodorctus
1588 2433 1646 2472 se
1687 2418 1821 2475 dicit
1849 2422 2108 2477 adversus

531 2497 819 2554 haereticos
842 2501 964 2556 illos
988 2505 1295 2574 scripsisse,
1327 2517 1519 2562 contra
1551 2526 1690 2579 quos
1723 2521 1852 2567 sunt
1882 2515 2105 2585 dialogi,

529 2594 588 2639 et
619 2587 842 2642 totidem
872 2591 1042 2646 libros
1071 2595 1374 2664 scripsisse,
1408 2607 1543 2667 quot
1574 2600 1629 2656 in
1659 2602 1889 2675 dialogis
1913 2607 2106 2677 legun-

531 2687 642 2744 tur,
667 2690 724 2736 et
752 2684 960 2752 prolixe
995 2695 1277 2754 tractasse,
1312 2707 1433 2760 quae
1466 2695 1672 2763 prolixe
1717 2705 2019 2754 tractantur
2049 2701 2104 2757 in

529 2773 778 2846 dialogis.
810 2777 941 2844 Quae
986 2789 1215 2850 possunt
1256 2799 1376 2839 esse
1419 2796 1567 2843 certa
1609 2792 1938 2862 conjecturae
1985 2812 2102 2852 mo-

527 2875 731 2934 menta,
774 2870 878 2926 nisi
919 2872 1034 2927 haec
1067 2875 1232 2928 sunt?

1137 3044 1386 3086 ϐοιωτιο
1434 3049 1491 3085 ll.

524 3128 672 3184 Inter
716 3133 1054 3205 dialogistam
1093 3145 1143 3190 et
1186 3139 1592 3220 Theodoretum,
1645 3149 1823 3217 quoad
1865 3149 2102 3220 dialogos

1080 3216 1268 3262 contra
1300 3211 1548 3266 Arianae.

600 3336 640 3388 I.
677 3336 989 3409 Dialogista,
1017 3343 1201 3398 statim
1229 3345 1388 3399 initio
1413 3346 1612 3419 dialogi
1643 3351 1803 3419 primi
1841 3353 2104 3410 adversus

525 3425 872 3493 Anomoeum,
910 3432 1095 3486 renuit
1120 3431 1304 3489 dicere
1327 3446 1536 3504 aperte,
1562 3454 1902 3510 quiscunque
1930 3447 2101 3513 perti-

525 3524 660 3571 nent
690 3517 757 3571 ad
791 3522 1083 3590 mysteria;
1102 3521 1207 3576 nisi
1231 3524 1386 3592 prius
1416 3530 1655 3594 noverit,
1685 3531 1774 3585 cui
1801 3532 2057 3602 loquatur
2086 3555 2100 3591 :

533 3627 551 3657 ‹
580 3608 805 3678 Aperire
852 3610 1016 3682 536
1081 3629 1247 3679 vero,
1280 3616 1412 3685 quid
1479 3618 1552 3673 sit
1607 3619 2100 3692 Christianismus,

524 3714 634 3752 non
663 3700 891 3769 perinde
927 3711 1104 3757 tutum
1131 3714 1235 3770 est,
1261 3707 1368 3765 nisi
1409 3709 1750 3779 intellexero,
1778 3716 1900 3785 quis
1928 3719 2100 3775 inter-

524 3797 698 3860 roget,
727 3807 796 3845 ne
829 3793 1016 3848 videar
1038 3794 1169 3850 dare
1204 3807 1390 3852 sancta
1420 3801 1669 3868 canibus,
1705 3813 1761 3860 et
1784 3810 2102 3878 margaritas

523 3888 650 3934 ante
687 3896 880 3950 porcos
918 3885 1208 3955 projicere.
1243 3888 1300 3943 Si
1345 3892 1492 3944 enim
1531 3909 1618 3948 me
1663 3897 1968 3968 interroges
1991 3941 2003 3965 ,
2046 3911 2102 3956 et

523 3972 687 4026 simul
717 3975 790 4029 sis
816 3992 959 4031 unus
997 3978 1064 4034 de
1107 3977 1378 4046 fidelibus,
1409 3983 1646 4040 libenter
1668 3987 1814 4053 dico,
1841 3991 1963 4059 quis
2000 4008 2100 4062 ego

522 4061 645 4117 sim.
673 4063 812 4130 Quid
840 4083 972 4122 vero
997 4069 1087 4133 sit,
1116 4069 1328 4128 fidelem
1358 4091 1500 4141 esse,
1535 4093 1644 4132 non
1672 4078 1816 4143 dico,
1855 4098 1924 4135 ne
1961 4061 2100 4138 forte

519 4152 742 4210 Judaeus
765 4157 840 4212 sis
860 4165 917 4212 tn
946 4159 1038 4228 qui
1061 4148 1484 4236 meinterrogas.
1513 4186 1530 4218 ι
1569 4167 1624 4221 Id
1654 4170 1897 4226 solemne
1923 4172 2102 4228 Theo-

520 4243 714 4299 doreto
742 4246 796 4301 in
836 4248 974 4303 Dial.
1012 4266 1048 4304 ιι
1089 4252 1371 4310 Eranistae.
1410 4255 1546 4311 Cum
1583 4274 1763 4314 sermo
1815 4263 2100 4320 incidisset

519 4334 588 4388 de
623 4336 984 4405 Eucharistia,
1013 4341 1385 4415 interrbgantc
1413 4347 1664 4405 Eranista
1693 4352 1738 4383 ²¹
1767 4370 1778 4405 :
1815 4372 1832 4403 ι
1865 4354 1964 4420 Qui
2001 4371 2097 4426 ap-

2228 536 2246 569 ι
2268 515 2465 571 Filium
2483 531 2604 571 esse
2621 515 2727 586 llgu
2737 530 2852 568 ram
2871 513 3242 569 substantiae.»
3270 514 3586 583 Respondet
3597 512 3812 571 Ortho-

2219 607 2426 663 doxus:
2453 627 2468 659 ο
2487 608 2643 676 Apud
2668 608 2976 677 apostolum
2996 607 3247 670 Paulum,
3268 607 3321 660 in
3343 605 3586 675 Epistula
3605 609 3670 662 ad
3697 611 3810 662 He-

2218 699 2413 754 braeos.
2435 719 2454 751 ι
2492 699 2711 770 Excipit
2726 699 3058 754 Anomoeus:
3084 719 3102 750 ‹
3120 699 3240 753 Non
3257 699 3524 768 recipitur
3540 701 3593 752 in
3609 701 3810 756 Eccle-

2217 793 2678 863 sia.»Exccptioni
2701 791 2870 846 refert
2883 791 3233 847 Orthodoxus
3261 808 3274 845 :
3300 811 3317 841 ι
3340 792 3419 846 Ex
3449 809 3559 862 quo
3574 808 3805 848 annun-

2219 883 2408 938 tiatum
2441 893 2524 938 est
2539 883 2746 939 Christi
2778 884 3155 953 Evangeiium,
3191 883 3399 937 credita
3421 892 3505 938 est
3538 884 3652 939 haec
3673 885 3805 954 epi-

2219 973 2359 1028 stola
2381 973 2532 1026 Pauli
2558 988 2700 1038 esse,
2733 988 2909 1042 eaque
2937 963 3297 1026 annumerata
3318 988 3509 1027 omnes
3538 974 3806 1043 Epistula

2215 1066 2370 1121 Pauli
2404 1075 2532 1120 sunt
2571 1080 2804 1118 numero
2835 1063 3278 1134 quatuordecim.
3322 1063 3701 1119 Theodoretus
3740 1066 3801 1119 in

2215 1158 2532 1226 praefatione
2578 1156 2934 1226 expositionis
2969 1156 3225 1224 Epistolas
3271 1156 3339 1210 ad
3384 1155 3642 1211 Hebraeos
3684 1160 3735 1189 “
3784 1177 3797 1210 :

2223 1266 2241 1297 ‹
2276 1247 2423 1302 Nihil
2454 1249 2660 1302 faciunt
2702 1247 3119 1317 admirandum,
3164 1248 3257 1316 qui
3302 1247 3494 1301 morbo
3533 1249 3802 1304 Arianico

2215 1337 2498 1403 laborant;
2522 1340 2564 1392 si
2589 1338 2878 1392 adversum
2907 1339 3113 1392 litteras
3135 1337 3462 1407 apostolicus
3486 1339 3796 1406 insaniant;

2214 1437 2269 1481 et
2319 1428 2618 1498 Epistolam
2689 1428 2756 1482 ad
2812 1428 3071 1482 Hebraeos
3129 1444 3158 1482 a
3222 1429 3452 1498 reliquis
3500 1439 3794 1499 separent,

2213 1536 2442 1590 eamque
2471 1521 2837 1575 adulterinam
2869 1521 3162 1589 appellent.
3207 1520 3312 1587 Qui
3344 1521 3488 1574 enim
3524 1521 3797 1577 adversus

2212 1613 2382 1666 Deum
2413 1623 2468 1667 et
2493 1612 2840 1666 Servatorem
2863 1621 3112 1665 nostrum
3141 1612 3356 1677 linguas
3383 1621 3625 1676 movent,
3657 1614 3794 1682 quid

2213 1719 2321 1757 non
2358 1703 2594 1757 audeant
2632 1703 2895 1757 adversus
2936 1703 3058 1773 ejus
3089 1703 3383 1757 benevolos
3423 1709 3481 1757 et
3511 1703 3794 1772 grandilo-

2213 1808 2352 1862 quos
2375 1793 2620 1847 veritatis
2651 1793 3054 1862 praecones?—
3070 1792 3366 1862 Oportebat
3393 1801 3575 1846 autem
3616 1793 3793 1862 ipsos,

2213 1882 2314 1935 etsi
2343 1881 2479 1934 nihil
2511 1881 2680 1946 aliud,
2717 1881 2978 1950 temporis
3005 1889 3156 1936 certe
3181 1881 3601 1936 diuturnitatem
3637 1897 3796 1940 reve-

2212 1971 2343 2035 reri,
2373 1986 2483 2040 quo
2515 1972 2658 2025 hanc
2687 1971 2972 2040 epistolam
3024 1971 3080 2024 in
3125 1970 3375 2025 ecclesiis
3404 1979 3674 2040 perpetuo
3709 1972 3796 2025 le-

2211 2071 2408 2132 gerunt
2450 2063 2654 2116 alumni
2702 2063 2969 2117 veritatis.
3021 2063 3100 2117 Ex
3142 2079 3252 2133 quo
3287 2063 3430 2117 enim
3475 2064 3794 2118 litterarum

2210 2155 2628 2222 apostolicarum
2679 2155 2903 2209 fuerunt
2931 2155 3188 2209 Ecclesiae
3227 2155 3325 2208 Dei
3356 2155 3676 2224 participes,
3724 2171 3795 2209 ex

2207 2245 2302 2299 illo
2335 2247 2501 2300 etiam
2541 2246 2799 2314 Epistolte
2839 2247 2908 2300 ad
2957 2247 3214 2300 Hebraeos
3259 2247 3548 2301 utilitatem
3605 2248 3794 2316 perci-

2209 2337 2383 2405 piunt.
2431 2356 2448 2388 ›
2497 2336 2616 2391 Νοη
2659 2337 2886 2391 memini
2936 2353 3022 2391 me
3071 2338 3250 2407 legere
3315 2339 3482 2392 alium
3529 2339 3704 2393 ullum
3761 2356 3794 2402 ρ

2208 2429 2509 2493 veteribus,
2557 2439 2756 2498 prater
2801 2430 3167 2500 Epiphanium
3217 2431 3408 2485 haeresi
3445 2432 3534 2496 69,
3572 2433 3669 2501 qui
3720 2432 3795 2487 de

2205 2517 2422 2572 Arianis
2469 2518 2615 2572 istud
2663 2519 2996 2573 tradiderit:
3029 2535 3341 2590 quanquam
3389 2521 3577 2590 plures
3626 2529 3789 2584 sunt,

2205 2609 2299 2678 qui
2335 2609 2403 2663 de
2439 2609 2776 2664 Marcionitis
2812 2609 3044 2680 aliisque
3082 2610 3358 2665 haereticis
3401 2611 3475 2664 ita
3518 2611 3785 2664 sentiant.

2276 2697 2364 2751 Ill.
2400 2698 2694 2767 Dialogista
2727 2699 2914 2764 refert,
2957 2715 3067 2769 quo
3097 2708 3420 2769 argumento
3443 2701 3636 2754 Ariani
3665 2701 3792 2770 epi—

2205 2792 2400 2846 stolam
2426 2791 2568 2845 hanc
2597 2791 2906 2862 rejicerent,
2931 2793 3060 2862 quia
3083 2809 3193 2847 non
3230 2793 3454 2862 perinde
3481 2809 3546 2848 ac
3575 2794 3632 2848 in
3666 2795 3796 2849 aliis

2206 2884 2358 2938 Pauli
2379 2899 2578 2938 nomen
2605 2893 2752 2938 esset
2777 2885 3122 2955 inscriptum.
3149 2886 3241 2940 Sic
3265 2887 3412 2941 enim
3440 2887 3745 2942 Anomoeus
3773 2907 3788 2941 :

2215 2995 2233 3026 ε
2268 2976 2386 3030 Non
2416 2977 2849 3032 animadvertisti
2894 2977 2948 3032 in
2991 2979 3204 3033 caeteris
3245 2978 3489 3048 praeferri
3538 2981 3793 3048 Apostoli

2131 3083 2174 3140 ε
2207 3080 2427 3129 nomen,
2462 3066 2518 3118 in
2559 3066 2662 3120 hac
2691 3082 2802 3121 non
2847 3069 2997 3124 item.
3033 3090 3050 3121 ι
3082 3071 3463 3126 Theodoretus
3491 3074 3574 3123 “:
3606 3093 3622 3121 ι
3661 3071 3791 3126 Sua:

2205 3156 2540 3211 accusationi
2565 3157 2711 3212 hunc
2729 3167 3050 3227 praetextum
3075 3161 3335 3223 ali‘ernnt,
3353 3164 3496 3232 quod
3519 3163 3787 3232 apostoli-

2203 3262 2330 3301 cum
2358 3263 2559 3302 nomen
2581 3263 2689 3302 non
2713 3250 2784 3303 sit
2805 3250 3056 3306 similiter
3083 3254 3322 3322 positum
3345 3255 3398 3308 in
3421 3254 3709 3324 procemio.
3756 3273 3782 3304 ι

2273 3336 2358 3391 IV.
2391 3338 2447 3391 In
2483 3339 2674 3393 eodem
2714 3340 2929 3411 dialogo
2961 3343 3262 3400 Anomaaus
3305 3346 3584 3408 inducitur
3617 3347 3786 3401 abro-

2203 3441 2336 3495 gans
2368 3430 2753 3485 auctoritatem
2779 3431 2940 3503 437
2972 3435 3230 3504 Epistolae
3249 3436 3317 3491 ad
3345 3437 3619 3500 Hebraeos,
3649 3439 3788 3508 quia

2203 3530 2302 3584 pro
2328 3517 2613 3574 divinitate
2647 3520 2768 3574 Filii
2805 3533 3188 3594 argumentum
3216 3526 3343 3581 inde
3374 3526 3559 3582 ellicax
3592 3543 3783 3583 sume-

2203 3617 2390 3672 retur,
2447 3611 2594 3679 quod
2650 3611 2868 3667 dicatur
2923 3615 3208 3687 χαρακτὴρ
3259 3616 3358 3686 τῆς
3408 3618 3783 3682 ὑποστάσεως.

2203 3699 2584 3756 Theodorctus
2612 3702 2668 3756 in
2693 3705 3032 3772 expositione
3060 3707 3257 3776 capitis
3277 3709 3458 3778 primi,
3487 3719 3785 3778 postquam

2202 3788 2320 3844 haec
2372 3789 2490 3859 ipsa
2535 3790 2691 3845 Pauli
2741 3793 2908 3847 verba
2952 3796 3167 3851 erudite
3215 3797 3606 3867 interpretatus
3658 3807 3786 3862 est.

2209 3898 2228 3929 ε
2261 3879 2418 3945 Cum,
2455 3881 2653 3950 inquit,
2700 3883 2862 3954 hujus
2927 3885 3214 3956 theologia:
3276 3890 3480 3944 nullam
3515 3905 3634 3944 esse
3669 3889 3779 3944 dn-

2203 3971 2522 4028 bitationem
2550 3975 2820 4041 viderent,
2847 3978 2939 4046 qui
2963 3994 3084 4033 cum
3112 3981 3243 4035 Ario
3265 3970 3528 4044 sentiunt,
3550 3998 3616 4036 ex
3643 3998 3784 4052 apo-

2200 4058 2407 4121 stolicis
2459 4067 2732 4124 thesauris
2797 4070 2938 4125 hanc
3003 4071 3288 4141 epistolam
3344 4074 3542 4142 ejicere
3591 4073 3782 4128 conati.

2200 4165 2346 4222 sunt,
2369 4157 2492 4211 ideo
2523 4173 2625 4213 nos
2647 4175 2768 4214 eam
2799 4161 3138 4217 ostendimus
3163 4165 3476 4219 consentire
3509 4165 3782 4220 doctrina:

2200 4245 2528 4314 evangelica:
2562 4248 2625 4301 ’⁷.
2667 4266 2686 4298 ›

2267 4356 2404 4412 Nota
2461 4373 2619 4422 vero,
2673 4360 2989 4430 ubicunque
3039 4363 3414 4419 Theodoretus
3455 4365 3561 4418 hoc
3604 4381 3782 4434 arguo

517 4428 691 4496 pellas
721 4430 948 4496 donum,
986 4434 1132 4502 quod
1161 4437 1412 4500 oll‘ertur,
1447 4449 1574 4494 ante
1605 4444 1903 4500 sacerdotis
1934 4423 2091 4502 invo-
2127 4423 2170 4478 ι)
2198 4451 2384 4497 mento
2416 4446 2611 4511 utitur,
2644 4448 2819 4502 utitur
2859 4423 3040 4505 autem
3071 4468 3182 4507 non
3211 4454 3399 4518 semel,
3425 4454 3645 4524 adjungi
3669 4423 3772 4508 di-

517 4521 825 4576 cationem?
863 4543 880 4574 ι
914 4526 1211 4594 respondet
1236 4528 1588 4586 Orthodoxus
1628 4550 1641 4586 :
1695 4554 1713 4585 ‹
1758 4536 1959 4605 Aperte
2004 4539 2091 4592 di-

516 4610 750 4665 cendum
778 4629 885 4668 non
910 4625 1026 4681 est;
1054 4616 1349 4672 verisimile
1377 4627 1461 4672 est
1495 4622 1640 4674 enim
1663 4623 1854 4680 adesse
1881 4627 2092 4696 aliquos

516 4703 792 4770 mysteriis
829 4721 938 4758 non
972 4707 1232 4760 initiatos.
1263 4707 1330 4761 Et
1387 4707 1482 4764 lib.
1514 4727 1547 4764 v
1578 4712 1771 4767 liceret.
1817 4717 1923 4784 fab.
1963 4735 2088 4774 eum

515 4801 702 4861 ageret
741 4793 808 4849 de
851 4795 1184 4864 baptismo"
1220 4814 1232 4849 :
1280 4817 1298 4848 ‹
1326 4797 1453 4852 Haec
1495 4815 1595 4855 nos
1638 4801 1706 4856 de
1742 4806 2088 4866 sanctissimo

516 4881 788 4951 baptismo
816 4885 1019 4939 sentire
1046 4885 1234 4939 docuit
1258 4887 1480 4942 divinus
1499 4889 1813 4959 Apostolus,
1849 4899 1866 4917 ‘
1892 4895 2008 4952 fore
2027 4906 2089 4953 ut

517 4973 717 5043 sepulti
737 4990 860 5029 cum
876 4974 1097 5029 Christo
1112 4977 1540 5032 resurrectionis
1565 4981 1860 5052 participes
1880 4986 2082 5055 simus;

516 5077 707 5117 verum
741 5064 832 5117 hic
860 5064 1032 5133 magis
1063 5065 1292 5134 mystico
1319 5081 1574 5122 sermone
1614 5086 1753 5140 opus
1780 5084 1864 5130 est
1883 5116 1896 5140 ,
1923 5095 1941 5128 ι
1975 5087 2082 5134 etc.

514 5151 582 5206 Et
599 5155 652 5207 in
665 5153 965 5224 quaestione
981 5153 1076 5208 XV
1095 5155 1538 5224 superNumeros
1551 5159 1596 5192 “
1619 5179 1634 5214 :
1661 5181 1679 5212 ί
1701 5161 1943 5222 Obscure
1961 5185 2086 5238 pro-

513 5255 638 5314 pter
669 5264 776 5301 non
807 5246 1050 5304 initiatos
1098 5249 1422 5308 disserimus
1452 5253 1521 5309 de
1553 5255 1758 5313 divinis
1778 5263 2082 5331 mysteriis;

512 5335 600 5389 his
628 5351 758 5390 vero
785 5339 1010 5394 semotis
1059 5339 1302 5398 initiatos
1327 5353 1513 5414 aperte
1536 5345 1816 5404 docemus.
1848 5370 1865 5400 ι

2197 4539 2344 4587 ctum
2375 4535 2506 4588 illud
2530 4535 2758 4603 Christi,
2781 4539 3005 4595 Joannis
3033 4557 3141 4604 xiv,
3163 4543 3196 4596 9
3221 4563 3234 4596 :
3269 4542 3373 4608 Qui
3399 4544 3536 4598 videt
3565 4561 3664 4609 me,
3696 4547 3772 4598 νὶ-

2197 4624 2281 4676 det
2306 4633 2356 4677 et
2381 4625 2596 4681 Patrem
2619 4645 2810 4684 meum.
2833 4630 2988 4696 Quod
3012 4632 3143 4687 facit
3165 4634 3328 4687 etiam
3355 4635 3660 4705 dialogista.

2265 4717 2329 4770 γ.
2360 4718 2568 4774 Ibidem
2594 4720 2884 4792 dialogista
2907 4723 3030 4777 Filii
3051 4740 3081 4778 a
3101 4733 3355 4780 creatura
3374 4725 3767 4787 differentiam.

2194 4808 2473 4880 ipsiusque
2499 4827 2622 4865 cum
2653 4813 2812 4869 Patre
2846 4815 3470 4871 consubstantialitatem
3496 4834 3563 4872 ex
3584 4833 3652 4872 eo
3674 4834 3772 4872 os-

2194 4901 2388 4964 tendit,
2406 4903 2553 4971 quod
2573 4903 2744 4958 Filius
2759 4920 2827 4959 ex
2849 4915 3006 4960 utero
3026 4907 3242 4976 genitus
3261 4907 3478 4962 dicatur
3499 4909 3632 4978 psal.
3656 4925 3766 4972 (τις,

2190 4999 2441 5045 creatura
2470 4995 2726 5049 mandato
2756 4995 2895 5051 facta
2933 5013 3030 5051 seu
3060 4999 3258 5054 Verbo.
3291 4999 3674 5055 Theodoretus
3711 5002 3766 5054 in

2188 5085 2528 5154 expositione
2568 5088 2761 5156 psalmi
2795 5105 2897 5151 cxx,
2933 5088 2998 5143 ad
3034 5090 3150 5145 haec
3179 5091 3346 5145 verba
3376 5107 3388 5143 :
3422 5109 3441 5140 ς
3483 5090 3569 5144 Ea;
3611 5101 3767 5144 utero

2184 5180 2313 5225 ante
2359 5173 2631 5242 luciferum
2677 5179 2833 5246 genui
2870 5187 2918 5231 te
2957 5194 2977 5232 :
3011 5178 3125 5234 Hoc
3173 5180 3227 5234 in
3273 5181 3393 5235 Ιοῦο
3440 5196 3554 5236 sua:
3597 5181 3765 5235 etiam

2186 5263 2492 5318 divinitatis
2555 5266 3011 5334 magniﬁcentiam
3064 5269 3280 5337 aperuit
3308 5271 3384 5332 ";
3445 5277 3502 5325 et
3561 5270 3654 5340 qui
3711 5271 3770 5325 ei

2189 5353 2453 5414 Dominus
2518 5356 2752 5418 dixerat,
2797 5355 2928 5411 Sede
2985 5376 3017 5410 α
3073 5359 3271 5413 dextris
3335 5361 3482 5422 meis,
3521 5361 3760 5415 consub-

1846 5505 2160 5562 SCHULZII
2199 5509 2431 5565 NOTAE.

574 5651 835 5724 {Vidi
876 5655 958 5716 Iv,
1023 5658 1224 5724 p.282.
1333 5659 1716 5716 "Vid.ibid..

1750 5677 1802 5730 p.
1841 5662 1956 5720 ias.
2065 5664 2109 5694 η
2140 5664 2260 5719 vm.
2317 5666 2474 5727 ibid.

2513 5685 2564 5736 p.
2631 5670 2750 5720 ω.
2849 5669 2893 5698 ’κ
2925 5670 3044 5721 vm.
3082 5680 3118 5723 π.
3163 5670 3202 5729 1,
3243 5686 3296 5737 ρ.
3339 5669 3468 5724 250.
3563 5671 3608 5700 υ
3641 5671 3769 5725 Vid.

507 5729 545 5774 ι.
579 5721 662 5789 m,
703 5740 754 5794 ρ.
785 5726 878 5780 su
925 5721 1038 5796 seq:
1115 5728 1160 5757 ὀ
1194 5728 1313 5782 Vid.
1351 5729 1386 5782 1.
1428 5744 1500 5796 c.,
1538 5745 1588 5798 ρ.
1625 5721 1764 5784 sia.“
1824 5733 1865 5761 πτ
1904 5731 2020 5786 Vid.
2051 5741 2088 5788 ι.

2211 5779 2213 5793 ,
2251 5752 2303 5805 ρ.
2335 5721 2473 5793 δη
2495 5721 2577 5770 Ἢ
2609 5738 2724 5791 Vid.
2760 5747 2795 5792 ι.
2832 5739 2872 5804 I,
2900 5755 2952 5808 ιι.
2984 5721 3117 5795 159i
3147 5721 3262 5808 έεῖηζ
