3956 6298
145 287 254 350 385

831 291 926 351 DE
959 293 1310 355 DIALOGIS
1350 301 1512 360 ADV.
1553 300 1900 375 ARIANOS,
1937 303 2538 377 MACEDONIANOS,
2580 303 2734 364 ETC.

3308 302 3412 364 386

147 396 569 452 stantialitatem
605 399 836 465 fatetur,
884 411 938 456 et
983 404 1321 460 identitatem
1357 416 1564 462 natura:
1597 422 1733 477 ιιι-ω-
1769 415 1808 470 Λ
1840 411 1984 480 quod
2013 411 2080 466 ab
2110 413 2214 467 alio
2244 423 2345 477 est,
2391 429 2509 468 esse
2543 429 2609 466 eo
2640 411 2932 482 posterius,
2968 423 2996 463 a
3039 424 3148 479 quo
3187 417 3289 471 est,
3320 425 3409 463 os-

148 489 318 545 dieat.
350 492 486 544 Ante
548 492 824 562 luciferum
875 494 1047 557 enim,
1110 505 1236 550 ante
1279 505 1494 567 tempus
1526 506 1580 550 et
1608 505 1734 550 ante

147 581 348 634 saecula
413 581 591 650 ipsum
639 597 763 637 esse
814 583 1176 639 demonstrat.
1219 586 1298 640 b'a:
1336 596 1486 640 utero
1528 594 1732 648 autem,

146 671 398 740 ejusdem
443 687 564 727 esse
592 674 911 730 substantiae
951 677 1132 731 docet.
1179 678 1295 732 Non
1339 680 1484 732 enim
1513 678 1734 732 aliunde

150 763 250 823 ait,
279 763 378 817 sed
411 779 477 817 ex
509 779 628 817 mea
655 774 850 819 natura
880 767 1098 834 genitus
1135 782 1216 830 es,
1242 776 1435 821 ventre
1471 767 1732 820 nimirum

150 869 252 924 per
289 854 708 909 similitudinem
752 856 1050 911 intellecto.
1092 857 1162 912 Ut
1196 859 1341 911 enim
1369 873 1435 911 ex
1465 867 1621 912 utero
1652 860 1733 927 gi-

152 954 328 1018 gnunt
353 945 626 1008 homines,
651 956 708 1000 et
735 963 856 1015 qua:
879 947 1196 1017 gignuntur,
1227 949 1474 1003 eamdem
1507 950 1731 1014 habent,

153 1053 315 1106 quam
353 1038 651 1106 genitores,
688 1047 971 1102 naturam;
1006 1040 1085 1091 sic
1111 1055 1177 1092 ex
1211 1055 1296 1093 me
1325 1040 1543 1110 genitus
1571 1056 1650 1103 es,
1681 1049 1736 1094 et

151 1128 422 1196 genitoris
451 1127 505 1180 in
533 1136 586 1180 te
615 1127 977 1181 substantiam
1005 1129 1268 1182 ostendis.
1306 1149 1324 1180 ι

222 1219 311 1272 γι.
345 1218 637 1288 Diaiogista
681 1219 933 1288 pluribus
966 1219 1020 1272 in
1066 1219 1244 1288 primo
1273 1220 1487 1290 dialogo
1512 1219 1738 1290 exponit

153 1312 364 1366 dictum
398 1313 531 1365 illud
561 1313 830 1382 Apostoli,
863 1313 970 1366 Hoc
993 1316 1130 1368 enim
1157 1316 1344 1368 sentite
1378 1328 1425 1379 ει,
1457 1325 1588 1382 etc.,
1626 1331 1736 1384 quo

151 1404 391 1457 Arianos
419 1403 727 1456 convincat.
758 1403 1138 1459 Theodoretus
1180 1405 1328 1459 hunc
1374 1407 1550 1476 ipsum
1587 1406 1735 1476 Apo-

153 1495 280 1549 stoli
311 1495 496 1549 locum
519 1495 573 1548 in
592 1495 1016 1550 Commentariis
1053 1496 1300 1551 eamdem
1322 1497 1376 1550 in
1407 1498 1732 1551 sententiam

151 1585 576 1656 interpretatur,
608 1588 907 1656 Ariumque
953 1596 1008 1641 et
1055 1588 1384 1642 Eunomium
1420 1589 1571 1658 argui
1615 1588 1737 1643 bla-

153 1677 420 1746 sphemiae
467 1677 536 1729 ab
585 1675 846 1746 Apostolo
897 1677 1112 1731 refert:
1153 1681 1360 1748 totique
1410 1678 1736 1746 expositioni

1837 503 2027 557 tendat
2055 504 2250 557 Filium
2293 519 2412 558 esse
2442 505 2588 558 Patri
2619 514 2946 558 cozetcrnum
2971 511 3024 556 ct
3049 501 3409 556 consubstan-

1837 594 2043 658 tialem,
2089 595 2310 664 copiose
2353 595 2575 648 disserit
2606 595 2672 649 de
2717 595 2836 648 loco
2870 593 3022 647 Pauli
3066 592 3231 646 Ilebr.
3268 607 3305 656 ι,
3355 591 3410 657 5,

1837 683 1931 737 υι›ι
1965 684 2136 738 Filius
2159 685 2362 739 dicitur
2386 685 2643 755 splendor
2673 686 2856 753 glorite
2881 694 2936 738 ct
2967 684 3135 754 ﬁgura
3161 683 3414 737 substan-

1837 774 1944 838 tiae,
1982 775 2214 844 indeque
2258 775 2558 839 concludit,
2608 795 2624 826 ι
2671 777 2765 830 Dei
2801 775 2995 830 Filium
3024 791 3086 828 ex
3123 775 3234 829 Deo
3269 789 3409 839 esse,

1835 881 1946 920 non
1983 873 2162 920 tamen
2193 877 2316 936 post
2355 867 2547 929 Deum,
2581 882 2758 935 neque
2793 875 2946 920 extra
2986 867 3180 928 Deum,
3211 864 3304 919 sed
3337 864 3412 919 si-

1838 957 1952 1009 mul
1983 964 2144 1025 atque
2177 957 2342 1020 Deus,
2378 956 2433 1010 in
2473 957 2604 1020 Deo,
2639 966 2694 1011 et
2737 973 2858 1010 cum
2888 957 3018 1010 Deo.
3047 955 3413 1022 Quemadmo-

1837 1047 1964 1100 dum
1998 1047 2258 1116 Splendor
2290 1063 2355 1101 ex
2391 1049 2503 1102 sole
2535 1055 2649 1111 est,
2692 1065 2802 1101 non
2845 1056 3025 1101 tamen
3059 1055 3181 1116 post
3213 1046 3411 1108 solem.

1837 1145 1932 1191 aut
1976 1147 2130 1191 extra
2176 1139 2381 1202 solem,
2415 1138 2509 1192 sed
2541 1139 2701 1192 simul
2733 1148 2893 1208 atque
2933 1137 3047 1201 sol,
3084 1137 3137 1190 in
3177 1137 3325 1199 sole,
3363 1146 3417 1189 et

1837 1241 1961 1280 cum
1986 1229 2118 1282 sole.
2151 1248 2166 1279 ι
2199 1229 2578 1284 Theodoretus
2599 1230 2662 1283 ad
2687 1231 2866 1283 locum
2891 1228 3134 1294 Apostoli
3162 1245 3173 1278 :
3204 1245 3222 1276 ‹
3254 1225 3413 1291 Quia,

1838 1316 2035 1369 Filium
2067 1317 2258 1372 dicens
2285 1319 2351 1382 ³³,
2385 1319 2561 1387 ipsum
2602 1319 2891 1386 appellavit
2920 1326 3206 1377 aeternum,
3236 1316 3416 1368 incre-

1838 1406 2007 1461 dibilc
2040 1417 2220 1462 autem
2261 1410 2346 1471 iis,
2380 1410 2472 1478 qui
2516 1425 2625 1461 non
2657 1416 2784 1462 sunt
2827 1407 3028 1462 divinis
3071 1405 3292 1470 initiati,
3335 1414 3415 1468 ut,

1839 1499 1931 1568 qui
1978 1500 2049 1552 sit
2079 1501 2265 1563 Filius,
2312 1517 2421 1554 non
2458 1501 2530 1554 sit
2577 1509 2820 1570 tempore
2863 1500 3136 1568 posterior
3181 1514 3278 1562 eo,
3323 1499 3418 1567 qui

1839 1590 1993 1644 illum
2027 1592 2234 1659 genuit,
2281 1608 2347 1646 cx
2378 1591 2612 1661 quadam
2658 1591 2832 1645 oculis
2866 1590 3111 1660 subjecta
3160 1589 3418 1643 similitu-

1843 1679 1972 1734 dine
2001 1680 2302 1735 divinitatis
2371 1681 2652 1735 vcrilatem
2696 1681 3056 1743 demonstrat,
3085 1688 3139 1734 et
3172 1680 3267 1744 ait,
3319 1678 3420 1743 Qui

153 1769 442 1838 subjungit
486 1769 602 1822 haec
643 1769 808 1822 verba
849 1769 891 1800 ’³
925 1786 937 1821 :
975 1787 991 1819 ι
1029 1768 1135 1822 Sed
1183 1770 1249 1824 de
1283 1771 1368 1823 his
1407 1770 1570 1824 etiam
1609 1770 1738 1824 alibi
1773 1783 1812 1837 Β
1841 1771 1959 1824 cuin
1983 1773 2048 1824 sit
2075 1769 2321 1840 splendor
2348 1770 2530 1840 gloria:
2566 1787 2584 1824 :
2613 1770 2874 1840 splendor
2925 1769 3071 1823 enim
3109 1778 3163 1822 et
3196 1785 3262 1823 ex
3297 1769 3418 1839 igne

154 1861 380 1930 coPiose
400 1859 781 1913 disseruimus.
804 1879 820 1908 ι
848 1859 1136 1922 Πλείστους
1157 1859 1502 1927 διεξήλθομεν
1523 1859 1734 1927 λόγους,

163 1967 182 2000 ι
215 1951 422 2003 multos
449 1949 898 2004 commiscuimus
937 1965 1251 2015 sermones;
1285 1970 1302 1999 ι
1329 1951 1532 2020 quibus
1556 1951 1738 2004 verbis

157 2034 490 2105 signiﬁcavit
545 2036 989 2101 dissertationes,
1037 2053 1158 2106 quae
1207 2039 1632 2108 interrogatione
1683 2047 1740 2093 et

158 2125 521 2195 responsione
570 2127 724 2180 fiunt.
775 2127 1182 2182 Tlieodoretum
1229 2143 1423 2197 porro,
1467 2145 1592 2183 cum
1635 2129 1739 2183 ista

158 2217 466 2280 scriberet,
519 2217 820 2272 intendisse
885 2218 1128 2272 animum
1196 2219 1251 2272 in
1300 2234 1428 2273 suos
1476 2220 1740 2274 adversus

158 2307 356 2362 Arium
399 2317 454 2362 et
494 2308 824 2364 Eunomium
868 2309 1072 2372 libros,
1120 2318 1370 2379 apertum
1408 2319 1492 2364 est
1535 2326 1601 2364 ex
1645 2325 1737 2364 ca-

157 2399 276 2468 pite
308 2399 364 2463 2,
404 2399 531 2454 libri
570 2417 603 2454 γ
638 2400 1018 2454 ιΙωνεείεανιιηι
1062 2401 1387 2468 fabularum,
1450 2402 1564 2465 ubi,
1613 2416 1738 2456 cum

157 2491 229 2547 de
263 2491 405 2546 Filio
432 2491 526 2546 Dei
552 2492 904 2561 disputasset,
935 2492 1121 2546 subdit
1151 2509 1164 2544 :
1193 2491 1352 2544 Ἀλλὰ
1381 2494 1510 2559 περὶ
1535 2493 1740 2546 τούτων

162 2581 398 2644 πολλοὺς
442 2583 578 2653 πρὸς
634 2585 850 2653 Ἄρειον
897 2584 988 2636 καὶ
1037 2583 1319 2652 Εὐνόμιον,
1352 2584 1408 2635 ὲν
1449 2587 1560 2647 τοῖς
1605 2585 1740 2656 πρὸς

158 2673 426 2736 ἐκείνους.
469 2673 812 2744 διεξήλθομεν
845 2675 1053 2741 λόγους.
1089 2674 1346 2730 Nonnihil
1379 2675 1578 2744 opponi
1612 2691 1739 2744 pos-

158 2775 266 2826 set,
299 2765 446 2834 quod
479 2767 579 2820 sub
609 2766 771 2820 finem
802 2766 1110 2821 collationis
1139 2767 1398 2820 solvetur.

233 2858 349 2911 V’ll.
383 2859 694 2928 Dialogista,
727 2867 784 2913 ut
811 2858 1096 2921 Anommo,
1131 2857 1487 2928 interroganti
1514 2859 1580 2914 de
1621 2858 1742 2929 Spi-

160 2947 272 3001 ritu
305 2958 517 3011 sancto,
545 2949 738 3017 probet
769 2949 942 3018 ipsius
965 2949 1586 3004 consubstantialitatem
1615 2967 1737 3004 eum

162 3039 348 3103 Patre,
373 3039 596 3095 adhibet
615 3041 794 3094 locum
823 3041 1068 3110 Apostoli
1102 3041 1121 3095 I
1147 3040 1274 3095 Cor.
1303 3058 1362 3105 ιι,
1385 3043 1443 3096 Ii
1475 3061 1487 3094 :
1514 3041 1740 3114 Spiritus

159 3139 439 3184 scrutatur
468 3131 732 3200 profunda
755 3130 920 3201 438
945 3131 1071 3194 Dei;
1103 3139 1385 3201 totumque
1412 3133 1591 3188 locum
1623 3135 1745 3202 plu-
1772 3115 1810 3169 Ο

164 3223 323 3278 ribus
349 3222 626 3277 edisserit.
660 3221 1038 3276 Theodoretus
1075 3223 1128 3276 in
1160 3224 1591 3288 commentariis,
1619 3239 1744 3278 cum

165 3313 316 3368 hunc
336 3314 519 3366 locum
540 3314 906 3383 exposuisset,
929 3333 945 3364 ι
967 3313 1073 3367 Sed
1096 3314 1211 3367 haec
1239 3315 1509 3383 pluribus,
1543 3316 1742 3384 inquit,

165 3405 295 3459 alibi
321 3404 680 3473 exposuimus
700 3405 741 3434 ³ο
763 3423 776 3470 ;
806 3423 824 3454 ι
846 3420 1078 3473 moxque
1096 3403 1374 3473 subjungit
1399 3421 1412 3456 :
1440 3425 1455 3453 ι
1474 3403 1742 3468 Ostendit,

167 3493 437 3564 Spiritum
471 3503 718 3548 sanctum
747 3509 856 3548 non
889 3509 1008 3549 esse
1051 3510 1235 3548 rerum
1277 3504 1583 3550 creatarum
1618 3511 1744 3564 par-

167 3593 299 3647 tem,
337 3583 434 3638 sed
466 3599 618 3637 suam
649 3583 850 3638 habere
890 3601 920 3638 a
957 3585 1069 3638 Deo
1095 3585 1476 3639 substantiam.
1512 3605 1532 3638 ›

243 3675 380 3730 VIII.
406 3676 677 3745 'Dialogus
719 3675 993 3730 secundus
1025 3683 1170 3731 totus
1212 3685 1296 3731 est
1338 3685 1528 3731 contra
1559 3678 1746 3734 Euno-

169 3768 365 3830 mium,
403 3768 628 3836 ejusque
658 3767 975 3836 magistrum
1006 3768 1258 3833 Aetium;
1287 3779 1442 3837 urget
1471 3783 1602 3822 vero
1637 3774 1748 3823 sta-

169 3859 267 3912 tim
298 3859 456 3912 initio
482 3858 764 3928 dialogista
793 3859 972 3912 locum
1017 3858 1164 3913 Isaia:
1197 3875 1338 3923 xxvr,
1372 3858 1458 3920 12,
1499 3858 1560 3911 1⁸5
1594 3858 1659 3923 ³¹,
1687 3867 1748 3912 ιιι

169 3959 252 4005 est
284 3949 430 4020 apud
449 3955 462 3968 '
490 3948 649 4011 LXX,
670 3949 888 4002 Domine
911 3948 1068 4012 Deus,
1090 3965 1272 4018 pacem
1299 3949 1366 4002 da
1396 3947 1563 4012 nobis,
1594 3955 1746 4002 extra

171 4051 221 4094 te
242 4041 412 4095 alium
449 4041 703 4094 nescimus
729 4055 876 4108 :quo
900 4037 1096 4108 probet
1126 4039 1323 4092 Filium
1360 4054 1480 4092 esse
1511 4037 1748 4092 consub-

171 4135 483 4189 stantialem
525 4133 672 4187 Patri
700 4150 714 4184 :
741 4133 864 4202 quia
898 4131 1067 4186 Filius
1094 4146 1196 4185 nec
1223 4140 1374 4184 extra
1403 4130 1618 4184 Patrem
1651 4143 1746 4182 co-

170 4227 490 4296 gnoscitur,
538 4224 632 4279 sed
679 4224 733 4278 in
777 4225 964 4287 Patre,
1009 4229 1065 4277 et
1111 4237 1235 4275 cum
1278 4222 1464 4284 Patre,
1500 4229 1554 4273 et
1585 4219 1744 4272 simul

179 4326 344 4386 atque
386 4318 570 4380 Pater,
608 4325 714 4369 etc.
759 4313 1136 4368 Theodoretus
1165 4311 1311 4364 hunc
1344 4311 1522 4380 ipsum
1568 4310 1748 4362 locum

178 4423 461 4476 exponens
489 4409 554 4470 ⁸³,
589 4425 606 4456 ι
648 4407 840 4460 Pacem
885 4411 1055 4466 tuam,
1088 4402 1336 4464 Domine,
1377 4400 1610 4468 amplexi
1652 4414 1746 4452 su-
1780 4434 1824 4489 Β

172 4513 321 4562 mus,
349 4515 378 4552 a
404 4496 747 4567 providentia
776 4503 866 4549 tua
906 4509 975 4548 ne
1010 4492 1324 4547 excidamus
1354 4508 1367 4543 :
1395 4491 1565 4544 Deum
1601 4488 1746 4543 enim

171 4572 348 4641 alium.
378 4587 592 4640 nullum
623 4585 897 4639 novimus.
938 4583 1061 4636 Ilaac
1089 4579 1343 4635 Eunomii
1371 4577 1749 4647 stupiditatem

169 4680 542 4736 convincunt:
565 4678 838 4748 quomodo
859 4677 1006 4732 enim
1039 4675 1222 4729 dicere
1255 4679 1502 4742 possunt,
1537 4689 1554 4722 ι
1586 4671 1753 4726 Extra

173 4779 229 4826 te
271 4771 442 4823 alium
471 4771 763 4834 nescimus,
810 4787 827 4820 ι
867 4767 959 4836 qui
996 4767 1166 4820 Deum
1201 4771 1448 4818 creatum
1479 4762 1752 4831 appellant

174 4861 420 4916 Filium?
441 4860 551 4915 Nos
576 4877 704 4916 vero
728 4875 892 4915 unam
914 4855 1201 4911 Trinitatis
1230 4853 1588 4910 substantiam
1613 4868 1752 4923 pra:-

170 4953 445 5017 dicantes,
475 4967 599 5006 vere
628 4950 981 5012 aﬂirmamus,
1015 4963 1140 5002 cum
1169 4946 1423 5010 dicimus,
1458 4964 1476 4997 ι
1507 4944 1673 4998 Extra
1699 4951 1750 4997 te

171 5044 347 5098 alium
375 5044 669 5098 nescimus.

252 5134 343 5189 IX.
379 5135 673 5205 Dialogista
709 5133 935 5196 ibidem,
976 5139 1036 5186 ut
1076 5131 1362 5195 Anomreo,
1397 5129 1665 5194 causanti,
1696 5129 1752 5184 id

259 5302 282 5330 ι
307 5291 544 5363 Philipp.
578 5308 635 5356 ιι,

1841 1871 1945 1924 est,
1973 1870 2029 1914 et
2062 1876 2184 1913 cum
2230 1860 2380 1928 igne;
2409 1868 2463 1913 et
2503 1875 2720 1913 causam
2755 1859 2975 1928 quidem
3009 1860 3172 1913 habet
3201 1859 3378 1928 ignem
3402 1899 3415 1920 ,

1839 1969 1947 2006 non
1978 1959 2157 2020 potest
2187 1960 2368 2004 autem
2401 1951 2469 2004 ab
2504 1950 2625 2019 igne
2655 1950 2917 2019 separari,
2953 1969 2969 2000 ι
3003 1958 3107 2003 etc.
3136 1949 3266 2015 Qum
3295 1964 3418 2002 cum

1841 2043 2037 2097 iisdem
2063 2043 2174 2096 fere
2208 2042 2410 2105 verbis,
2449 2051 2611 2110 atque
2641 2040 2947 2111 dialogista,
2975 2042 3192 2110 copiose
3230 2056 3418 2110 prosc-

1841 2144 2002 2188 cutus
2048 2144 2224 2196 esset,
2277 2133 2558 2203 subjungit
2608 2133 2773 2186 verba.
2798 2133 2908 2202 jam
2953 2132 3100 2186 illata
3143 2149 3157 2184 :
3211 2151 3228 2181 ι
3281 2129 3417 2185 Cum

1841 2227 2005 2296 hujus
2051 2226 2337 2294 theologia:
2386 2225 2590 2278 nullam
2638 2239 2758 2278 esse
2817 2223 3216 2278 dubitationem
3266 2221 3419 2277 vidc-

1840 2328 1964 2373 rent
1997 2318 2064 2381 ³⁸,
2096 2317 2338 2386 quicum
2373 2317 2502 2370 Ario
2541 2317 2806 2379 sentiunt,
2848 2332 2910 2368 ex
2945 2314 3256 2386 apostolicis
3298 2313 3420 2368 the-

1841 2409 2018 2463 sauris
2049 2409 2189 2461 hanc
2217 2407 2503 2476 epistolam
2542 2406 2742 2476 ejicere
2775 2406 2954 2460 conati
2988 2414 3134 2460 sunt.
3173 2425 3191 2456 ι

1911 2499 1979 2553 Χ.
2000 2499 2295 2569 Dialogista
2317 2499 2579 2567 qurerenti
2597 2498 2881 2561 Anommo,
2903 2514 3001 2550 cur
3022 2497 3285 2567 Spiritum
3298 2512 3424 2552 san-

1841 2596 1988 2644 ctum
2007 2589 2210 2643 bonum
2225 2588 2451 2652 diceret,
2468 2588 2702 2657 indeque
2714 2587 2950 2657 Spiritus
2962 2589 3279 2659 dignitatem
3297 2604 3420 2644 cum

1841 2681 1962 2736 aliis
1985 2680 2237 2749 personis
2258 2695 2602 2733 communem
2625 2680 2906 2749 probaret,
2941 2679 3232 2749 respondet
3257 2679 3422 2733 allato

1840 2772 2063 2828 Davidis
2092 2770 2430 2836 testimonio,
2465 2769 2692 2841 Spiritus
2723 2780 2841 2825 tuus
2877 2771 3036 2825 bonus
3078 2771 3289 2822 deducet
3321 2786 3418 2823 me.

1843 2866 2226 2920 Theodoretus
2276 2864 2328 2916 in
2380 2863 2528 2917 hunc
2575 2864 2753 2932 ipsum
2810 2878 3028 2916 versum
3056 2860 3192 2931 psal.
3221 2875 3354 2915 cxur
3405 2877 3419 2912 :

1851 2977 1868 3008 ‹
1901 2958 2041 3012 Hinc
2067 2955 2304 3025 Spiritus
2330 2955 2647 3025 dignitatem
2675 2953 2968 3006 didicimus
2995 2953 3037 2984 ³³
3066 2970 3077 3004 :
3105 2952 3248 3005 sicut
3274 2951 3420 3005 enim

1843 3048 1986 3102 Deus
2017 3047 2213 3107 bonus,
2261 3045 2340 3098 sic
2379 3043 2543 3096 etiam
2577 3041 2816 3109 Spiritus
2848 3040 3160 3094 nominatus
3204 3048 3288 3093 est
3320 3039 3422 3092 bo-

1845 3153 1949 3192 nus
1975 3156 1988 3190 :
2019 3146 2073 3188 et
2102 3131 2563 3205 quemadmodum
2588 3132 2759 3184 Deum
2788 3129 3113 3192 obsecravit,
3149 3137 3207 3182 ut
3244 3130 3420 3198 ipsum

1846 3228 2165 3290 deduceret,
2217 3225 2296 3280 sic
2339 3225 2502 3277 etiam
2548 3230 2825 3291 precatur,
2876 3220 3040 3293 439
3083 3229 3141 3274 ut
3185 3219 3424 3290 Spiritus

1845 3319 2016 3374 sancti
2049 3319 2271 3371 ductum
2303 3323 2691 3383 consequatur.
2733 3333 2750 3363 ι

1920 3407 2009 3462 XI.
2052 3407 2132 3462 Ad
2165 3406 2406 3476 singulas
2431 3405 2572 3458 Aetii
2603 3407 2842 3476 argutias
2871 3402 3166 3474 respondet
3189 3403 3421 3475 dialogi-

1847 3509 1950 3562 sta,
1985 3498 2130 3568 quod
2159 3506 2285 3550 ante
2312 3496 2707 3566 quinquaginta
2745 3510 2918 3549 annos
2937 3495 3269 3564 praestiterat
3297 3493 3434 3564 Epi-,

1846 3588 2084 3658 phanius
2117 3604 2128 3639 :
2164 3602 2354 3640 verum
2381 3601 2503 3640 cum
2530 3584 2821 3654 Epiphanii
2851 3600 3016 3652 opera
3043 3583 3426 3638 Theodoretus

1845 3680 2031 3736 forsan
2066 3694 2173 3732 non
2204 3677 2420 3732 noverit
2449 3677 2514 3741 “,
2548 3677 2658 3729 imo
2687 3692 2789 3730 nec
2820 3675 2996 3745 ipsum
3031 3674 3419 3744 Epiphanium,

1848 3773 2049 3842 quippe
2073 3771 2229 3840 cujus
2257 3784 2527 3838 nusquam
2549 3767 2819 3830 meminit,
2845 3767 3010 3821 etiam
3037 3781 3160 3819 cum
3188 3766 3422 3819 maxime

1849 3864 2098 3923 deberet,
2133 3860 2274 3915 sicut
2305 3861 2358 3913 in
2394 3859 2746 3914 recensendis
2769 3857 3162 3927 Ilzerescologis
3191 3857 3259 3922 ⁸⁷,
3283 3865 3337 3910 et
3369 3856 3423 3912 in

1849 3952 2016 4022 gestis
2037 3967 2067 4004 ει
2094 3950 2482 4020 Chrysostomo
2507 3946 2814 4010 narrandis,
2843 3945 3062 3999 videtur
3087 3944 3306 3998 easdem
3330 3960 3421 3998 ar-

1848 4043 2029 4112 gutias
2072 4040 2322 4094 refellere
2369 4037 2656 4100 debuisse,
2697 4035 2898 4104 quippe
2941 4048 3078 4101 quas
3111 4032 3226 4086 suis
3258 4031 3422 4085 etiam

1849 4133 2193 4202 temporibus
2237 4144 2436 4184 nocere
2485 4135 2757 4187 cerneret,
2802 4135 2862 4175 ut
2908 4139 2975 4176 ex
3013 4137 3079 4175 eo
3125 4121 3420 4191 colligitur,

1851 4223 1994 4293 quod
2020 4223 2225 4276 nullam
2257 4219 2370 4274 fere
2390 4215 2733 4271 occasionem
2759 4211 3139 4281 praztermittat
3163 4210 3419 4275 docendi,

1852 4313 2052 4382 quibus
2067 4311 2360 4379 Scriptum
2377 4304 2724 4367 testimoniis,
2739 4316 2912 4371 quave
2932 4301 3139 4355 ratione
3152 4300 3290 4355 Aetii
3321 4302 3424 4356 Eu-

1853 4402 2132 4470 nomiique
2146 4398 2406 4468 magistro
2423 4392 2770 4456 recentioris,
2797 4390 3048 4460 impietas
3066 4392 3420 4461 reprimatur.

1922 4493 2038 4548 XII.
2072 4490 2472 4548 Theodoretus,
2499 4501 2622 4540 eum
2653 4486 2721 4540 de
2767 4483 3037 4554 baptismo
3068 4482 3184 4538 Arii
3217 4483 3425 4538 scribe-

1854 4593 1958 4649 ret,
1992 4584 2109 4637 baac
2143 4579 2312 4634 habet
2342 4597 2354 4631 :
2396 4598 2414 4629 ‹
2443 4577 2593 4632 Idem
2623 4574 2809 4647 gloria:
2840 4573 3195 4628 decantandi:
3215 4573 3426 4644 legibus

1852 4673 2062 4729 relictis
2091 4671 2157 4735 ³⁸,
2207 4685 2345 4739 quas
2375 4666 2733 4731 tradiderant,
2773 4665 2868 4735 qui
2911 4665 2980 4719 ab
3012 4665 3170 4719 initio
3211 4672 3425 4735 specta-

1857 4775 2005 4821 tores
2045 4772 2104 4818 et
2139 4760 2376 4816 ministri
2402 4758 2568 4814 Verbi
2603 4758 2851 4821 fuerant,
2885 4756 3047 4810 aliam
3074 4755 3306 4810 formam
3337 4757 3424 4810 in-

1855 4857 2121 4922 troduxit,
2146 4851 2473 4924 glorificare,
2497 4865 2636 4920 quos
2659 4849 2973 4918 deceperat,
2989 4848 3193 4903 docens
3207 4849 3424 4903 Patrem

1857 4965 1956 5019 per
2011 4948 2210 5002 Filium
2261 4945 2314 4998 in
2366 4949 2553 4998 sancto
2597 4940 2824 5010 Spiritu.
2867 4939 2933 4994 Et
2981 4939 3153 4995 divini
3202 4938 3426 5007 quidem

1858 5034 2208 5106 baptismatis
2238 5032 2494 5088 usitatam
2534 5029 2935 5084 invocationem
2967 5036 3179 5082 mutare
3204 5035 3429 5098 propter

1862 5135 2106 5196 apertam
2139 5123 2629 5194 transgressionem
2658 5135 2827 5174 ausus
2856 5135 2966 5174 non
2995 5126 3072 5174 est
3096 5159 3110 5183 ,
3153 5117 3248 5174 sed
3273 5118 3429 5188 juxta

1524 5389 1839 5450 SCIIULZII
1876 5389 2108 5447 ΝΟΤᾹἸ.

253 5560 298 5592 ὀ
326 5559 447 5614 Vid.
480 5569 521 5614 ι.
558 5557 648 5621 ιιι,
682 5571 736 5626 p.
766 5554 887 5626 ise.
971 5624 996 5626 __
1018 5555 1066 5626 ξε
1099 5552 1217 5626 νίςι.
1240 5560 1313 5626 _t._
1339 5551 1446 5626 ιιι,

177 5629 428 5706 p.296_.__
457 5630 503 5662 ιι
533 5621 758 5706 ιῇειςι.
788 5624 945 5694 III,p.
969 5624 1138 5706 stggn
1167 5623 1210 5653 ιι
1239 5621 1400 5706 nugs

1478 5566 1532 5619 ρ.
1564 5550 1681 5603 177.

1793 5549 1835 5580 ³¹
1867 5546 2016 5602 Edit.

1433 5615 1632 5688 pists.
1696 5619 1902 5688 ξενία.
1954 5627 1992 5670 ι.
2015 5618 2054 5678 ι,
2076 5615 2130 5688 p.
2167 5615 2319 5688 1551.

2074 5547 2227 5616 prior
2258 5544 2520 5616 habebat
2568 5543 2671 5597 Isa.
2706 5558 2848 5605 xxvr,
2887 5543 2937 5594 7.
3043 5541 3093 5616 ’ξ
3116 5537 3234 5616 Vid.
3298 5546 3337 5591 t.
3366 5537 3442 5595 II.

2400 5615 2443 5646 ³⁸
2474 5611 2672 5666 Forsan
2696 5627 2798 5664 non
2817 5618 3034 5665 noverit.
3057 5607 3211 5678 Quod
3242 5621 3431 5677 parum

180 5678 487 5773 ἱὶὃιῷἐὺιιρ.
556 5678 1159 5763 viesupr'aipsae.
1239 5692 1281 5721 ιτ
1317 5678 1622 5744 ιηίίτωιειι.
1651 5687 1746 5742 lib.
1787 5688 2032 5741 ιιαη-ρτίρ.
2059 5678 2222 5755 (hbui.
2301 5683 2576 5738 alia."
2625 5678 3270 5749 Hare:.{abut.,cap.t.
