3956 6298
490 241 595 307 337
1186 256 1193 261 ·
1341 224 1719 289 GARNERII
1758 220 2388 288 DISSERTATIONIS
2426 219 2485 282 II
2525 214 2927 284 APPENDIX.
3635 217 3761 284 388

495 342 842 405 Dominicum
871 345 1202 409 praeceptum
1233 334 1510 405 baptizare
1540 333 1728 389 docuit
1759 333 1814 387 in
1844 332 2068 386 nomine
2100 336 2143 394 Α
2170 330 2333 397 Deus,
2366 342 2414 386 et
2448 347 2553 385 non
2589 338 2664 383 est
2697 338 2890 399 prater
2925 343 3006 382 me
3032 325 3282 382 Salvator
3310 326 3375 393 1³;
3409 341 3585 399 eaque
3608 347 3761 403 gra—

496 435 705 499 Patris,
738 440 794 487 et
823 431 975 497 Filii,
1016 440 1075 485 et
1100 427 1338 500 Spiritus
1366 427 1542 483 sancti
1577 445 1589 479 :
1630 426 1938 497 gloriﬁcare
1973 440 2071 479 au-
2165 421 2311 500 _viter
2337 421 2751 491 interpretatur.
2773 418 3154 475 Theodoretus
3171 417 3237 472 ad
3262 419 3381 474 hac
3397 419 3514 489 ipsa
3536 422 3704 477 verba
3738 440 3759 478 ε

496 537 607 581 tem
637 526 795 595 juxta
842 521 1190 593 baptismatis
1236 520 1409 589 legem
1435 518 1628 583 vetuit,
1670 517 1801 571 licet
1839 517 1984 570 Deus
2016 524 2073 570 et

496 618 747 675 Salvator
777 623 965 671 noster
991 628 1103 668 non
1125 610 1453 681 simpliciter
1473 609 1775 678 baptizare,
1799 606 1896 662 sed
1914 606 2074 676 prius

495 707 696 763 docere
748 702 1093 776 praeceperit.
1151 700 1350 755 Euntes
1397 697 1576 763 enim,
1628 696 1842 767 inquit,
1897 695 2073 749 docete

497 811 676 863 omnes
715 802 925 865 gentes,
972 791 1299 861 baptizantes
1324 804 1408 841 eos
1453 789 1508 841 in
1534 788 1743 863 nomine
1768 784 1976 850 Patris,
2025 790 2074 838 et

501 885 644 950 Filii,
691 893 739 938 et
771 883 1000 954 Spiritus
1020 882 1216 935 sancti.
1284 879 1364 934 Ex
1391 879 1494 933 hac
1515 887 1697 933 autem
1725 877 1867 948 lege,
1904 886 1961 932 et
1986 875 2073 931 di-

502 972 615 1027 vini
645 970 916 1041 Apostoli,
964 979 1014 1025 et
1046 968 1143 1038 qui
1172 982 1266 1022 eos
1294 967 1472 1025 secuti
1513 975 1642 1020 sunt
1666 964 1927 1021 Ecclesiae
1956 981 2075 1021 ma-

500 1064 682 1137 gistri,
704 1063 902 1118 docent
929 1074 1045 1125 eos,
1068 1059 1162 1129 qui
1190 1057 1482 1123 accedunt,
1509 1056 1735 1113 credere
1766 1057 1822 1112 in
1851 1056 2075 1113 nomine

499 1154 698 1218 Patris,
737 1162 795 1208 et
822 1151 980 1217 Filii,
1011 1158 1069 1204 et
1099 1148 1338 1219 Spiritus
1366 1148 1570 1215 sancti,
1603 1156 1663 1204 et
1692 1162 1838 1218 quos
1866 1148 2073 1203 docue-

501 1253 652 1311 runt,
691 1244 975 1314 baptizant
996 1240 1052 1295 in
1075 1241 1298 1295 nomine
1324 1240 1521 1305 Patris,
1554 1248 1613 1295 et
1638 1237 1783 1304 Filii,
1816 1248 1871 1293 et
1898 1237 2074 1309 Spiris

499 1347 590 1395 tus
627 1335 823 1392 sancti.
874 1333 1145 1401 Quocirca
1173 1332 1267 1403 qui
1291 1331 1499 1386 donum
1537 1337 1892 1401 acceperunt,
1931 1330 2076 1387 sient

500 1425 680 1482 edocti
704 1430 852 1489 sunt,
873 1431 928 1478 et
948 1421 1209 1492 baptizati
1235 1428 1384 1485 sunt,
1409 1421 1489 1476 sic
1509 1420 1813 1491 gloriticant
1833 1419 2075 1482 Patrem,

500 1525 557 1572 et
593 1516 815 1579 Filium,
865 1522 923 1568 et
976 1513 1245 1583 Spiritum
1295 1518 1567 1566 sanctum.
1619 1508 1935 1565 Absurdum
1992 1516 2078 1563 cst

2179 530 2197 564 ι
2230 511 2339 566 lsta
2390 510 2579 566 itidem
2626 525 2791 566 unam
2834 508 3137 579 pradicant
3182 507 3447 564 deitatem
3479 512 3544 565 ".
3580 513 3761 580 Quod

2170 604 2318 659 enim
2334 602 2591 658 Christus
2613 602 2778 656 etiam
2801 600 3068 654 Dominus
3086 615 3117 654 a
3138 615 3294 655 saera
3319 601 3600 671 Scriptum
3623 603 3762 660 εει-ς

2169 704 2328 750 vator
2358 693 2695 758 nominetur,
2738 691 2856 747 Arii
2892 704 3120 761 quoque
3146 700 3206 746 et
3236 692 3492 748 Eunomii
3525 695 3763 751 confes-

2171 799 2332 841 suros
2350 783 2592 839 arbitror
2615 781 2937 852 discipulos.
2956 779 3115 848 Quod
3129 781 3176 836 si
3203 790 3403 852 praeter
3427 783 3610 853 ipsum
3633 801 3765 841 non

2169 884 2259 933 est
2280 874 2550 939 Salvator,
2578 883 2635 929 et
2652 874 2907 929 Salvator
2926 872 3096 927 etiam
3126 872 3395 929 Dominus
3414 876 3761 945 appellatur,

2172 982 2241 1022 ex
2271 966 2363 1020 illa
2397 964 2545 1020 baud
2577 965 2746 1020 dubie
2780 971 2978 1018 natura
3017 970 3122 1018 est.
3164 961 3221 1017 Si
3245 978 3382 1018 vero
3404 980 3514 1019 non
3542 976 3648 1031 est,
3690 978 3767 1023 ut

2174 1057 2368 1113 dicunt
2404 1056 2848 1126 blasphemantes
2880 1071 2897 1107 7:
2929 1068 3062 1124 ergo
3097 1067 3202 1108 nec
3245 1053 3496 1108 Salvator
3528 1067 3615 1111 est
3635 1096 3652 1121 ,
3690 1065 3769 1112 ut

2172 1149 2420 1219 loquitur
2454 1147 2766 1218 prophetia.
2826 1145 2885 1201 Si
2929 1155 3112 1200 autem
3155 1153 3242 1200 est
3281 1145 3550 1211 Salvator,
3600 1147 3769 1204 illius

2174 1239 2423 1312 ejusdem
2450 1250 2537 1294 est
2574 1247 2805 1301 naturae,
2838 1238 2999 1308 cujus
3020 1244 3108 1292 est
3126 1237 3359 1293 salvare.
3389 1254 3412 1289 ι

2244 1331 2332 1387 lll.
2370 1331 2691 1403 Bialogista,
2730 1346 2858 1384 cum
2889 1329 3033 1383 idem
3079 1337 3468 1400 argumentum
3514 1331 3625 1385 alio
3652 1328 3762 1385 Dei

2177 1422 2511 1485 testimonio,
2558 1421 2703 1491 apud
2757 1420 3015 1476 eumdem
3063 1421 3387 1490 prophetam
3439 1432 3486 1483 ο,
3535 1431 3700 1492 urget
3739 1441 3763 1476 :

2177 1513 2292 1583 Ego
2331 1529 2451 1567 sum
2481 1512 2641 1577 Deus,
2685 1520 2735 1566 et
2768 1528 2873 1566 non
2918 1520 2995 1566 est
3039 1511 3220 1577 alius;
3266 1529 3360 1584 per
3389 1515 3765 1583 memeripsuus

501 1609 651 1664 enim
686 1624 803 1674 eos,
839 1606 932 1677 qui
958 1605 1218 1675 baptismi
1262 1602 1468 1657 donum
1511 1617 1544 1656 a
1586 1608 1772 1655 sancta
1804 1600 2074 1654 'l‘rinitatc
2172 1606 2321 1676 jura,
2362 1621 2427 1659 ex
2458 1621 2552 1658 ore
2582 1621 2695 1659 meo
2728 1605 3023 1675 egredietur
3062 1604 3266 1667 iustitia
3305 1621 3325 1658 :
3362 1620 3627 1660 sermones
3654 1608 3770 1660 mei

503 1699 837 1769 acceperint,
865 1698 1035 1753 solam
1064 1695 1293 1765 gloriam
1322 1692 1472 1748 Patri
1502 1690 1722 1753 offerre,
1753 1700 1809 1745 et
1839 1691 2076 1744 inhono-
2110 1677 2152 1734 Β
2183 1712 2287 1750 non
2307 1695 2639 1761 delabuntur,
2684 1695 2796 1765 fore
2831 1702 2890 1748 ut
2936 1695 3063 1749 mihi
3108 1698 3352 1766 ﬂectatur
3392 1711 3550 1749 ornus
3596 1712 3763 1767 genu,

506 1798 685 1845 ratum
712 1787 909 1842 Filium
936 1801 999 1840 ac
1031 1783 1300 1853 Spiritum
1328 1790 1578 1837 sanctum
1603 1779 1934 1849 relinquere.
1974 1778 2074 1832 Ve-

506 1899 626 1938 rum
657 1897 760 1937 nos
788 1882 890 1935 ista
921 1880 976 1934 in
1010 1878 1187 1941 libris,
1214 1891 1354 1946 quos
1371 1884 1562 1930 contra
1589 1872 1710 1927 illos
1734 1870 2077 1940 scripsimus,

505 1969 714 2038 prolixe
747 1967 1009 2023 diximus.
1043 1985 1061 2017 ι
1096 1958 1243 2019 Dixit
1273 1978 1404 2018 vero
1453 1962 1668 2032 dialogo
1697 1976 1775 2024 ιιι,
1800 1959 1968 2015 semel
2000 1968 2081 2013 at-

504 2077 611 2130 que
656 2061 878 2123 iterum,
929 2067 986 2113 et
1038 2055 1253 2127 dialogo
1300 2071 1375 2118 vr,
1428 2052 1638 2124 pariter
1687 2049 1857 2105 semel
1911 2057 2076 2118 atque

508 2152 730 2206 iterum.
876 2218 881 2223 η

578 2238 716 2295 Xlll.
758 2238 1054 2308 Dialogista
1088 2234 1278 2291 herba:
1305 2232 1527 2290 nomine
1557 2231 1829 2301 dogmata,
1873 2238 1929 2285 et
1963 2244 2083 2299 quae

506 2329 652 2386 Deus
677 2330 885 2394 docuit,
925 2328 1042 2399 agri
1089 2326 1387 2396 Scriptura:
1414 2323 1624 2380 semina
1665 2322 1922 2391 appellat.
1958 2320 2085 2375 Haec

509 2420 770 2491 loquendi
813 2420 986 2474 forma
1025 2417 1361 2477 Theodoreti
1396 2414 1618 2487 pr0pria
1654 2414 1873 2468 videtur
1910 2413 1977 2477 ³³,
2025 2420 2086 2465 ut

509 2511 606 2580 qui
635 2524 759 2563 eam
788 2506 991 2577 ubique
1024 2505 1138 2561 fere
1159 2505 1399 2569 allectat,
1432 2512 1561 2573 puta
1586 2518 1709 2558 cum
1734 2501 2083 2559 Theodorum

513 2595 966 2667 Mopsuestenum
1023 2595 1100 2648 ait
1140 2595 1194 2647 in
1244 2593 1562 2662 episcopatu
1596 2607 1771 2647 annos
1806 2593 2086 2662 peregisse

511 2703 608 2743 sex
638 2696 694 2741 et
722 2686 944 2758 triginta
971 2690 1305 2757 pugnantem
1336 2696 1524 2739 contra
1561 2684 1674 2740 Arii
1724 2691 1784 2738 et
1829 2683 2083 2738 Eunemii

511 2782 738 2839 sectam,
760 2784 816 2830 et
844 2773 1169 2844 Apollinarii
1193 2772 1253 2826 τὸ
1284 2772 1571 2845 λῃστρικὸν
1593 2772 1990 2844 proﬂigantem,
2031 2781 2089 2828 et

511 2868 766 2938 optimam
792 2867 1006 2921 herbam
1036 2866 1224 2919 divinis
1247 2864 1425 2919 ovibus
1450 2863 1911 2934 suppeditantem.
1944 2863 2086 2930 Quin

509 2957 679 3014 etiam
727 2956 1080 3013 Theodoreto
1122 2957 1393 3012 familiare
1436 2972 1500 3011 ac
1540 2971 1680 3026 pene
1725 2955 2087 3011 domesticum

511 3056 616 3115 est,
651 3034 1029 3119 metaphoram
1050 3063 1268 3105 sumere
1298 3048 1366 3102 ab
1390 3048 1746 3119 agricultura,
1774 3046 1939 3118 440
1962 3061 2087 3102 cum

511 3140 581 3196 de
632 3141 894 3196 docendis
946 3140 1202 3195 ﬁdelibus
1252 3139 1391 3209 agit;
1449 3138 1530 3193 sic
1577 3137 1634 3191 in
1680 3137 2091 3192 commentariis

512 3230 771 3301 Epistola:
800 3231 868 3286 ad
906 3230 1181 3285 Romanos
1217 3247 1230 3283 :
1274 3248 1292 3281 i
1328 3229 1407 3283 Ex
1444 3229 1512 3282 iis
1549 3227 1804 3299 gentibus
1837 3227 1972 3282 estis
2019 3228 2087 3293 ιθ,

515 3331 752 3384 quarum
808 3315 1085 3370 culturam
1137 3315 1451 3386 (γεωργίαν)
1495 3315 1733 3384 suscepi,
1785 3330 1855 3371 ne
1904 3315 2093 3370 existi-

516 3407 678 3462 metis
696 3408 713 3426 ‘
734 3422 821 3462 me
842 3422 1002 3476 agros
1023 3407 1146 3461 aliis
1161 3406 1462 3476 assignatos
1484 3405 1762 3460 invadere.
1792 3424 1812 3458 ι
1839 3406 1907 3461 Et
1929 3408 2091 3477 paulo

516 3504 642 3568 post
673 3516 686 3552 :
728 3517 744 3549 ι
770 3497 1013 3552 Arbores
1039 3499 1149 3569 jam
1182 3497 1451 3567 plantatas
1480 3496 1705 3567 irrigare
1727 3497 1930 3552 volo“.
1970 3517 1988 3550 ι
2023 3500 2091 3555 Et

516 3574 737 3660 postea,
768 3604 895 3643 cum
928 3588 1270 3652 ostenderet,
1313 3597 1577 3657 quantum
1612 3583 1785 3643 fuerit
1821 3588 1875 3643 in
1921 3589 2091 3646 Paulo

516 3680 722 3735 laboris
754 3688 811 3734 et
844 3678 1143 3752 diligentia":
1179 3677 1424 3734 studium
1456 3696 1470 3733 :
1516 3697 1534 3730 ι
1572 3678 1817 3736 Inaratas
1854 3680 2004 3736 enim
2033 3692 2091 3737 et

520 3769 753 3829 incultas
792 3778 970 3825 terras
1021 3769 1305 3841 accipietis
1335 3770 1413 3837 Μ;
1452 3786 1559 3826 non
1601 3770 1706 3827 alia
1750 3771 1987 3828 faciebat
2034 3784 2092 3829 et

519 3860 846 3928 scminabat,
876 3869 935 3916 et
968 3861 1166 3917 uberes
1192 3870 1402 3945 segetes
1430 3862 1778 3929 ostendebat,
1818 3881 1836 3915 ι
1872 3872 1981 3920 etc.

1140 4025 1389 4067 COLLATIO
1430 4026 1468 4066 ῐῐ
1477 4053 1488 4065 .

553 4120 700 4177 Inter
731 4121 1074 4197 dialogistam
1096 4131 1144 4176 et
1176 4121 1571 4197 Theodoretum,
1617 4125 1792 4196 quoad
1820 4123 2055 4197 dialogos

860 4190 974 4247 tres
1005 4193 1254 4247 adversus
1285 4190 1709 4248 Macedoniam».

2182 1788 2489 1859 interrogat
2525 1787 3014 1851 Maccdonianum,
3052 1788 3215 1856 cujus
3242 1787 3354 1843 sint
3395 1786 3513 1842 hsce
3548 1787 3769 1842 verba?

2181 1878 2337 1943 Filii,
2379 1880 2453 1933 ait
2486 1878 2947 1943 Macedonianus;
2998 1877 3316 1947 dictumque
3360 1879 3559 1948 probat
3599 1880 3766 1934 testi-

2182 1970 2367 2026 monio
2392 1970 2640 2040 Apostoli
2666 1988 2678 2023 :
2719 1969 2785 2023 In
2817 1970 3027 2023 nomine
3057 1969 3183 2023 Iesu
3215 1985 3367 2024 omne
3400 1985 3538 2039 genu
3569 1972 3765 2038 ﬂet-ta-

2184 2073 2272 2116 tur
2302 2062 2352 2126 tl,
2387 2070 2437 2116 et
2464 2063 2634 2115 omnis
2673 2060 2855 2132 lingua
2878 2060 3213 2128 conﬁteatur,
3234 2068 3344 2115 etc.
3373 2061 3441 2115 Et
3466 2060 3599 2116 inde
3630 2076 3770 2116 con-

2184 2154 2358 2209 cludit
2393 2152 2734 2208 orthodoxus
2770 2170 2784 2206 :
2827 2172 2847 2203 ι
2882 2152 2999 2208 Una
3024 2160 3108 2207 est
3137 2152 3305 2223 igitur
3340 2152 3519 2207 Patris
3548 2160 3605 2206 et
3636 2153 3762 2207 Filii

2184 2248 2464 2303 divinitas.
2496 2265 2514 2298 ι
2539 2245 2922 2303 Theodoretus
2940 2244 3010 2299 ad
3049 2245 3230 2300 locum
3260 2245 3506 2314 Apostoli
3541 2263 3554 2299 :
3588 2265 3608 2297 ‹
3627 2245 3769 2302 0m-

2185 2355 2312 2396 nem
2341 2348 2492 2395 certe
2524 2339 2762 2394 haeresin
2797 2338 2844 2371 “
2889 2353 2990 2408 per
3018 2353 3189 2408 pauca
3234 2338 3352 2393 haec
3382 2337 3552 2393 verba
3582 2353 3769 2408 expu-

2186 2432 2374 2503 gnavit
2402 2431 2624 2487 divinus
2649 2431 2944 2501 Apostolus
2964 2471 2978 2495 ,
3013 2439 3128 2485 tum
3156 2444 3254 2485 eos
3281 2429 3377 2500 qui
3412 2430 3767 2485 divinitatem

2187 2523 2465 2595 Unigeniti
2490 2524 2897 2593 hlasphemant,
2938 2541 2956 2574 ι
2985 2529 3093 2577 etc.
3129 2522 3199 2577 Et
3242 2530 3473 2592 postea:
3511 2540 3530 2573 ‹
3566 2520 3769 2575 Arium

2186 2631 2319 2670 vero
2334 2625 2390 2671 et
2408 2615 2737 2671 Eunomium
2759 2615 3141 2685 blasphemare
3161 2613 3356 2668 iisdem
3373 2613 3560 2667 verbis
3579 2621 3773 2667 osten-

2189 2707 2289 2771 dit,
2326 2727 2343 2759 »
2374 2716 2479 2763 etc.
2503 2706 2798 2763 Concludit
2817 2721 2950 2762 vero
2982 2725 2995 2759 :
3036 2725 3055 2758 ι
3086 2705 3195 2762 Sed
3215 2705 3285 2761 de
3314 2705 3403 2759 his
3433 2704 3603 2759 etiam
3629 2703 3769 2759 alib'.

2189 2798 2408 2868 copiose
2436 2798 2818 2853 disseruimus.
2858 2816 2877 2850 ι

2261 2890 2345 2944 lV.
2379 2887 2677 2961 Dialogista
2733 2904 2953 2945 rursum
3005 2888 3351 2944 divinitatem
3400 2888 3526 2945 Filii
3576 2905 3647 2945 ex
3698 2905 3773 2944 eo

2115 3006 2157 3064 ο
2190 2983 2406 3052 probat,
2438 2981 2586 3051 quod
2620 2981 2765 3051 apud
2805 2980 3067 3036 Davidem
3111 2981 3260 3036 Deus
3303 2982 3566 3052 populum
3598 2998 3772 3037 suum

2190 3071 2277 3125 his
2308 3069 2466 3142 αι
2520 3069 2708 3125 verbis
2748 3069 3041 3138 compellat
3084 3084 3097 3120 :
3141 3067 3301 3132 Audi,
3344 3067 3534 3139 popule
3579 3068 3674 3132 mi,
3717 3076 3777 3120 et

2190 3162 2520 3216 contestabor
2550 3168 2617 3225 te,
2647 3158 2838 3225 Israel,
2874 3160 2921 3214 si
2953 3158 3186 3213 audieris
3217 3175 3319 3224 me,
3356 3175 3460 3212 non
3495 3160 3599 3213 erit
3626 3160 3683 3212 in
3719 3166 3776 3211 te

2191 3251 2331 3306 Deus
2371 3268 2554 3315 nouus,
2602 3266 2768 3321 neque
2801 3250 3047 3303 adorabis
3096 3248 3265 3304 Deum
3300 3249 3536 3304 alienum
3577 3261 3624 3314 ι,
3657 3260 3771 3305 etc.

2196 3343 2499 3414 lntcrrogat
2534 3344 2683 3397 enim
2735 3341 3224 3407 Macedonianum,
3277 3343 3437 3413 cujus
3490 3344 3605 3398 sint
3652 3342 3779 3397 haec

2190 3435 2381 3500 verba,
2406 3434 2601 3498 Patris,
2620 3449 2690 3487 an
2718 3433 2862 3487 Filii.
2879 3432 3259 3488 Theodoretus
3283 3433 3349 3488 ad
3377 3434 3528 3488 hunc
3548 3434 3732 3488 locum
3754 3452 3772 3488 :

2198 3545 2215 3578 ι
2251 3525 2437 3588 Jubet,
2464 3525 2510 3557 "
2541 3540 2611 3579 ne
2650 3524 2890 3579 alienum
2924 3533 2981 3579 et
3006 3540 3207 3579 novum
3238 3526 3408 3581 Deum
3436 3526 3642 3590 colant,
3672 3525 3777 3580 sed

2191 3634 2338 3684 cuiu,
2369 3618 2463 3688 qui
2492 3617 2805 3673 libertatem
2841 3618 2973 3687 ipsis
2998 3617 3231 3689 largitus
3254 3623 3359 3672 est.
3393 3618 3520 3673 Hac
3548 3633 3685 3672 vero
3712 3630 3779 3674 et

2189 3708 2307 3763 Arii
2329 3716 2386 3764 et
2412 3708 2666 3763 Eunomii
2694 3708 2989 3763 amentiam
3013 3708 3373 3779 redarguunt.
3398 3708 3457 3764 Si
3486 3710 3631 3764 enim
3654 3725 3779 3765 non

2190 3810 2275 3856 est
2307 3799 2792 3855 consubstantialis
2813 3799 3160 3870 Unigenitus,
3184 3801 3309 3870 jure
3338 3799 3551 3856 alienus
3580 3803 3777 3858 vocari

2193 3900 2392 3962 queat;
2425 3902 2502 3958 et,
2538 3893 2585 3946 si
2622 3892 2727 3947 luit
2763 3899 2981 3962 tempus
3003 3892 3225 3962 quando
3254 3909 3367 3948 non
3395 3903 3535 3958 erat,
3571 3907 3780 3951 recens

2192 3992 2295 4047 est,
2317 3990 2372 4037 et
2387 3998 2497 4038 non
2521 3993 2606 4038 est
2628 3982 3016 4053 sempiternus.
3038 3983 3322 4040 Manifesta
3340 3984 3510 4056 igitur
3523 3984 3778 4041 divinam

2190 4074 2365 4145 legem
2407 4073 2919 4143 transgrediuntur,
2964 4075 3207 4130 alienum
3249 4075 3425 4131 Deum
3458 4086 3515 4132 et
3560 4092 3776 4133 novum

2193 4165 2454 4219 colentes.
2485 4165 2689 4220 Verum
2722 4174 2938 4235 tempus
2968 4181 3079 4220 non
3119 4176 3222 4232 est,
3260 4178 3321 4222 ut
3347 4184 3539 4223 eorum
3575 4177 3779 4239 stupo-

2195 4270 2307 4311 rem
2337 4256 2733 4327 redarguamus
2765 4274 2778 4310 :
2819 4277 2836 4308 ι
2867 4259 3071 4329 quippe
3110 4275 3275 4329 quem
3309 4269 3471 4315 antea
3513 4262 3645 4315 satis
3678 4277 3775 4316 re-

588 4342 630 4397 l.
664 4341 853 4408 Quoad
889 4342 1116 4397 tertium
1158 4340 1469 4397 collationis
1494 4351 1682 4413 caput,
1723 4352 2086 4415 praeterquam
2122 4342 2166 4398 D
2195 4346 2423 4401 fellernt.

520 4433 666 4503 quod
708 4432 1094 4489 Theodoretus
1131 4433 1375 4504 scripsit,
1416 4443 1478 4488 ut
1522 4443 1687 4490 antea
1726 4436 1991 4502 diximus,
2033 4452 2093 4492 se

523 4524 788 4578 adversus
823 4523 1353 4578 Pneumatomachos
1388 4524 1616 4578 totidem
1658 4526 1833 4580 libros
1868 4541 2094 4596 compo-

525 4613 722 4679 suisse,
743 4621 879 4681 quot
904 4613 1171 4668 adversus
1208 4612 1431 4667 eosdem
1461 4613 1663 4684 dialogi
1706 4615 2000 4681 exsistunt,
2030 4632 2095 4673 ea

526 4710 676 4757 certe
709 4712 794 4757 est
814 4703 1117 4773 dialogistae
1151 4712 1207 4757 et
1240 4701 1574 4756 Theodoreti
1608 4702 1665 4757 in
1687 4702 1936 4759 doctrina
1965 4721 2098 4761 con-

528 4792 727 4857 sensio,
759 4809 881 4863 qua:
909 4793 1317 4849 Theodoretum
1352 4808 1462 4847 non
1495 4793 1718 4862 quidem
1746 4795 2092 4862 nominatim,

528 4882 620 4939 sed
636 4883 958 4939 indubitatis
974 4883 1193 4939 indiciis
1208 4894 1489 4938 auctorem
1513 4882 1858 4955 dialogorum
1873 4888 2092 4956 prodat.

589 4976 658 5030 ll.
699 4975 1026 5044 Dialogista,
1072 4990 1198 5028 cum
1237 4975 1405 5030 vellet
1436 4975 1826 5032 Macedoniam
1868 4977 2098 5034 demon-

524 5073 720 5130 strare,
765 5064 1014 5120 eamdem
1051 5080 1173 5120 esse
1210 5064 1359 5130 Filii,
1394 5081 1516 5135 quae
1558 5067 1757 5132 Patris,
1810 5068 2094 5135 deitatem,

525 5156 751 5212 adhibet
791 5156 889 5210 Dei
926 5156 1094 5212 verba
1135 5158 1280 5230 apud
1326 5161 1648 5231 prophetam
1684 5161 1940 5227 dicentis,
1987 5162 2097 5233 Ego

2262 4437 2330 4489 ν.
2380 4436 2670 4507 Dialogista
2718 4436 2931 4493 inducit
2973 4439 3426 4495 Macedonianum
3475 4450 3775 4515 negantem

2196 4527 2339 4582 idem
2377 4542 2517 4592 esse,
2561 4543 2625 4581 ea:
2658 4527 2770 4597 ipso
2797 4536 2854 4582 et
2884 4543 2977 4598 per
3026 4531 3198 4600 ipsum
3249 4530 3306 4597 ἐξ
3356 4532 3522 4586 αὐτοῦ
3567 4536 3660 4588 καὶ
3704 4535 3777 4589 δι’

2197 4617 2383 4681 αὑτοῦ,
2414 4634 2525 4687 quo
2549 4618 2790 4674 declinet
2822 4630 3205 4689 argumentum
3241 4622 3531 4679 orthodoxi
3563 4625 3779 4682 utentis

2199 4708 2512 4764 testimonio
2560 4709 2718 4764 Pauli
2767 4709 2834 4764 ad
2885 4711 3222 4781 probandam
3267 4714 3392 4769 Filii
3441 4730 3564 4771 cum
3606 4717 3778 4774 Patre

2198 4799 2844 4864 consubstantialitatem,
2875 4810 2932 4857 ct
2961 4802 3371 4873 interrogantis,
3399 4805 3466 4860 de
3494 4822 3611 4875 quo
3633 4808 3781 4862 Pau-

2197 4887 2283 4941 lus
2305 4889 2521 4943 locutus
2535 4888 2625 4954 sit,
2650 4896 2757 4944 etc.
2781 4890 3161 4949 Theodoretus
3184 4895 3249 4949 ad
3276 4897 3454 4951 locum
3478 4897 3728 4968 Apostoli
3761 4918 3778 4956 :

2206 4998 2223 5029 ι
2259 4979 2364 5033 Per
2393 4979 2510 5034 haec
2539 4980 2780 5036 ostendit
2807 4982 3028 5039 divinus
3053 4988 3347 5055 Apostolus
3375 4990 3442 5055 “,
3472 5005 3530 5045 se
3559 5005 3781 5061 prapo-

2199 5069 2416 5124 sitionis
2449 5087 2513 5124 ea;
2532 5088 2633 5142 quo
2648 5081 2705 5126 et
2721 5089 2814 5143 per
2840 5091 3016 5144 quan,
3040 5076 3410 5134 differentiam
3440 5096 3552 5137 non
3576 5098 3775 5149 nosse;

2201 5177 2265 5217 ac
2294 5161 2441 5216 illam
2471 5162 2721 5233 quidem,
2756 5174 2819 5220 ut
2851 5181 2973 5235 quae
3016 5167 3224 5239 aliquid
3259 5171 3435 5242 majus
3478 5171 3776 5244 signiticet,

597 5289 625 5329 δ
648 5288 751 5345 lsa.
786 5306 935 5358 xum,
963 5291 1052 5348 i2.
1126 5304 1150 5334 ε
1179 5293 1314 5351 ibid.
1340 5295 1429 5350 2L
1505 5295 1531 5336 ἀ
1560 5296 1775 5369 Philpp.
1809 5315 1866 5362 ιι,
1896 5298 1982 5354 10.
2062 5310 2083 5339 ε

2191 5298 2262 5354 al.
2285 5313 2442 5361 ωειλ,
2467 5297 2519 5352 9.
2601 5296 2620 5335 ί
2655 5298 2813 5355 Rom.
2850 5316 2922 5366 xi,
2956 5302 3042 5357 56.

1856 5430 2172 5490 SCHULZII
2209 5432 2438 5489 ΝΟΤᾹΖ.

676 5584 780 5640 Vid
802 5582 964 5663 _l_li_st.
998 5590 1282 5663 eccl.,_lib.
1307 5608 1378 5663 vl
1396 5606 1516 5663 cap.
1552 5593 1770 5663 ultimo.

527 5660 568 5708 t.
612 5653 673 5716 u.
711 5673 766 5726 p.
800 5658 924 5713 558.
999 5658 1045 5690 ιι
1075 5653 1199 5716 vid.
1235 5669 1275 5715 t.
1311 5653 1629 5734 111,.p2455.

1875 5592 1921 5625 ⁸⁸
1942 5593 2065 5649 Vid.
2110 5601 2149 5648 t.
2187 5593 2276 5657 lll,

1729 5662 1773 5695 ⁸⁸
1794 5662 1915 5719 Vid.
1955 5672 1994 5717 t.
2032 5664 2071 5730 1,
2119 5679 2173 5734 p.
2209 5663 2361 5720 1185.
2438 5666 2484 5698 ⁸⁸
2512 5667 2633 5722 Vid.
2670 5676 2709 5722 t.
2732 5669 2821 5735 111,
2854 5662 3034 5740 p.127
3067 5688 3182 5743 seq.

2309 5610 2364 5671 ρ.
2396 5595 2483 5671 lli.
2512 5667 2572 5671 __A
2593 5598 2634 5671 ξ’
2662 5598 2810 5671 Loco
2834 5600 2951 5666 cit.,
2978 5617 3046 5671 7p.
3079 5603 3163 5658 19.
3269 5604 3315 5642 η
3358 5602 3496 5660 lbid.
3572 5601 3620 5637 ⁸³
3655 5600 3779 5660 Vid.
