3956 6298
197 282 311 345 3δῦ

200 487 428 549 doceat,
461 486 605 540 Filio
646 504 658 540 :
691 489 880 542 ambas
908 488 1056 542 enim
1085 489 1139 541 in
1170 497 1403 557 utraque
1434 504 1666 558 persona
1694 503 1796 558 po-

203 579 322 634 suit
353 596 365 628 :
391 593 554 648 quam
588 576 704 631 sive
737 578 916 632 Patris
946 592 1066 633 csse
1093 577 1356 642 dixerint,
1387 581 1479 648 qui
1511 594 1634 633 cum
1668 579 1798 632 Ario

203 675 266 723 et
293 669 566 722 Eunomio
589 669 855 733 sentiunt,
881 667 1163 723 invenient
1188 669 1560 738 pra-positioni
1586 685 1648 722 ex
1671 685 1795 738 quo,

206 758 681 829 prcepOsitionem,
736 776 831 830 per
863 777 1046 830 quem,
1094 777 1214 816 esse
1251 763 1636 832 eonjunctam;
1681 761 1797 816 sive

207 851 351 906 Filio
371 851 773 920 adaptaverint,
795 852 1064 907 videbunt
1088 854 1480 923 praepositioni,
1506 871 1598 925 per
1619 873 1796 927 quem,

205 944 678 1013 praepositionem,
707 959 770 996 ex
799 961 922 1014 quo,
951 960 1071 998 esse
1103 947 1450 1015 conjunctam
1475 963 1488 1011 ;
1532 947 1576 1000 si
1612 956 1798 1001 autem

206 1034 552 1104 praepositio,
596 1049 660 1086 ea:
710 1051 833 1103 quo,
881 1034 1089 1104 aliquid
1139 1036 1316 1105 majus
1363 1036 1655 1105 significat,
1705 1054 1800 1108 per

206 1142 364 1196 quem
388 1134 571 1179 autem
605 1125 806 1188 minus,
839 1136 895 1178 et
915 1126 1089 1179 amba:
1126 1127 1179 1179 in
1209 1143 1314 1180 una
1342 1143 1576 1196 persona
1607 1129 1799 1198 posita:

207 1225 362 1279 sunt,
397 1216 542 1270 idem
592 1231 790 1285 nempe
826 1216 1008 1285 seipso
1038 1218 1233 1286 major,
1272 1228 1498 1288 propter
1535 1217 1797 1289 prmposi-

208 1307 419 1360 tionem
458 1321 519 1358 ex
550 1323 672 1375 quo,
705 1313 760 1360 et
793 1322 984 1359 rursus
1039 1307 1222 1360 minor
1252 1317 1481 1376 propter
1529 1309 1800 1377 prarposi-

210 1399 445 1456 tionem,
473 1415 566 1467 per
608 1414 784 1467 quem,
823 1398 1126 1451 existimari
1170 1400 1292 1467 jure
1317 1401 1538 1467 poterit.
1579 1421 1597 1450 ι
1632 1401 1698 1453 Et
1730 1399 1797 1453 ad

211 1497 379 1556 caput
423 1489 464 1548 l,
516 1488 822 1556 Epistolzel
874 1488 940 1542 ad
983 1487 1299 1543 Corinthios
1337 1490 1402 1544 ".
1452 1509 1469 1540 ι
1510 1491 1800 1559 Apostolus

210 1577 704 1646 prmpositionihus
745 1578 881 1631 citra
922 1579 1091 1631 ullum
1124 1579 1420 1633 discrimen
1453 1581 1626 1634 utitur
1661 1597 1673 1634 :
1711 1581 1800 1634 hic

212 1670 361 1721 enim
387 1669 852 1737 praepositionem,
876 1686 968 1740 per
993 1687 1168 1739 quem,
1197 1687 1360 1740 quam
1397 1673 1489 1740 qui
1524 1687 1647 1726 cum
1670 1674 1799 1727 Ario

856 285 952 344 DE
991 285 1343 345 DIALOGIS
1382 285 1547 345 ADV.
1589 283 1937 357 ARIANOS,
1980 282 2585 360 MACEDONIANOS,
2628 284 2786 346 ETC.

200 395 359 451 Patri
391 396 726 449 convenire:
767 395 908 449 hanc
942 411 1094 460 vero,
1129 406 1188 450 ut
1219 413 1339 465 qum
1375 396 1582 465 aliquid
1613 397 1796 450 minus
1829 403 1867 456 Α

3384 288 3491 349 390

1971 394 2106 449 Vlll.
2163 395 2458 466 Dialogista
2504 397 2608 451 sub
2645 397 2808 452 linem
2845 396 3010 466 primi
3043 396 3244 468 dialogi
3285 414 3488 453 novum

1905 485 2169 554 quiddam
2205 487 2384 543 affert.
2426 487 2572 556 quod
2609 503 2719 541 non
2762 487 3036 543 immerito
3081 499 3302 558 propter
3337 490 3487 546 ineo--

1905 575 2130 629 lentiam
2160 575 2581 631 Macedonianus
2625 577 2877 638 miretur,
2911 594 2942 631 a
2971 579 3240 648 propheta
3275 579 3490 633 scilicet

1907 668 2117 721 tonitru
2175 669 2399 723 nomine
2440 670 2806 737 significatum
2853 685 2976 725 esse
3018 671 3352 739 baptismum
3400 671 3490 730 his

1904 757 2129 810 verbis:
2166 757 2295 811 Ecce
2335 774 2428 828 ego
2468 758 2718 829 Spiritus,
2748 761 2836 830 qui
2873 759 3092 826 obﬁrqu
3125 761 3344 821 tonitru,
3376 767 3484 815 etc.

1907 848 2288 904 Theodoretus
2311 851 2379 904 ad
2404 852 2519 905 hac
2543 851 2706 905 verba
2730 853 2925 921 psalmi
2951 867 3114 906 xsvut
3132 853 3174 884 ⁸²
3201 870 3214 904 :
3239 852 3343 906 Vox
3377 851 3485 905 Do-

1908 939 2038 991 mini
2054 955 2214 1008 super
2239 956 2428 1010 aquas,
2468 939 2608 993 Deus
2635 942 2928 1010 majestatis
2947 943 3198 1005 intonuit,
3227 941 3278 995 id
3306 941 3486 1010 ipsum

1905 1045 2016 1083 non
2041 1030 2279 1084 obscure
2307 1031 2504 1084 innuit.
2595 1073 2605 1081 .

1977 1121 2068 1175 IX.
2108 1122 2312 1176 Verum
2347 1123 2400 1176 in
2433 1123 2678 1177 secundo
2707 1123 2925 1192 dialogo
2957 1123 3139 1177 adhuc
3161 1139 3220 1178 se
3257 1125 3490 1181 manife-

1905 1212 2045 1266 stius
2071 1222 2267 1267 auctor
2290 1215 2570 1283 patefacit.
2607 1215 2741 1268 Nam
2773 1231 2898 1270 cum
2931 1215 3322 1269 Macedoniano
3358 1233 3486 1285 per-

1905 1305 2138 1359 suadere
2172 1307 2356 1368 vellet,
2398 1307 2635 1360 Verbum
2670 1307 2837 1360 fuisse
2870 1308 3016 1361 Patri
3047 1308 3379 1376 subjectum,
3419 1324 3489 1364 ex

1903 1413 2016 1468 quo
2053 1407 2308 1452 naturam
2341 1399 2554 1462 induit;
2588 1399 2818 1452 adhibet
2858 1400 3232 1453 testimonium
3265 1399 3489 1454 Davidis

1905 1490 2040 1559 psal.
2061 1505 2167 1552 XM,
2195 1491 2247 1543 ll
2283 1507 2294 1542 :
2319 1491 2394 1542 De
2423 1499 2600 1543 uentre
2621 1491 2808 1543 metris
2824 1506 2952 1544 mea:
2972 1491 3107 1543 Deus
3131 1506 3272 1543 meus
3307 1506 3359 1544 es
3394 1500 3451 1544 tu
3466 1511 3488 1556 ,-

1905 1582 2053 1648 quod
2083 1582 2150 1635 de
2184 1582 2412 1636 Christo
2441 1582 2857 1651 interpretatur.
2894 1582 3126 1650 Moxque
3157 1583 3441 1653 snbjungit
3470 1600 3483 1637 :

1913 1691 1930 1722 α
1963 1673 2037 1726 De
2059 1682 2249 1726 ventre
2279 1675 2469 1727 matris
2493 1690 2626 1727 vero
2653 1673 2891 1728 Verbum
2913 1675 3145 1738 exstitit,
3169 1691 3294 1728 cum
3319 1675 3486 1745 Virgo

212 1771 269 1814 et
323 1761 596 1813 Eunomio
641 1761 905 1825 sentiunt,
955 1762 1092 1815 Filio
1144 1763 1472 1824 attribuunt,
1523 1763 1590 1816 de
1639 1765 1799 1818 Patre
1837 1772 1873 1828 Β
1905 1765 2158 1832 concepit
2185 1774 2241 1818 et
2262 1766 2477 1834 peperit
2499 1766 2929 1820 Emmanuelem.
2969 1767 3391 1821 rTheodoretus
3417 1769 3485 1822 ad

214 1850 420 1917 posuit.
462 1849 574 1903 lloc
621 1859 802 1903 autem
835 1867 945 1904 non
996 1852 1234 1917 fecisset,
1266 1853 1312 1906 si
1354 1855 1795 1923 praepositionem

215 1957 311 2009 per
367 1957 519 2009 quem
574 1941 755 1994 minus
804 1943 1008 2011 aliquid
1050 1944 1360 2012 significare
1405 1946 1794 2012 existimasset,

213 2048 382 2100 quam
413 2048 475 2084 ex.
502 2049 624 2101 quo.
669 2052 686 2082 ι
726 2033 792 2087 Et
821 2033 1019 2086 iterum
1051 2035 1116 2087 ad
1179 2035 1294 2089 haec
1335 2036 1501 2089 verba
1523 2076 1536 2098 ,
1605 2037 1797 2092 Fidelis

214 2123 378 2184 Deus,
414 2141 505 2193 per
557 2141 708 2194 quem
771 2127 940 2178 vocati
1002 2127 1151 2190 estis;
1180 2127 1430 2180 eamdem
1465 2131 1796 2182 sententiam

215 2216 419 2285 repetit
451 2217 497 2246 ‘"
529 2234 541 2268 :
581 2236 596 2265 ‹
635 2216 733 2270 Hic
767 2217 930 2270 etiam
964 2233 1057 2287 per
1097 2235 1249 2288 quem
1285 2219 1351 2272 de
1382 2220 1542 2274 Patre
1588 2223 1792 2290 posuit,

215 2309 558 2378 impudentia
584 2309 968 2363 haereticorum
1001 2326 1095 2364 ora
1125 2311 1443 2376 obstruens,
1475 2322 1531 2366 et
1567 2313 1792 2380 docens,

215 2401 361 2472 quod
397 2401 722 2470 parvitatem
755 2417 862 2454 non
895 2403 1182 2471 significet.
1217 2422 1235 2454 ι

292 2494 376 2546 Vl.
410 2493 702 2562 Dialogista
723 2492 1065 2547 divinitatem
1092 2495 1254 2548 Verbi
1279 2503 1335 2548 et
1359 2495 1596 2564 Spiritus
1621 2497 1794 2550 sancti

211 2585 346 2638 inde
379 2585 571 2654 prohat
605 2584 750 2654 quod
787 2585 862 2638 ait
895 2585 1215 2638 Psalmista:
1256 2587 1415 2640 Verbo
1445 2587 1658 2639 Domini
1685 2588 1798 2641 σαντί

214 2676 422 2744 firmati
441 2685 582 2738 sunt,
609 2687 657 2730 et
691 2676 891 2747 Spiritu
913 2679 1018 2730 oris
1040 2679 1153 2747 ejus
1174 2679 1342 2730 omnis
1361 2680 1525 2730 virtus
1545 2694 1722 2730 eorum
1748 2679 1792 2731 ⁸.

215 2769 392 2835 Quem
434 2769 614 2822 locum
648 2769 720 2823 ita
755 2777 972 2831 tractat,
1019 2779 1078 2823 ut
1124 2769 1304 2822 Verbo
1338 2769 1483 2822 dicat
1524 2783 1631 2822 non
1662 2771 1677 2787 ‘
1710 2783 1798 2822 so-

218 2858 328 2912 lam
370 2857 536 2909 tribui
565 2857 826 2910 cmlorum
857 2857 1296 2919 fabricationem,
1336 2855 1562 2925 Spiritui
1607 2864 1796 2910 sancto

219 2950 383 3020 442
422 2950 688 3002 virtutum
723 2950 1068 3004 eﬂ‘ectionem
1121 2965 1218 3002 seu
1265 2947 1794 3014 sanetilicationem;

221 3041 318 3094 sed
363 3051 660 3110 utrumque
717 3041 786 3094 ab
833 3049 1068 3110 utroque
1111 3039 1266 3093 oriri.
1315 3039 1698 3094 Theodoretus
1740 3040 1796 3094 in

1901 1854 2088 1908 locum
2121 1857 2344 1919 Psalmi,
2391 1873 2555 1925 quem
2591 1858 2659 1911 de
2697 1857 2920 1912 Christo
2961 1858 3380 1927 intelligendum
3427 1858 3484 1911 in

1903 1947 2225 2015 praefatione
2274 1950 2658 2003 demonstrat:
2692 1969 2709 2000 ι
2736 1950 2861 2004 llaec
2897 1951 3084 2014 etiam,
3130 1952 3240 2013 ait,
3293 1952 3485 2005 beatus

1910 2040 2078 2094 lsaias
2105 2041 2435 2096 vaticinatus
2465 2051 2550 2096 est
2575 2044 2640 2094 ⁸³.
2682 2042 2818 2096 Cum
2853 2043 3000 2096 enim
3043 2043 3314 2096 dixisset:
3351 2043 3484 2096 Ecce

1904 2133 2048 2201 virgo
2091 2136 2344 2204 concipiet
2385 2137 2438 2186 in
2478 2145 2655 2198 utero,
2711 2142 2758 2186 et
2789 2134 2958 2202 pariet
2984 2133 3204 2196 Filium,
3256 2144 3302 2186 et
3326 2150 3481 2187 uoca-

1905 2223 2032 2276 bunt
2067 2240 2253 2276 nomen
2279 2226 2392 2294 ejus
2425 2223 2778 2286 Emmanuel;
2815 2224 3119 2293 subjulxit,
3149 2232 3256 2278 etc.
3289 2224 3485 2278 Beatus

1906 2313 2074 2381 igitur
2096 2314 2263 2366 David
2295 2315 2499 2367 Christi
2533 2313 2748 2366 Domini
2779 2328 2973 2382 gerens
2999 2327 3288 2381 personam
3308 2351 3323 2375 ,
3358 2313 3434 2366 ait
3467 2331 3480 2364 :

1906 2405 1978 2458 Tu
2010 2405 2255 2473 formasti
2278 2421 2360 2458 me
2381 2407 2436 2457 in
2464 2415 2632 2467 utero,
2665 2424 2681 2454 ι
2713 2414 2820 2457 etc.

1973 2496 2042 2550 Χ.
2080 2497 2271 2567 Longe
2297 2497 2478 2550 adhuc
2511 2497 2713 2549 clarius
2746 2511 2862 2548 rem
2897 2504 3064 2550 totam
3083 2493 3323 2550 ostendit
3353 2508 3482 2563 pro-

1904 2587 2168 2642 lixissima
2235 2588 2576 2642 concertatio
2621 2587 2920 2656 dialogistte
2972 2597 3029 2640 et
3083 2584 3481 2648 Macedoniam,

1903 2679 2328 2749 disceptantium
2349 2680 2416 2733 de
2441 2682 2674 2741 ratione,
2697 2695 2804 2748 qua
2827 2679 2997 2732 Filius
3011 2677 3159 2731 Patri
3179 2677 3481 2746 subjectus,

1907 2771 2074 2825 Pater
2107 2771 2247 2826 Filio
2282 2773 2457 2842 major
2490 2771 2708 2826 dicatur
2750 2772 2870 2825 sine
2904 2770 3242 2824 detrimento
3287 2770 3482 2836 ὁμοθυ-

1906 2861 2184 2928 σιότητοςε
2216 2861 2356 2914 duos
2381 2861 2528 2913 enim
2554 2860 2854 2929 Scriptura:
2873 2861 3025 2914 locos
3043 2858 3284 2913 haeretici
3309 2857 3362 2912 in
3385 2873 3482 2912 ore

1904 2962 2124 3016 semper
2152 2948 2314 3018 m
2339 2947 2616 3002 habebant
2640 2966 2653 3000 :
2679 2947 2842 3000 Filius
2873 2947 3136 3016 subjectus
3159 2947 3256 2999 erit
3289 2947 3356 3009 ei,
3392 2947 3484 3016 qui

1907 3040 2126 3109 subjecit
2148 3040 2246 3092 sibi
2279 3041 2458 3092 omnia
2481 3056 2500 3102 ,'
2533 3047 2606 3101 et,
2632 3038 2797 3091 Pater
2821 3039 2997 3107 major
3020 3053 3100 3090 me
3123 3048 3218 3090 est.
3253 3036 3480 3091 Utrum-

219 3133 631 3188 commentariis
672 3132 737 3186 ad
778 3133 946 3186 verba
976 3132 1279 3186 Psalmistae
1313 3149 1326 3185 :
1364 3150 1382 3182 ί
1416 3132 1554 3186 Vera
1585 3132 1795 3185 theolo—
1824 3136 1863 3190 C
1897 3148 2004 3202 que
2018 3131 2715 3187 demonstratOrthodoxus
2730 3130 3000 3199 pertinere
3016 3128 3081 3183 ad
3096 3129 3478 3192 (economiam,

218 3225 308 3294 εἰει
331 3224 373 3256 δ’
400 3225 568 3278 Deum
597 3225 838 3278 Verbum
861 3224 1020 3278 nobis
1048 3224 1292 3278 ostendit
1311 3238 1435 3277 cum
1464 3231 1656 3277 sancto
1678 3222 1802 3293 Spi-

220 3319 333 3372 ritu
365 3328 419 3372 et
447 3317 614 3372 cmlos
643 3324 697 3371 et
719 3317 971 3371 cmlestes
1000 3317 1233 3370 virtutes
1264 3316 1478 3377 fecisse,
1523 3315 1800 3384 evangeli-

219 3423 451 3476 camque
469 3407 772 3461 doctrinam
791 3407 1077 3478 prophetia
1101 3407 1381 3476 anticipat.
1410 3405 1526 3459 Non
1551 3405 1802 3459 attribuit

219 3517 388 3571 porro
425 3501 536 3554 Deo
573 3500 794 3570 quidem
838 3501 1019 3555 Verbo
1057 3499 1472 3554 fabricationem
1514 3499 1798 3564 emlorum,

219 3601 412 3646 sancto
445 3608 578 3646 vero
609 3592 840 3662 Spiritui
887 3593 1152 3647 virtutum
1197 3593 1568 3659 creationem;
1606 3608 1800 3647 verum

219 3683 417 3737 eadem
471 3683 586 3752 ipsa
617 3692 674 3737 et
700 3683 942 3738 Verbum
986 3693 1042 3738 et
1073 3682 1338 3754 Spiritum
1385 3691 1636 3738 sanctum
1669 3683 1803 3739 επε-

219 3774 364 3827 cisse
395 3775 490 3837 ait,
535 3794 552 3825 ι
584 3783 690 3828 etc.

297 3865 407 3919 Vll.
439 3865 734 3934 Dialogista
769 3864 1115 3918 divinitatem
1149 3864 1271 3919 Filii
1304 3866 1691 3921 demonstrans
1717 3867 1797 3920 al-

221 3959 333 4010 lato
354 3957 504 4011 Isaiae
530 3973 669 4018 xuv,
709 3956 1058 4010 testimonio:
1087 3975 1104 4004 α
1136 3956 1251 4011 Una
1277 3965 1360 4011 est
1390 3958 1576 4027 igitur,
1598 3957 1796 4027 inquit,

221 4049 484 4102 divinitas
516 4049 692 4102 Patris
718 4056 773 4102 et
801 4048 923 4101 Filii
957 4048 1045 4100 "‘i
1077 4047 1282 4101 Maced.
1325 4047 1654 4114 Quomodo?
1695 4048 1799 4102 0r-

223 4139 379 4192 thod.
399 4138 551 4192 Dicit
580 4137 749 4200 enim,
777 4137 892 4207 Ego
919 4154 1036 4190 sum
1067 4137 1226 4200 Deus,
1268 4146 1316 4190 et
1349 4154 1453 4192 non
1501 4138 1656 4191 alius.
1692 4137 1801 4190 Aut

221 4229 371 4282 enim
399 4227 624 4281 demens
653 4227 840 4281 factus"
854 4228 1078 4297 negabis
1105 4227 1318 4281 Patrem
1339 4243 1459 4282 esse
1486 4229 1678 4291 Deum,
1705 4235 1802 4280 aut

221 4317 493 4372 conﬁtens
521 4318 736 4371 Patrem
761 4333 880 4372 esse
901 4317 1094 4379 Deum,
1122 4316 1423 4386 itidemque
1451 4317 1648 4370 Filium
1676 4331 1799 4371 esse

222 4410 422 4472 Deum,
463 4419 517 4463 et
558 4425 686 4463 eum
723 4409 953 4463 audiens
988 4409 1261 4463 dicentem
1296 4426 1308 4461 :
1343 4407 1454 4478 Ego
1487 4425 1606 4461 sum
1639 4407 1795 4472 Deus,

224 4510 274 4553 et
312 4507 502 4567 pra’ter
527 4515 607 4552 me
637 4516 740 4552 non
773 4508 848 4552 est
881 4497 1062 4561 alius;
1093 4497 1311 4550 unicam
1337 4495 1681 4548 divinitatem
1716 4495 1797 4548 fa-

226 4591 451 4646 teberis.
472 4592 677 4647 Maced.
702 4591 876 4646 Unam
899 4591 1157 4644 deitatem
1189 4605 1297 4642 non
1323 4589 1466 4642 dico.
1503 4607 1520 4638 ›
1543 4587 1798 4641 Theodo-

225 4693 385 4738 retus
417 4684 482 4737 ad
519 4685 669 4738 hunc
701 4685 879 4753 ipsum
912 4683 1065 4736 Isaiae
1109 4682 1287 4736 locum
1325 4699 1337 4734 :
1379 4699 1398 4730 ‹
1434 4679 1490 4734 Si
1522 4687 1720 4750 praeter
1752 4679 1798 4709 δι

221 4792 358 4831 eum
391 4792 496 4829 non
527 4784 608 4829 est
634 4777 796 4837 Deus,
823 4776 996 4829 Filius
1023 4783 1205 4829 autem
1229 4791 1296 4828 ex
1322 4774 1434 4827 Arii
1461 4782 1516 4828 et
1541 4772 1800 4826 Eunomii

223 4865 563 4934 blasphemia
599 4881 708 4919 non
748 4873 833 4919 est
865 4864 1375 4928 consubstantialis;
1415 4862 1692 4932 quomodo
1729 4861 1798 4915 ab

225 4956 365 5023 ipsis
392 4955 535 5009 Deus
566 4954 904 5024 appellatur?
930 4952 1084 5018 Quod
1108 4953 1152 5006 si
1183 4953 1327 5007 Deus
1348 4961 1452 5014 est,
1476 4961 1531 5005 et
1554 4967 1682 5006 vera
1717 4959 1801 5005 est

223 5045 408 5099 oratio
428 5046 771 5114 prophetica,
802 5059 924 5113 qua:
951 5053 1140 5112 aperte
1167 5043 1328 5097 docet
1353 5044 1586 5098 alterum
1627 5043 1799 5097 Deum

222 5151 338 5190 non
365 5151 519 5202 esse;
555 5151 662 5190 una
696 5135 944 5206 profecto
970 5142 1056 5189 est
1081 5134 1368 5189 Trinitatis
1393 5135 1588 5198 deitas,
1607 5143 1802 5188 tamet—

221 5227 270 5282 si
299 5227 494 5283 nolint.
536 5246 555 5278 ο

317 5390 344 5429 ε
365 5387 512 5441 Psal.
538 5403 704 5451 ann,
735 5387 787 5442 6.
877 5387 902 5426 ιι
934 5387 1100 5442 lCor.
1138 5403 1225 5450 xv,
1249 5386 1337 5439 28.

1903 3239 2016 3294 quo
2034 3224 2277 3279 Verbum
2299 3239 2430 3278 caro
2465 3224 2668 3277 factum
2699 3231 2802 3276 est.
2829 3220 3208 3275 Theodoretus
3237 3219 3290 3272 in
3320 3221 3482 3272 Com-

1903 3317 2189 3370 mentariis
2211 3316 2277 3370 ad
2295 3317 2536 3386 priorem
2554 3315 2774 3368 locumh
2802 3313 3013 3374 :Hunc,
3039 3313 3140 3375 ait,
3163 3311 3340 3364 locum
3361 3311 3477 3374 ii“,

1903 3409 1996 3478 qui
2015 3424 2142 3462 eum
2166 3408 2298 3462 Ario
2325 3415 2381 3462 et
2402 3407 2672 3461 Eunomio
2687 3406 2954 3468 sentiunt,
2981 3404 3037 3458 in
3059 3404 3242 3473 lingua.
3262 3403 3481 3458 assLduc

1905 3499 2108 3552 habere
2130 3505 2559 3560 consueverunt,
2577 3497 2952 3550 existimantes
2971 3495 3073 3548 hac
3093 3494 3321 3556 ratione,
3337 3509 3394 3547 se
3413 3493 3481 3546 de

1903 3587 2179 3657 Unigeniti
2211 3586 2475 3656 dignitate
2495 3586 2810 3640 detrahere.
2849 3583 3150 3652 Oportebat
3179 3591 3362 3636 autem
3386 3596 3482 3635 eos

1903 3677 2365 3742 animadvertere,
2394 3677 2643 3731 divinum
2658 3674 2979 3745 Apostolum
3005 3675 3060 3726 in
3084 3674 3188 3727 hoc
3208 3673 3327 3726 loco
3344 3671 3480 3725 nihil

1903 3769 2188 3838 scripsisse
2213 3768 2280 3823 de
2303 3768 2592 3822 divinitate
2616 3765 2893 3836 Unigeniti
2929 3763 3162 3833 :jubens
3189 3763 3336 3817 enim
3363 3777 3484 3817 cre-

1903 3858 2035 3913 dere
2060 3858 2242 3912 carnis
2269 3857 2753 3919 resurrectionem,
2782 3855 2902 3923 ejus
2932 3853 3391 3907 resurrectionem
3413 3868 3481 3906 ex

1902 3951 2118 4005 Domini
2184 3950 2589 4004 resurrectione
2633 3955 2863 4000 conatur
2918 3943 3229 3998 ostendere.
3258 3942 3481 3997 Clarum

1900 4052 1986 4097 est
2015 4051 2199 4096 autem
2226 4082 2241 4103 ,
2278 4041 2427 4110 quod
2468 4039 2647 4093 simile
2681 4037 2847 4091 simili
2897 4036 3272 4089 confirmetur.
3305 4035 3483 4090 Paulo

1901 4143 2026 4201 post
2061 4152 2073 4186 :
2105 4133 2399 4188 Sciendum
2429 4140 2512 4185 est
2533 4145 2664 4197 ergo
2705 4130 2842 4182 duas
2884 4141 3004 4180 esse
3037 4124 3238 4179 Christi
3265 4123 3479 4178 Domini

1901 4233 2148 4286 naturas,
2189 4233 2246 4277 et
2273 4222 2420 4291 quod
2453 4218 2750 4288 aliquando
2781 4215 3004 4284 quidem
3041 4214 3325 4281 Scriptura
3353 4228 3482 4266 eum

1901 4312 1972 4366 ab
1998 4311 2233 4364 humana
2257 4321 2452 4363 natura
2479 4305 2747 4369 nominet,
2771 4302 3066 4371 aliquando
3089 4318 3120 4356 a
3140 4301 3344 4364 divina,
3369 4311 3478 4355 etc.

1903 4402 2093 4471 Inique
2123 4416 2255 4470 ergo
2284 4416 2343 4454 se
2373 4408 2574 4468 gerunt
2603 4397 2695 4465 qui
2725 4394 3123 4464 blasphemant,
3163 4402 3326 4462 atque
3353 4408 3482 4447 eum

1902 4496 1998 4564 qui
2032 4494 2363 4548 constitutos
2383 4489 2741 4560 subjectionis
2762 4486 3028 4542 terminos
3052 4485 3294 4540 nondum
3327 4500 3484 4540 acce-

1904 4587 2007 4656 pit,
2040 4585 2312 4654 subjicere
2355 4591 2644 4637 conantur.
2691 4582 2921 4650 Oportet
2956 4579 3103 4633 enim
3141 4584 3480 4646 exspectare,

1903 4687 1961 4731 et
2003 4674 2366 4746 subjectionis
2403 4674 2628 4728 modum
2676 4671 3004 4740 intelligere;
3044 4670 3244 4725 Verum
3292 4667 3360 4721 de
3396 4667 3485 4722 his

1903 4769 2124 4837 copiose
2150 4766 2512 4821 disseruimus
2539 4765 2592 4818 in
2623 4763 2826 4818 nostris
2851 4763 3112 4818 adversus
3136 4778 3232 4814 eos
3258 4774 3485 4813 concer-

1905 4858 2236 4914 tationibus:
2275 4875 2294 4908 ι
2330 4858 2386 4908 ὲν
2411 4860 2524 4918 τοῖς
2549 4855 2687 4924 πρὸς
2714 4855 2911 4916 αὐτοὺς
2934 4853 3164 4920 ἀγῶσιν,
3198 4851 3252 4903 id
3283 4858 3386 4910 est,
3419 4849 3476 4902 in

1902 4950 2109 5006 nostris
2137 4949 2402 5002 adversus
2449 4961 2542 5000 eos
2582 4945 2834 5014 dialogis.
2867 4941 3279 5010 Disputationes
3311 4937 3478 4999 enim,

1903 5056 2025 5110 qua:
2044 5038 2366 5109 dialogismo
2391 5035 2546 5098 fiunt,
2563 5033 2784 5104 proprie
2805 5039 2934 5086 sunt
2956 5029 3184 5096 ἀγῶνες,
3204 5028 3258 5081 in
3282 5025 3485 5095 quibus

1903 5139 2109 5185 mutuae
2139 5128 2434 5199 petitiones
2459 5141 2525 5179 ac
2562 5121 2961 5178 declinationes
2991 5118 3148 5184 fiunt,
3180 5131 3355 5184 eoque
3381 5129 3482 5168 no-

1905 5221 2053 5276 mine
2091 5221 2160 5275 ab
2198 5221 2318 5290 ipso
2372 5215 2717 5272 Theodoreto
2753 5221 3020 5266 vocantur
3062 5209 3117 5264 in
3167 5204 3485 5278 praefatione

1574 5494 1889 5551 SCHULle
1929 5494 2160 5550 NOTAE.

283 5624 330 5655 "'
358 5620 488 5676 Vid.
557 5626 599 5671 t.
634 5617 723 5678 Ill,
749 5633 802 5684 p.
840 5617 959 5672 165.

211 5695 256 5727 ³¹
287 5694 414 5751 Vid.
447 5701 489 5746 t=
545 5688 592 5751 1,
647 5701 699 5754 p.
734 5687 854 5741 782.

1080 5613 1123 5645 ιε
1153 5614 1310 5676 ibid.,
1338 5628 1390 5681 p.
1425 5612 1544 5667 m7.

1647 5610 1692 5643 "’
1722 5611 1844 5664 Vid.
1907 5618 1947 5664 t.
1985 5611 2026 5672 Ι,

933 5688 979 5719 ⁵³
1013 5684 1138 5740 Vid.
1164 5692 1205 5737 t.
1251 5686 1291 5748 l,
1338 5679 1403 5751 ᾖ).
1444 5683 1563 5735 757.
1643 5682 1690 5714 ⁸⁵
1722 5681 1845 5734 Vid.
1875 5689 1915 5733 t.
1943 5681 2032 5744 lll,
2061 5695 2113 5748 p.
2137 5679 2236 5732 27!
2271 5693 2386 5745 seq.

2049 5607 2261 5678 p.808.
2365 5607 2410 5638 ⁵ο
2441 5602 2578 5659 Dial.
2630 5604 2663 5656 ’5
2797 5601 2838 5631 ⁸¹
2888 5597 2987 5652 Vid
3065 5603 3101 5649 ἱ.
3158 5593 3222 5658 Il,
3267 5605 3315 5660 p.
3361 5586 3491 5641 54οο
