3956 6298
476 282 578 344 391

1312 271 1689 332 GAR‘N’ERH
1732 267 2364 328 DISSERTATIONIS
2403 267 2466 324 11
2502 263 2900 324 ΑΡΡΕΝΒΙΧ·

3631 259 3745 320 3112

476 391 818 459 dialogorum
849 383 1132 440 Eranistzn.
1158 384 1450 451 Postquam
1480 380 1628 433 enim
1660 377 1912 447 exposuit
1941 376 2057 430 sin-
2088 425 2093 437 ,

2186 375 2318 440 θεὸς,
2355 376 2453 428 οὐκ
2489 373 2555 428 ἂν
2597 369 2664 443 ἦν
2705 373 2866 442 μέσος
2907 366 3036 422 Θεοῦ
3077 368 3168 420 καὶ
3216 365 3538 436 ἀνθρώπιον.
3587 366 3638 420 ὅ.
3684 369 3754 420 ει

479 482 733 553 gulorum
762 485 1166 548 argumentum,
1191 472 1513 544 subiungit:
1555 491 1571 522 ‹
1611 471 1764 524 Μετὰ
1809 470 1908 539 μὲν
1931 467 2057 531 τοὺς

478 573 630 641 τρεῖς
660 567 876 636 ἀγῶνας
904 560 1016 617 οἷον
1053 564 1482 633 ἐπαγωνίσματα
1503 561 1635 614 ἄλλα
1654 558 2057 631 προσθήσομεν.

481 664 580 719 llis
605 661 782 715 tribus
827 655 1224 711 certaminibus
1265 654 1369 708 alia
1405 653 1654 724 quaedam
1692 652 1842 706 velut
1879 657 2059 703 certa-

482 754 693 810 minum
725 749 1097 803 additamenta
1130 747 1473 818 adjiciemus.
1505 765 1522 796 ι

552 843 643 897 XI.
671 841 987 910 Dialogista,
1027 853 1137 908 quo
1168 839 1363 908 probet
1391 837 1656 890 adversus
1686 830 2063 887 Macedonium

483 935 719 1006 Spiritus
760 931 933 986 sancti
983 930 1345 993 divinitatem,
1395 929 1498 982 hoc
1549 925 1834 980 ratiocinio
1868 923 2063 976 utitur.

490 1048 508 1080 ι
534 1025 784 1082 Ellicitur
806 1024 1056 1080 eamdem
1074 1039 1193 1077 esse
1216 1022 1310 1076 Dei
1339 1030 1393 1075 et
1410 1020 1649 1090 Spiritus
1668 1016 1840 1070 sancti
1871 1027 2064 1083 opera-

485 1120 710 1174 tionem.
756 1116 1002 1183 Quorum
1046 1128 1178 1168 vero
1213 1113 1404 1166 eadem
1442 1118 1527 1164 est
1561 1107 1830 1178 Operatio,
1873 1118 2066 1158 eorum

484 1211 677 1267 eadem
699 1223 920 1279 quoque
957 1213 1042 1261 est
1066 1213 1282 1259 natura.
1322 1223 1339 1254 ι
1371 1203 1440 1257 Et
1467 1201 1632 1272 paulo
1667 1206 1790 1269 post
1828 1215 1842 1250 :
1892 1218 1909 1246 ι
1941 1195 2069 1251 Vult

485 1303 680 1358 eadem
709 1300 949 1370 Spiritus
981 1305 1224 1360 sanctus,
1251 1310 1373 1365 quae
1407 1294 1568 1348 Pater
1594 1300 1649 1346 et
1684 1290 1876 1351 Filius,
1904 1295 2069 1356 atque

487 1395 615 1449 ideo
631 1369 965 1448 voluntatem
982 1387 1231 1443 eamdem
1244 1382 1505 1440 dicimus:
1522 1396 1757 1452 quorum
1771 1389 1956 1433 autem
1973 1369 2072 1430 vo-

488 1487 670 1542 luntas
691 1482 1001 1553 eademg'est,
1018 1479 1322 1546 eademque
1342 1475 1611 1544 operatio,
1625 1481 1820 1525 natura
1841 1470 1970 1523 item
1989 1473 2072 1520 est

489 1581 702 1635 eadem.
726 1597 744 1628 ι
767 1574 1149 1630 Tbeodoretus
1162 1571 1216 1624 in
1233 1567 1576 1637 expositione
1593 1561 1786 1634 psalmi
1806 1574 2072 1614 cxxxvni:

497 1690 515 1721 ι
555 1666 868 1724 Notandum
901 1671 986 1718 est
1023 1672 1209 1716 autem
1240 1661 1286 1690 ⁵³
1317 1657 1573 1711 docuisse
1628 1669 1777 1718 eum,
1821 1650 2070 1706 eamdem

490 1760 870 1830 operationem
913 1755 1116 1809 habere
1160 1752 1342 1806 Deum
1385 1758 1441 1804 et
1482 1747 1748 1816 Spiritum
1793 1753 2067 1798 sanctum.

491 1853 608 1920 Quo
635 1852 738 1913 ibo,
791 1848 890 1911 ait,
942 1864 974 1900 a
1016 1843 1216 1916 Spiritu
1260 1853 1369 1905 tuo,
1424 1848 1472 1892 et
1504 1855 1604 1909 quo
1641 1855 1672 1890 a
1704 1836 1835 1905 facie
1868 1841 1962 1885 tua
1987 1831 2072 1900 fu-

490 1943 684 2014 giam?
747 1939 888 1994 Sane
927 1951 1164 2008 quorum
1208 1944 1294 1989 est
1340 1947 1446 1986 una
1488 1927 1760 2000 operatio,
1808 1939 1914 1978 una
1952 1937 2072 1976 om-

494 2035 625 2088 nino
647 2043 730 2088 est
753 2031 999 2102 potentia
1027 2047 1040 2094 ;
1067 2037 1123 2082 et
1145 2040 1382 2097 quorum
1412 2031 1498 2077 est
1525 2037 1632 2075 una
1666 2015 1933 2088 potentia,
1966 2027 2075 2067 una

494 2127 685 2196 utique
714 2134 798 2180 est
841 2133 1056 2178 natura.
1089 2123 1105 2140 ⁶
1138 2121 1255 2175 Una
1293 2117 1463 2187 igitur
1500 2121 1585 2167 est
1612 2110 1708 2165 Dei
1743 2118 1800 2163 et
1835 2107 2076 2177 Spiritus

496 2218 676 2274 sancti
703 2224 924 2270 natura.
956 2234 974 2266 ι

566 2310 682 2364 ΧΠ.
715 2307 1015 2377 Dialogista
1048 2300 1500 2358 Macedonianum
1543 2295 1758 2350 inducit
1786 2299 2075 2363 negantem

493 2417 618 2458 esse
653 2402 820 2463 idem,
845 2415 958 2469 per,
991 2407 1047 2451 et
1069 2413 1151 2459 ex,
1179 2401 1482 2465 arguteque
1508 2399 1564 2444 et
1591 2388 1934 2444 contentiose
1963 2383 2078 2440 dis-

497 2500 807 2564 putantem,
837 2506 950 2543 non
988 2503 1110 2542 esse
1152 2488 1312 2540 aliam
1365 2484 1420 2538 in
1457 2481 1760 2536 tractandis
1801 2476 2080 2549 mysteriis

498 2582 870 2638 adhibendam
912 2594 1124 2643 vocem,
1167 2593 1330 2647 quam
1362 2591 1470 2645 qua
1508 2575 1652 2629 Deus
1686 2572 1803 2642 ipse
1840 2571 1912 2625 sit
1947 2582 2080 2624 usus

501 2678 555 2731 in
583 2674 906 2744 Scripturis.
932 2672 1091 2726 Hunc
1116 2669 1296 2723 locum
1318 2667 1506 2738 paucis
1538 2662 1842 2719 immutatis
1872 2662 1928 2715 in
1958 2659 2079 2714 dia-

500 2768 686 2837 logum
730 2764 954 2819 tertium
985 2761 1274 2825 Eranistze,
1311 2757 1475 2830 444
1509 2765 1570 2812 ιιι
1604 2771 1663 2809 se
1699 2753 1814 2824 ipse
1843 2751 2080 2823 prodere

501 2857 743 2913 voluisse
775 2856 1064 2924 utriusque
1088 2851 1275 2920 operis
1304 2857 1589 2919 parentem
1617 2845 1893 2900 videatur.

571 2951 686 3005 Hoc
712 2964 822 3003 uno
854 2947 976 3001 loco
1001 2960 1092 2999 res
1119 2944 1345 2998 omnino
1370 2941 1684 3004 conficitur,
1714 2936 1988 3007 siquidem
2024 2935 2080 2988 in

501 3044 719 3113 dialogo
745 3037 994 3095 secundo
1019 3037 1286 3092 adversus
1320 3031 1745 3088 Macedonianos
1769 3030 1838 3083 de
1871 3028 1959 3083 his
1985 3041 2080 3082 co-

504 3135 656 3206 piose
692 3132 1018 3190 disseratur,
1058 3141 1182 3195 quae
1215 3123 1556 3179 contractius
1584 3121 1641 3175 in
1664 3116 2082 3174 commentariis

502 3221 751 3294 Apostoli
786 3219 1134 3289 attinguntur
1156 3256 1172 3279 ,
1213 3223 1272 3270 et
1302 3213 1526 3268 nomine
1557 3226 1772 3274 eorum,
1815 3208 1910 3278 qui
1952 3221 2081 3262 cum

502 3312 637 3366 Ario
660 3319 717 3363 et
737 3307 1011 3362 Eunomio
1042 3305 1310 3369 sentiunt,
1355 3299 1729 3356 Macedoniani
1768 3296 2084 3367 significen-

506 3410 600 3457 tur
637 3417 652 3454 :
685 3397 833 3468 quod
867 3411 1054 3460 nemo,
1084 3395 1179 3464 qui
1207 3390 1649 3449 Commentarios
1681 3388 1896 3458 legerit,
1939 3386 2081 3441 ditii-

509 3493 713 3541 teatur.

1107 3631 1358 3670 COLLATIO
1383 3631 1453 3669 IV.

505 3735 654 3792 Inter
697 3733 1038 3803 dialogist
1087 3741 1135 3803 et
1178 3731 1573 3803 Theodoretum,
1627 3732 1802 3802 quoad
1847 3731 2082 3802 dialogos

871 3802 1001 3855 duos
1031 3801 1280 3855 adversus
1312 3800 1727 3871 Apollinarium.

573 3940 616 3995 l.
646 3939 766 3996 Jam
784 3953 918 3993 vero
937 3936 1084 4008 quod
1106 3938 1346 4008 pertinet
1369 3938 1438 3992 ad
1465 3937 1712 4008 dialogos
1731 3938 1870 3992 duos
1885 3938 2083 3993 adver-

505 4048 601 4088 sus
627 4029 1052 4101 Apollinarium,
1070 4031 1217 4101 quod
1240 4039 1363 4086 erat
1395 4029 1448 4083 in
1479 4031 1776 4100 partitione
1799 4038 2081 4099 quartum,

505 4135 866 4194 praeterquam
891 4121 1038 4192 quod
1066 4121 1123 4176 in
1152 4120 1460 4191 posteriore
1487 4120 1778 4175 solvuntur
1807 4121 2085 4191 sigillatim

503 4214 827 4286 Apollinarii
873 4212 1119 4284 argutiae,
1147 4228 1288 4282 quas
1334 4211 1716 4268 Tbeodoretus
1757 4228 1814 4266 se
1857 4213 2085 4268 solvisse

505 4299 718 4372 scribit,
747 4307 802 4361 in
838 4306 1024 4375 priore
1052 4304 1343 4374 dialogista
1395 4303 1569 4359 refert
1608 4319 1667 4358 se
1693 4303 1898 4359 vidisse
1921 4305 2086 4374 Apol-

2164 465 2325 536 μόνον
2393 462 2679 533 ἅνθρωπος
2741 461 2770 512 ὁ
2836 456 3090 528 Χριστὸς,
3149 457 3249 509 οὐκ
3298 456 3363 508 ἂν
3413 455 3611 520 ἔσωζεν
3650 458 3752 509 τὸν
3839 446 3847 458 ’

2162 553 2392 623 κόσμονο
2421 553 2513 604 καὶ
2537 553 2584 603 εἰ
2621 552 2778 620 μόνον
2810 548 2963 612 θεὸς,
2997 547 3098 600 οὐκ
3145 546 3209 598 ἂν
3237 545 3324 598 διὰ
3375 544 3578 608 πάθους
3606 545 3751 599 ἐσω-

2165 643 2256 707 ζεν
2277 661 2291 676 ·
2328 644 2564 712 ἑκάτερα
2594 642 2652 695 δὲ
2682 640 2936 711 Χριστὸς,
2973 639 3066 693 καὶ
3087 637 3219 700 Θεὸς
3251 637 3357 708 ἄρα
3385 637 3501 690 ἐστὶ
3529 639 3623 691 καὶ
3647 638 3757 691 ἄν·

2167 734 2404 806 Θρωπος.
2442 736 2497 788 .l.
2544 735 2606 787 Et
2678 735 2840 800 μόνον
2896 731 3180 801 ἄνθρωπος
3209 725 3276 800 ἦν
3304 730 3332 780 ὁ
3357 730 3610 797 Χριστὸς,
3645 730 3758 783 οὐκ

2168 827 2234 879 ἂν
2282 823 2562 889 ὲζωοποίει
2604 825 2730 888 τοὺς
2760 823 3004 894 νεκρούς·
3043 822 3136 876 καὶ
3172 823 3221 874 εἰ
3270 821 3431 890 μόνον
3461 821 3612 884 Θεὸς,
3645 822 3760 874 οὐκ

2170 915 2236 969 ἂν
2286 915 2390 986 ἰδίᾳ
2429 915 2578 985 παρὰ
2623 914 2714 966 τὸν
2761 913 2981 982 Πατέρα
3024 909 3303 976 ὲζωοποίει
3341 910 3492 974 τινὰς
3521 911 3627 963 τῶν
3657 929 3757 965 νε-

2169 1007 2338 1078 κρῶν.
2393 1008 2660 1075 Ἐκὰτερα
2691 1004 2746 1058 δὲ
2775 1007 2802 1058 ὁ
2833 1002 3088 1074 Χριστὸς,
3119 1002 3249 1064 Θεὸς
3279 1001 3383 1072 ἄρα
3421 1002 3515 1054 καὶ
3549 1000 3761 1072 ἄνθρω-

2170 1115 2270 1161 πος
2305 1099 2334 1150 ὁ
2362 1097 2544 1159 αὑτός.
2582 1097 2635 1150 5.
2673 1097 2816 1167 Σὰρξ
2848 1095 2905 1149 δὲ
2944 1093 3080 1149 Θεοῦ
3124 1093 3270 1162 ζωῆς
3297 1094 3530 1163 ὄργανον
3577 1094 3760 1164 ἁρμο-

2172 1189 2397 1258 ζόμενον
2454 1189 2564 1251 τοῖς
2619 1186 2816 1240 πάθεσι
2870 1185 3008 1256 πρὸς
3059 1184 3158 1248 τὰς
3192 1183 3341 1248 θείας
3373 1183 3590 1254 βουλὰς,
3624 1184 3757 1238 οὕτε

2171 1279 2320 1347 λόγοι
2364 1279 2565 1350 σαρκὸς
2615 1278 2755 1340 ἴδιοι,
2789 1276 2910 1330 οὔτε
2945 1276 3171 1346 πράξεις
3218 1275 3312 1329 καὶ
3359 1278 3470 1339 τοῖς
3524 1272 3760 1330 πάθεσιν

2173 1369 2586 1440 ὑποϐαλλομένη
2619 1369 2760 1421 κατὰ
2800 1369 2858 1420 τὸ
2888 1369 3048 1438 σαρκὶ
3078 1367 3374 1436 προσῆκον,
3409 1367 3580 1436 ἰσχύει
3613 1368 3761 1421 κατὰ

2173 1460 2282 1514 τῶν
2334 1460 2542 1518 παθῶν.
2591 1459 2678 1512 διὰ
2717 1459 2777 1512 τὸ
2818 1453 2958 1511 εἶναι
2999 1457 3134 1509 Θεοῦ
3177 1457 3331 1521 σάρξ.
3374 1456 3760 1510 Tbeodoretus

2175 1552 2397 1606 eosdem
2429 1552 2773 1622 syllogismos
2803 1565 2868 1604 ex
2893 1549 3100 1619 scripto
3125 1547 3451 1619 Apollinarii
3489 1555 3757 1618 quodam,

2176 1642 2324 1711 quod
2341 1641 2824 1712 Compendiarium
2853 1650 3032 1705 vocat,
3058 1639 3285 1695 totidem
3311 1639 3541 1694 omnino
3568 1637 3762 1693 verbis

2106 1713 2147 1771 Β
2179 1733 2346 1789 refert
2379 1735 2444 1788 ".

2246 1827 2337 1880 111.
2365 1826 2509 1892 Quid
2536 1826 2747 1881 multa?
2773 1825 3164 1888 Conferantur,
3197 1838 3319 1893 qua”:
3354 1831 3482 1877 sunt
3515 1823 3568 1876 in
3605 1831 3764 1877 utro-

2176 1933 2283 1987 que
2303 1918 2540 1989 dialogo,
2566 1935 2692 1974 cum
2716 1920 2804 1984 iis,
2827 1934 2949 1988 quae
2969 1916 3353 1972 Tbeodoretus
3375 1915 3429 1968 in
3454 1916 3762 1984 reprehen-

2177 2010 2334 2066 sione
2364 2013 2733 2080 capitulorum
2759 2012 2952 2085 Cyrilli
2987 2010 3303 2075 duodecim,
3338 2011 3394 2064 in
3418 2010 3639 2082 dialogo
3668 2027 3760 2066 se-

2179 2103 2361 2158 cundo
2400 2104 2700 2169 Eranistaa,
2744 2105 2840 2175 qui
2868 2103 3227 2168 inconfusus;
3265 2103 3320 2157 in
3351 2103 3532 2173 capite
3566 2113 3764 2160 octavo

2180 2194 2308 2249 libri
2339 2211 2392 2250 ιν
2422 2191 2805 2250 Htereticarum
2859 2193 3186 2264 fabularum,
3219 2199 3276 2247 et
3302 2192 3360 2246 in
3397 2193 3526 2247 libri
3567 2211 3621 2258 ν,
3665 2209 3762 2248 ca-

2179 2289 2292 2357 pite
2320 2287 2537 2343 decimo
2558 2287 2721 2342 tertio
2746 2303 2872 2342 cum
2894 2285 3274 2355 sequentibus,
3300 2283 3569 2339 adversus
3586 2286 3760 2354 Apol-

2180 2378 2443 2434 linarium
2485 2387 2853 2448 sanctumque
2891 2375 3158 2448 Cyrillum
3193 2375 3526 2444 composuit,
3573 2376 3766 2432 statim

2182 2469 2474 2540 apparebit
2495 2478 2552 2523 et
2577 2469 2937 2524 consonantia
2961 2467 3230 2522 doctrina:
3257 2473 3312 2519 et
3335 2465 3569 2536 spiritus
3593 2465 3763 2530 idem,

2182 2569 2238 2614 et
2257 2561 2450 2614 eadem
2479 2560 2924 2615 testimoniorum
2954 2556 3254 2623 Scriptum
3278 2554 3685 2625 interpretatio,
3706 2569 3767 2614 et

2183 2667 2291 2706 una
2316 2668 2458 2722 saepe
2492 2651 2682 2706 dictio.

2255 2743 2343 2798 IV.
2371 2743 2450 2797 Ex
2485 2743 2593 2807 his,
2633 2759 2755 2812 quae
2787 2744 3058 2800 hactenus
3084 2745 3230 2801 dicta
3258 2754 3405 2806 sunt,
3444 2741 3766 2798 confectum

2182 2843 2287 2900 est,
2324 2835 2544 2905 Opinor,
2593 2835 2740 2904 quod
2783 2834 2888 2890 fuit
2932 2837 3298 2906 propositum,
3349 2833 3764 2891 Theodoretum

2184 2941 2383 2996 nempe
2435 2941 2560 2982 esse
2603 2936 2887 2982 auctorem
2929 2927 3274 2999 dialogorum
3315 2926 3478 3000 “5
3527 2935 3766 2996 septem,

2109 3073 2151 3127 ϐ
2185 3020 2280 3089 qui
2313 3020 2368 3072 in
2399 3019 2548 3074 hunc
2585 3035 2758 3090 usque
2805 3019 2951 3074 diem
2993 3019 3189 3076 alienis
3237 3018 3602 3089 scriptoribus
3637 3034 3772 3087 sup-

2186 3112 2351 3182 positi
2377 3121 2527 3167 sunt.

2257 3203 2320 3256 ν.
2353 3202 2471 3268 Quo
2500 3211 2748 3272 tempore
2795 3203 3082 3272 compositi
3117 3203 3263 3268 sint,
3310 3203 3436 3257 inde
3484 3201 3770 3256 aestiman-

2185 3294 2337 3348 dum.
2375 3294 2580 3348 Eorum
2609 3295 2863 3349 meminit
2901 3293 3282 3349 Tbeodoretus
3325 3293 3380 3347 in
3412 3292 3770 3348 Commenta-

2187 3385 2285 3438 riis
2310 3384 2378 3438 ad
2402 3385 2674 3454 Epistolas
2698 3385 2873 3449 Pauli,
2927 3386 3092 3440 editis
3133 3401 3278 3441 anno
3309 3387 3432 3440 455.
3464 3385 3769 3458 Compositi

2185 3484 2315 3531 sunt
2345 3477 2512 3545 igitur
2534 3486 2661 3530 ante
2695 3492 2900 3532 annum
2935 3479 3058 3534 455.
3093 3479 3302 3535 Deinde
3331 3480 3483 3535 nulla
3519 3478 3579 3533 ﬁt
3619 3480 3676 3534 in
3702 3481 3774 3535 iis

2185 3568 2395 3622 mentio
2440 3569 2617 3622 tertia:
2659 3569 2878 3640 synodi,
2939 3586 3064 3626 cum
3097 3570 3192 3626 fiat
3251 3581 3434 3627 tamen
3473 3573 3665 3642 prima:
3705 3589 3775 3629 ac

2185 3657 2462 3722 secundae,
2508 3673 2611 3712 nec
2639 3659 2824 3713 minus
2863 3667 3046 3714 tamen
3086 3659 3253 3716 fuerit
3289 3672 3632 3731 opportunus
3659 3663 3772 3717 hu-

2181 3748 2294 3817 jus,
2330 3762 2494 3816 quam
2529 3747 2745 3802 illarum
2777 3747 3040 3805 facienda:
3075 3751 3250 3817 locus,
3291 3768 3416 3806 cum
3445 3753 3515 3808 de
3557 3755 3776 3823 Apolli-

2187 3837 2346 3891 nario
2398 3845 2676 3907 ageretur,
2725 3854 2887 3909 quam
2919 3856 3042 3895 cum
3082 3841 3149 3896 de
3188 3843 3320 3897 Ario
3346 3854 3402 3899 et
3448 3845 3774 3901 Macedonio

2188 3944 2375 3984 sermo
2399 3940 2566 3984 esset.
2597 3930 2779 3997 Quare
2811 3933 3011 4003 opinor
3057 3935 3395 4006 compositos
3433 3938 3599 3992 luisse
3635 3947 3772 3994 ante

2187 4029 2365 4076 motas
2403 4037 2435 4076 a
2481 4022 2739 4078 Nestorio
2774 4025 2963 4079 turbas
2989 4026 3055 4090 ",
3099 4037 3265 4096 atque
3326 4029 3400 4083 ita
3457 4031 3772 4087 censendos

2189 4113 2332 4168 inter
2355 4128 2545 4183 opera,
2573 4130 2694 4184 quae
2716 4115 3098 4172 Tbeodoretus
3118 4118 3174 4172 in
3205 4119 3406 4174 litteris
3421 4119 3486 4174 ad
3508 4128 3768 4176 sanctum

2188 4205 2428 4260 Leonem
2479 4221 2625 4260 anno
2679 4207 2783 4262 M9
2813 4207 2977 4274 datis,
3021 4209 3242 4279 scripsit
3277 4226 3307 4264 a
3343 4226 3401 4266 se
3430 4221 3554 4266 ante
3588 4228 3772 4268 annos

2187 4299 2382 4371 viginti
2404 4299 2572 4355 edita.
2608 4301 2763 4356 Tunc
2794 4302 2942 4356 enim
2964 4312 3085 4357 erat
3115 4303 3280 4373 hujus
3311 4304 3613 4374 argumenti
3648 4313 3772 4359 tra-

505 4400 689 4454 linarii
719 4397 906 4462 ﬁdem,
938 4398 993 4450 in
1027 4411 1135 4464 qua
1173 4411 1376 4466 corpus
1403 4396 1618 4450 Domini
1649 4398 1824 4450 nostri
1873 4396 2086 4451 diceret
2119 4405 2160 4460 ι)
2188 4393 2374 4449 etandi
2395 4395 2634 4458 occasio,
2662 4411 2786 4449 cum
2812 4411 3008 4466 nempe
3039 4397 3382 4453 incumberet
3411 4398 3772 4455 vehementer

503 4507 628 4546 esse
679 4487 1042 4544 coessentiale
1089 4489 1309 4556 corpori
1351 4488 1564 4554 Mariae;
1606 4488 1821 4542 inducit
1861 4503 2084 4558 quoque

504 4581 951 4654 Apollinaristam
973 4578 1419 4648 fatentem,quod
1447 4594 1574 4633 caro
1595 4579 1801 4632 Christi
1826 4579 1897 4633 sit
1925 4578 2086 4633 nobis

503 4671 808 4744 ὁμοούσιος,
841 4669 1147 4740 fatentique
1179 4669 1496 4724 assentitur.
1535 4668 1687 4723 Hanc
1717 4669 1889 4738 ipsam
1920 4668 2084 4724 ﬁdem

509 4762 894 4818 Tbeodoretus
918 4760 1086 4815 tradit
1109 4776 1168 4814 se
1198 4759 1404 4814 vidisse
1426 4759 1494 4823 “,
1530 4774 1599 4814 ex
1619 4773 1794 4829 eaque
1830 4759 2082 4814 testimo-

505 4854 658 4908 nium
687 4852 913 4923 profert,
956 4849 1103 4904 unde
1137 4849 1338 4919 probet
1361 4847 1602 4903 Verbum
1635 4864 1700 4902 ex
1749 4855 1938 4902 sancta
1973 4848 2084 4904 Vir-

505 4944 626 5014 gine
656 4957 871 4995 carnem
900 4940 1268 5010 assumpsisse,
1300 4948 1410 4992 etc.

575 5035 639 5090 11.
686 5031 979 5102 Dialogista
1001 5031 1056 5084 in
1087 5029 1392 5101 posteriore
1427 5029 1646 5103 dialogo
1681 5031 2083 5102 Apollinarium

507 5122 721 5177 inducit
800 5122 888 5177 his
945 5122 1278 5193 syllogismis
1343 5130 1606 5178 utentem.
1647 5125 1720 5178 l:
1767 5126 2084 5200 Ἀνθρώπου

504 5213 565 5266 τὸ
613 5212 912 5283 ἀναστῆναι
969 5213 1034 5264 ὲκ
1083 5210 1312 5283 νεκρῶν,
1362 5212 1498 5267 Θεοῦ
1546 5214 1604 5268 δὲ
1646 5215 1709 5267 τὸ
1747 5215 2082 5286 ἁναστῆσαι”

506 5304 741 5373 ἑκάτερα
800 5302 857 5356 δὲ
906 5302 1175 5373 Χριστος,
1234 5303 1366 5366 Θεὸς
1415 5302 1521 5376 ἄρα
1575 5306 1668 5358 καὶ
1717 5305 2001 5378 ἄνθρωπος
2056 5310 2085 5360 ὁ

506 5393 688 5458 αὐτός.
763 5395 819 5448 2.
879 5395 941 5447 Ei
1001 5394 1160 5466 μόνον
1215 5389 1282 5467 ἦν
1340 5395 1661 5469 ἄνθρωπος,
1729 5397 1760 5468 ἢ
1820 5401 1869 5451 εἰ
1924 5399 2084 5468 μόνον

2191 4485 2248 4539 in
2273 4500 2484 4557 agrum,
2526 4493 2588 4538 ut
2621 4485 2887 4555 loquitur,
2919 4486 3023 4541 sibi
3051 4502 3080 4540 a
3108 4488 3220 4543 Deo
3264 4488 3525 4544 traditum
3565 4505 3778 4560 repur-

2189 4577 2428 4646 gandum
2463 4576 2533 4632 ab
2558 4576 2675 4630 Arii
2708 4585 2764 4631 et
2790 4577 3048 4632 Eunomii
3074 4578 3227 4633 lolio.

2261 4667 2346 4722 Vl.
2380 4667 2486 4722 Sed
2511 4667 2732 4737 quando
2754 4669 2993 4738 primum
3030 4670 3247 4724 subdici
3279 4670 3626 4726 Theodoreto
3647 4687 3768 4726 cce-

2189 4759 2393 4828 perint,
2419 4767 2477 4813 et
2503 4759 2663 4813 alteri
2696 4760 2954 4829 supponi,
2988 4758 3204 4815 difﬁcile
3224 4769 3310 4815 est
3337 4760 3586 4815 delinire.
3616 4760 3772 4817 Solet

2188 4851 2336 4906 enim
2367 4850 2673 4920 suppositio
2708 4851 2978 4908 librorum
3011 4852 3130 4908 ﬁeri
3159 4854 3362 4908 sensim
3414 4854 3535 4909 sine
3573 4868 3768 4919 sensu,

2189 4941 2302 4995 imo
2329 4956 2461 4995 casu
2510 4949 2571 4994 ut
2603 4941 2900 5010 plurimum
2940 4959 2952 4995 :
2990 4951 3279 5013 postquam
3319 4944 3528 5000 scilicet
3557 4943 3772 4999 oblivio

2190 5029 2396 5085 delevit
2425 5030 2670 5086 auctoris
2705 5047 2927 5094 nomen,
2949 5042 3078 5088 tunc
3111 5033 3416 5103 ignorantia
3447 5033 3774 5089 describen.

2188 5123 2348 5184 tium,
2390 5122 2632 5177 alienum
2678 5132 2885 5180 temere
2922 5126 3230 5190 substituit,
3274 5136 3499 5198 prapter
3525 5128 3768 5198 aliquam

2189 5215 2499 5285 argumenti
2527 5215 2906 5285 cognationem
2937 5231 3063 5271 cum
3090 5229 3434 5288 argumento,
3453 5218 3600 5288 quod
3631 5219 3771 5275 olim

2188 5306 2272 5360 vir
2296 5303 2496 5374 aliquis
2545 5305 2724 5376 magni
2763 5306 3002 5361 nominis
3038 5315 3343 5363 tractasset.
3395 5308 3513 5363 Non
3554 5308 3772 5380 impro-

2192 5395 2376 5450 babile
2438 5402 2618 5448 tamen
2670 5395 2803 5449 mihi
2851 5397 3086 5462 videtur,
3149 5397 3202 5451 id
3257 5398 3552 5468 contigisse
3602 5399 3774 5469 paulo

1867 5537 2181 5593 SCllUl.le
2224 5533 2460 5589 ΝΟΤᾸΞ.

573 5644 770 5719 μένω.
825 5655 863 5701 ι.
897 5649 936 5714 l,
963 5663 1084 5718 pag.
1126 5648 1276 5702 1555.
1355 5649 1400 5679 ι·
1435 5649 1571 5702 Dial.
1629 5651 1648 5701 1
1702 5650 1983 5706 Eranistm.
2064 5653 2093 5682 ιη

2188 5653 2258 5704 id.
2319 5658 2452 5707 tom,
2503 5649 2600 5711 IV,
2635 5665 2751 5719 pag.
2793 5650 2917 5704 9.56.

502 5715 673 5770 schol.
713 5717 761 5771 l.

2996 5651 3038 5681 ⁸⁸
3064 5650 3181 5705 V’id.
3241 5664 3424 5723 supra,
3451 5665 3575 5719 pag.
3627 5652 3772 5720 ωδ,
