3956 6298
180 307 292 369 393

1387 304 1485 362 DE
1525 302 1701 362 FIDE
1733 297 2243 358 THEODORETI.

3336 298 3443 361 391

175 428 303 491 post
335 435 368 469 ν
403 416 694 488 synodum,
742 430 867 469 cum
914 413 1054 483 apud
1109 413 1376 484 plurimos
1433 411 1767 467 Theodoreti
1797 415 1841 472 Α
1871 407 2053 461 ουσῐου
2086 406 2427 463 nobilissimo
2455 406 2730 464 defensori
2759 407 3273 465 tribueretur.Tunc
3294 422 3442 468 certe

174 525 382 564 nomen
421 508 699 562 laboraret
733 505 958 570 invidia,
995 514 1049 559 ct
1094 504 1363 575 quidquid
1401 502 1468 558 de
1493 502 1761 558 Trinitatc

172 601 570 659 elucubratum
602 608 940 662 occurreret,
974 596 1271 652 Athanasio
1304 595 1589 651 Trinitatis
1634 599 1762 665 ὁμσ-

181 798 595 814 .—————o——————o—-—

1870 507 2100 579 Vigilius
2136 522 2276 577 opus
2336 521 2495 563 suum
2542 505 2611 562 de
2656 505 2922 562 Trinitate
2966 506 3263 562 Athanasio
3287 505 3440 561 adin-

1870 598 1970 662 xit,
1997 607 2103 653 etc.

1200 950 2160 1072 DISSERTATIO
2245 960 2449 1073 Ill.

993 1188 1090 1250 DE
1130 1189 1305 1248 FiDE
1345 1185 1834 1248 THEODORETI
1871 1187 2237 1251 CYRENSIS
2274 1192 2632 1256 EPISCOPI.

1762 1351 1834 1364 υ--ε

241 1476 408 1549 556
432 1477 513 1532 De
545 1474 652 1531 ﬁde
700 1472 1041 1529 Theodoreti
1084 1488 1193 1528 non
1233 1474 1388 1544 prius
1420 1475 1651 1544 quaestio
1680 1474 1763 1529 in-

171 1569 329 1625 stitui
360 1567 581 1630 debuit,
613 1581 776 1636 quam
807 1565 877 1621 de
924 1564 1034 1621 vita
1066 1574 1123 1620 et
1160 1563 1228 1620 de
1275 1564 1433 1621 libris
1458 1567 1650 1634 actum:
1675 1581 1762 1621 es-

175 1665 262 1713 set
298 1675 311 1709 :
344 1657 474 1711 vita;
530 1656 677 1712 enim
721 1653 987 1717 narratio,
1045 1668 1169 1708 cum
1222 1661 1302 1707 tot
1343 1662 1564 1721 tamque
1590 1651 1760 1706 variis

173 1749 400 1803 casibus
428 1748 689 1802 distincta
732 1746 826 1810 sit,
856 1744 1212 1814 cupiditatem
1250 1743 1503 1798 accendit
1525 1742 1757 1808 sciendi,

170 1855 302 1910 qua:
331 1837 551 1893 tandem
578 1837 923 1905 essetreipsa
946 1834 1080 1890 ﬁdes
1115 1834 1355 1890 hominis
1378 1842 1526 1888 tanta
1546 1833 1758 1904 experti

170 1929 463 2001 religionis
521 1929 576 1983 in
630 1943 815 1983 causa.
879 1926 1033 1981 Facit
1091 1925 1365 1981 librorum
1411 1939 1664 1990 censura,
1702 1931 1763 1980 ut

164 2022 447 2093 judicium
490 2021 558 2076 de
606 2020 713 2076 ﬁde
764 2036 834 2075 ex
882 2019 1094 2074 idoneis
1124 2018 1391 2073 duntaxat
1430 2017 1762 2073 testimoniis

169 2123 503 2170 exerceatur
536 2131 549 2167 :
577 2128 703 2167 nam
754 2112 1001 2175 interest,
1042 2125 1110 2164 ex
1142 2110 1343 2180 quibus
1369 2109 1526 2164 libris
1568 2116 1625 2165 et
1652 2125 1762 2179 quo

171 2217 429 2279 tempore
468 2203 797 2275 conscriptis
823 2203 1133 2259 testimonia
1160 2203 1514 2274 proferantur
1541 2220 1555 2269 ;
1591 2202 1763 2272 siqui—

170 2301 304 2356 dem
351 2301 459 2355 alia
498 2298 702 2355 dicitur
748 2297 921 2352 fuisse
967 2295 1090 2351 aliis
1136 2294 1495 2365 temporibus,
1546 2294 1760 2364 aliaque

169 2393 304 2447 aliis
335 2391 601 2462 operibus
627 2389 873 2460 exposita
910 2387 1247 2444 Theodoreti
1270 2386 1565 2442 sententia.

246 2484 387 2542 Cum
439 2484 557 2538 haec
586 2498 754 2553 porro
804 2482 1033 2551 quaestio
1070 2489 1391 2544 exercetur,
1436 2478 1759 2547 deponenda

170 2584 310 2632 sunt
344 2575 403 2629 in
438 2575 759 2630 alterutram
801 2582 1012 2644 partem
1062 2572 1376 2643 prtejudicia
1401 2611 1415 2635 ,
1442 2585 1613 2639 eaque
1642 2583 1760 2624 ser-

167 2664 358 2721 vanda
385 2666 493 2728 lex,
540 2679 703 2733 quam
738 2662 1036 2733 Gregorius
1066 2662 1290 2731 Magnus
1318 2658 1617 2729 prudenter
1649 2663 1760 2713 sta-

168 2759 288 2814 tuit
316 2759 357 2823 ³,
396 2777 413 2809 ‹
446 2768 508 2813 ut
539 2755 924 2812 Theodoretus
963 2755 1264 2825 recipiatur
1296 2760 1445 2809 recta
1472 2751 1755 2822 proﬁteris,

169 2852 478 2906 damnetur
499 2849 676 2904 aliena
718 2848 980 2903 sentiens.
1015 2867 1034 2897 ι
1082 2845 1362 2916 Fugienda
1394 2844 1655 2899 nimirum
1675 2852 1761 2899 est

167 2949 427 2996 extrema
464 2940 595 2993 hinc
635 2948 690 2994 et
718 2938 848 2994 inde
880 2938 1174 3000 sententia,
1228 2935 1342 2990 sive
1391 2934 1756 2989 recentiorum

168 3033 422 3104 plurium
446 3031 788 3095 Graecorum,
829 3030 924 3100 qui
951 3028 1288 3083 Theodoreti
1315 3026 1623 3081 doctrinam
1656 3040 1758 3078 no-

168 3141 417 3195 menque
448 3125 792 3180 detestantur
822 3140 836 3189 ;
868 3121 981 3177 sive
1012 3118 1356 3173 eruditorum
1394 3114 1759 3185 quorumdam

169 3218 387 3273 Lau'na:
419 3216 617 3287 gentis,
646 3215 740 3286 qui
774 3230 871 3269 sua
897 3213 980 3267 vel
1011 3208 1341 3265 auctoritate
1358 3208 1444 3262 vel
1474 3206 1675 3277 ingenii
1706 3206 1757 3258 vi

169 3308 487 3364 abutuntur
529 3306 599 3361 ad
650 3303 1023 3376 repellendam
1076 3315 1296 3356 omnem
1348 3314 1379 3353 a
1422 3299 1757 3353 Theodoreti

170 3400 359 3470 capite
391 3399 816 3455 accusationem.

233 3492 638 3562 lnquirendum
697 3475 883 3559 igitur,
936 3486 1068 3557 quid
1118 3494 1267 3540 recte
1311 3484 1578 3547 senserit,
1625 3484 1757 3553 quid

173 3600 342 3641 secus
409 3598 517 3637 non
560 3584 628 3637 de
671 3581 837 3636 Verbi
876 3590 1086 3636 tantum
1149 3578 1558 3641 incarnatione,
1609 3576 1757 3646 quod

172 3683 367 3730 tamen
394 3689 566 3728 unum
613 3673 781 3741 vulgo
814 3671 987 3736 solet;
1041 3667 1136 3723 sed
1172 3669 1239 3722 de
1266 3668 1390 3722 aliis
1426 3668 1590 3722 etiam
1631 3666 1758 3721 ﬁdei

170 3765 477 3835 capitibus,
517 3773 745 3833 propter
771 3760 1179 3817 controversias
1205 3760 1605 3829 posterioribus
1625 3767 1760 3813 tem-

170 3856 410 3926 poribus
443 3863 619 3909 motas
660 3873 672 3907 :
706 3853 933 3908 fuerunt
972 3852 1119 3905 enim
1168 3849 1321 3914 olim,
1353 3850 1448 3919 qui
1480 3865 1633 3904 reum
1677 3850 1759 3905 fa-

170 3956 374 4003 cerent
398 3947 600 4001 erroris
632 3946 702 4001 de
731 3945 953 4000 Christo
979 3960 993 4009 ;
1021 3948 1150 3995 sunt
1173 3940 1602 4012 etiamnum,qui
1626 3944 1761 3999 alio-

173 4055 304 4094 rum
328 4040 567 4109 plurium
600 4046 880 4094 accusent.

244 4133 312 4184 in
353 4132 455 4184 hac
502 4145 668 4201 porro
710 4147 877 4186 causa
925 4148 1072 4188 unus
1109 4134 1244 4189 mihi
1296 4132 1410 4186 fere
1453 4130 1761 4185 audiendus

173 4218 401 4271 videtur
430 4233 580 4281 reus,
612 4219 708 4287 qui
765 4219 833 4272 de
883 4222 1184 4289 quaestione
1208 4221 1312 4275 sibi
1341 4221 1488 4275 nscia
1514 4219 1761 4273 testimo-

176 4312 337 4365 nium
372 4310 537 4374 dicat,
575 4310 725 4365 undc
766 4313 833 4365 ad
864 4313 1089 4366 lectoris
1140 4312 1431 4368 arbitrium
1464 4310 1551 4364 vel
1578 4308 1760 4364 absol-

175 4414 349 4459 vatur
400 4404 485 4457 vel
522 4404 982 4460 condemnetur.
1037 4404 1174 4460 Nam
1245 4413 1455 4459 certum
1500 4401 1636 4455 mihi
1678 4409 1762 4457 est

174 4498 331 4551 bona
362 4495 467 4551 (ide
490 4504 769 4551 momenta
805 4511 981 4551 causae
1023 4496 1320 4559 adducere,
1356 4503 1410 4548 et
1434 4492 1761 4550 sententiam

1866 1476 2117 1533 Ecclesia
2144 1478 2213 1533 de
2250 1493 2362 1534 uno
2396 1482 2608 1534 tantum
2644 1478 2823 1551 capite
2863 1481 3193 1539 sententiam
3219 1485 3442 1548 tulerit,

1864 1583 1973 1624 nec
2001 1568 2070 1624 de
2101 1570 2195 1625 illo
2222 1577 2406 1626 tamen
2455 1585 2649 1627 omnes
2691 1571 2797 1642 ipsi
2844 1574 3196 1631 consentiant
3224 1593 3237 1630 :
3265 1590 3445 1647 neque

1867 1660 2114 1731 profecto
2140 1669 2321 1717 actum
2352 1664 2555 1735 agitur,
2592 1664 2661 1730 si,
2692 1678 2814 1736 quae
2850 1674 3071 1721 narrata
3110 1673 3257 1733 sunt,
3292 1669 3446 1724 testi-

1866 1752 2064 1809 moniis
2119 1753 2439 1822 ﬁrmentur;
2496 1762 2677 1828 neque
2724 1755 3089 1827 irreligiosum
3145 1752 3440 1829 quidquam

1865 1846 2251 1910 committitur,
2294 1848 2344 1902 si
2393 1848 2653 1905 Ecclesiae
2689 1848 2959 1923 judicium
3002 1850 3317 1906 defenditur
3343 1852 3443 1908 ad-

1863 1954 2059 1994 versus
2084 1940 2498 1996 criminantium
2543 1943 2863 2013 audaciam;
2911 1959 3095 2018 neque
3134 1943 3441 2013 superﬂuus

1864 2030 2022 2110 labor
2064 2033 2385 2103 suscipitur,
2424 2034 2469 2088 si
2505 2034 2573 2090 de
2626 2036 2853 2107 reliquis
2905 2037 3032 2094 ﬁdei
3062 2036 3337 2110 capitibus
3362 2037 3445 2097 in-

1864 2102 2141 2190 quiratur.

1934 2212 2215 2269 Catholica
2278 2216 2433 2280 ﬁdes,
2498 2217 2543 2272 si
2596 2233 2706 2273 non
2750 2224 2882 2284 tota,
2928 2220 3121 2275 saltem
3148 2236 3342 2294 magna
3374 2236 3442 2280 ex

1866 2312 2046 2373 parte,
2074 2306 2471 2373 questionibus
2515 2316 2641 2363 octo
2667 2309 3004 2366 continetur.
3048 2308 3103 2366 1°
3131 2306 3211 2368 ne
3238 2312 3443 2371 divinis

1864 2395 2132 2464 personis,
2166 2398 2443 2466 quomodo
2469 2399 2573 2453 alia
2597 2414 2665 2454 ex
2684 2400 2792 2455 alia
2816 2402 2887 2455 sit
2907 2410 3035 2472 apta
3056 2417 3438 2476 connexaque.

1864 2485 1922 2539 2°
1950 2487 2026 2540 De
2053 2486 2295 2552 Christo,
2332 2504 2441 2558 quo
2464 2504 2606 2544 nexu
2646 2500 2856 2547 naturae
2885 2492 2940 2547 in
2970 2493 3090 2564 ipso
3138 2494 3263 2551 duae
3310 2512 3445 2552 con-

1859 2579 2180 2649 jungant‘ur.
2222 2580 2279 2634 5⁸
2308 2581 2384 2635 De
2434 2597 2599 2637 carne
2629 2582 2835 2638 Christi
2882 2584 3122 2651 viviﬁca,
3164 2589 3441 2658 quomodo

1864 2672 1937 2726 sit
1967 2672 2022 2725 in
2049 2672 2413 2727 Eucharistia.
2451 2675 2504 2728 4°
2529 2675 2605 2728 De
2632 2674 2909 2745 baptismo
2938 2678 3316 2746 parvulorum,
3344 2694 3443 2734 cur

1863 2764 1947 2820 eis
1973 2764 2043 2819 sit
2070 2764 2437 2820 necessarius.
2471 2764 2523 2819 5"
2543 2764 2618 2819 De
2644 2767 2850 2822 auxilio
2878 2767 3080 2824 divinae
3106 2771 3311 2840 gratiae,
3331 2786 3440 2841 quo

1864 2856 1936 2912 sit
1961 2872 2100 2925 opus
2127 2857 2193 2910 ad
2220 2857 2507 2911 victoriam
2533 2859 2918 2923 tentationum,
2941 2866 2999 2913 et
3030 2861 3438 2929 praestationem

1864 2962 2112 3016 operum.
2144 2946 2200 3000 6°
2222 2946 2357 3012 Quis
2386 2947 2458 3001 sit
2486 2948 2626 3017 ignis
2657 2948 3027 3019 purgatorius.
3056 2950 3198 3004 7'De
3216 2950 3440 3019 pmmio

1864 3039 1990 3093 vitae
2012 3038 2152 3092 bene
2184 3046 2338 3102 actae,
2361 3054 2429 3091 an
2455 3038 2528 3091 sit
2549 3038 2664 3109 ipsa
2698 3039 2899 3093 divina:
2924 3039 3248 3096 substantiae
3279 3040 3437 3106 visio,

1864 3145 1933 3184 an
1976 3129 2271 3200 ignobilius
2300 3129 2584 3200 quiddam.
2617 3130 2672 3185 8°
2702 3131 2778 3185 De
2820 3130 3168 3187 invocatione
3193 3147 3257 3187 ac
3288 3133 3437 3190 cultu

1787 3236 1829 3294 ο
1864 3227 2202 3285 sanctorum,
2223 3221 2525 3291 praesertim
2553 3222 2891 3291 angelorum.

1935 3311 1979 3363 A
2013 3309 2145 3365 viris
2169 3309 2463 3365 admodum
2486 3310 2721 3365 eruditis
2744 3310 3126 3366 Theodoretus
3156 3311 3357 3367 dicitur
3383 3312 3439 3367 in

1864 3400 1952 3455 his
1982 3400 2286 3455 tractandis
2329 3401 2404 3455 ita
2446 3408 2719 3463 versatus,
2769 3406 2831 3453 ut
2877 3399 2965 3454 vel
3021 3400 3326 3467 convictus,
3350 3402 3439 3457 vel

1866 3490 2056 3543 saltem
2081 3498 2373 3559 suspectus
2404 3489 2609 3543 erroris
2646 3487 2822 3543 videri
2864 3497 3048 3559 queat.

1934 3582 1953 3601 ‘
1971 3582 2244 3635 Accusant
2270 3580 2636 3635 Bellarminus
2665 3578 2889 3650 quidem
2906 3586 2963 3635 et
2982 3580 3257 3645 Petavius,
3283 3581 3432 3651 quod

1865 3674 1931 3728 de
1982 3672 2187 3727 divinis
2233 3672 2487 3743 personis
2561 3672 2818 3727 haeretice
2883 3673 3136 3727 senserit.
3204 3671 3442 3743 Cyrillus

1865 3777 2020 3827 vero,
2047 3763 2192 3832 quod
2219 3762 2288 3817 de
2321 3762 2700 3816 incarnatione
2722 3761 2889 3817 Verbi
2929 3770 2987 3817 et
3023 3778 3185 3818 carne
3234 3762 3439 3818 Christi

1865 3851 2105 3917 vivifica,
2153 3853 2269 3909 sive
2322 3853 2708 3919 Eucharistia,
2760 3869 2872 3908 non
2917 3853 3186 3909 catliolice
3225 3853 3442 3909 locutus

1867 3943 1957 3998 sit.
1993 3943 2126 4007 Alii,
2167 3942 2313 4013 quod
2354 3942 2423 3997 de
2453 3944 2579 3999 aliis
2607 3944 3008 4014 quaestionibus
3047 3944 3101 3998 in
3135 3944 3343 3999 alienas
3373 3944 3442 3999 ab

1866 4033 2110 4088 Ecclesia
2158 4034 2449 4104 Opiniones
2495 4034 2715 4089 abierit.
2750 4034 2943 4103 Operm
2975 4034 3213 4104 pretium
3251 4042 3335 4089 est
3360 4033 3444 4093 vi-

1866 4124 2017 4190 dere,
2054 4126 2234 4195 qualis
2260 4126 2332 4180 sit
2354 4125 2654 4189 accusatio,
2692 4124 2748 4178 id
2776 4131 2883 4189 est,
2922 4130 3181 4178 excutere
3222 4138 3443 4179 causam

1867 4216 1970 4270 viri
1999 4224 2107 4270 tam
2138 4215 2441 4281 nominati;
2472 4224 2554 4279 ut,
2602 4214 2649 4269 si
2685 4228 2859 4283 purus
2893 4213 2966 4266 sit
2996 4213 3264 4279 criminis,
3300 4213 3442 4269 fama

1868 4326 1967 4366 sua
2014 4311 2225 4380 integra
2263 4310 2513 4376 fruatur;
2576 4309 2664 4365 sin
2707 4322 2840 4364 reus
2871 4315 3145 4373 teneatur,
3186 4321 3298 4363 non
3324 4308 3445 4364 sine

1869 4403 2123 4459 cautione
2168 4403 2477 4457 adducatur
2523 4401 2580 4456 in
2619 4406 2837 4465 testem,
2871 4399 2918 4454 si
2961 4397 3181 4470 quando
3214 4396 3282 4453 ad
3308 4396 3443 4453 diri-

1870 4497 2127 4554 mendam
2157 4497 2226 4551 de
2255 4495 2361 4551 ﬁde
2386 4492 2819 4551 controversiam
2840 4498 3091 4549 veterum
3116 4487 3445 4549 testimoniis

177 4589 534 4653 sustinendo,
568 4590 822 4643 reiatoris
850 4590 1033 4659 potius
1068 4603 1361 4659 personam
1386 4603 1567 4659 agere,
1601 4603 1766 4657 quam
1798 4590 1844 4651 ο
1873 4604 2012 4660 opus
2045 4587 2232 4643 fuerit.

171 4681 410 4750 iudicis,
453 4682 562 4735 imo
584 4690 639 4736 et
668 4681 1023 4737 accusatoris.

248 4770 588 4837 Opiuabitur
616 4773 843 4828 fortasse
879 4774 1171 4843 quispiam,
1220 4789 1329 4828 non
1380 4774 1543 4829 modo
1569 4788 1760 4844 super-

175 4860 367 4914 ﬂuum
428 4875 547 4915 esse
583 4872 705 4929 post
764 4863 931 4917 vitam
980 4862 1312 4919 Theodoreti
1340 4865 1620 4934 scriptam,
1668 4865 1762 4923 sed

177 4953 359 5007 etiam
389 4954 737 5008 temerarium
767 4962 823 5008 et
842 4954 1372 5025 periculosum,post
1403 4957 1608 5025 quintae
1636 4972 1763 5027 syn‘

179 5041 277 5097 odi
327 5041 621 5111 judicium,
662 5045 729 5101 de
774 5044 879 5100 ﬁde
921 5045 1253 5102 Theodoreti
1281 5048 1638 5117 qumstionem
1666 5050 1766 5104 ha-

180 5134 347 5187 bere.
366 5135 420 5188 ld
443 5136 591 5191 enim
615 5138 790 5193 videri
816 5146 1014 5207 potest,
1035 5140 1118 5193 vel
1149 5139 1770 5211 actumM7agere,vel

182 5224 365 5279 totius
388 5225 645 5281 Ecclesiae
684 5228 914 5297 Deique,
945 5230 1103 5299 cujus
1136 5229 1362 5283 numine
1401 5230 1645 5286 Ecclesia
1683 5248 1770 5287 re-

180 5315 365 5384 gitur,
391 5318 719 5371 senlentiam
746 5328 1069 5373 retractare.

219 5407 433 5462 Verum
459 5426 584 5465 cum
633 5412 1055 5466 narrationibus
1099 5412 1221 5467 Vita
1252 5412 1617 5480 contineatur,
1653 5415 1766 5470 dis-

2362 4714 2365 4717 ‘
2403 4699 2625 4756 CAPUT
2660 4694 2949 4756 PRIMUM.

2051 4794 2126 4849 De
2162 4792 2265 4863 ﬁde
2326 4792 2629 4863 Theodoreti
2676 4792 2814 4845 circa
2868 4793 3206 4861 quastione":
3246 4790 3311 4842 de

2430 4861 2618 4915 divinis
2647 4863 2902 4931 personis.

1946 4958 1986 5012 Ι.
2012 4958 2088 5012 De
2128 4954 2334 5017 divinis
2362 4953 2612 5025 personis
2637 4951 2883 5007 Ecclesia
2929 4960 3122 5006 contra
3165 4948 3450 5005 haereticos

1879 5050 2052 5106 multa
2082 5048 2306 5119 quidem
2332 5043 2600 5109 defendit,
2648 5042 2744 5098 sed
2795 5041 2901 5096 tria
2932 5040 3299 5111 potissimum.
3326 5037 3448 5092 Pri-

1880 5160 2024 5197 mum
2053 5148 2139 5197 est
2164 5154 2297 5195 vera
2330 5150 2693 5210 personarum
2737 5133 2956 5189 trinitas
3009 5148 3107 5189 seu
3146 5128 3446 5191 distinctio,

1872 5236 2135 5291 adversus
2189 5231 2490 5288 Sabellium
2548 5246 2560 5282 :
2626 5227 2886 5291 alterum,
2933 5239 3065 5280 vera
3132 5220 3449 5278 earumdem

1871 5326 2175 5398 aequalitas,
2211 5325 2320 5389 vel,
2358 5332 2421 5377 ut
2473 5321 2664 5378 Patres
2708 5319 3044 5387 loquuntur,
3088 5312 3449 5370 consubstan-

1875 5419 2099 5485 tialitas,
2144 5416 2409 5472 adversus
2457 5412 2675 5477 Arium,
2730 5408 3110 5467 Macedonium
3152 5414 3210 5462 et
3262 5404 3446 5487 alios:

184 5500 423 5554 scrtatio
474 5501 809 5557 testimoniis
873 5512 1034 5571 atque
1106 5504 1469 5575 argumentis;
1538 5520 1775 5579 cumque
1875 5517 2217 5582 postremum,
2250 5522 2381 5563 vera
2406 5504 2647 5578 Spiritus
2673 5499 2846 5560 sancti
2883 5516 2914 5556 a
2948 5492 3088 5557 Filio
3116 5495 3201 5554 vel
3226 5511 3324 5567 per
3364 5492 3451 5550 Fi—

1557 5640 1872 5700 SCHULZII
1912 5643 2143 5701 NOTE.
2174 5702 2179 5705 ,

267 5720 284 5752 ⁸
322 5722 498 5795 Epist.
528 5725 715 5795 Pelag.
750 5723 796 5780 Π
823 5726 887 5781 ad
916 5728 1200 5797 episcopos
1226 5730 1417 5784 lstrire.

531 5826 803 5882 Parnm.
847 5823 964 5881 Gn.
1005 5822 1319 5883 LXXXIV.

2926 5815 3109 5915 .13
