3956 6298
516 247 624 310 395

1599 239 1974 301 GARNERII
2014 239 2511 306 DISSERTATIO
2547 243 2660 302 Ili.

3657 242 3771 310 396

523 361 656 416 lium
682 357 984 429 processio,
1021 373 1140 426 quae
1167 364 1302 426 quot
1324 356 1557 420 saeculis,
1605 362 1916 424 quantaque
1961 367 2074 422 par-

2189 354 2256 407 ἐκ
2288 355 2390 410 τοῦ
2423 355 2655 424 Πατρός
2693 356 3096 424 ἐκπορεύεται,
3149 359 3243 412 καὶ
3289 356 3366 426 τῷ
3418 357 3677 429 θειοτάτῳ
3708 363 3770 416 δὲ

523 449 680 514 tium,
723 446 939 503 Graecos
982 447 1125 501 inter
1162 454 1218 501 et
1248 445 1492 514 Latinos,
1519 445 1870 502 contentione
1900 442 2087 511 dispu-

523 547 633 595 tata
659 540 748 600 sit,
780 553 940 593 nemo
970 537 1223 592 eruditus
1254 540 1451 592 nescit.

593 629 657 682 ll.
689 629 764 682 De
793 629 962 698 primo
985 643 1048 682 ac
1076 629 1303 682 secundo
1339 637 1550 684 tantum
1582 628 1770 694 abest,
1806 635 1868 681 ut
1904 626 2085 680 Theo-

522 719 746 774 doretus
769 718 1006 774 Sabellio
1034 719 1276 790 Arioque
1297 728 1393 774 aut
1422 721 1740 774 Macedonio
1772 719 2082 781 adhaeserit,

517 803 681 880 M8
708 819 768 863 ut
799 825 894 864 eos
926 813 1192 866 acerrime
1210 809 1507 865 insectatus
1539 810 1627 864 sit.
1652 811 1708 864 id
1738 817 1948 864 constat
1962 822 2087 861 cum

517 915 583 954 cx
613 883 746 953 aliis
791 901 996 969 passim
1043 901 1234 966 libris,
1283 911 1396 956 tum
1457 901 1693 955 maxime
1742 915 1808 954 ex
1859 895 2089 966 dialogis

518 999 756 1058 quatuor
805 991 1113 1060 prioribus,
1175 1007 1314 1061 quos
1370 991 1667 1046 Athanasio
1745 989 2089 1056 Maximoque

516 1091 648 1137 atas
671 1082 853 1152 prisca
884 1083 1177 1152 supposuit
1201 1085 1244 1149 ³,
1286 1098 1389 1138 nos
1427 1082 1640 1136 auctori
1669 1095 1770 1136 suo
1815 1076 2086 1149 repetenti

514 1173 1119 1229 tandemrestituimus.

583 1265 714 1320 Jure
739 1265 904 1335 igitur
925 1266 1302 1327 Theodoretus
1317 1267 1529 1322 Renato
1558 1265 1814 1322 Ecclesia
1830 1267 2086 1324 Romam?

517 1355 842 1425 presbytero
887 1356 1175 1426 scripsit’,
1225 1375 1245 1409 ‹
1293 1373 1352 1411 se
1385 1358 1558 1412 libros
1591 1357 1824 1426 amplius
1867 1360 2088 1431 triginta

513 1443 759 1500 edidisse
777 1446 1056 1502 adversus
1100 1447 1292 1501 Arium
1325 1456 1382 1501 et
1422 1448 1784 1513 Eunomium,
1823 1449 2087 1506 adversus

510 1535 864 1600 Marcion-em,
915 1536 1180 1591 adversus
1219 1537 1623 1603 Macedonium,
1658 1538 1922 1595 adversus
1950 1555 2086 1611 gen-

511 1627 635 1683 tiles
658 1667 670 1691 ,
712 1629 980 1682 adversus
1007 1629 1250 1694 Judzeos,
1283 1638 1391 1684 etc.
1413 1649 1448 1686 ἡ

581 1717 670 1774 lii.
704 1720 780 1773 De
812 1721 965 1772 tertio
1006 1719 1161 1774 litem
1213 1720 1509 1775 intendunt
1545 1720 1656 1774 viri
1690 1722 1870 1791 magni
1899 1723 2079 1776 nomi-
2113 1698 2155 1753 Β

509 1809 622 1874 nis,
637 1809 793 1880 Ηυεο
816 1810 1171 1876 Etherianus,
1189 1811 1402 1865 Manuel
1427 1809 1669 1877 Caiecas,
1692 1812 2077 1880 Bellarminus,

509 1900 768 1956 Petavius
799 1909 855 1955 et
881 1901 1134 1967 Allatius,
1179 1901 1576 1972 proferuntque
1607 1917 1777 1956 unum
1805 1902 1942 1968 fere,
1986 1913 2083 1960 aut

509 1993 743 2048 alterum
776 1993 1148 2047 testimonium
1167 2032 1182 2058 ,
1210 1992 1306 2046 sed
1334 2008 1442 2061 quo
1473 1993 1710 2048 credunt
1730 2001 1921 2063 aperte
1945 2009 2079 2049 con-

511 2082 622 2150 lici,
656 2085 1060 2140 Theodoretum
1106 2085 1162 2138 in
1202 2100 1266 2139 ea
1295 2084 1464 2138 fuisse
1494 2084 1722 2149 haeresi,
1754 2101 1876 2154 quae
1903 2074 2080 2156 Spiri-

511 2184 627 2239 tum
661 2185 909 2232 sanctum
935 2193 966 2232 a
987 2177 1146 2232 Patre
1175 2177 1296 2232 solo
1324 2176 1622 2247 procedere
1640 2176 1886 2232 afﬁrmat
1907 2178 1947 2234 ⁸.

577 2268 746 2323 Addit
785 2269 1147 2324 Bellarminus
1170 2309 1184 2334 ,
1240 2284 1354 2324 non
1397 2270 1567 2325 fuisse
1616 2277 1830 2324 tantum
1872 2271 2081 2325 erroris

509 2361 676 2430 hujus
697 2368 1044 2426 sectatorem,
1073 2361 1168 2416 sed
1191 2361 1358 2416 etiam
1381 2369 1686 2427 auctorem,
1713 2363 1770 2416 in
1796 2377 1906 2431 quo
1930 2362 2081 2418 vide-

507 2459 597 2508 tur
629 2451 931 2507 Manuelem
954 2451 1204 2507 Caiecam
1224 2445 1401 2523 sequi.

578 2540 668 2596 IV.
703 2542 819 2594 Duo
849 2541 1018 2610 igitur
1051 2541 1108 2594 in
1144 2544 1572 2598 controversiam
1605 2553 1911 2600 vocantur:
1937 2545 2076 2600 alte-

508 2646 653 2694 rum,
687 2647 756 2686 an
802 2631 1184 2687 Theodoretus
1235 2643 1425 2688 contra
1459 2636 1781 2690 catholicam
1823 2635 1984 2690 iidem
2007 2620 2075 2690 de

506 2722 855 2792 processione
882 2723 1120 2793 Spiritus
1153 2726 1326 2779 sancti
1361 2741 1427 2780 ex
1453 2726 1591 2781 Filio
1622 2728 1892 2795 senserit;
1934 2729 2074 2783 alte-

505 2830 650 2880 rum,
680 2831 750 2870 an
769 2815 975 2869 erroris
1005 2825 1197 2871 auctor
1220 2817 1512 2873 exstiterit.

577 2905 640 2962 ν.
665 2905 746 2960 Ad
778 2908 1018 2977 primum
1050 2909 1472 2977 conﬁciendum,
1516 2913 1796 2981 profertur
1823 2930 2076 2970 commu-

2191 445 2390 515 Παύλῳ
2419 447 2618 516 ὁμοίως
2663 447 2951 517 φάσκοντι·
2995 448 3185 516 Ἡμεῖς
3218 448 3286 500 δὲ
3327 451 3398 502 οὐ
3431 450 3498 502 τό
3530 452 3772 521 πνεῦμα

2190 535 2298 588 τοῦ
2332 537 2564 606 κόσμου
2592 537 2902 607 ἐλάϐομεν,
2929 538 3090 592 ἀλλὰ
3114 541 3182 592 τὸ
3207 540 3444 608 Πνεῦμα
3473 541 3542 593 τὸ
3567 542 3636 595 ἐκ
3658 542 3771 598 τοῦ

2190 627 2420 693 Πατρός
2450 628 2617 682 Θεοῦ.
2659 628 2747 683 Sic
2779 630 2948 683 vertit
2980 629 3050 683 Μ.
3081 630 3348 684 Mercator
3375 649 3388 683 :
3419 650 3440 682 ι
3470 631 3770 702 Proprium

2189 717 2354 789 449
2377 734 2508 774 vero
2534 720 2802 788 Spiritum
2837 721 2981 784 Filii,
3019 721 3063 774 si
3096 722 3224 790 quia
3268 723 3511 792 ejusdem
3553 733 3772 782 natura

2191 808 2280 873 sit,
2313 817 2368 863 et
2397 824 2464 863 ex
2518 810 2672 864 Patre
2717 818 2896 875 exeat,
2947 810 3105 876 dixit,
3141 813 3569 877 consentiemus,
3614 823 3669 868 et
3704 822 3772 870 ut

2189 899 2335 968 piam
2361 915 2554 955 vocem
2587 901 2922 970 accipiemus
2951 921 2962 954 :
3001 903 3084 956 sin
3120 911 3302 956 autem
3324 943 3339 968 ,
3371 905 3499 971 quia
3528 920 3595 959 ex
3621 905 3766 968 Filio

2187 991 2274 1044 vel
2321 1006 2422 1060 per
2457 991 2654 1044 Filium
2690 991 2887 1045 habeat
2913 993 3312 1056 exsistentiam,
3339 992 3393 1045 id
3419 1003 3479 1046 ut
3503 994 3766 1063 blasphe-

2190 1083 2356 1136 miam
2387 1090 2442 1137 et
2480 1083 2816 1152 impietatem
2862 1085 3217 1154 projiciemus
3245 1103 3256 1136 :
3289 1084 3576 1138 credemus
3609 1087 3763 1140 enim

2188 1167 2422 1228 Domino
2464 1173 2692 1238 dicenti,
2748 1173 2976 1237 Spiritus
3023 1177 3113 1246 qui
3145 1192 3208 1230 ea:
3241 1175 3405 1229 Patre
3441 1178 3546 1228 exit
3580 1188 3637 1240 ις
3669 1177 3761 1230 di-

2187 1263 2319 1319 vino
2357 1265 2682 1320 Pauloitem
2709 1267 2935 1335 dicenti,
2988 1267 3094 1321 Nos
3139 1277 3314 1322 autem
3359 1285 3462 1322 non
3513 1267 3762 1338 spiritum

2188 1354 2369 1408 mundi
2398 1357 2710 1425 accepimus,
2739 1355 2830 1408 sed
2863 1353 3118 1425 Spiritum
3157 1357 3246 1426 qui
3282 1372 3343 1409 ex
3366 1355 3529 1408 Patre
3550 1365 3626 1409 est
3655 1356 3702 1409 Β.
3727 1374 3751 1408 ο

2255 1445 2370 1500 Ἧι.
2402 1445 2647 1500 Alterum
2673 1447 2855 1501 locum
2889 1447 3114 1502 adducit
3146 1448 3301 1518 liugo
3328 1447 3662 1502 Etherianus
3682 1466 3756 1508 ex

2187 1537 2416 1608 epistola
2464 1539 2528 1592 ad
2576 1540 2941 1604 monasteria,
2985 1539 3079 1592 ubi
3128 1539 3506 1594 Theodoretus
3560 1540 3754 1594 iisdem

2186 1629 2302 1684 fere
2334 1629 2518 1684 verbis
2545 1630 2598 1684 in
2634 1629 2820 1701 Cyriiii
2864 1631 3042 1700 capita
3078 1621 3394 1684 invehitur:
3431 1650 3449 1681 ‹
3490 1631 3754 1699 Blasphc-

2181 1727 2297 1774 mat
2324 1721 2366 1787 ",
2399 1720 2603 1790 inquit,
2628 1730 2684 1775 et
2714 1722 2767 1774 in
2789 1721 3055 1790 Spiritum
3095 1730 3366 1782 sanctum,
3397 1719 3526 1773 dum
3551 1736 3661 1774 non
3688 1737 3754 1777 ex

2183 1809 2342 1866 Patre
2367 1811 2388 1843 ⁸
2417 1813 2534 1866 solo
2580 1812 2732 1864 ilium
2767 1811 2964 1865 asserit
3011 1811 3310 1881 procedere
3340 1813 3492 1882 juxta
3534 1813 3752 1868 Domini

2181 1918 2394 1968 vocem,
2431 1903 2526 1957 sed
2565 1917 2630 1956 ex
2655 1901 2794 1955 Filio
2829 1902 3083 1956 eumdem
3102 1901 3304 1956 habere
3349 1903 3753 1958 exsistentiam.

2181 1993 2247 2046 lii
2281 2001 2410 2046 sunt
2438 1991 2677 2062 Egyptii
2709 2003 2917 2061 par-tus,
2955 2000 3013 2048 et
3077 1993 3222 2047 maio
3269 2003 3422 2063 patre
3471 1993 3751 2050 deteriora

2180 2087 2441 2156 germina.
2477 2106 2494 2137 ι

2255 2176 2388 2232 Vill.
2417 2178 2542 2232 Haec
2573 2177 2699 2233 iere
2755 2185 2908 2243 sunt,
2960 2191 3081 2248 quae
3101 2175 3338 2247 proferri
3369 2179 3549 2232 solent
3596 2195 3612 2231 :
3653 2179 3746 2233 sed

2179 2270 2273 2324 alii
2302 2271 2465 2324 etiam
2493 2271 2732 2341 insignes
2762 2271 2867 2325 loci
2897 2279 3217 2340 suppetunt,
3244 2271 3396 2325 velut
3426 2272 3482 2324 in
3514 2272 3751 2340 epistola

2179 2361 2246 2416 ad
2277 2362 2540 2416 Joannem
2568 2363 2992 2427 Antiochenam,
3019 2378 3124 2432 qua
3147 2373 3299 2416 suam
3326 2362 3392 2415 de
3427 2360 3534 2415 ilde
3559 2360 3746 2433 Cyrilii

2178 2451 2237 2505 in
2270 2457 2286 2474 '
2314 2451 2593 2506 Orientem
2623 2453 2813 2515 missa,
2868 2467 2993 2507 cum
3033 2452 3101 2506 de
3150 2467 3280 2521 pace
3313 2461 3589 2521 ageretur,
3617 2467 3745 2506 sen-

2164 2544 2406 2598 tentiam
2431 2544 2584 2606 dicit,
2618 2544 2802 2613 aitque
2821 2551 2916 2597 aut
2942 2551 3262 2597 retractatas
3293 2552 3388 2596 aut
3425 2558 3746 2612 suppressa:

2177 2633 2234 2688 in
2264 2648 2328 2688 ea
2359 2635 2760 2704 propositiones
2811 2633 2866 2688 in
2920 2633 3391 2689 anathematismis
3434 2646 3740 2702 contentas,

2176 2726 2445 2795 istamque
2498 2726 2842 2791 nominatim,
2895 2741 3018 2796 quae
3063 2725 3135 2780 ad
3191 2725 3461 2796 Spiritum
3489 2737 3741 2781 sanctum

2174 2818 2459 2888 pertinet:
2500 2817 2738 2887 Spiritus
2767 2827 3004 2882 sanctus,
3050 2832 3162 2871 non
3195 2831 3261 2871 ex
3291 2816 3452 2880 Filio,
3505 2826 3595 2871 aut
3647 2833 3741 2887 per

2175 2911 2372 2966 Filium
2387 2910 2762 2965 exsisten‘tiam
2792 2911 3019 2973 habens,
3045 2909 3138 2964 sed
3165 2925 3201 2962 a-
3219 2905 3376 2962 Patre
3401 2909 3739 2977 procedens;

505 2999 647 3054 niter
679 2997 747 3052 ab
777 2999 1033 3056 omnibus
1077 3000 1307 3071 insignis
1347 3002 1502 3056 locus
1541 3019 1609 3058 ex
1641 3006 2071 3074 reprehensione
2099 3031 2140 3089 ο
2172 3004 2431 3074 praprius
2474 3010 2658 3058 autem
2711 3002 2835 3058 Filii
2887 3004 3221 3068 nominatus,
3265 3009 3330 3056 ut
3378 3002 3742 3057 consubstan.

503 3089 634 3146 noni
687 3091 1147 3148 anathematismi.
1201 3093 1360 3150 Hunc
1413 3111 1538 3150 cum
1588 3095 1827 3166 Cyrillus
1859 3098 1915 3151 in
1954 3099 2074 3156 haec

500 3181 668 3236 verba
706 3181 1104 3250 composuisset
1131 3182 1151 3212 ⁵
1179 3201 1192 3235 :
1221 3182 1290 3234 Ei
1321 3184 1402 3247 τίς
1435 3202 1569 3255 φησι
1596 3186 1686 3238 τὸν
1725 3185 1821 3240 ἕνα.
1875 3186 2072 3258 Κύριον

505 3274 715 3343 Ἰησοῦν
745 3275 978 3344 Χριστὸν
1001 3276 1316 3341 δοξάζεσθαι
1342 3278 1493 3349 παρὰ
1525 3279 1618 3332 τοῦ
1633 3280 1965 3351 Πνεύματος,
1996 3290 2072 3346 ὡς

505 3366 764 3437 ἀλλοτρίᾳ
807 3367 1054 3437 δυνάμει,
1086 3368 1146 3420 οὐ
1175 3371 1242 3440 τῇ
1291 3368 1395 3438 ὶδὲᾳ
1433 3370 1600 3422 αὑτοῦ
1643 3371 1950 3441 χρώμενον,
1981 3373 2074 3426 καὶ

503 3456 634 3527 παρ’
657 3455 819 3510 αὐτοῦ
842 3457 1075 3512 λαϐόντα
1105 3459 1164 3511 τὸ
1192 3460 1433 3530 ἐνεργεῖν
1462 3459 1716 3514 δύνασθαι
1747 3463 1883 3516 κατὰ
1913 3481 2074 3516 πνευ-

506 3549 691 3618 μάτων
720 3549 1068 3620 ἀκαθάρτων,
1103 3551 1200 3604 καὶ
1249 3552 1309 3603 τὸ
1358 3553 1598 3622 πληροῦν
1629 3556 1709 3617 εἰς
1758 3555 2070 3625 ἀνθρώπους

501 3640 601 3704 τὰς
617 3640 962 3709 θεοσημείας,
985 3642 1078 3694 καὶ
1097 3643 1217 3711 οὐχὶ
1246 3642 1441 3712 μᾶλλον
1474 3643 1604 3696 ἴδιον
1626 3646 1788 3698 αὑτοῦ
1816 3648 1877 3699 τὸ
1903 3647 2073 3700 Πνεῦα

501 3733 578 3802 μά
599 3747 758 3801 φησι,
793 3732 856 3784 δι’
881 3727 942 3786 οὗ
963 3734 1056 3786 καὶ
1083 3735 1348 3806 ἐνήργησε
1372 3735 1471 3798 τὰς
1497 3723 1840 3806 θεοσημεὶοις,
1878 3739 2071 3792 ἀνάθε-

499 3841 576 3894 μα
603 3824 763 3877 ἔστω.
786 3822 917 3890 Qum
941 3825 1022 3880 sic
1056 3825 1450 3896 interpretatur
1483 3827 1552 3880 M.
1589 3827 1858 3882 Mercator
1899 3845 1915 3881 :
1953 3847 1972 3879 ι
2011 3827 2068 3883 Si

495 3914 620 3983 quis
671 3914 816 3970 dicat
863 3931 1032 3970 unum
1085 3917 1374 3971 Dominum
1417 3918 1600 3974 Jesum
1653 3917 1930 3974 Christum
1949 3919 2070 3990 glo-

495 4004 762 4060 r-ilicatum
785 4022 816 4060 a
839 4006 1062 4076 Spiritu,
1094 4007 1296 4063 virtute
1330 4008 1522 4079 ipsius,
1549 4010 1705 4079 quasi
1728 4011 1926 4076 aliena,
1962 4011 2063 4075 uti,

493 4109 550 4155 et
583 4099 652 4154 ab
684 4099 822 4169 ipso,
854 4101 1105 4170 accipere
1133 4111 1194 4156 ut
1229 4103 1400 4171 possit
1427 4097 1645 4180 operari
1679 4101 1944 4156 adversus
1966 4101 2071 4155 imi-

497 4193 732 4248 mundos
765 4193 1012 4262 spiritus,
1038 4203 1094 4247 et
1132 4192 1359 4263 implere
1387 4194 1539 4264 signa
1586 4194 1810 4261 divina;
1850 4209 1913 4249 ac
1952 4209 2064 4250 non

491 4283 874 4353 magis'ipsius
933 4299 1052 4339 esse
1111 4283 1392 4354 proprium
1433 4284 1720 4354 Spiritum,
1753 4299 1851 4354 per
1893 4299 2058 4354 quem

492 4385 750 4446 operatus
776 4385 858 4428 est
881 4376 1034 4445 signa
1068 4375 1274 4440 divina,
1296 4376 1588 4430 anathema
1614 4376 1705 4430 sit.
1740 4393 1757 4427 ι

553 4465 642 4523 Ἦ.
666 4465 805 4521 Cum
828 4466 885 4519 in
916 4466 1049 4532 haec,
1086 4467 1332 4538 inquam,
1368 4467 1539 4521 verba
1563 4465 1802 4537 Cyrinus
1828 4469 2057 4523 anathe-

487 4557 800 4612 matismum
859 4559 1288 4628 composuisset,
1341 4568 1616 4627 postrema
1673 4557 2058 4613 Theodoretus

486 4648 684 4704 acerbe
714 4648 894 4720 arguit
917 4649 937 4680 ⁸
971 4667 984 4702 :
1023 4649 1181 4706 Ἰδιον
1223 4649 1279 4702 δὲ
1317 4648 1378 4700 τὸ
1422 4647 1642 4717 Πνεῦμα
1672 4646 1767 4699 τοῦ
1813 4648 1966 4713 Υξοῦ,
2006 4650 2054 4701 εὶ

492 4739 590 4810 μὲν
627 4737 700 4802 ὡς
725 4739 980 4810 όμοφυὲς,
1004 4742 1096 4794 καὶ
1126 4742 1188 4793 ὲκ
1220 4738 1431 4808 Ila-cpe;
1467 4738 1897 4808 ἐκπορευόμενον
1925 4737 2051 4810 ἔφη,

487 4831 1008 4901 συνομολογήσομεν,
1043 4832 1135 4882 καὶ
1174 4829 1250 4890 ὠς
1297 4827 1493 4894 εὐσεϐῆ
1525 4826 1789 4897 δεξόμεθα
1823 4829 2007 4898 φωνήν
2033 4846 2046 4860 ο

484 4921 535 4973 εἰ
579 4920 635 4984 δὲ
676 4919 751 4984 ὡς
797 4921 856 4985 ἐξ
894 4919 1045 4981 Tim"),
1079 4919 1200 4988 ἢδι⁹
1224 4915 1354 4969 Υῑοῠ
1386 4915 1482 4986 τὴν
1535 4915 1766 4986 ὓπαρξιν
1804 4915 1943 4986 ἔχον,
1976 4918 2050 4981 ὠς

484 5009 802 5082 βλάσφημον
854 5011 1032 5073 τοῦτο,
1081 5009 1173 5061 καὶ
1223 5007 1297 5068 ὡς
1358 5007 1615 5071 δυσσεϐὲς
1654 5009 2047 5080 ἀπορρίψομεν.

483 5102 849 5173 Πιστεύσομεν
889 5100 996 5169 γὰρ
1019 5099 1096 5168 τῷ
1126 5099 1316 5168 Κυρίῳ
1344 5097 1572 5166 λέγοντι,
1606 5098 1677 5153 Τὸ
1717 5100 1977 5171 Πνεῦμα,
2017 5101 2049 5154 ὃ

551 5269 576 5298 ι
608 5257 762 5314 Joan.
795 5271 882 5320 xv,
916 5252 1006 5308 26.
1087 5253 1114 5293 b
1145 5252 1318 5309 iCor.
1347 5270 1405 5322 ιι,
1443 5256 1526 5310 i9.

2174 3093 2341 3148 tialis.

2241 3187 2334 3242 lX.
2367 3187 2426 3242 ln
2447 3187 2789 3257 expositione.
2811 3186 3068 3256 Epistolaa
3109 3186 3176 3240 ad
3205 3186 3500 3248 Romanos,
3521 3201 3576 3239 c.
3613 3191 3737 3249 vin,

2171 3293 2323 3333 num.
2361 3280 2421 3332 il
2461 3278 2526 3334 ad
2556 3278 2670 3332 haec
2707 3278 2874 3332 verba
2910 3295 2922 3330 :
2961 3276 3157 3341 Quodsi
3208 3277 3432 3348 Spiritus
3477 3277 3614 3346 ejus,
3658 3277 3742 3347 qui

2170 3372 2436 3425 suscitavit
2463 3371 2641 3424 Iesum
2667 3389 2698 3424 a
2733 3370 2974 3433 mortuis,
3011 3370 3212 3423 habitat
3245 3371 3299 3421 in
3317 3371 3480 3432 nobis,
3500 3378 3634 3432 eun,
3664 3370 3742 3422 sic

2171 3471 2568 3517 commentatur
2601 3462 2979 3517 Theodorelus
3019 3479 3033 3515 :
3085 3481 3104 3513 ι
3165 3463 3402 3517 Docuit’
3430 3477 3530 3515 nos
3574 3461 3632 3514 in
3658 3460 3742 3514 his

2170 3553 2352 3607 verbis
2386 3569 2549 3606 unam
2601 3553 2903 3606 divinitatis
2954 3562 3202 3607 naturam
3238 3571 3251 3606 :
3300 3564 3550 3607 sanctum
3593 3552 3740 3606 enim

2171 3644 2457 3713 Spiritum,
2484 3652 2538 3699 et
2558 3646 2651 3699 Dei
2675 3647 2973 3715 appellavit
2999 3656 3055 3701 et
3078 3644 3279 3700 Christi
3302 3662 3316 3711 ;
3341 3661 3451 3699 non
3475 3645 3649 3713 quod,
3682 3654 3744 3699 ut

2169 3733 2361 3786 volunt
2386 3734 2626 3788 haeretici
2656 3737 2994 3800 exsecrandi,
3017 3751 3083 3790 ex
3105 3737 3216 3790 Deo
3240 3751 3338 3805 per
3355 3735 3557 3788 Filium
3588 3750 3745 3789 crea-

2170 3833 2260 3878 tus
2293 3823 2405 3889 sit;
2438 3824 2533 3879 sed
2561 3826 2690 3894 quia
2731 3835 2816 3880 est
2850 3827 3094 3896 ejusdem
3126 3841 3251 3880 cum
3294 3826 3454 3880 Patre
3502 3834 3562 3880 et
3604 3827 3741 3881 Filio

2169 3914 2525 3980 substantiae;
2576 3925 2633 3970 et
2681 3931 2750 3970 ex
2802 3917 2962 3972 Patre
3002 3917 3224 3987 quidem
3261 3917 3541 3987 procedit,
3583 3920 3741 3988 juxta

2167 4003 2588 4074 Evangeiiorum
2624 4005 2972 4074 doctrinam;
3029 4009 3147 4078 ejus
3188 4016 3372 4062 autem
3425 4008 3601 4078 gratia
3630 4009 3736 4079 ;iis,

2167 4093 2258 4161 qui
2291 4093 2441 4162 digni
2467 4101 2615 4159 sunt,
2642 4111 2741 4164 per
2769 4095 3048 4151 Christum
3077 4097 3476 4166 suppeditatur.
3521 4116 3539 4148 ι

2240 4183 2308 4239 X.
2357 4185 2418 4239 in
2464 4189 2806 4257 expositione
2828 4206 2949 4261 cap.
3005 4207 3066 4256 ιι,
3104 4191 3127 4246 l
3163 4190 3316 4255 Cor.,
3364 4207 3518 4245 num.
3552 4192 3642 4258 ιε,
3671 4192 3736 4246 ad

2165 4275 2280 4332 haec
2319 4279 2486 4334 verba
2537 4297 2549 4332 :
2612 4277 2731 4334 Non
2767 4283 3015 4351 spiritum
3061 4283 3244 4336 mundi
3290 4283 3619 4352 acrepimus;
3650 4283 3740 4335 sed

2081 4361 2140 4423 D
2161 4367 2417 4439 Spiritum
2446 4371 2535 4442 qui
2567 4389 2630 4426 ea:
2670 4371 2779 4427 Dea
2814 4382 2889 4428 est
2913 4416 2926 4442 ,
2963 4376 3042 4429 sic
3090 4375 3256 4430 habet
3288 4391 3302 4429 :
3337 4395 3355 4426 ι
3396 4375 3494 4430 Dei
3535 4390 3735 4430 nomen

2165 4460 2221 4513 in
2268 4475 2474 4516 nomen
2523 4462 2700 4517 Patris
2772 4473 3072 4519 commutat
3096 4466 3161 4532 ³⁸,
3206 4465 3274 4519 ad
3338 4465 3734 4537 excludendum

2163 4553 2569 4620 processionem
2611 4569 2642 4607 a
2689 4553 2846 4619 Filio,
2876 4553 2971 4609 sed
3014 4556 3149 4625 ipse,
3181 4556 3276 4626 qui
3305 4572 3336 4610 a
3359 4555 3519 4611 Patre
3545 4570 3738 4627 proce-

2163 4640 2263 4706 dit,
2288 4641 2525 4712 Spiritus
2548 4643 2764 4699 occulta
2788 4643 3047 4715 mysteria
3067 4661 3168 4700 nos
3191 4646 3394 4700 docuit.

2227 4731 2318 4788 XI.
2349 4733 2631 4789 Manifesta
2656 4736 2934 4802 viden-tur,
2962 4754 3082 4807 qua:
3121 4738 3356 4809 adducta
3384 4747 3533 4802 sunt,
3583 4748 3638 4792 ct
3670 4753 3732 4792 eo

2159 4825 2382 4894 quidem
2433 4825 2699 4890 ﬁrmiora,
2735 4827 2801 4882 ad
2852 4830 3191 4898 propositam
3237 4831 3305 4884 de
3335 4830 3438 4884 [ide
3479 4833 3734 4900 quaestio-

2156 4933 2303 4982 nem,
2333 4918 2477 4986 quod
2515 4919 2618 4988 ipsi
2656 4920 2820 4974 etiam
2853 4922 3187 5000 recentiores
3219 4923 3412 4987 Grzeci,
3457 4924 3555 4992 qui
3593 4925 3733 4979 schi-

2157 5018 2329 5064 smate
2361 5009 2525 5064 divisi
2563 5020 2690 5065 sunt
2732 5011 2800 5066 ab
2841 5012 3082 5068 Ecclesia
3098 5014 3364 5080 Romana,
3396 5015 3730 5070 Theodoreti

2155 5099 2326 5155 verba
2353 5101 2410 5155 in
2439 5116 2594 5156 suam
2612 5110 2826 5172 partem
2859 5102 3299 5174 interpretantur
3329 5121 3342 5158 :
3384 5118 3488 5160 nec
3513 5105 3572 5160 id
3600 5119 3729 5160 sane

695 5403 707 5410 ..
737 5411 740 5413 λ
1814 5351 2126 5407 SCIIULZII
2165 5350 2388 5413 ΝΟΤίΕ.

554 5447 578 5478 ⁸
605 5411 740 5516 νῆα.
767 5459 947 5512 supra,
976 5459 1030 5513 p.
1061 5445 1183 5516 49.0.
1272 5446 1292 5476 ³
1325 5445 1495 5516 Epist.
1527 5447 1648 5500 ii6.
1714 5447 1734 5477 ⁸
1759 5447 2107 5500 Theodorum
2145 5411 2579 5516 Mopsucstenum
2608 5448 2662 5500 in
2696 5448 2782 5503 his
2821 5448 3013 5504 ducem
3055 5449 3313 5505 habuisse
3341 5448 3565 5502 dicitur.
3599 5448 3723 5501 Vid.

479 5516 655 5569 Aliatii
691 5514 950 5572 Crmciam
989 5513 1451 5578 orthodoxam,'et
1485 5517 1565 5585 Ej.
1605 5517 1883 5571 Vindicius
1930 5515 2119 5584 synodi
2169 5513 2510 5584 Ephesinie.‘

2571 5517 2741 5589 tvm.
2782 5535 2966 5589 supra,
3027 5521 3199 5588 μμ.
3277 5520 3296 5550 ο
3347 5518 3510 5580 ibid.,
3543 5517 3718 5589 p.47.

490 5584 648 5660 _’_\_’id.
681 5593 717 5638 t.
743 5585 845 5660 ἓν,
871 5601 922 5654 p.
946 5585 1119 5660 Δ1295.
1135 5658 1145 5660 ᾼ
1192 5585 1395 5660 ξιμοιο.
1424 5584 1546 5660 Haec
1607 5587 1864 5660 limita_tio
1913 5587 2089 5660 abest
2119 5595 2492 5660 tuin_ia_textu
2540 5587 2726 5644 Graeco
2783 5589 2820 5643 l.
2852 5584 2925 5659 δη
2964 5584 3076 5646 tuin
3121 5591 3191 5645 ab
3243 5584 3718 5660 interpretationo.

477 5656 497 5689 '
523 5655 640 5711 Viti.
671 5664 709 5712 t.
738 5656 827 5725 lii,
853 5673 906 5728 p.
940 5656 1028 5714 84.
1108 5658 1150 5690 ιο
1175 5657 1348 5713 Aliter
1381 5657 1581 5727 legitur
1628 5655 1732 5711 iste
1776 5656 1931 5713 locus
1957 5665 1996 5714 t.
2022 5655 2111 5724 ιγ,
2144 5671 2197 5727 p.
2231 5656 2350 5712 173.
2912 5655 2919 5659 ⁷
3103 5693 3108 5698 -
