3956 6298
157 339 265 409 391

1395 337 1492 398 DE
1525 333 1702 396 FIDE
1739 332 2248 396 THEODORETI.

3314 342 3421 409 898

158 453 452 513 immerito
485 468 498 505 :
532 447 697 522 ‘50
726 461 852 504 nam
886 447 1216 503 sententiam
1247 445 1284 478 “
1319 462 1460 517 saepe
1490 447 1583 502 ille
1611 446 1747 502 dicit
1777 453 1820 506 Α
1852 445 1964 508 tia;
2001 453 2056 502 et
2099 461 2280 516 neque
2314 444 2513 501 Filium
2555 453 2830 518 putamus,
2864 464 3045 522 neque
3091 458 3190 523 per
3225 455 3423 514 Filium

155 544 522 609 exclusivam,
549 557 582 594 a
609 538 720 593 solo
751 537 936 606 Patre,
961 537 1048 593 vel
1073 537 1240 595 etiam
1285 551 1541 608 expresse
1580 551 1747 609 nega-

155 638 347 700 tivam,
377 649 482 689 non
517 649 550 686 ιι
575 628 730 686 Filio.

231 728 355 786 XII.
385 725 594 794 Quodsi
639 725 824 780 minus
855 723 1148 781 manifeste
1205 733 1447 780 mentem
1479 723 1741 795 aperiret,

151 829 305 878 esset
351 819 541 875 forsan
591 816 920 888 probabile,
973 815 1122 886 quod
1172 815 1453 870 nonnullis
1482 815 1635 870 venit
1687 814 1742 868 in

154 917 427 976 mentem,
458 907 658 964 eodem
684 906 891 976 ubique
932 920 1099 961 sensu
1132 906 1380 961 locutum
1427 903 1744 959 Theodore-

153 1013 272 1058 tum
301 1003 367 1067 η,
393 1016 506 1071 quo
533 1015 660 1055 cum
683 1006 986 1068 exponeret
1007 996 1308 1066 Epistolam
1330 996 1396 1051 ad
1429 997 1738 1060 Romanos;

153 1094 423 1150 nimirum
477 1091 743 1146 adversus
803 1087 1185 1144 Macedonium
1252 1102 1519 1158 negasse,
1592 1085 1740 1156 quod

154 1185 391 1257 Spiritus
429 1192 641 1240 sanctus
675 1199 739 1236 ea:
765 1182 875 1236 Deo
908 1197 1003 1253 per
1036 1181 1230 1234 Fidium
1261 1189 1468 1236 creatus
1509 1182 1612 1245 sit;
1662 1181 1742 1235 lo-

151 1287 460 1348 cutumque
491 1291 601 1346 quo
632 1290 784 1330 more
813 1273 1048 1344 quisque
1085 1273 1244 1338 solet,
1272 1287 1398 1327 cum
1423 1273 1609 1343 vigent
1628 1273 1740 1327 hae-

152 1384 330 1434 reses,
367 1368 574 1438 quibus
623 1364 728 1422 etsi
762 1363 1161 1419 contradicitur
1191 1362 1376 1417 verbis
1415 1362 1470 1417 in
1503 1361 1739 1432 speciem

151 1461 444 1532 amplioris
472 1458 893 1530 signiﬁcationis
934 1456 1249 1527 capacibus,
1283 1469 1388 1508 usu
1424 1465 1606 1510 tamen
1656 1455 1735 1522 ﬁt,

151 1562 216 1608 ut
247 1551 581 1623 signiﬁcatio
633 1549 993 1606 contrahatur
1025 1563 1126 1619 pro
1174 1555 1422 1617 tempore
1465 1565 1478 1602 :
1533 1547 1741 1602 habent

149 1644 302 1698 enim
335 1656 522 1706 voces,
553 1650 614 1695 ut
639 1641 874 1706 nummi,
906 1656 1067 1696 suum
1093 1656 1161 1694 cx
1192 1656 1296 1695 usu
1328 1641 1593 1695 valerem.

237 1734 383 1789 XIII.
408 1734 526 1790 Jam
557 1750 690 1790 vero
733 1735 802 1790 de
845 1733 1017 1788 altero
1056 1733 1377 1803 qumstionis
1419 1732 1620 1802 capite,
1668 1747 1739 1786 an

1849 541 2125 609 accepisse
2160 539 2541 594 substantiam.
2568 559 2586 591 ι
2625 540 2824 596 Dicens
2850 557 3002 614 ergo,
3036 559 3100 598 ea:
3124 544 3220 600 Dei
3248 563 3424 604 essets-

1846 629 1923 682 tia
1957 645 2082 694 esse,
2101 638 2165 710 ft
2193 645 2362 701 neque
2388 627 2583 684 Filium
2608 638 2873 701 putamus,
2905 632 3135 706 intelligi
3166 635 3280 703 dat,
3297 639 3428 708 quia

1848 719 2112 791 Spiritum
2158 721 2306 776 hunc
2334 729 2390 776 et
2435 735 2502 776 ex
2535 721 2649 777 Deo
2669 737 2811 790 esse,
2844 733 2901 779 et
2930 740 2998 781 ex
3037 726 3158 797 ejus
3187 729 3427 786 essentia

1847 813 2043 868 credit.
2075 813 2230 880 Quod
2269 822 2458 869 autem
2497 829 2603 868 non
2646 817 2924 872 crcationis
2958 833 3119 872 causa
3166 819 3322 886 dicit,
3371 830 3429 878 et

1845 906 1998 962 addit
2024 923 2188 978 neque
2208 924 2301 978 per
2320 906 2514 962 Filium
2543 908 2897 963 substantiam
2927 914 3207 982 accepisse,
3235 928 3429 971 rursus

1847 998 2259 1070 intelligendum
2284 1000 2456 1065 dedit,
2475 1001 2602 1070 quia
2622 1015 2732 1056 non
2754 1003 2897 1056 sicut
2923 1011 3050 1058 sunt
3071 1013 3340 1061 creatura:
3359 1022 3429 1061 ex

1845 1091 1957 1146 Deo
1983 1107 2082 1161 per
2113 1091 2335 1157 Filium,
2363 1091 2438 1148 ita
2463 1101 2518 1146 et
2543 1091 2781 1163 Spiritus
2804 1101 3028 1149 sanctus
3076 1109 3145 1149 ex
3181 1096 3295 1151 Deo
3330 1113 3428 1167 per

1845 1182 2043 1236 Filium
2077 1182 2244 1239 habet
2288 1201 2302 1237 :
2342 1185 2448 1238 hoc
2480 1191 2664 1241 autem
2699 1199 2892 1240 verum
2935 1193 3039 1249 est,
3072 1195 3130 1240 et
3169 1187 3331 1242 simul
3371 1189 3428 1243 id

1844 1281 2078 1339 constat,
2110 1275 2239 1345 quia
2269 1274 2339 1330 de
2372 1291 2440 1331 eo
2469 1276 2615 1346 quod
2649 1292 2759 1332 non
2802 1277 2874 1332 sit
2903 1293 2970 1333 ex
2996 1278 3136 1334 Filio
3165 1279 3425 1350 Spiritus,

1845 1364 1984 1420 nihil
2012 1366 2102 1420 hic
2131 1367 2291 1421 dixit.

1912 1457 2072 1514 XVII.
2113 1457 2320 1523 Perdit,
2351 1458 2596 1528 inquam,
2633 1473 2858 1529 operam
2883 1478 2897 1514 :
2924 1475 3051 1516 nam
3072 1473 3266 1519 auctor
3287 1479 3436 1536 sym-

1841 1547 1952 1603 boli
2002 1549 2139 1605 duas
2161 1550 2292 1606 fecit
2325 1551 2613 1606 sententia:
2637 1567 2751 1608 suae
2773 1561 2957 1623 partes
2990 1571 3005 1608 :
3039 1571 3204 1610 unam
3235 1557 3429 1613 catho-

1839 1637 2002 1693 licam
2039 1638 2306 1694 adversus
2330 1639 2730 1708 Macedoniam,
2761 1642 2910 1712 quod
2934 1641 3174 1713 Spiritus
3205 1654 3430 1702 sanctus

1846 1745 1914 1784 ex
1941 1729 2040 1785 Dei
2079 1731 2152 1786 sit
2181 1731 2444 1797 essentia,
2478 1741 2535 1787 et
2567 1747 2680 1788 non
2718 1734 2950 1804 perinde
2970 1751 3036 1791 ac
3057 1745 3332 1803 creatura,
3361 1753 3430 1795 ex

151 1825 546 1881 Theodoretus
598 1835 791 1881 auctor
843 1825 1032 1892 fuerit,
1079 1833 1174 1879 aut
1237 1833 1474 1879 sectator
1535 1831 1745 1879 tantum
1776 1807 1820 1863 Β
1848 1829 2012 1886 arte;
2065 1821 2300 1876 alteram
2353 1821 2615 1878 Patribus
2667 1824 3035 1891 contrariam,
3087 1841 3198 1895 qua
3244 1836 3428 1898 negat.

151 1917 435 1989 dogmatis
455 1917 602 1997 quod
626 1917 802 1973 Graeci
827 1931 976 1972 nunc
1002 1924 1249 1982 tuentur,
1283 1924 1397 1972 tres
1437 1917 1493 1971 in
1529 1916 1746 1986 opinio-

152 2025 274 2075 nes,
312 2018 441 2065 ante
491 2017 738 2064 nostram
767 2017 862 2065 aut
893 2017 1184 2080 parentum
1233 2016 1479 2074 aetatem,
1532 2008 1744 2063 abitum

153 2109 260 2157 est.
287 2100 442 2155 Istud
472 2101 624 2155 enim
653 2100 850 2170 dogma
891 2099 985 2154 alii
1016 2097 1309 2153 Theodoro
1336 2098 1742 2168 Mopsuestcno,

155 2193 252 2248 alii
274 2193 558 2260 Nestorio,
585 2193 684 2248 alii
711 2191 1064 2248 Theodoreto
1087 2191 1441 2258 tribuerunt;
1471 2191 1566 2246 sed
1593 2192 1742 2262 prio-

154 2287 237 2343 ris
260 2289 552 2358 utriusque
575 2286 856 2358 opinionis
882 2300 1175 2341 commune
1203 2285 1305 2340 fuit
1334 2294 1740 2356 argumentum,

151 2381 307 2450 quod
356 2380 593 2452 symboli
636 2379 692 2434 in
737 2377 946 2450 synodo
988 2393 1045 2432 ιιι
1094 2377 1339 2432 damnati
1375 2386 1570 2433 auctor
1607 2378 1742 2449 dog-

154 2472 290 2526 mati
361 2472 580 2527 dederit
633 2470 944 2541 originem;
999 2469 1231 2542 symboli
1275 2482 1409 2524 vero
1457 2479 1742 2539 parentem

153 2561 385 2632 quidam
433 2561 785 2616 Theodorum
810 2560 1084 2625 fecerint,
1130 2560 1360 2630 quidam
1399 2561 1739 2615 Nestorium.

227 2651 369 2708 XIV.
420 2653 760 2708 Postremam
803 2651 979 2708 secuti
1035 2659 1163 2706 sunt
1224 2650 1396 2707 Graeci
1450 2652 1744 2707 schismate

155 2747 452 2818 implicati,
493 2753 788 2816 propterea
825 2744 973 2814 quod
999 2743 1410 2810 erubescerent,
1459 2754 1742 2815 parentem

154 2840 495 2894 alterutrum
527 2846 609 2893 tot
641 2846 696 2892 et
720 2836 886 2892 tantis
925 2835 1061 2891 diris
1103 2835 1170 2890 ab
1204 2837 1450 2892 Ecclesia
1485 2837 1744 2893 devotum

153 2947 482 3004 agnoscere,
502 2946 603 2986 nec
632 2940 812 2986 tamen
835 2931 1202 3002 antiquiorem
1221 2931 1414 2994 ullum,
1434 2930 1529 2999 qui
1557 2939 1744 3000 aperte

155 3023 499 3095 scripsisset,
533 3039 636 3094 pro
658 3040 756 3078 sua
790 3039 954 3080 causa
1003 3031 1199 3078 testem
1250 3023 1558 3093 producere
1593 3022 1743 3078 vale-

156 3125 284 3170 rent
317 3133 330 3168 :
360 3131 530 3184 quare
567 3114 903 3170 Theodoreti
959 3115 1133 3169 solius
1170 3115 1558 3179 meminerunt,
1604 3128 1744 3184 quo-

157 3207 268 3261 tics
312 3207 398 3260 sui
447 3206 718 3273 dogmatis
758 3214 951 3261 auctor
991 3206 1350 3262 adducendus
1390 3204 1495 3260 fuit
1541 3224 1553 3259 :
1607 3205 1744 3262 alios

157 3298 312 3353 enim
347 3297 652 3368 superioris
683 3297 782 3352 :evi
805 3299 994 3353 Patres
1017 3299 1131 3353 sola
1165 3296 1401 3352 rationis
1440 3296 1494 3351 vi
1520 3297 1741 3352 trahere

154 3397 461 3446 conantur.

228 3481 349 3537 XV.
375 3481 532 3547 Quod
559 3479 867 3552 symbolum
894 3482 966 3537 sit
993 3481 1302 3546 Theodori,
1344 3479 1746 3536 demonstravié

153 3589 283 3628 mus
317 3573 375 3627 in
408 3573 648 3628 secunda
677 3583 832 3643 parte
857 3571 1098 3643 Operum
1124 3574 1194 3628 Μ.
1214 3574 1552 3630 Mercatoris.
1587 3573 1745 3641 Quod

157 3666 215 3720 in
248 3666 373 3736 ipso
397 3666 745 3720 contineatur
773 3665 969 3735 dogma
1003 3666 1350 3722 'I‘heodoreto
1378 3682 1601 3722 versum
1632 3667 1742 3722 cri-

153 3757 321 3821 mini,
347 3750 416 3812 ei
441 3755 578 3826 ipsis
606 3757 790 3812 verbis
811 3758 986 3827 liquet
1010 3770 1026 3824 ;
1053 3773 1182 3812 nam
1211 3758 1279 3813 de
1315 3755 1526 3827 Spiritu
1553 3768 1742 3816 sancto

155 3851 412 3922 legitur:
458 3849 594 3904 Οὔτε
624 3849 669 3881 ³³
720 3847 848 3903 Υἱὸν
903 3849 1194 3921 νομίζομεν
1231 3891 1246 3916 ,
1313 3849 1435 3903 οὔτε
1479 3851 1568 3904 διὰ
1613 3850 1742 3906 Υἱοῦ

152 3945 258 4016 τὴν
293 3942 527 4012 ὓπαρξιν
572 3943 810 4015 εἰληφός.
861 3942 1042 4016 Neque
1071 3943 1286 4010 Filium,
1334 3960 1502 4016 neque
1530 3961 1624 4016 per
1658 3943 1744 3998 Fi-

160 4037 298 4091 lium
324 4036 686 4092 exsistentiam
722 4037 978 4107 accepisse
997 4042 1264 4108 putamus.
1286 4033 1418 4103 Quae
1451 4044 1580 4092 sunt
1626 4037 1744 4107 ipsa

156 4126 497 4184 Theodoreti
565 4142 774 4183 nonum
846 4128 1364 4184 anathematismum
1445 4128 1746 4199 reprehen-

155 4220 348 4278 dentis
378 4219 591 4276 verba:
627 4221 741 4275 Οὐκ
771 4219 829 4288 ἐξ
865 4219 996 4275 Υἱοῦ
1046 4219 1144 4275 καὶ
1203 4220 1271 4274 δι’
1323 4218 1456 4274 Υιοῦ
1511 4218 1745 4292 ὓπαρξιν

155 4313 311 4384 ἕχον.

234 4422 381 4480 XVI.
439 4421 768 4482 Theodorus
818 4425 987 4498 igitur
1038 4421 1312 4499 dogmatis
1369 4438 1564 4481 auctor
1610 4432 1740 4490 est,

154 4514 548 4573 Theodoretus
583 4517 858 4574 defensor.
904 4519 1094 4576 Perdit
1135 4519 1284 4575 enim
1319 4533 1543 4589 operam
1581 4515 1740 4573 Cale—

151 4622 274 4673 cas,
326 4621 453 4662 cum
499 4607 686 4679 impiis
730 4608 960 4680 symboli
1001 4608 1192 4664 verbis
1236 4605 1492 4679 aﬂingere
1543 4606 1744 4661 nititur

150 4696 496 4753 catholicum
556 4712 779 4752 sensum
821 4715 834 4751 :
870 4705 1161 4767 postquam
1210 4695 1361 4751 enim
1435 4693 1746 4766 scripsisset

150 4787 310 4844 hanc
333 4786 667 4856 opinionem,
699 4789 838 4860 quod
867 4786 1096 4860 Spiritus
1117 4805 1149 4842 a
1174 4784 1310 4842 Filio
1336 4803 1440 4842 non
1470 4787 1741 4858 procedat,

148 4878 406 4937 Nestorii
429 4894 570 4945 esse,
601 4880 767 4951 idque
810 4897 878 4937 ex
934 4879 1221 4936 veteribus
1264 4880 1502 4950 liquere,
1544 4879 1742 4951 quibus

149 4988 297 5030 cura
318 4971 449 5037 fuit,
476 4972 798 5029 istalitteris
827 4973 1062 5039 tradere;
1085 4971 1265 5043 pergit
1295 4972 1352 5027 in
1384 4972 1501 5028 haec
1531 4972 1698 5027 verba
1723 4985 1740 5025 :

158 5085 180 5118 α
212 5049 360 5122 Nam
384 5079 452 5119 ex
478 5061 606 5120 ﬁdei
660 5079 773 5120 suae
821 5063 1068 5138 symbolo
1123 5065 1216 5119 vix
1259 5070 1494 5128 constet,
1531 5063 1578 5118 si
1618 5064 1743 5135 quis

147 5156 318 5232 451
355 5156 561 5228 pietate
591 5164 910 5222 contentus,
947 5172 1071 5229 qua:
1114 5157 1208 5213 ille
1253 5155 1426 5221 dixit,
1471 5156 1562 5228 pie
1608 5157 1744 5210 velit

149 5250 456 5319 accipere;
515 5249 595 5305 ait
641 5249 840 5304 enim:
893 5247 1159 5320 Spiritum
1203 5254 1452 5304 sanctum
1513 5261 1578 5301 ex
1628 5245 1743 5301 Deo

149 5347 438 5410 putamus,
463 5354 574 5396 non
595 5339 891 5396 creatioms
909 5355 1094 5405 causa,
1125 5336 1222 5395 sed
1255 5354 1324 5394 ex
1347 5337 1531 5394 divina
1554 5351 1743 5408 essen.

1846 1911 2104 1966 eumdem
2128 1912 2398 1983 Spiritum
2425 1914 2702 1972 ullatenus
2726 1929 2794 1969 ex
2816 1915 2976 1983 Filio,
2997 1915 3084 1972 vel
3106 1932 3207 1987 per
3227 1917 3429 1973 Filium

1845 2005 2164 2073 procedere.

1917 2095 2102 2151 XVIII.
2157 2097 2338 2152 Purus
2382 2113 2536 2170 ergo,
2583 2098 2824 2170 inquies,
2876 2099 3105 2175 hujusce
3147 2104 3166 2126 ‘
3220 2103 3429 2160 erroris

1845 2184 2177 2241 Nestorius?
2223 2187 2282 2242 Id
2338 2202 2440 2258 ego
2486 2195 2636 2244 certe
2664 2205 2777 2245 non
2803 2192 2961 2248 valde
3011 2192 3314 2262 aﬂirmem;
3354 2195 3428 2251 si-

1845 2277 2066 2347 quidem
2091 2293 2252 2334 careo
2283 2280 2615 2336 testimoniis
2637 2282 2940 2349 aientibus,
2971 2286 3177 2354 quibus
3201 2286 3258 2341 id
3293 2302 3428 2342 con-

1847 2366 2068 2421 ﬁciam:
2110 2368 2352 2437 suppetit
2386 2378 2567 2424 tamen
2607 2372 2814 2440 ncg‘ans
2869 2373 3028 2439 illud,
3081 2376 3230 2445 quod
3291 2391 3431 2431 non-

1846 2459 2054 2513 nullam
2093 2459 2258 2516 iaciat
2306 2462 2625 2532 opinionem
2672 2464 2863 2518 saltem
2910 2465 3109 2520 levem.
3139 2467 3273 2522 Nam
3301 2483 3428 2523 cum

1845 2549 2081 2623 Cyrillus
2119 2561 2233 2608 tum
2268 2553 2324 2608 in
2367 2555 2596 2624 epistola
2635 2556 2818 2622 tertia,
2857 2564 2970 2612 tum
3002 2556 3059 2612 in
3083 2574 3251 2624 nono,
3280 2557 3428 2630 quod

1845 2643 2092 2712 epistola:
2127 2645 2430 2714 subiunxit,
2475 2646 2738 2716 capitulo,
2788 2656 2977 2718 aperte
2995 2648 3160 2703 ~satis
3211 2665 3431 2720 proces-

1847 2734 2059 2790 sionem
2103 2735 2344 2806 Spiritus
2381 2739 2556 2792 sancti
2601 2755 2632 2794 a
2662 2739 2804 2794 Filio
2847 2739 3196 2805 asseruisset,
3236 2741 3431 2796 Nesto-

1847 2827 1965 2884 rius
2003 2835 2193 2884 contra
2220 2829 2360 2885 nihil
2389 2830 2689 2900 quidquam
2722 2831 2776 2884 in
2812 2832 3289 2887 anathematismis
3313 2833 3430 2889 suis

1846 2918 2050 2988 objecit
2077 2938 2090 2973 :
2122 2921 2316 2974 solitus
2344 2930 2527 2975 tamen
2568 2921 2779 2975 minuta
2839 2937 3092 2992 quaeque,
3145 2923 3191 2977 si
3238 2923 3431 2994 displi.

1847 3018 1993 3075 cent,
2053 3011 2469 3082 perstringere;
2523 3012 2633 3065 imo
2676 3011 2999 3081 perplexum
3042 3012 3304 3082 quiddam
3361 3013 3430 3070 de
3524 3083 3532 3089 1

1855 3102 2100 3175 μεσιτείᾳ
2133 3103 2369 3173 quadam
2399 3103 2638 3173 Spiritus
2666 3105 2860 3169 sancti,
2886 3119 3008 3174 qua:
3045 3105 3119 3160 sit
3152 3106 3219 3160 ad
3255 3105 3430 3162 Deum

1855 3150 2100 3175 επηηητ
2136 3150 2369 3173 ηιμ-η---
2399 3150 2636 3173 cr---“
2666 3150 2860 3169 wn",
2929 3150 3008 3159 ..η
3046 3150 3119 3160 η.-
3152 3150 3219 3160 ....
3255 3150 3429 3162 νη...

1771 3150 1818 3214 c
1849 3193 2112 3259 Verbum,
2151 3194 2397 3264 loquitur
2424 3212 2435 3248 :
2459 3193 2604 3265 quod
2641 3194 2861 3251 trahere
2889 3150 3088 3265 posset
3121 3196 3319 3267 aliquis
3359 3199 3429 3254 ad

1848 3284 2174 3340 sententiam
2197 3286 2422 3340 Patrum
2449 3285 2814 3341 asserentium
2842 3302 2872 3340 a
2897 3285 3058 3342 Patre
3087 3302 3187 3358 per
3203 3288 3427 3354 Filium,

1846 3377 2001 3448 quasi
2034 3392 2134 3448 per
2168 3376 2433 3442 medium,
2482 3375 2750 3446 Spiritum
2807 3382 3059 3432 sanctum
3103 3376 3426 3447 procedere.

1847 3471 1983 3527 Vide
2029 3470 2315 3527 Petavium
2360 3462 2494 3527 toni.
2543 3470 2585 3525 ll
2626 3470 2949 3542 Dogmatum
3001 3468 3098 3526 lib.
3133 3484 3235 3539 vn,
3277 3486 3326 3525 c.
3360 3471 3428 3538 6,

1849 3577 2006 3616 num.
2053 3561 2107 3617 5.

1915 3655 2060 3711 XIX.
2093 3654 2402 3725 Antequam
2431 3655 2749 3724 imponatur
2780 3653 2906 3711 linis
2932 3653 3066 3710 huic
3086 3653 3274 3726 capiti,
3306 3668 3432 3710 mo.

1847 3746 2062 3802 nendus
2099 3754 2184 3801 est
2227 3746 2482 3801 curiosus
2514 3761 2699 3801 rerum
2743 3747 3242 3803 ecclesiasticarum
3275 3759 3429 3802 scru-

1847 3846 1994 3893 tator
2022 3837 2090 3892 de
2116 3836 2202 3893 bis
2239 3845 2479 3909 quatuor
2499 3837 2766 3893 attentius
2793 3837 3174 3894 observandis.

1917 3930 2037 3986 XX.
2073 3929 2317 3985 Primum
2374 3939 2490 3995 est,
2531 3945 2562 3984 a
2624 3929 2995 3996 Theodoreto,
3052 3931 3099 3986 si
3149 3931 3431 3988 credimus

1847 4024 2104 4080 Liberato
2124 4023 2286 4078 simul
2318 4030 2374 4077 et
2404 4021 2807 4078 recentioribus
2834 4021 3059 4086 Graecis,
3093 4031 3268 4078 sectas
3292 4024 3432 4079 duas

1847 4118 2116 4188 originem
2160 4115 2428 4170 duxisse:
2473 4114 2703 4169 alteram
2751 4111 3158 4181 Acephalorum
3211 4112 3276 4178 tt,
3317 4128 3432 4172 non

1847 4209 2416 4268 nominatisslmorum
2475 4204 2698 4275 quidem
2759 4203 3003 4268 illorum,
3066 4204 3162 4275 qui
3223 4205 3432 4275 passim

1850 4309 2250 4364 memorantur,
2303 4297 2400 4354 sed
2442 4307 2678 4369 quorum
2709 4291 3000 4350 Liberatus
3040 4295 3295 4352 meminit
3343 4297 3427 4365 ης

1849 4397 2076 4452 alteram
2113 4390 2429 4447 Graecorum
2487 4388 2556 4443 de
2604 4385 2958 4458 processione
2987 4385 3230 4458 Spiritus
3256 4391 3432 4447 sancti

1775 4507 1820 4569 υ
1851 4505 1959 4546 non
1991 4485 2298 4543 orthodoxe
2337 4475 2719 4538 sentientium.

1915 4593 2059 4657 XXI.
2117 4594 2438 4660 Secundum,
2489 4591 2546 4650 id
2588 4606 2880 4649 commune
2912 4591 3081 4650 fuisse
3113 4594 3212 4649 toti
3247 4593 3430 4650 Theo-

1846 4695 1966 4751 dori
2013 4689 2380 4763 Mopsuesteni
2424 4687 2644 4753 scholae,
2677 4694 2950 4757 utparum
2971 4695 3130 4743 acute
3153 4687 3430 4745 discreve-

1847 4787 1958 4843 rint
1995 4783 2366 4841 diﬂcrentiam
2415 4779 2672 4838 catholici
2717 4779 2990 4850 dogmatis
3026 4779 3096 4834 ab
3126 4779 3429 4845 haeretica;

1847 4879 1894 4934 si
1937 4875 2180 4949 quando,
2209 4881 2270 4930 ut
2295 4872 2378 4939 iit,
2402 4886 2514 4927 non
2545 4886 2605 4925 re
2632 4870 2879 4942 quidem,
2908 4870 3003 4926 sed
3026 4869 3275 4938 vocibus,
3298 4887 3428 4942 par-

1847 4985 1977 5025 vum
2010 4958 2306 5022 discrimen
2345 4963 2575 5020 exstitit.

1917 5052 1977 5117 id
2024 5075 2126 5132 ego
2160 5057 2368 5115 factum
2415 5070 2542 5110 reor
2582 5068 2696 5126 prae
2721 5053 2998 5125 superbia,
3026 5053 3122 5124 qui
3144 5053 3430 5110 character

1848 5154 2077 5226 hujusce
2115 5150 2316 5208 scholae
2347 5167 2360 5202 :
2399 5162 2527 5204 nam
2552 5153 2610 5202 et
2645 5143 2822 5201 videri
2849 5143 3107 5200 volebant
3127 5158 3240 5214 pra:
3259 5149 3426 5199 cate-

1847 5244 1928 5301 ris
1957 5257 2171 5314 sapere,
2209 5247 2268 5298 et
2305 5244 2554 5294 veterum
2596 5235 2770 5293 libros
2798 5233 3248 5300 contemnebant,
3276 5229 3423 5304 quod

1848 5331 1917 5391 de
1944 5333 2197 5390 Nestorio
2229 5329 2484 5387 Socrates
2519 5326 2757 5400 scripsit.

1497 5491 1812 5553 SCHULZII
1847 5489 2080 5550 NOTAE.

221 5647 266 5679 “
305 5646 414 5701 Sed
439 5645 684 5702 dubitari
719 5653 905 5716 posset
932 5645 999 5701 de
1032 5645 1264 5716 veritate
1293 5638 1548 5716 lectionis
1587 5638 1645 5691 in
1675 5632 1814 5716 locis
1859 5633 1989 5698 illis,
2044 5629 2136 5716 ubi
2158 5701 2171 5714 ο
2203 5629 2305 5716 vel,
2346 5617 3428 5716 esclusive“velnueglatffenlgfgtlgfﬂr

146 5717 350 5773 oratio.
372 5715 1092 5788 Exemplumgdedimusad
1117 5715 1145 5786 §
1175 5717 1226 5788 ἵ,

146 5770 650 5846 ἁέῗέὶι’ἀεῙ-ἐι3ῐξ”¹³
678 5770 802 5843 vn;
821 5770 880 5842 1.
909 5786 954 5842 ιι
976 5770 1143 5857 Opp."
1177 5783 1334 5840 Marii
1362 5781 1612 5845 Mercat.,
1662 5792 1713 5847 ιτ.
1747 5773 1890 5840 an,
1939 5772 2073 5828 edit.
2110 5770 2276 5828 δέπαι

146 5857 440 5919 Breviarii.

1308 5688 1645 5767 Fugaci;
1674 5688 1818 5760 viam
1853 5688 2102 5758 nonnulli
2158 5699 2411 5770 ingressi
2440 5704 2590 5770 sunt,
2635 5700 2696 5748 ut
2738 5688 3089 5770 Theodortnn
3123 5688 3425 5770 hiopsttest:

2380 5767 2422 5799 “
2453 5757 2585 5823 Vid.‘
2629 5780 2816 5836 supra,
2853 5779 2906 5834 p.
2959 5762 3079 5817 l69.
3159 5757 3362 5830 "’Cap.
3397 5761 3430 5813 9
