  <div class='ocr_page' id='page_1' title='image "/cluster/home/n/w/nwhite01/storage/ocr_20150623/84/pst.000005712830/207.png"; bbox 0 0 3956 6298; ppageno 0'>
   <div class='ocr_carea' id='block_1_1' title="bbox 494 337 622 404">
    <p class='ocr_par' dir='ltr' id='par_1_1' title="bbox 494 337 622 404">
     <span class='ocr_line' id='line_1_1' title="bbox 494 337 622 404; baseline 0 0"><span class='ocrx_word' id='word_1_1' title='bbox 494 337 622 404; x_wconf 69' lang='grc'><strong>’⁵300</strong></span> 
     </span>
    </p>
   </div>
   <div class='ocr_carea' id='block_1_2' title="bbox 1600 316 2658 386">
    <p class='ocr_par' dir='ltr' id='par_1_2' title="bbox 1600 316 2658 386">
     <span class='ocr_line' id='line_1_2' title="bbox 1600 316 2658 386; baseline -0.006 0"><span class='ocrx_word' id='word_1_2' title='bbox 1600 325 1975 386; x_wconf 78' lang='lat' dir='ltr'><strong>GARNERII</strong></span> <span class='ocrx_word' id='word_1_3' title='bbox 2009 316 2505 384; x_wconf 79' lang='lat' dir='ltr'><strong>DISSERTATIO</strong></span> <span class='ocrx_word' id='word_1_4' title='bbox 2544 320 2658 380; x_wconf 86' lang='lat' dir='ltr'><strong>IlI.</strong></span> 
     </span>
    </p>
   </div>
   <div class='ocr_carea' id='block_1_3' title="bbox 3664 318 3783 383">
    <p class='ocr_par' dir='ltr' id='par_1_3' title="bbox 3664 318 3783 383">
     <span class='ocr_line' id='line_1_3' title="bbox 3664 318 3783 383; baseline 0 0"><span class='ocrx_word' id='word_1_5' title='bbox 3664 318 3783 383; x_wconf 57' lang='lat'><strong>{09</strong></span> 
     </span>
    </p>
   </div>
   <div class='ocr_carea' id='block_1_4' title="bbox 587 435 3783 525">
    <p class='ocr_par' dir='ltr' id='par_1_4' title="bbox 587 435 3783 525">
     <span class='ocr_line' id='line_1_4' title="bbox 587 435 3783 525; baseline -0.003 -22"><span class='ocrx_word' id='word_1_6' title='bbox 587 450 751 525; x_wconf 60' lang='grc' dir='ltr'>ω</span> <span class='ocrx_word' id='word_1_7' title='bbox 781 444 1162 505; x_wconf 80' lang='lat' dir='ltr'><strong>Theodoretus</strong></span> <span class='ocrx_word' id='word_1_8' title='bbox 1186 448 1337 497; x_wconf 83' lang='lat' dir='ltr'><strong>certe</strong></span> <span class='ocrx_word' id='word_1_9' title='bbox 1365 439 1567 509; x_wconf 56' lang='lat' dir='ltr'><strong>sapius</strong></span> <span class='ocrx_word' id='word_1_10' title='bbox 1619 440 1724 495; x_wconf 90' lang='lat' dir='ltr'><strong>hoc</strong></span> <span class='ocrx_word' id='word_1_11' title='bbox 1766 439 1907 494; x_wconf 84' lang='lat' dir='ltr'><strong>vitio</strong></span> <span class='ocrx_word' id='word_1_12' title='bbox 1939 437 2089 492; x_wconf 87' lang='lat' dir='ltr'><strong>labo-</strong></span> <span class='ocrx_word' id='word_1_13' title='bbox 2117 450 2162 508; x_wconf 69' lang='grc' dir='ltr'><strong>Α</strong></span> <span class='ocrx_word' id='word_1_14' title='bbox 2192 444 2375 491; x_wconf 88' lang='lat' dir='ltr'><strong>autem</strong></span> <span class='ocrx_word' id='word_1_15' title='bbox 2418 452 2526 490; x_wconf 83' lang='lat' dir='ltr'><strong>una</strong></span> <span class='ocrx_word' id='word_1_16' title='bbox 2564 435 2783 491; x_wconf 83' lang='lat' dir='ltr'><strong>videtur</strong></span> <span class='ocrx_word' id='word_1_17' title='bbox 2825 453 2948 494; x_wconf 81' lang='lat' dir='ltr'><strong>esse</strong></span> <span class='ocrx_word' id='word_1_18' title='bbox 2990 438 3311 502; x_wconf 76' lang='lat' dir='ltr'><strong>amborum,</strong></span> <span class='ocrx_word' id='word_1_19' title='bbox 3351 435 3597 506; x_wconf 79' lang='lat' dir='ltr'><strong>magistri</strong></span> <span class='ocrx_word' id='word_1_20' title='bbox 3644 436 3783 493; x_wconf 86' lang='lat' dir='ltr'><strong>dico</strong></span> 
     </span>
    </p>
   </div>
   <div class='ocr_carea' id='block_1_5' title="bbox 520 527 2090 609">
    <p class='ocr_par' dir='ltr' id='par_1_5' title="bbox 520 527 2090 609">
     <span class='ocr_line' id='line_1_5' title="bbox 520 527 2090 609; baseline -0.011 -7"><span class='ocrx_word' id='word_1_21' title='bbox 520 544 698 603; x_wconf 79' lang='lat' dir='ltr'><strong>nvit:</strong></span> <span class='ocrx_word' id='word_1_22' title='bbox 728 540 877 598; x_wconf 76' lang='lat' dir='ltr'><strong>unde</strong></span> <span class='ocrx_word' id='word_1_23' title='bbox 929 535 1119 609; x_wconf 86' lang='lat' dir='ltr'><strong>Cyrilli</strong></span> <span class='ocrx_word' id='word_1_24' title='bbox 1172 532 1476 589; x_wconf 79' lang='lat' dir='ltr'><strong>sententias</strong></span> <span class='ocrx_word' id='word_1_25' title='bbox 1526 531 1685 598; x_wconf 76' lang='lat' dir='ltr'><strong>duas,</strong></span> <span class='ocrx_word' id='word_1_26' title='bbox 1735 530 1805 586; x_wconf 89' lang='lat' dir='ltr'><strong>de</strong></span> <span class='ocrx_word' id='word_1_27' title='bbox 1853 527 2090 600; x_wconf 73' lang='lat' dir='ltr'><strong>Spiritus</strong></span> 
     </span>
    </p>
   </div>
   <div class='ocr_carea' id='block_1_6' title="bbox 519 620 2093 708">
    <p class='ocr_par' dir='ltr' id='par_1_6' title="bbox 519 620 2093 708">
     <span class='ocr_line' id='line_1_6' title="bbox 519 620 2093 708; baseline -0.013 -13"><span class='ocrx_word' id='word_1_28' title='bbox 519 635 696 695; x_wconf 68' lang='lat' dir='ltr'><strong>misti</strong></span> <span class='ocrx_word' id='word_1_29' title='bbox 745 629 1100 704; x_wconf 71' lang='lat' dir='ltr'><strong>processimus</strong></span> <span class='ocrx_word' id='word_1_30' title='bbox 1140 634 1202 683; x_wconf 88' lang='lat' dir='ltr'><strong>et</strong></span> <span class='ocrx_word' id='word_1_31' title='bbox 1244 625 1317 682; x_wconf 88' lang='lat' dir='ltr'><strong>de</strong></span> <span class='ocrx_word' id='word_1_32' title='bbox 1352 624 1731 681; x_wconf 73' lang='lat' dir='ltr'><strong>incarnatione</strong></span> <span class='ocrx_word' id='word_1_33' title='bbox 1766 620 1950 708; x_wconf 68' lang='lat' dir='ltr'><strong>Verbi,</strong></span> <span class='ocrx_word' id='word_1_34' title='bbox 1981 621 2093 676; x_wconf 83' lang='lat' dir='ltr'><strong>bae-</strong></span> 
     </span>
    </p>
   </div>
   <div class='ocr_carea' id='block_1_7' title="bbox 520 713 2089 792">
    <p class='ocr_par' dir='ltr' id='par_1_7' title="bbox 520 713 2089 792">
     <span class='ocr_line' id='line_1_7' title="bbox 520 713 2089 792; baseline -0.013 -4"><span class='ocrx_word' id='word_1_35' title='bbox 520 729 817 788; x_wconf 79' lang='lat' dir='ltr'><strong>reticortlm</strong></span> <span class='ocrx_word' id='word_1_36' title='bbox 862 718 1222 792; x_wconf 85' lang='lat' dir='ltr'><strong>blasphemiis</strong></span> <span class='ocrx_word' id='word_1_37' title='bbox 1265 716 1566 781; x_wconf 77' lang='lat' dir='ltr'><strong>accensuit,</strong></span> <span class='ocrx_word' id='word_1_38' title='bbox 1595 715 1834 785; x_wconf 82' lang='lat' dir='ltr'><strong>priorem</strong></span> <span class='ocrx_word' id='word_1_39' title='bbox 1865 713 2089 784; x_wconf 82' lang='lat' dir='ltr'><strong>quidem</strong></span> 
     </span>
    </p>
   </div>
   <div class='ocr_carea' id='block_1_8' title="bbox 519 806 2093 885">
    <p class='ocr_par' dir='ltr' id='par_1_8' title="bbox 519 806 2093 885">
     <span class='ocr_line' id='line_1_8' title="bbox 519 806 2093 885; baseline -0.013 -8"><span class='ocrx_word' id='word_1_40' title='bbox 519 814 847 882; x_wconf 71' lang='lat' dir='ltr'><strong>Macedonii,</strong></span> <span class='ocrx_word' id='word_1_41' title='bbox 884 811 1251 885; x_wconf 73' lang='lat' dir='ltr'><strong>posteriorem</strong></span> <span class='ocrx_word' id='word_1_42' title='bbox 1300 823 1435 865; x_wconf 88' lang='lat' dir='ltr'><strong>vero</strong></span> <span class='ocrx_word' id='word_1_43' title='bbox 1468 806 1791 877; x_wconf 80' lang='lat' dir='ltr'><strong>Apollinarii</strong></span> <span class='ocrx_word' id='word_1_44' title='bbox 1818 848 1832 874; x_wconf 89' lang='lat'><strong>,</strong></span> <span class='ocrx_word' id='word_1_45' title='bbox 1868 813 2093 874; x_wconf 80' lang='lat' dir='ltr'><strong>prepter</strong></span> 
     </span>
    </p>
   </div>
   <div class='ocr_carea' id='block_1_9' title="bbox 518 895 2093 967">
    <p class='ocr_par' dir='ltr' id='par_1_9' title="bbox 518 895 2093 967">
     <span class='ocr_line' id='line_1_9' title="bbox 518 895 2093 967; baseline -0.012 1"><span class='ocrx_word' id='word_1_46' title='bbox 518 905 839 967; x_wconf 73' lang='lat' dir='ltr'><strong>nonnullam</strong></span> <span class='ocrx_word' id='word_1_47' title='bbox 884 916 1079 961; x_wconf 79' lang='lat' dir='ltr'><strong>vocum</strong></span> <span class='ocrx_word' id='word_1_48' title='bbox 1130 899 1594 958; x_wconf 69' lang='lat' dir='ltr'><strong>communionem.</strong></span> <span class='ocrx_word' id='word_1_49' title='bbox 1646 896 1784 953; x_wconf 77' lang='lat' dir='ltr'><strong>Vide</strong></span> <span class='ocrx_word' id='word_1_50' title='bbox 1826 895 2093 952; x_wconf 86' lang='lat' dir='ltr'><strong>disserta-</strong></span> 
     </span>
    </p>
   </div>
   <div class='ocr_carea' id='block_1_10' title="bbox 510 986 2093 1065">
    <p class='ocr_par' dir='ltr' id='par_1_10' title="bbox 510 986 2093 1065">
     <span class='ocr_line' id='line_1_10' title="bbox 510 986 2093 1065; baseline -0.011 -7"><span class='ocrx_word' id='word_1_51' title='bbox 510 1003 725 1058; x_wconf 67' lang='lat' dir='ltr'><strong>tione.</strong></span> <span class='ocrx_word' id='word_1_52' title='bbox 765 1014 783 1053; x_wconf 81' lang='grc' dir='ltr'><strong><em>ι</em></strong></span> <span class='ocrx_word' id='word_1_53' title='bbox 833 995 904 1052; x_wconf 75' lang='lat' dir='ltr'><strong>sd</strong></span> <span class='ocrx_word' id='word_1_54' title='bbox 953 993 1313 1065; x_wconf 76' lang='lat' dir='ltr'><strong>posteriorem</strong></span> <span class='ocrx_word' id='word_1_55' title='bbox 1341 998 1549 1062; x_wconf 89' lang='lat' dir='ltr'><strong>partem</strong></span> <span class='ocrx_word' id='word_1_56' title='bbox 1581 988 1820 1059; x_wconf 86' lang='lat' dir='ltr'><strong>Operum</strong></span> <span class='ocrx_word' id='word_1_57' title='bbox 1849 988 1919 1042; x_wconf 72' lang='grc' dir='ltr'><strong>Μ.</strong></span> <span class='ocrx_word' id='word_1_58' title='bbox 1950 986 2093 1044; x_wconf 72' lang='lat' dir='ltr'><strong>Mer-</strong></span> 
     </span>
    </p>
   </div>
   <div class='ocr_carea' id='block_1_11' title="bbox 517 1076 2095 1156">
    <p class='ocr_par' dir='ltr' id='par_1_11' title="bbox 517 1076 2095 1156">
     <span class='ocr_line' id='line_1_11' title="bbox 517 1076 2095 1156; baseline -0.013 -5"><span class='ocrx_word' id='word_1_59' title='bbox 517 1092 745 1156; x_wconf 84' lang='lat' dir='ltr'><strong>catoris,</strong></span> <span class='ocrx_word' id='word_1_60' title='bbox 797 1089 893 1145; x_wconf 84' lang='lat' dir='ltr'><strong>ubi</strong></span> <span class='ocrx_word' id='word_1_61' title='bbox 945 1085 1293 1144; x_wconf 81' lang='lat' dir='ltr'><strong>ostendimus</strong></span> <span class='ocrx_word' id='word_1_62' title='bbox 1335 1082 1399 1148; x_wconf 82' lang='lat'><strong>“,</strong></span> <span class='ocrx_word' id='word_1_63' title='bbox 1442 1088 1646 1151; x_wconf 90' lang='lat' dir='ltr'><strong>quanta</strong></span> <span class='ocrx_word' id='word_1_64' title='bbox 1680 1079 1822 1135; x_wconf 83' lang='lat' dir='ltr'><strong>foret</strong></span> <span class='ocrx_word' id='word_1_65' title='bbox 1846 1076 2095 1134; x_wconf 82' lang='lat' dir='ltr'><strong>Maccdo-</strong></span> 
     </span>
    </p>
   </div>
   <div class='ocr_carea' id='block_1_12' title="bbox 519 1171 2095 1251">
    <p class='ocr_par' dir='ltr' id='par_1_12' title="bbox 519 1171 2095 1251">
     <span class='ocr_line' id='line_1_12' title="bbox 519 1171 2095 1251; baseline -0.011 -9"><span class='ocrx_word' id='word_1_66' title='bbox 519 1187 812 1242; x_wconf 81' lang='lat' dir='ltr'><strong>nianorum</strong></span> <span class='ocrx_word' id='word_1_67' title='bbox 826 1188 883 1237; x_wconf 89' lang='lat' dir='ltr'><strong>et</strong></span> <span class='ocrx_word' id='word_1_68' title='bbox 897 1177 1413 1251; x_wconf 81' lang='lat' dir='ltr'><strong>Apollinaristarum</strong></span> <span class='ocrx_word' id='word_1_69' title='bbox 1430 1189 1555 1230; x_wconf 91' lang='lat' dir='ltr'><strong>cum</strong></span> <span class='ocrx_word' id='word_1_70' title='bbox 1577 1171 1874 1229; x_wconf 85' lang='lat' dir='ltr'><strong>Catholieis</strong></span> <span class='ocrx_word' id='word_1_71' title='bbox 1896 1184 2095 1226; x_wconf 78' lang='lat' dir='ltr'><strong>vocum</strong></span> 
     </span>
    </p>
   </div>
   <div class='ocr_carea' id='block_1_13' title="bbox 522 1262 2093 1339">
    <p class='ocr_par' dir='ltr' id='par_1_13' title="bbox 522 1262 2093 1339">
     <span class='ocr_line' id='line_1_13' title="bbox 522 1262 2093 1339; baseline -0.011 -5"><span class='ocrx_word' id='word_1_72' title='bbox 522 1273 858 1339; x_wconf 87' lang='lat' dir='ltr'><strong>communio,</strong></span> <span class='ocrx_word' id='word_1_73' title='bbox 888 1271 992 1329; x_wconf 89' lang='lat' dir='ltr'><strong>etsi</strong></span> <span class='ocrx_word' id='word_1_74' title='bbox 1020 1278 1141 1329; x_wconf 82' lang='lat' dir='ltr'><strong>erat</strong></span> <span class='ocrx_word' id='word_1_75' title='bbox 1170 1282 1366 1338; x_wconf 71' lang='lat' dir='ltr'><strong>magna</strong></span> <span class='ocrx_word' id='word_1_76' title='bbox 1395 1263 1766 1334; x_wconf 78' lang='lat' dir='ltr'><strong>discrepantia</strong></span> <span class='ocrx_word' id='word_1_77' title='bbox 1784 1262 2093 1334; x_wconf 77' lang='lat' dir='ltr'><strong>dogmatis:</strong></span> 
     </span>
    </p>
   </div>
   <div class='ocr_carea' id='block_1_14' title="bbox 521 1355 2098 1439">
    <p class='ocr_par' dir='ltr' id='par_1_14' title="bbox 521 1355 2098 1439">
     <span class='ocr_line' id='line_1_14' title="bbox 521 1355 2098 1439; baseline -0.009 -16"><span class='ocrx_word' id='word_1_78' title='bbox 521 1384 632 1439; x_wconf 90' lang='lat' dir='ltr'><strong>quo</strong></span> <span class='ocrx_word' id='word_1_79' title='bbox 677 1367 825 1421; x_wconf 89' lang='lat' dir='ltr'><strong>enim</strong></span> <span class='ocrx_word' id='word_1_80' title='bbox 871 1362 1119 1418; x_wconf 65' lang='lat' dir='ltr'><strong>haeretici</strong></span> <span class='ocrx_word' id='word_1_81' title='bbox 1170 1359 1248 1413; x_wconf 89' lang='lat' dir='ltr'><strong>illi</strong></span> <span class='ocrx_word' id='word_1_82' title='bbox 1301 1357 1623 1412; x_wconf 84' lang='lat' dir='ltr'><strong>viderentur</strong></span> <span class='ocrx_word' id='word_1_83' title='bbox 1681 1355 1900 1426; x_wconf 81' lang='lat' dir='ltr'><strong>longius</strong></span> <span class='ocrx_word' id='word_1_84' title='bbox 1955 1362 2014 1410; x_wconf 88' lang='lat' dir='ltr'><strong>et</strong></span> <span class='ocrx_word' id='word_1_85' title='bbox 2065 1369 2098 1409; x_wconf 89' lang='lat' dir='ltr'><strong>a</strong></span> 
     </span>
    </p>
   </div>
   <div class='ocr_carea' id='block_1_15' title="bbox 524 1443 2097 1514">
    <p class='ocr_par' dir='ltr' id='par_1_15' title="bbox 524 1443 2097 1514">
     <span class='ocr_line' id='line_1_15' title="bbox 524 1443 2097 1514; baseline -0.009 -2"><span class='ocrx_word' id='word_1_86' title='bbox 524 1455 764 1513; x_wconf 85' lang='lat' dir='ltr'><strong>Sabellio</strong></span> <span class='ocrx_word' id='word_1_87' title='bbox 814 1460 870 1509; x_wconf 90' lang='lat' dir='ltr'><strong>et</strong></span> <span class='ocrx_word' id='word_1_88' title='bbox 926 1468 959 1507; x_wconf 85' lang='lat' dir='ltr'><strong>a</strong></span> <span class='ocrx_word' id='word_1_89' title='bbox 1008 1449 1245 1506; x_wconf 84' lang='lat' dir='ltr'><strong>Pbotino</strong></span> <span class='ocrx_word' id='word_1_90' title='bbox 1296 1445 1578 1511; x_wconf 83' lang='lat' dir='ltr'><strong>recedere,</strong></span> <span class='ocrx_word' id='word_1_91' title='bbox 1640 1446 1695 1501; x_wconf 91' lang='lat' dir='ltr'><strong>in</strong></span> <span class='ocrx_word' id='word_1_92' title='bbox 1739 1459 1838 1501; x_wconf 87' lang='lat' dir='ltr'><strong>sua</strong></span> <span class='ocrx_word' id='word_1_93' title='bbox 1891 1443 2097 1514; x_wconf 84' lang='lat' dir='ltr'><strong>quique</strong></span> 
     </span>
    </p>
   </div>
   <div class='ocr_carea' id='block_1_16' title="bbox 521 1537 1610 1619">
    <p class='ocr_par' dir='ltr' id='par_1_16' title="bbox 521 1537 1610 1619">
     <span class='ocr_line' id='line_1_16' title="bbox 521 1537 1610 1619; baseline -0.015 -14"><span class='ocrx_word' id='word_1_94' title='bbox 521 1547 825 1619; x_wconf 64' lang='lat' dir='ltr'><strong>quaestione</strong></span> <span class='ocrx_word' id='word_1_95' title='bbox 851 1560 950 1615; x_wconf 89' lang='lat' dir='ltr'><strong>per</strong></span> <span class='ocrx_word' id='word_1_96' title='bbox 980 1555 1264 1601; x_wconf 79' lang='lat' dir='ltr'><strong>excessum</strong></span> <span class='ocrx_word' id='word_1_97' title='bbox 1286 1537 1610 1610; x_wconf 87' lang='lat' dir='ltr'><strong>peccabant.</strong></span> 
     </span>
    </p>
   </div>
   <div class='ocr_carea' id='block_1_17' title="bbox 590 1626 2100 1701">
    <p class='ocr_par' dir='ltr' id='par_1_17' title="bbox 590 1626 2100 1701">
     <span class='ocr_line' id='line_1_17' title="bbox 590 1626 2100 1701; baseline -0.007 -8"><span class='ocrx_word' id='word_1_98' title='bbox 590 1638 757 1695; x_wconf 73' lang='lat' dir='ltr'><strong>XXII.</strong></span> <span class='ocrx_word' id='word_1_99' title='bbox 802 1635 1053 1701; x_wconf 78' lang='lat' dir='ltr'><strong>Tertium,</strong></span> <span class='ocrx_word' id='word_1_100' title='bbox 1094 1648 1206 1688; x_wconf 90' lang='lat' dir='ltr'><strong>non</strong></span> <span class='ocrx_word' id='word_1_101' title='bbox 1246 1630 1417 1689; x_wconf 79' lang='lat' dir='ltr'><strong>fuisse</strong></span> <span class='ocrx_word' id='word_1_102' title='bbox 1439 1647 1473 1687; x_wconf 85' lang='lat' dir='ltr'><strong>a</strong></span> <span class='ocrx_word' id='word_1_103' title='bbox 1500 1627 1783 1686; x_wconf 79' lang='lat' dir='ltr'><strong>veteribus</strong></span> <span class='ocrx_word' id='word_1_104' title='bbox 1813 1626 2100 1685; x_wconf 62' lang='lat' dir='ltr'><strong>catholica</strong></span> 
     </span>
    </p>
   </div>
   <div class='ocr_carea' id='block_1_18' title="bbox 522 1718 2098 1795">
    <p class='ocr_par' dir='ltr' id='par_1_18' title="bbox 522 1718 2098 1795">
     <span class='ocr_line' id='line_1_18' title="bbox 522 1718 2098 1795; baseline -0.008 -10"><span class='ocrx_word' id='word_1_105' title='bbox 522 1729 653 1785; x_wconf 78' lang='lat' dir='ltr'><strong>ﬁdei</strong></span> <span class='ocrx_word' id='word_1_106' title='bbox 679 1726 1067 1784; x_wconf 80' lang='lat' dir='ltr'><strong>defensoribus</strong></span> <span class='ocrx_word' id='word_1_107' title='bbox 1099 1722 1373 1795; x_wconf 83' lang='lat' dir='ltr'><strong>objectam</strong></span> <span class='ocrx_word' id='word_1_108' title='bbox 1408 1719 1756 1777; x_wconf 81' lang='lat' dir='ltr'><strong>Theodoreto</strong></span> <span class='ocrx_word' id='word_1_109' title='bbox 1778 1718 2098 1775; x_wconf 84' lang='lat' dir='ltr'><strong>societatem</strong></span> 
     </span>
    </p>
   </div>
   <div class='ocr_carea' id='block_1_19' title="bbox 2191 526 3782 600">
    <p class='ocr_par' dir='ltr' id='par_1_19' title="bbox 2191 526 3782 600">
     <span class='ocr_line' id='line_1_19' title="bbox 2191 526 3782 600; baseline 0.001 -18"><span class='ocrx_word' id='word_1_110' title='bbox 2191 537 2249 582; x_wconf 89' lang='lat' dir='ltr'><strong>et</strong></span> <span class='ocrx_word' id='word_1_111' title='bbox 2278 526 2558 597; x_wconf 80' lang='lat' dir='ltr'><strong>discipuli,</strong></span> <span class='ocrx_word' id='word_1_112' title='bbox 2587 543 2786 585; x_wconf 86' lang='lat' dir='ltr'><strong>causa:</strong></span> <span class='ocrx_word' id='word_1_113' title='bbox 2825 546 2997 600; x_wconf 85' lang='lat' dir='ltr'><strong>quare</strong></span> <span class='ocrx_word' id='word_1_114' title='bbox 3026 537 3124 586; x_wconf 76' lang='lat' dir='ltr'><strong>aut</strong></span> <span class='ocrx_word' id='word_1_115' title='bbox 3144 537 3379 599; x_wconf 87' lang='lat' dir='ltr'><strong>uterque</strong></span> <span class='ocrx_word' id='word_1_116' title='bbox 3399 528 3782 593; x_wconf 66' lang='lat' dir='ltr'><strong>excusandus,</strong></span> 
     </span>
    </p>
   </div>
   <div class='ocr_carea' id='block_1_20' title="bbox 2192 617 3787 688">
    <p class='ocr_par' dir='ltr' id='par_1_20' title="bbox 2192 617 3787 688">
     <span class='ocr_line' id='line_1_20' title="bbox 2192 617 3787 688; baseline 0.001 -16"><span class='ocrx_word' id='word_1_117' title='bbox 2192 625 2286 672; x_wconf 91' lang='lat' dir='ltr'><strong>aut</strong></span> <span class='ocrx_word' id='word_1_118' title='bbox 2306 626 2538 688; x_wconf 89' lang='lat' dir='ltr'><strong>uterque</strong></span> <span class='ocrx_word' id='word_1_119' title='bbox 2566 618 2927 674; x_wconf 84' lang='lat' dir='ltr'><strong>damnandus.</strong></span> <span class='ocrx_word' id='word_1_120' title='bbox 2960 620 3095 675; x_wconf 86' lang='lat' dir='ltr'><strong>Nam</strong></span> <span class='ocrx_word' id='word_1_121' title='bbox 3117 635 3272 675; x_wconf 82' lang='lat' dir='ltr'><strong>suam</strong></span> <span class='ocrx_word' id='word_1_122' title='bbox 3292 617 3527 688; x_wconf 82' lang='lat' dir='ltr'><strong>quisque</strong></span> <span class='ocrx_word' id='word_1_123' title='bbox 3552 629 3787 674; x_wconf 71' lang='lat' dir='ltr'><strong>sentcn-</strong></span> 
     </span>
    </p>
   </div>
   <div class='ocr_carea' id='block_1_21' title="bbox 2192 710 3787 782">
    <p class='ocr_par' dir='ltr' id='par_1_21' title="bbox 2192 710 3787 782">
     <span class='ocr_line' id='line_1_21' title="bbox 2192 710 3787 782; baseline -0.002 -15"><span class='ocrx_word' id='word_1_124' title='bbox 2192 712 2326 767; x_wconf 83' lang='lat' dir='ltr'><strong>tiam</strong></span> <span class='ocrx_word' id='word_1_125' title='bbox 2341 719 2397 766; x_wconf 89' lang='lat' dir='ltr'><strong>et</strong></span> <span class='ocrx_word' id='word_1_126' title='bbox 2420 710 2614 767; x_wconf 87' lang='lat' dir='ltr'><strong>iisdem</strong></span> <span class='ocrx_word' id='word_1_127' title='bbox 2632 711 2817 768; x_wconf 84' lang='lat' dir='ltr'><strong>verbis</strong></span> <span class='ocrx_word' id='word_1_128' title='bbox 2831 711 3077 782; x_wconf 79' lang='lat' dir='ltr'><strong>exponit,</strong></span> <span class='ocrx_word' id='word_1_129' title='bbox 3102 710 3366 768; x_wconf 84' lang='lat' dir='ltr'><strong>eteodem</strong></span> <span class='ocrx_word' id='word_1_130' title='bbox 3378 710 3684 780; x_wconf 62' lang='lat' dir='ltr'><strong>Scriptura!</strong></span> <span class='ocrx_word' id='word_1_131' title='bbox 3698 716 3787 764; x_wconf 69' lang='lat' dir='ltr'><strong>te~</strong></span> 
     </span>
    </p>
   </div>
   <div class='ocr_carea' id='block_1_22' title="bbox 2194 800 3791 869">
    <p class='ocr_par' dir='ltr' id='par_1_22' title="bbox 2194 800 3791 869">
     <span class='ocr_line' id='line_1_22' title="bbox 2194 800 3791 869; baseline 0 -12"><span class='ocrx_word' id='word_1_132' title='bbox 2194 801 2456 857; x_wconf 84' lang='lat' dir='ltr'><strong>stimonio</strong></span> <span class='ocrx_word' id='word_1_133' title='bbox 2471 800 2778 857; x_wconf 80' lang='lat' dir='ltr'><strong>conﬁrmat.</strong></span> <span class='ocrx_word' id='word_1_134' title='bbox 2804 821 2823 853; x_wconf 76' lang='grc' dir='ltr'><strong><em>ι</em></strong></span> <span class='ocrx_word' id='word_1_135' title='bbox 2843 802 3043 858; x_wconf 75' lang='lat' dir='ltr'><strong>Annon</strong></span> <span class='ocrx_word' id='word_1_136' title='bbox 3057 801 3405 865; x_wconf 83' lang='lat' dir='ltr'><strong>Theodorus,</strong></span> <span class='ocrx_word' id='word_1_137' title='bbox 3437 800 3616 869; x_wconf 80' lang='lat' dir='ltr'><strong>inquit</strong></span> <span class='ocrx_word' id='word_1_138' title='bbox 3642 815 3791 857; x_wconf 70' lang='lat' dir='ltr'><strong>eru—</strong></span> 
     </span>
    </p>
   </div>
   <div class='ocr_carea' id='block_1_23' title="bbox 2194 892 3788 965">
    <p class='ocr_par' dir='ltr' id='par_1_23' title="bbox 2194 892 3788 965">
     <span class='ocr_line' id='line_1_23' title="bbox 2194 892 3788 965; baseline 0.001 -18"><span class='ocrx_word' id='word_1_139' title='bbox 2194 892 2344 950; x_wconf 90' lang='lat' dir='ltr'><strong>ditus</strong></span> <span class='ocrx_word' id='word_1_140' title='bbox 2372 893 2646 960; x_wconf 82' lang='lat' dir='ltr'><strong>defensor,</strong></span> <span class='ocrx_word' id='word_1_141' title='bbox 2682 895 2922 965; x_wconf 90' lang='lat' dir='ltr'><strong>Spiritus</strong></span> <span class='ocrx_word' id='word_1_142' title='bbox 2944 895 3118 951; x_wconf 82' lang='lat' dir='ltr'><strong>sancti</strong></span> <span class='ocrx_word' id='word_1_143' title='bbox 3148 892 3788 950; x_wconf 67' lang='lat' dir='ltr'><strong>consubstantialitaten</strong></span> 
     </span>
    </p>
   </div>
   <div class='ocr_carea' id='block_1_24' title="bbox 2195 984 3786 1044">
    <p class='ocr_par' dir='ltr' id='par_1_24' title="bbox 2195 984 3786 1044">
     <span class='ocr_line' id='line_1_24' title="bbox 2195 984 3786 1044; baseline -0.003 -2"><span class='ocrx_word' id='word_1_144' title='bbox 2195 1002 2320 1043; x_wconf 89' lang='lat' dir='ltr'><strong>cum</strong></span> <span class='ocrx_word' id='word_1_145' title='bbox 2340 987 2500 1043; x_wconf 85' lang='lat' dir='ltr'><strong>Patre</strong></span> <span class='ocrx_word' id='word_1_146' title='bbox 2526 987 2726 1044; x_wconf 82' lang='lat' dir='ltr'><strong>docet?</strong></span> <span class='ocrx_word' id='word_1_147' title='bbox 2751 1006 2769 1040; x_wconf 70' lang='grc' dir='ltr'><strong><em>ο</em></strong></span> <span class='ocrx_word' id='word_1_148' title='bbox 2806 987 2876 1043; x_wconf 79' lang='lat' dir='ltr'><strong>At</strong></span> <span class='ocrx_word' id='word_1_149' title='bbox 2891 988 2998 1044; x_wconf 87' lang='lat' dir='ltr'><strong>hoc</strong></span> <span class='ocrx_word' id='word_1_150' title='bbox 3016 988 3179 1044; x_wconf 89' lang='lat' dir='ltr'><strong>docet</strong></span> <span class='ocrx_word' id='word_1_151' title='bbox 3191 988 3356 1043; x_wconf 87' lang='lat' dir='ltr'><strong>etiam</strong></span> <span class='ocrx_word' id='word_1_152' title='bbox 3373 984 3786 1040; x_wconf 64' lang='lat' dir='ltr'><strong>Theodoreus.</strong></span> 
     </span>
    </p>
   </div>
   <div class='ocr_carea' id='block_1_25' title="bbox 2205 1076 3789 1149">
    <p class='ocr_par' dir='ltr' id='par_1_25' title="bbox 2205 1076 3789 1149">
     <span class='ocr_line' id='line_1_25' title="bbox 2205 1076 3789 1149; baseline 0 -19"><span class='ocrx_word' id='word_1_153' title='bbox 2205 1096 2223 1130; x_wconf 76' lang='grc' dir='ltr'>ι</span> <span class='ocrx_word' id='word_1_154' title='bbox 2244 1076 2463 1144; x_wconf 79' lang='lat' dir='ltr'><strong>Annon,</strong></span> <span class='ocrx_word' id='word_1_155' title='bbox 2501 1078 2674 1145; x_wconf 88' lang='lat' dir='ltr'><strong>addit,</strong></span> <span class='ocrx_word' id='word_1_156' title='bbox 2707 1079 3038 1135; x_wconf 82' lang='lat' dir='ltr'><strong>Theodorus</strong></span> <span class='ocrx_word' id='word_1_157' title='bbox 3049 1094 3306 1149; x_wconf 77' lang='lat' dir='ltr'><strong>expresse</strong></span> <span class='ocrx_word' id='word_1_158' title='bbox 3323 1076 3565 1133; x_wconf 72' lang='lat' dir='ltr'><strong>declarat</strong></span> <span class='ocrx_word' id='word_1_159' title='bbox 3592 1091 3651 1131; x_wconf 83' lang='lat' dir='ltr'><strong>se</strong></span> <span class='ocrx_word' id='word_1_160' title='bbox 3673 1077 3789 1131; x_wconf 85' lang='lat' dir='ltr'><strong>ad-</strong></span> 
     </span>
    </p>
   </div>
   <div class='ocr_carea' id='block_1_26' title="bbox 2196 1166 3789 1240">
    <p class='ocr_par' dir='ltr' id='par_1_26' title="bbox 2196 1166 3789 1240">
     <span class='ocr_line' id='line_1_26' title="bbox 2196 1166 3789 1240; baseline -0.001 -17"><span class='ocrx_word' id='word_1_161' title='bbox 2196 1183 2496 1225; x_wconf 85' lang='lat' dir='ltr'><strong>versuseos</strong></span> <span class='ocrx_word' id='word_1_162' title='bbox 2505 1169 2808 1240; x_wconf 84' lang='lat' dir='ltr'><strong>disputare,</strong></span> <span class='ocrx_word' id='word_1_163' title='bbox 2824 1170 2920 1240; x_wconf 89' lang='lat' dir='ltr'><strong>qui</strong></span> <span class='ocrx_word' id='word_1_164' title='bbox 2933 1169 3200 1240; x_wconf 89' lang='lat' dir='ltr'><strong>Spiritum</strong></span> <span class='ocrx_word' id='word_1_165' title='bbox 3210 1178 3462 1224; x_wconf 82' lang='lat' dir='ltr'><strong>sanctum</strong></span> <span class='ocrx_word' id='word_1_166' title='bbox 3480 1166 3535 1220; x_wconf 89' lang='lat' dir='ltr'><strong>in</strong></span> <span class='ocrx_word' id='word_1_167' title='bbox 3551 1172 3789 1221; x_wconf 75' lang='lat' dir='ltr'><strong>creatu-</strong></span> 
     </span>
    </p>
   </div>
   <div class='ocr_carea' id='block_1_27' title="bbox 2198 1257 3792 1330">
    <p class='ocr_par' dir='ltr' id='par_1_27' title="bbox 2198 1257 3792 1330">
     <span class='ocr_line' id='line_1_27' title="bbox 2198 1257 3792 1330; baseline -0.001 -17"><span class='ocrx_word' id='word_1_168' title='bbox 2198 1274 2385 1315; x_wconf 86' lang='lat' dir='ltr'><strong>rarum</strong></span> <span class='ocrx_word' id='word_1_169' title='bbox 2410 1265 2428 1279; x_wconf 87' lang='lat'><strong>&#39;</strong></span> <span class='ocrx_word' id='word_1_170' title='bbox 2450 1276 2678 1316; x_wconf 86' lang='lat' dir='ltr'><strong>numero</strong></span> <span class='ocrx_word' id='word_1_171' title='bbox 2692 1260 3014 1318; x_wconf 79' lang='lat' dir='ltr'><strong>censerent?</strong></span> <span class='ocrx_word' id='word_1_172' title='bbox 3035 1280 3053 1313; x_wconf 76' lang='grc' dir='ltr'><strong><em>ι</em></strong></span> <span class='ocrx_word' id='word_1_173' title='bbox 3076 1261 3146 1316; x_wconf 91' lang='lat' dir='ltr'><strong>Et</strong></span> <span class='ocrx_word' id='word_1_174' title='bbox 3163 1260 3217 1315; x_wconf 91' lang='lat' dir='ltr'><strong>id</strong></span> <span class='ocrx_word' id='word_1_175' title='bbox 3236 1258 3352 1330; x_wconf 90' lang='lat' dir='ltr'><strong>ipse</strong></span> <span class='ocrx_word' id='word_1_176' title='bbox 3366 1273 3583 1329; x_wconf 62' lang='lat' dir='ltr'><strong>quoque</strong></span> <span class='ocrx_word' id='word_1_177' title='bbox 3599 1257 3792 1312; x_wconf 83' lang='lat' dir='ltr'><strong>Theo-</strong></span> 
     </span>
    </p>
   </div>
   <div class='ocr_carea' id='block_1_28' title="bbox 2202 1348 3788 1421">
    <p class='ocr_par' dir='ltr' id='par_1_28' title="bbox 2202 1348 3788 1421">
     <span class='ocr_line' id='line_1_28' title="bbox 2202 1348 3788 1421; baseline -0.003 -16"><span class='ocrx_word' id='word_1_178' title='bbox 2202 1348 2431 1405; x_wconf 88' lang='lat' dir='ltr'><strong>doretus</strong></span> <span class='ocrx_word' id='word_1_179' title='bbox 2472 1349 2736 1416; x_wconf 78' lang='lat' dir='ltr'><strong>declarat,</strong></span> <span class='ocrx_word' id='word_1_180' title='bbox 2786 1359 2843 1406; x_wconf 92' lang='lat' dir='ltr'><strong>et</strong></span> <span class='ocrx_word' id='word_1_181' title='bbox 2888 1350 3113 1421; x_wconf 85' lang='lat' dir='ltr'><strong>quidem</strong></span> <span class='ocrx_word' id='word_1_182' title='bbox 3162 1350 3532 1421; x_wconf 61' lang='lat' dir='ltr'><strong>apertioribus</strong></span> <span class='ocrx_word' id='word_1_183' title='bbox 3556 1348 3788 1405; x_wconf 85' lang='lat' dir='ltr'><strong>verbis:</strong></span> 
     </span>
    </p>
   </div>
   <div class='ocr_carea' id='block_1_29' title="bbox 2207 1440 3791 1513">
    <p class='ocr_par' dir='ltr' id='par_1_29' title="bbox 2207 1440 3791 1513">
     <span class='ocr_line' id='line_1_29' title="bbox 2207 1440 3791 1513; baseline 0.001 -18"><span class='ocrx_word' id='word_1_184' title='bbox 2207 1461 2225 1494; x_wconf 75' lang='lat' dir='ltr'><strong>r</strong></span> <span class='ocrx_word' id='word_1_185' title='bbox 2259 1440 2525 1512; x_wconf 81' lang='lat' dir='ltr'><strong>Spiritum</strong></span> <span class='ocrx_word' id='word_1_186' title='bbox 2544 1442 2668 1497; x_wconf 87' lang='lat' dir='ltr'><strong>Filii</strong></span> <span class='ocrx_word' id='word_1_187' title='bbox 2692 1443 2987 1513; x_wconf 77' lang='lat' dir='ltr'><strong>appellavit</strong></span> <span class='ocrx_word' id='word_1_188' title='bbox 3022 1443 3339 1513; x_wconf 77' lang='lat' dir='ltr'><strong>Apostolus,</strong></span> <span class='ocrx_word' id='word_1_189' title='bbox 3367 1458 3477 1500; x_wconf 77' lang='lat' dir='ltr'><strong>non</strong></span> <span class='ocrx_word' id='word_1_190' title='bbox 3514 1442 3684 1512; x_wconf 88' lang='lat' dir='ltr'><strong>quod,</strong></span> <span class='ocrx_word' id='word_1_191' title='bbox 3723 1450 3791 1498; x_wconf 84' lang='lat' dir='ltr'><strong>ut</strong></span> 
     </span>
    </p>
   </div>
   <div class='ocr_carea' id='block_1_30' title="bbox 2198 1529 3792 1601">
    <p class='ocr_par' dir='ltr' id='par_1_30' title="bbox 2198 1529 3792 1601">
     <span class='ocr_line' id='line_1_30' title="bbox 2198 1529 3792 1601; baseline 0 -15"><span class='ocrx_word' id='word_1_192' title='bbox 2198 1529 2390 1591; x_wconf 76' lang='lat' dir='ltr'><strong>volunt</strong></span> <span class='ocrx_word' id='word_1_193' title='bbox 2403 1529 2723 1585; x_wconf 73' lang='lat' dir='ltr'><strong>exsecrandi</strong></span> <span class='ocrx_word' id='word_1_194' title='bbox 2744 1530 3090 1597; x_wconf 78' lang='lat' dir='ltr'><strong>haeretici,ex</strong></span> <span class='ocrx_word' id='word_1_195' title='bbox 3106 1532 3217 1586; x_wconf 81' lang='lat' dir='ltr'><strong>Deo</strong></span> <span class='ocrx_word' id='word_1_196' title='bbox 3228 1547 3333 1601; x_wconf 85' lang='lat' dir='ltr'><strong>per</strong></span> <span class='ocrx_word' id='word_1_197' title='bbox 3350 1531 3547 1585; x_wconf 83' lang='lat' dir='ltr'><strong>Filium</strong></span> <span class='ocrx_word' id='word_1_198' title='bbox 3564 1540 3792 1586; x_wconf 80' lang='lat' dir='ltr'><strong>creatus</strong></span> 
     </span>
    </p>
   </div>
   <div class='ocr_carea' id='block_1_31' title="bbox 2199 1620 3788 1691">
    <p class='ocr_par' dir='ltr' id='par_1_31' title="bbox 2199 1620 3788 1691">
     <span class='ocr_line' id='line_1_31' title="bbox 2199 1620 3788 1691; baseline 0.001 -16"><span class='ocrx_word' id='word_1_199' title='bbox 2199 1620 2290 1687; x_wconf 89' lang='lat' dir='ltr'><strong>sit,</strong></span> <span class='ocrx_word' id='word_1_200' title='bbox 2313 1639 2331 1671; x_wconf 75' lang='grc' dir='ltr'><strong><em>ι</em></strong></span> <span class='ocrx_word' id='word_1_201' title='bbox 2359 1628 2464 1677; x_wconf 86' lang='lat' dir='ltr'><strong>etc.</strong></span> <span class='ocrx_word' id='word_1_202' title='bbox 2481 1620 2721 1691; x_wconf 83' lang='lat' dir='ltr'><strong>Uterque</strong></span> <span class='ocrx_word' id='word_1_203' title='bbox 2737 1621 2946 1677; x_wconf 87' lang='lat' dir='ltr'><strong>scilicet</strong></span> <span class='ocrx_word' id='word_1_204' title='bbox 2963 1623 3289 1678; x_wconf 84' lang='lat' dir='ltr'><strong>catholicam</strong></span> <span class='ocrx_word' id='word_1_205' title='bbox 3306 1623 3466 1677; x_wconf 86' lang='lat' dir='ltr'><strong>fidem</strong></span> <span class='ocrx_word' id='word_1_206' title='bbox 3483 1639 3514 1676; x_wconf 85' lang='lat' dir='ltr'><strong>a</strong></span> <span class='ocrx_word' id='word_1_207' title='bbox 3530 1622 3788 1678; x_wconf 69' lang='lat' dir='ltr'><strong>Maccdo—</strong></span> 
     </span>
    </p>
   </div>
   <div class='ocr_carea' id='block_1_32' title="bbox 2199 1711 3790 1786">
    <p class='ocr_par' dir='ltr' id='par_1_32' title="bbox 2199 1711 3790 1786">
     <span class='ocr_line' id='line_1_32' title="bbox 2199 1711 3790 1786; baseline 0.001 -19"><span class='ocrx_word' id='word_1_208' title='bbox 2199 1711 2368 1777; x_wconf 78' lang='lat' dir='ltr'><strong>niano</strong></span> <span class='ocrx_word' id='word_1_209' title='bbox 2381 1727 2572 1769; x_wconf 90' lang='lat' dir='ltr'><strong>errore</strong></span> <span class='ocrx_word' id='word_1_210' title='bbox 2595 1728 2706 1767; x_wconf 90' lang='lat' dir='ltr'><strong>non</strong></span> <span class='ocrx_word' id='word_1_211' title='bbox 2731 1713 2866 1769; x_wconf 87' lang='lat' dir='ltr'><strong>satis</strong></span> <span class='ocrx_word' id='word_1_212' title='bbox 2880 1712 3252 1781; x_wconf 80' lang='lat' dir='ltr'><strong>discernebat.</strong></span> <span class='ocrx_word' id='word_1_213' title='bbox 3279 1734 3295 1765; x_wconf 75' lang='grc' dir='ltr'>ι</span> <span class='ocrx_word' id='word_1_214' title='bbox 3308 1714 3445 1780; x_wconf 88' lang='lat' dir='ltr'><strong>Cur,</strong></span> <span class='ocrx_word' id='word_1_215' title='bbox 3457 1715 3651 1786; x_wconf 74' lang='lat' dir='ltr'><strong>pergit,</strong></span> <span class='ocrx_word' id='word_1_216' title='bbox 3668 1715 3790 1769; x_wconf 70' lang='lat' dir='ltr'><strong>Ma-</strong></span> 
     </span>
    </p>
   </div>
   <div class='ocr_carea' id='block_1_33' title="bbox 523 1797 3794 1889">
    <p class='ocr_par' dir='ltr' id='par_1_33' title="bbox 523 1797 3794 1889">
     <span class='ocr_line' id='line_1_33' title="bbox 523 1797 3794 1889; baseline -0.006 -11"><span class='ocrx_word' id='word_1_217' title='bbox 523 1838 648 1886; x_wconf 82' lang='lat' dir='ltr'><strong>cum</strong></span> <span class='ocrx_word' id='word_1_218' title='bbox 692 1822 781 1886; x_wconf 90' lang='lat' dir='ltr'><strong>iis,</strong></span> <span class='ocrx_word' id='word_1_219' title='bbox 827 1818 921 1889; x_wconf 89' lang='lat' dir='ltr'><strong>qui</strong></span> <span class='ocrx_word' id='word_1_220' title='bbox 968 1817 1237 1888; x_wconf 84' lang='lat' dir='ltr'><strong>Spiritum</strong></span> <span class='ocrx_word' id='word_1_221' title='bbox 1278 1822 1527 1870; x_wconf 79' lang='lat' dir='ltr'><strong>sanctum</strong></span> <span class='ocrx_word' id='word_1_222' title='bbox 1565 1827 1596 1870; x_wconf 82' lang='lat' dir='ltr'><strong>a</strong></span> <span class='ocrx_word' id='word_1_223' title='bbox 1627 1812 1768 1868; x_wconf 83' lang='lat' dir='ltr'><strong>Filio</strong></span> <span class='ocrx_word' id='word_1_224' title='bbox 1799 1809 2101 1883; x_wconf 85' lang='lat' dir='ltr'><strong>procedere</strong></span> <span class='ocrx_word' id='word_1_225' title='bbox 2128 1797 2175 1859; x_wconf 81' lang='grc' dir='ltr'>Β</span> <span class='ocrx_word' id='word_1_226' title='bbox 2202 1800 2320 1857; x_wconf 77' lang='lat' dir='ltr'><strong>rius</strong></span> <span class='ocrx_word' id='word_1_227' title='bbox 2340 1800 2629 1867; x_wconf 76' lang='lat' dir='ltr'><strong>Mercator,</strong></span> <span class='ocrx_word' id='word_1_228' title='bbox 2648 1817 2775 1856; x_wconf 88' lang='lat' dir='ltr'><strong>cum</strong></span> <span class='ocrx_word' id='word_1_229' title='bbox 2798 1803 3105 1874; x_wconf 83' lang='lat' dir='ltr'><strong>symbolum</strong></span> <span class='ocrx_word' id='word_1_230' title='bbox 3137 1803 3433 1867; x_wconf 82' lang='lat' dir='ltr'><strong>refelleret,</strong></span> <span class='ocrx_word' id='word_1_231' title='bbox 3449 1820 3559 1863; x_wconf 85' lang='lat' dir='ltr'><strong>non</strong></span> <span class='ocrx_word' id='word_1_232' title='bbox 3580 1805 3794 1874; x_wconf 78' lang='lat' dir='ltr'><strong>objecit</strong></span> 
     </span>
    </p>
   </div>
   <div class='ocr_carea' id='block_1_34' title="bbox 522 1900 2100 1979">
    <p class='ocr_par' dir='ltr' id='par_1_34' title="bbox 522 1900 2100 1979">
     <span class='ocr_line' id='line_1_34' title="bbox 522 1900 2100 1979; baseline -0.008 -10"><span class='ocrx_word' id='word_1_233' title='bbox 522 1912 844 1979; x_wconf 72' lang='lat' dir='ltr'><strong>difﬁtentur.</strong></span> <span class='ocrx_word' id='word_1_234' title='bbox 871 1910 1007 1965; x_wconf 87' lang='lat' dir='ltr'><strong>Nam</strong></span> <span class='ocrx_word' id='word_1_235' title='bbox 1032 1909 1213 1978; x_wconf 86' lang='lat' dir='ltr'><strong>primo</strong></span> <span class='ocrx_word' id='word_1_236' title='bbox 1236 1904 1574 1971; x_wconf 82' lang='lat' dir='ltr'><strong>metuebant,</strong></span> <span class='ocrx_word' id='word_1_237' title='bbox 1603 1918 1676 1959; x_wconf 89' lang='lat' dir='ltr'><strong>ne</strong></span> <span class='ocrx_word' id='word_1_238' title='bbox 1698 1910 1855 1961; x_wconf 86' lang='lat' dir='ltr'><strong>tanto</strong></span> <span class='ocrx_word' id='word_1_239' title='bbox 1876 1900 2100 1959; x_wconf 86' lang='lat' dir='ltr'><strong>nomine</strong></span> 
     </span>
    </p>
   </div>
   <div class='ocr_carea' id='block_1_35' title="bbox 518 1991 2101 2073">
    <p class='ocr_par' dir='ltr' id='par_1_35' title="bbox 518 1991 2101 2073">
     <span class='ocr_line' id='line_1_35' title="bbox 518 1991 2101 2073; baseline -0.008 -14"><span class='ocrx_word' id='word_1_240' title='bbox 518 2008 775 2073; x_wconf 87' lang='lat' dir='ltr'><strong>juvarent</strong></span> <span class='ocrx_word' id='word_1_241' title='bbox 820 2008 1003 2072; x_wconf 89' lang='lat' dir='ltr'><strong>partes</strong></span> <span class='ocrx_word' id='word_1_242' title='bbox 1037 1997 1141 2054; x_wconf 90' lang='lat' dir='ltr'><strong>sibi</strong></span> <span class='ocrx_word' id='word_1_243' title='bbox 1169 1997 1442 2052; x_wconf 88' lang='lat' dir='ltr'><strong>adversas.</strong></span> <span class='ocrx_word' id='word_1_244' title='bbox 1479 1994 1686 2050; x_wconf 89' lang='lat' dir='ltr'><strong>Deinde</strong></span> <span class='ocrx_word' id='word_1_245' title='bbox 1709 2001 1837 2048; x_wconf 88' lang='lat' dir='ltr'><strong>ante</strong></span> <span class='ocrx_word' id='word_1_246' title='bbox 1861 1991 2101 2048; x_wconf 70' lang='lat' dir='ltr'><strong>scliisms</strong></span> 
     </span>
    </p>
   </div>
   <div class='ocr_carea' id='block_1_36' title="bbox 524 2084 2102 2163">
    <p class='ocr_par' dir='ltr' id='par_1_36' title="bbox 524 2084 2102 2163">
     <span class='ocr_line' id='line_1_36' title="bbox 524 2084 2102 2163; baseline -0.011 -11"><span class='ocrx_word' id='word_1_247' title='bbox 524 2093 705 2155; x_wconf 86' lang='lat' dir='ltr'><strong>Photii</strong></span> <span class='ocrx_word' id='word_1_248' title='bbox 742 2091 973 2163; x_wconf 64' lang='lat' dir='ltr'><strong>quaestio</strong></span> <span class='ocrx_word' id='word_1_249' title='bbox 1008 2090 1098 2146; x_wconf 89' lang='lat' dir='ltr'><strong>illa</strong></span> <span class='ocrx_word' id='word_1_250' title='bbox 1137 2103 1316 2158; x_wconf 80' lang='lat' dir='ltr'><strong>neque</strong></span> <span class='ocrx_word' id='word_1_251' title='bbox 1359 2087 1615 2144; x_wconf 87' lang='lat' dir='ltr'><strong>movebat</strong></span> <span class='ocrx_word' id='word_1_252' title='bbox 1660 2084 1873 2149; x_wconf 85' lang='lat' dir='ltr'><strong>turbas,</strong></span> <span class='ocrx_word' id='word_1_253' title='bbox 1920 2096 2102 2151; x_wconf 89' lang='lat' dir='ltr'><strong>neque</strong></span> 
     </span>
    </p>
   </div>
   <div class='ocr_carea' id='block_1_37' title="bbox 525 2171 2102 2250">
    <p class='ocr_par' dir='ltr' id='par_1_37' title="bbox 525 2171 2102 2250">
     <span class='ocr_line' id='line_1_37' title="bbox 525 2171 2102 2250; baseline -0.011 -5"><span class='ocrx_word' id='word_1_254' title='bbox 525 2190 635 2244; x_wconf 88' lang='lat' dir='ltr'><strong>ulla</strong></span> <span class='ocrx_word' id='word_1_255' title='bbox 660 2188 778 2245; x_wconf 83' lang='lat' dir='ltr'><strong>fere</strong></span> <span class='ocrx_word' id='word_1_256' title='bbox 802 2193 941 2240; x_wconf 84' lang='lat' dir='ltr'><strong>erat.</strong></span> <span class='ocrx_word' id='word_1_257' title='bbox 970 2181 1218 2250; x_wconf 87' lang='lat' dir='ltr'><strong>Denique</strong></span> <span class='ocrx_word' id='word_1_258' title='bbox 1261 2187 1392 2234; x_wconf 84' lang='lat' dir='ltr'><strong>tunc</strong></span> <span class='ocrx_word' id='word_1_259' title='bbox 1437 2175 1837 2247; x_wconf 86' lang='lat' dir='ltr'><strong>unusquisque,</strong></span> <span class='ocrx_word' id='word_1_260' title='bbox 1882 2181 1945 2228; x_wconf 93' lang='lat' dir='ltr'><strong>ut</strong></span> <span class='ocrx_word' id='word_1_261' title='bbox 1980 2171 2102 2229; x_wconf 80' lang='lat' dir='ltr'><strong>ﬁeri</strong></span> 
     </span>
    </p>
   </div>
   <div class='ocr_carea' id='block_1_38' title="bbox 525 2263 2101 2347">
    <p class='ocr_par' dir='ltr' id='par_1_38' title="bbox 525 2263 2101 2347">
     <span class='ocr_line' id='line_1_38' title="bbox 525 2263 2101 2347; baseline -0.011 -12"><span class='ocrx_word' id='word_1_262' title='bbox 525 2279 665 2335; x_wconf 87' lang='lat' dir='ltr'><strong>solet</strong></span> <span class='ocrx_word' id='word_1_263' title='bbox 695 2275 898 2347; x_wconf 82' lang='lat' dir='ltr'><strong>quietis</strong></span> <span class='ocrx_word' id='word_1_264' title='bbox 932 2270 1297 2341; x_wconf 87' lang='lat' dir='ltr'><strong>temporibus,</strong></span> <span class='ocrx_word' id='word_1_265' title='bbox 1345 2267 1577 2322; x_wconf 87' lang='lat' dir='ltr'><strong>alterius</strong></span> <span class='ocrx_word' id='word_1_266' title='bbox 1610 2265 1757 2324; x_wconf 88' lang='lat' dir='ltr'><strong>dicta</strong></span> <span class='ocrx_word' id='word_1_267' title='bbox 1788 2264 1846 2319; x_wconf 91' lang='lat' dir='ltr'><strong>in</strong></span> <span class='ocrx_word' id='word_1_268' title='bbox 1894 2263 2101 2320; x_wconf 82' lang='lat' dir='ltr'><strong>bonum</strong></span> 
     </span>
    </p>
   </div>
   <div class='ocr_carea' id='block_1_39' title="bbox 527 2358 1517 2433">
    <p class='ocr_par' dir='ltr' id='par_1_39' title="bbox 527 2358 1517 2433">
     <span class='ocr_line' id='line_1_39' title="bbox 527 2358 1517 2433; baseline -0.012 -9"><span class='ocrx_word' id='word_1_269' title='bbox 527 2382 749 2425; x_wconf 82' lang='lat' dir='ltr'><strong>sensum</strong></span> <span class='ocrx_word' id='word_1_270' title='bbox 770 2362 1007 2433; x_wconf 81' lang='lat' dir='ltr'><strong>benigne</strong></span> <span class='ocrx_word' id='word_1_271' title='bbox 1030 2358 1517 2428; x_wconf 87' lang='lat' dir='ltr'><strong>interpretabatur.</strong></span> 
     </span>
    </p>
   </div>
   <div class='ocr_carea' id='block_1_40' title="bbox 596 2439 2102 2516">
    <p class='ocr_par' dir='ltr' id='par_1_40' title="bbox 596 2439 2102 2516">
     <span class='ocr_line' id='line_1_40' title="bbox 596 2439 2102 2516; baseline -0.007 -9"><span class='ocrx_word' id='word_1_272' title='bbox 596 2451 786 2507; x_wconf 72' lang='lat' dir='ltr'><strong>XXIII.</strong></span> <span class='ocrx_word' id='word_1_273' title='bbox 841 2449 1126 2516; x_wconf 79' lang='lat' dir='ltr'><strong>Quartum,</strong></span> <span class='ocrx_word' id='word_1_274' title='bbox 1150 2445 1485 2501; x_wconf 81' lang='lat' dir='ltr'><strong>recentiores</strong></span> <span class='ocrx_word' id='word_1_275' title='bbox 1513 2442 1749 2508; x_wconf 79' lang='lat' dir='ltr'><strong>Graecos,</strong></span> <span class='ocrx_word' id='word_1_276' title='bbox 1782 2457 1906 2496; x_wconf 89' lang='lat' dir='ltr'><strong>cum</strong></span> <span class='ocrx_word' id='word_1_277' title='bbox 1936 2456 1969 2497; x_wconf 90' lang='lat' dir='ltr'><strong>a</strong></span> <span class='ocrx_word' id='word_1_278' title='bbox 1997 2439 2102 2497; x_wconf 86' lang='lat' dir='ltr'><strong>La-</strong></span> 
     </span>
    </p>
   </div>
   <div class='ocr_carea' id='block_1_41' title="bbox 528 2532 2104 2611">
    <p class='ocr_par' dir='ltr' id='par_1_41' title="bbox 528 2532 2104 2611">
     <span class='ocr_line' id='line_1_41' title="bbox 528 2532 2104 2611; baseline -0.007 -15"><span class='ocrx_word' id='word_1_279' title='bbox 528 2542 658 2597; x_wconf 85' lang='lat' dir='ltr'><strong>tinis</strong></span> <span class='ocrx_word' id='word_1_280' title='bbox 706 2547 974 2611; x_wconf 79' lang='lat' dir='ltr'><strong>urgentur</strong></span> <span class='ocrx_word' id='word_1_281' title='bbox 1030 2534 1368 2607; x_wconf 77' lang='lat' dir='ltr'><strong>argumentis</strong></span> <span class='ocrx_word' id='word_1_282' title='bbox 1396 2532 1466 2590; x_wconf 89' lang='lat' dir='ltr'><strong>ab</strong></span> <span class='ocrx_word' id='word_1_283' title='bbox 1522 2533 1857 2588; x_wconf 88' lang='lat' dir='ltr'><strong>auctoritate</strong></span> <span class='ocrx_word' id='word_1_284' title='bbox 1881 2532 2104 2591; x_wconf 85' lang='lat' dir='ltr'><strong>Patrum</strong></span> 
     </span>
    </p>
   </div>
   <div class='ocr_carea' id='block_1_42' title="bbox 527 2623 2104 2700">
    <p class='ocr_par' dir='ltr' id='par_1_42' title="bbox 527 2623 2104 2700">
     <span class='ocr_line' id='line_1_42' title="bbox 527 2623 2104 2700; baseline -0.008 -11"><span class='ocrx_word' id='word_1_285' title='bbox 527 2633 841 2689; x_wconf 84' lang='lat' dir='ltr'><strong>Graecorum</strong></span> <span class='ocrx_word' id='word_1_286' title='bbox 868 2629 1077 2700; x_wconf 89' lang='lat' dir='ltr'><strong>petitis,</strong></span> <span class='ocrx_word' id='word_1_287' title='bbox 1103 2624 1457 2681; x_wconf 86' lang='lat' dir='ltr'><strong>distinctione</strong></span> <span class='ocrx_word' id='word_1_288' title='bbox 1477 2640 1508 2678; x_wconf 90' lang='lat' dir='ltr'><strong>a</strong></span> <span class='ocrx_word' id='word_1_289' title='bbox 1531 2624 1878 2679; x_wconf 88' lang='lat' dir='ltr'><strong>Theodoreto</strong></span> <span class='ocrx_word' id='word_1_290' title='bbox 1906 2623 2104 2686; x_wconf 80' lang='lat' dir='ltr'><strong>tradita</strong></span> 
     </span>
    </p>
   </div>
   <div class='ocr_carea' id='block_1_43' title="bbox 528 2715 2105 2786">
    <p class='ocr_par' dir='ltr' id='par_1_43' title="bbox 528 2715 2105 2786">
     <span class='ocr_line' id='line_1_43' title="bbox 528 2715 2105 2786; baseline -0.007 -5"><span class='ocrx_word' id='word_1_291' title='bbox 528 2740 587 2781; x_wconf 84' lang='lat' dir='ltr'><strong>se</strong></span> <span class='ocrx_word' id='word_1_292' title='bbox 642 2722 806 2778; x_wconf 86' lang='lat' dir='ltr'><strong>tueri.</strong></span> <span class='ocrx_word' id='word_1_293' title='bbox 860 2720 1033 2777; x_wconf 80' lang='lat' dir='ltr'><strong>Aiunt</strong></span> <span class='ocrx_word' id='word_1_294' title='bbox 1063 2718 1251 2783; x_wconf 89' lang='lat' dir='ltr'><strong>etiam,</strong></span> <span class='ocrx_word' id='word_1_295' title='bbox 1282 2716 1329 2771; x_wconf 91' lang='lat' dir='ltr'><strong>si</strong></span> <span class='ocrx_word' id='word_1_296' title='bbox 1357 2715 1577 2786; x_wconf 88' lang='lat' dir='ltr'><strong>quando</strong></span> <span class='ocrx_word' id='word_1_297' title='bbox 1619 2715 1810 2772; x_wconf 85' lang='lat' dir='ltr'><strong>Patres</strong></span> <span class='ocrx_word' id='word_1_298' title='bbox 1837 2715 2105 2785; x_wconf 89' lang='lat' dir='ltr'><strong>Spiritum</strong></span> 
     </span>
    </p>
   </div>
   <div class='ocr_carea' id='block_1_44' title="bbox 526 2805 2106 2880">
    <p class='ocr_par' dir='ltr' id='par_1_44' title="bbox 526 2805 2106 2880">
     <span class='ocr_line' id='line_1_44' title="bbox 526 2805 2106 2880; baseline -0.009 -5"><span class='ocrx_word' id='word_1_299' title='bbox 526 2822 777 2875; x_wconf 67' lang='lat' dir='ltr'><strong>sanctum</strong></span> <span class='ocrx_word' id='word_1_300' title='bbox 822 2830 853 2867; x_wconf 92' lang='lat' dir='ltr'><strong>a</strong></span> <span class='ocrx_word' id='word_1_301' title='bbox 886 2811 1029 2868; x_wconf 89' lang='lat' dir='ltr'><strong>Filio</strong></span> <span class='ocrx_word' id='word_1_302' title='bbox 1065 2809 1366 2880; x_wconf 86' lang='lat' dir='ltr'><strong>procedere</strong></span> <span class='ocrx_word' id='word_1_303' title='bbox 1414 2815 1683 2868; x_wconf 83' lang='lat' dir='ltr'><strong>asserant,</strong></span> <span class='ocrx_word' id='word_1_304' title='bbox 1733 2806 1884 2877; x_wconf 89' lang='lat' dir='ltr'><strong>loqui</strong></span> <span class='ocrx_word' id='word_1_305' title='bbox 1912 2820 2010 2862; x_wconf 83' lang='lat' dir='ltr'><strong>eos</strong></span> <span class='ocrx_word' id='word_1_306' title='bbox 2038 2805 2106 2861; x_wconf 89' lang='lat' dir='ltr'><strong>de</strong></span> 
     </span>
    </p>
   </div>
   <div class='ocr_carea' id='block_1_45' title="bbox 527 2897 2105 2976">
    <p class='ocr_par' dir='ltr' id='par_1_45' title="bbox 527 2897 2105 2976">
     <span class='ocr_line' id='line_1_45' title="bbox 527 2897 2105 2976; baseline -0.007 -16"><span class='ocrx_word' id='word_1_307' title='bbox 527 2906 898 2976; x_wconf 83' lang='lat' dir='ltr'><strong>processione,</strong></span> <span class='ocrx_word' id='word_1_308' title='bbox 948 2916 1060 2957; x_wconf 89' lang='lat' dir='ltr'><strong>non</strong></span> <span class='ocrx_word' id='word_1_309' title='bbox 1092 2915 1214 2971; x_wconf 72' lang='lat' dir='ltr'><strong>qua:</strong></span> <span class='ocrx_word' id='word_1_310' title='bbox 1263 2897 1568 2970; x_wconf 78' lang='grc' dir='ltr'>ὑπάρξεως,</span> <span class='ocrx_word' id='word_1_311' title='bbox 1600 2897 1696 2953; x_wconf 88' lang='lat' dir='ltr'><strong>sed</strong></span> <span class='ocrx_word' id='word_1_312' title='bbox 1731 2913 1853 2967; x_wconf 64' lang='lat' dir='ltr'><strong>quae</strong></span> <span class='ocrx_word' id='word_1_313' title='bbox 1875 2897 2105 2968; x_wconf 82' lang='grc' dir='ltr'><strong>δωρεᾶς,</strong></span> 
     </span>
    </p>
   </div>
   <div class='ocr_carea' id='block_1_46' title="bbox 527 2986 2107 3063">
    <p class='ocr_par' dir='ltr' id='par_1_46' title="bbox 527 2986 2107 3063">
     <span class='ocr_line' id='line_1_46' title="bbox 527 2986 2107 3063; baseline -0.007 -10"><span class='ocrx_word' id='word_1_314' title='bbox 527 2998 584 3053; x_wconf 91' lang='lat' dir='ltr'><strong>id</strong></span> <span class='ocrx_word' id='word_1_315' title='bbox 606 3006 709 3063; x_wconf 86' lang='lat' dir='ltr'><strong>est,</strong></span> <span class='ocrx_word' id='word_1_316' title='bbox 758 3011 872 3051; x_wconf 91' lang='lat' dir='ltr'><strong>non</strong></span> <span class='ocrx_word' id='word_1_317' title='bbox 917 3002 1144 3058; x_wconf 64' lang='lat' dir='ltr'><strong>(eterna,</strong></span> <span class='ocrx_word' id='word_1_318' title='bbox 1196 3007 1306 3062; x_wconf 90' lang='lat' dir='ltr'><strong>qua</strong></span> <span class='ocrx_word' id='word_1_319' title='bbox 1350 2989 1679 3046; x_wconf 75' lang='lat' dir='ltr'><strong>exstantiam</strong></span> <span class='ocrx_word' id='word_1_320' title='bbox 1729 2989 1967 3060; x_wconf 88' lang='lat' dir='ltr'><strong>accipit;</strong></span> <span class='ocrx_word' id='word_1_321' title='bbox 2009 2986 2107 3043; x_wconf 90' lang='lat' dir='ltr'><strong>sed</strong></span> 
     </span>
    </p>
   </div>
   <div class='ocr_carea' id='block_1_47' title="bbox 529 3077 2106 3158">
    <p class='ocr_par' dir='ltr' id='par_1_47' title="bbox 529 3077 2106 3158">
     <span class='ocr_line' id='line_1_47' title="bbox 529 3077 2106 3158; baseline -0.006 -15"><span class='ocrx_word' id='word_1_322' title='bbox 529 3086 839 3158; x_wconf 80' lang='lat' dir='ltr'><strong>temporali,</strong></span> <span class='ocrx_word' id='word_1_323' title='bbox 869 3100 977 3156; x_wconf 88' lang='lat' dir='ltr'><strong>qua</strong></span> <span class='ocrx_word' id='word_1_324' title='bbox 1005 3082 1168 3138; x_wconf 87' lang='lat' dir='ltr'><strong>datur</strong></span> <span class='ocrx_word' id='word_1_325' title='bbox 1202 3079 1541 3135; x_wconf 86' lang='lat' dir='ltr'><strong>hominibus.</strong></span> <span class='ocrx_word' id='word_1_326' title='bbox 1602 3078 1755 3135; x_wconf 84' lang='lat' dir='ltr'><strong>Ilanc</strong></span> <span class='ocrx_word' id='word_1_327' title='bbox 1792 3077 2106 3134; x_wconf 80' lang='lat' dir='ltr'><strong>distinctio-</strong></span> 
     </span>
    </p>
   </div>
   <div class='ocr_carea' id='block_1_48' title="bbox 2201 1892 3794 1990">
    <p class='ocr_par' dir='ltr' id='par_1_48' title="bbox 2201 1892 3794 1990">
     <span class='ocr_line' id='line_1_48' title="bbox 2201 1892 3794 1990; baseline 0.001 -41"><span class='ocrx_word' id='word_1_328' title='bbox 2201 1892 2513 1958; x_wconf 84' lang='lat' dir='ltr'><strong>Theodoro,</strong></span> <span class='ocrx_word' id='word_1_329' title='bbox 2564 1893 2710 1964; x_wconf 91' lang='lat' dir='ltr'><strong>quod</strong></span> <span class='ocrx_word' id='word_1_330' title='bbox 2754 1894 2824 1949; x_wconf 91' lang='lat' dir='ltr'><strong>de</strong></span> <span class='ocrx_word' id='word_1_331' title='bbox 2848 1894 3200 1964; x_wconf 84' lang='lat' dir='ltr'><strong>processione</strong></span> <span class='ocrx_word' id='word_1_332' title='bbox 3230 1895 3405 1990; x_wconf 65' lang='lat' dir='ltr'><strong>sancti</strong></span> <span class='ocrx_word' id='word_1_333' title='bbox 3429 1896 3670 1966; x_wconf 85' lang='lat' dir='ltr'><strong>Spiritus</strong></span> <span class='ocrx_word' id='word_1_334' title='bbox 3687 1896 3794 1953; x_wconf 78' lang='lat' dir='ltr'><strong>ali—</strong></span> 
     </span>
    </p>
   </div>
   <div class='ocr_carea' id='block_1_49' title="bbox 2203 1984 3794 2058">
    <p class='ocr_par' dir='ltr' id='par_1_49' title="bbox 2203 1984 3794 2058">
     <span class='ocr_line' id='line_1_49' title="bbox 2203 1984 3794 2058; baseline 0.002 -17"><span class='ocrx_word' id='word_1_335' title='bbox 2203 1992 2286 2041; x_wconf 87' lang='lat' dir='ltr'><strong>ter</strong></span> <span class='ocrx_word' id='word_1_336' title='bbox 2322 1984 2553 2041; x_wconf 87' lang='lat' dir='ltr'><strong>sentiret</strong></span> <span class='ocrx_word' id='word_1_337' title='bbox 2595 2001 2760 2055; x_wconf 84' lang='lat' dir='ltr'><strong>quam</strong></span> <span class='ocrx_word' id='word_1_338' title='bbox 2810 1986 3101 2043; x_wconf 79' lang='lat' dir='ltr'><strong>Ecclesia?</strong></span> <span class='ocrx_word' id='word_1_339' title='bbox 3142 1986 3281 2052; x_wconf 86' lang='lat' dir='ltr'><strong>Cur,</strong></span> <span class='ocrx_word' id='word_1_340' title='bbox 3328 1984 3529 2058; x_wconf 76' lang='lat' dir='ltr'><strong>inquit,</strong></span> <span class='ocrx_word' id='word_1_341' title='bbox 3576 2004 3691 2043; x_wconf 82' lang='lat' dir='ltr'><strong>non</strong></span> <span class='ocrx_word' id='word_1_342' title='bbox 3734 1987 3794 2044; x_wconf 79' lang='lat' dir='ltr'><strong>id</strong></span> 
     </span>
    </p>
   </div>
   <div class='ocr_carea' id='block_1_50' title="bbox 2210 2072 3795 2148">
    <p class='ocr_par' dir='ltr' id='par_1_50' title="bbox 2210 2072 3795 2148">
     <span class='ocr_line' id='line_1_50' title="bbox 2210 2072 3795 2148; baseline 0.006 -21"><span class='ocrx_word' id='word_1_343' title='bbox 2210 2072 2422 2144; x_wconf 89' lang='lat' dir='ltr'><strong>pariter</strong></span> <span class='ocrx_word' id='word_1_344' title='bbox 2476 2073 2682 2145; x_wconf 85' lang='lat' dir='ltr'><strong>objecit</strong></span> <span class='ocrx_word' id='word_1_345' title='bbox 2736 2075 3086 2135; x_wconf 78' lang='lat' dir='ltr'><strong>Theodoreto</strong></span> <span class='ocrx_word' id='word_1_346' title='bbox 3115 2076 3375 2148; x_wconf 75' lang='lat' dir='ltr'><strong>Cyrillus,</strong></span> <span class='ocrx_word' id='word_1_347' title='bbox 3406 2090 3534 2135; x_wconf 83' lang='lat' dir='ltr'><strong>eum</strong></span> <span class='ocrx_word' id='word_1_348' title='bbox 3559 2080 3795 2136; x_wconf 79' lang='lat' dir='ltr'><strong>anathe-</strong></span> 
     </span>
    </p>
   </div>
   <div class='ocr_carea' id='block_1_51' title="bbox 2201 2164 3792 2243">
    <p class='ocr_par' dir='ltr' id='par_1_51' title="bbox 2201 2164 3792 2243">
     <span class='ocr_line' id='line_1_51' title="bbox 2201 2164 3792 2243; baseline 0.003 -20"><span class='ocrx_word' id='word_1_349' title='bbox 2201 2164 2516 2225; x_wconf 84' lang='lat' dir='ltr'><strong>matismum</strong></span> <span class='ocrx_word' id='word_1_350' title='bbox 2544 2170 2956 2238; x_wconf 76' lang='lat' dir='ltr'><strong>propugnaret?</strong></span> <span class='ocrx_word' id='word_1_351' title='bbox 2990 2187 3008 2221; x_wconf 77' lang='grc' dir='ltr'><strong><em>ι</em></strong></span> <span class='ocrx_word' id='word_1_352' title='bbox 3048 2169 3318 2229; x_wconf 76' lang='lat' dir='ltr'><strong>Mercator</strong></span> <span class='ocrx_word' id='word_1_353' title='bbox 3351 2178 3643 2241; x_wconf 76' lang='lat' dir='ltr'><strong>nempeet</strong></span> <span class='ocrx_word' id='word_1_354' title='bbox 3680 2170 3792 2243; x_wconf 73' lang='lat' dir='ltr'><strong>Cy-</strong></span> 
     </span>
    </p>
   </div>
   <div class='ocr_carea' id='block_1_52' title="bbox 2204 2260 3793 2336">
    <p class='ocr_par' dir='ltr' id='par_1_52' title="bbox 2204 2260 3793 2336">
     <span class='ocr_line' id='line_1_52' title="bbox 2204 2260 3793 2336; baseline 0.004 -21"><span class='ocrx_word' id='word_1_355' title='bbox 2204 2260 2361 2316; x_wconf 90' lang='lat' dir='ltr'><strong>rillus</strong></span> <span class='ocrx_word' id='word_1_356' title='bbox 2381 2260 2435 2316; x_wconf 90' lang='lat' dir='ltr'><strong>id</strong></span> <span class='ocrx_word' id='word_1_357' title='bbox 2455 2271 2710 2332; x_wconf 76' lang='lat' dir='ltr'><strong>egerunt,</strong></span> <span class='ocrx_word' id='word_1_358' title='bbox 2744 2264 2895 2332; x_wconf 85' lang='lat' dir='ltr'><strong>quod</strong></span> <span class='ocrx_word' id='word_1_359' title='bbox 2929 2266 3203 2336; x_wconf 70' lang='lat' dir='ltr'><strong>agendum</strong></span> <span class='ocrx_word' id='word_1_360' title='bbox 3225 2275 3366 2321; x_wconf 87' lang='lat' dir='ltr'><strong>erat.</strong></span> <span class='ocrx_word' id='word_1_361' title='bbox 3398 2285 3415 2317; x_wconf 70' lang='grc' dir='ltr'>ι</span> <span class='ocrx_word' id='word_1_362' title='bbox 3441 2265 3574 2332; x_wconf 90' lang='lat' dir='ltr'><strong>Cur,</strong></span> <span class='ocrx_word' id='word_1_363' title='bbox 3600 2267 3793 2331; x_wconf 75' lang='lat' dir='ltr'><strong>instat.</strong></span> 
     </span>
    </p>
   </div>
   <div class='ocr_carea' id='block_1_53' title="bbox 2206 2351 3797 2428">
    <p class='ocr_par' dir='ltr' id='par_1_53' title="bbox 2206 2351 3797 2428">
     <span class='ocr_line' id='line_1_53' title="bbox 2206 2351 3797 2428; baseline 0.003 -20"><span class='ocrx_word' id='word_1_364' title='bbox 2206 2351 2261 2409; x_wconf 89' lang='lat' dir='ltr'><strong>in</strong></span> <span class='ocrx_word' id='word_1_365' title='bbox 2299 2351 2575 2408; x_wconf 84' lang='lat' dir='ltr'><strong>Theodori</strong></span> <span class='ocrx_word' id='word_1_366' title='bbox 2599 2354 2885 2415; x_wconf 82' lang='lat' dir='ltr'><strong>erroribus</strong></span> <span class='ocrx_word' id='word_1_367' title='bbox 2908 2370 2941 2410; x_wconf 85' lang='lat' dir='ltr'><strong>a</strong></span> <span class='ocrx_word' id='word_1_368' title='bbox 2966 2371 3000 2410; x_wconf 89' lang='lat' dir='ltr'><strong>v</strong></span> <span class='ocrx_word' id='word_1_369' title='bbox 3029 2355 3240 2427; x_wconf 82' lang='lat' dir='ltr'><strong>synodo</strong></span> <span class='ocrx_word' id='word_1_370' title='bbox 3271 2356 3564 2428; x_wconf 78' lang='lat' dir='ltr'><strong>diligenter</strong></span> <span class='ocrx_word' id='word_1_371' title='bbox 3584 2357 3797 2413; x_wconf 82' lang='lat' dir='ltr'><strong>collec-</strong></span> 
     </span>
    </p>
   </div>
   <div class='ocr_carea' id='block_1_54' title="bbox 2207 2442 3799 2518">
    <p class='ocr_par' dir='ltr' id='par_1_54' title="bbox 2207 2442 3799 2518">
     <span class='ocr_line' id='line_1_54' title="bbox 2207 2442 3799 2518; baseline 0.003 -21"><span class='ocrx_word' id='word_1_372' title='bbox 2207 2442 2301 2509; x_wconf 89' lang='lat' dir='ltr'><strong>tis,</strong></span> <span class='ocrx_word' id='word_1_373' title='bbox 2340 2458 2453 2497; x_wconf 91' lang='lat' dir='ltr'><strong>non</strong></span> <span class='ocrx_word' id='word_1_374' title='bbox 2507 2443 2613 2499; x_wconf 86' lang='lat' dir='ltr'><strong>fuit</strong></span> <span class='ocrx_word' id='word_1_375' title='bbox 2657 2444 2964 2515; x_wconf 86' lang='lat' dir='ltr'><strong>quidquam</strong></span> <span class='ocrx_word' id='word_1_376' title='bbox 3025 2446 3095 2502; x_wconf 89' lang='lat' dir='ltr'><strong>de</strong></span> <span class='ocrx_word' id='word_1_377' title='bbox 3148 2449 3501 2517; x_wconf 82' lang='lat' dir='ltr'><strong>processioue</strong></span> <span class='ocrx_word' id='word_1_378' title='bbox 3553 2447 3799 2518; x_wconf 76' lang='lat' dir='ltr'><strong>Spiritus</strong></span> 
     </span>
    </p>
   </div>
   <div class='ocr_carea' id='block_1_55' title="bbox 2207 2536 3797 2611">
    <p class='ocr_par' dir='ltr' id='par_1_55' title="bbox 2207 2536 3797 2611">
     <span class='ocr_line' id='line_1_55' title="bbox 2207 2536 3797 2611; baseline 0.001 -18"><span class='ocrx_word' id='word_1_379' title='bbox 2207 2536 2382 2593; x_wconf 91' lang='lat' dir='ltr'><strong>sancti</strong></span> <span class='ocrx_word' id='word_1_380' title='bbox 2407 2536 2695 2605; x_wconf 82' lang='lat' dir='ltr'><strong>positum?</strong></span> <span class='ocrx_word' id='word_1_381' title='bbox 2733 2536 2866 2602; x_wconf 87' lang='lat' dir='ltr'><strong>Cur,</strong></span> <span class='ocrx_word' id='word_1_382' title='bbox 2916 2539 3141 2609; x_wconf 80' lang='lat' dir='ltr'><strong>excipit,</strong></span> <span class='ocrx_word' id='word_1_383' title='bbox 3184 2554 3297 2596; x_wconf 89' lang='lat' dir='ltr'><strong>non</strong></span> <span class='ocrx_word' id='word_1_384' title='bbox 3328 2539 3433 2595; x_wconf 90' lang='lat' dir='ltr'><strong>fuit</strong></span> <span class='ocrx_word' id='word_1_385' title='bbox 3462 2554 3689 2611; x_wconf 83' lang='lat' dir='ltr'><strong>quoque</strong></span> <span class='ocrx_word' id='word_1_386' title='bbox 3718 2541 3797 2597; x_wconf 79' lang='lat' dir='ltr'><strong>ab</strong></span> 
     </span>
    </p>
   </div>
   <div class='ocr_carea' id='block_1_56' title="bbox 2206 2626 3794 2700">
    <p class='ocr_par' dir='ltr' id='par_1_56' title="bbox 2206 2626 3794 2700">
     <span class='ocr_line' id='line_1_56' title="bbox 2206 2626 3794 2700; baseline 0.001 -19"><span class='ocrx_word' id='word_1_387' title='bbox 2206 2626 2396 2682; x_wconf 89' lang='lat' dir='ltr'><strong>eadem</strong></span> <span class='ocrx_word' id='word_1_388' title='bbox 2434 2626 2648 2697; x_wconf 83' lang='lat' dir='ltr'><strong>synodo</strong></span> <span class='ocrx_word' id='word_1_389' title='bbox 2676 2626 2745 2683; x_wconf 89' lang='lat' dir='ltr'><strong>de</strong></span> <span class='ocrx_word' id='word_1_390' title='bbox 2775 2628 2969 2684; x_wconf 83' lang='lat' dir='ltr'><strong>eadem</strong></span> <span class='ocrx_word' id='word_1_391' title='bbox 3014 2629 3320 2698; x_wconf 66' lang='lat' dir='ltr'><strong>quaestione</strong></span> <span class='ocrx_word' id='word_1_392' title='bbox 3368 2629 3671 2700; x_wconf 81' lang='lat' dir='ltr'><strong>quidquam</strong></span> <span class='ocrx_word' id='word_1_393' title='bbox 3733 2629 3794 2683; x_wconf 88' lang='lat' dir='ltr'><strong>in</strong></span> 
     </span>
    </p>
   </div>
   <div class='ocr_carea' id='block_1_57' title="bbox 2206 2718 3796 2791">
    <p class='ocr_par' dir='ltr' id='par_1_57' title="bbox 2206 2718 3796 2791">
     <span class='ocr_line' id='line_1_57' title="bbox 2206 2718 3796 2791; baseline 0.001 -18"><span class='ocrx_word' id='word_1_394' title='bbox 2206 2718 2493 2783; x_wconf 85' lang='lat' dir='ltr'><strong>erroribus</strong></span> <span class='ocrx_word' id='word_1_395' title='bbox 2521 2718 2852 2776; x_wconf 82' lang='lat' dir='ltr'><strong>Theodoreti</strong></span> <span class='ocrx_word' id='word_1_396' title='bbox 2888 2720 3106 2777; x_wconf 85' lang='lat' dir='ltr'><strong>curiose</strong></span> <span class='ocrx_word' id='word_1_397' title='bbox 3136 2721 3463 2791; x_wconf 86' lang='lat' dir='ltr'><strong>conquisitis</strong></span> <span class='ocrx_word' id='word_1_398' title='bbox 3506 2719 3796 2791; x_wconf 68' lang='lat' dir='ltr'><strong>positum!</strong></span> 
     </span>
    </p>
   </div>
   <div class='ocr_carea' id='block_1_58' title="bbox 2207 2809 3797 2882">
    <p class='ocr_par' dir='ltr' id='par_1_58' title="bbox 2207 2809 3797 2882">
     <span class='ocr_line' id='line_1_58' title="bbox 2207 2809 3797 2882; baseline 0.001 -16"><span class='ocrx_word' id='word_1_399' title='bbox 2207 2809 2339 2874; x_wconf 88' lang='lat' dir='ltr'><strong>Cur,</strong></span> <span class='ocrx_word' id='word_1_400' title='bbox 2364 2818 2542 2881; x_wconf 76' lang='lat' dir='ltr'><strong>urget,</strong></span> <span class='ocrx_word' id='word_1_401' title='bbox 2579 2812 2920 2873; x_wconf 79' lang='lat' dir='ltr'><strong>recentiores</strong></span> <span class='ocrx_word' id='word_1_402' title='bbox 2947 2812 3127 2869; x_wconf 82' lang='lat' dir='ltr'><strong>Graeci</strong></span> <span class='ocrx_word' id='word_1_403' title='bbox 3147 2814 3234 2867; x_wconf 89' lang='lat' dir='ltr'><strong>sui</strong></span> <span class='ocrx_word' id='word_1_404' title='bbox 3261 2813 3474 2868; x_wconf 88' lang='lat' dir='ltr'><strong>erroris</strong></span> <span class='ocrx_word' id='word_1_405' title='bbox 3505 2823 3797 2882; x_wconf 78' lang='lat' dir='ltr'><strong>parentem</strong></span> 
     </span>
    </p>
   </div>
   <div class='ocr_carea' id='block_1_59' title="bbox 2209 2901 3622 2970">
    <p class='ocr_par' dir='ltr' id='par_1_59' title="bbox 2209 2901 3622 2970">
     <span class='ocr_line' id='line_1_59' title="bbox 2209 2901 3622 2970; baseline -0.001 -13"><span class='ocrx_word' id='word_1_406' title='bbox 2209 2917 2320 2957; x_wconf 90' lang='lat' dir='ltr'><strong>non</strong></span> <span class='ocrx_word' id='word_1_407' title='bbox 2345 2901 2555 2957; x_wconf 90' lang='lat' dir='ltr'><strong>faciunt</strong></span> <span class='ocrx_word' id='word_1_408' title='bbox 2580 2902 2956 2970; x_wconf 88' lang='lat' dir='ltr'><strong>Theodorum,</strong></span> <span class='ocrx_word' id='word_1_409' title='bbox 2986 2905 3083 2961; x_wconf 87' lang='lat' dir='ltr'><strong>sed</strong></span> <span class='ocrx_word' id='word_1_410' title='bbox 3115 2905 3520 2960; x_wconf 87' lang='lat' dir='ltr'><strong>Theodoretum</strong></span> <span class='ocrx_word' id='word_1_411' title='bbox 3545 2905 3569 2958; x_wconf 89' lang='lat'><strong>?</strong></span> <span class='ocrx_word' id='word_1_412' title='bbox 3604 2924 3622 2956; x_wconf 84' lang='grc'>›</span> 
     </span>
    </p>
   </div>
   <div class='ocr_carea' id='block_1_60' title="bbox 2283 2990 3801 3066">
    <p class='ocr_par' dir='ltr' id='par_1_60' title="bbox 2283 2990 3801 3066">
     <span class='ocr_line' id='line_1_60' title="bbox 2283 2990 3801 3066; baseline 0.003 -21"><span class='ocrx_word' id='word_1_413' title='bbox 2283 2990 2632 3063; x_wconf 82' lang='lat' dir='ltr'><strong>Respondeo,</strong></span> <span class='ocrx_word' id='word_1_414' title='bbox 2662 2993 2926 3065; x_wconf 89' lang='lat' dir='ltr'><strong>puduisse</strong></span> <span class='ocrx_word' id='word_1_415' title='bbox 2967 2995 3118 3065; x_wconf 90' lang='lat' dir='ltr'><strong>ipsos</strong></span> <span class='ocrx_word' id='word_1_416' title='bbox 3149 2996 3417 3066; x_wconf 85' lang='lat' dir='ltr'><strong>parentis,</strong></span> <span class='ocrx_word' id='word_1_417' title='bbox 3470 2996 3632 3066; x_wconf 87' lang='lat' dir='ltr'><strong>cujus</strong></span> <span class='ocrx_word' id='word_1_418' title='bbox 3669 3012 3801 3066; x_wconf 90' lang='lat' dir='ltr'><strong>per-</strong></span> 
     </span>
    </p>
   </div>
   <div class='ocr_carea' id='block_1_61' title="bbox 2214 3084 3802 3157">
    <p class='ocr_par' dir='ltr' id='par_1_61' title="bbox 2214 3084 3802 3157">
     <span class='ocr_line' id='line_1_61' title="bbox 2214 3084 3802 3157; baseline 0.004 -20"><span class='ocrx_word' id='word_1_419' title='bbox 2214 3098 2402 3137; x_wconf 88' lang='lat' dir='ltr'><strong>sonam</strong></span> <span class='ocrx_word' id='word_1_420' title='bbox 2475 3084 2722 3140; x_wconf 83' lang='lat' dir='ltr'><strong>Ecclesia</strong></span> <span class='ocrx_word' id='word_1_421' title='bbox 2779 3085 3109 3141; x_wconf 87' lang='lat' dir='ltr'><strong>damnavit:</strong></span> <span class='ocrx_word' id='word_1_422' title='bbox 3163 3087 3483 3147; x_wconf 87' lang='lat' dir='ltr'><strong>maluerunt</strong></span> <span class='ocrx_word' id='word_1_423' title='bbox 3533 3086 3802 3157; x_wconf 67' lang='lat' dir='ltr'><strong>praeferre</strong></span> 
     </span>
    </p>
   </div>
   <div class='ocr_carea' id='block_1_62' title="bbox 525 3148 3801 3250">
    <p class='ocr_par' dir='ltr' id='par_1_62' title="bbox 525 3148 3801 3250">
     <span class='ocr_line' id='line_1_62' title="bbox 525 3148 3801 3250; baseline -0.001 -13"><span class='ocrx_word' id='word_1_424' title='bbox 525 3148 662 3237; x_wconf 62' lang='lat' dir='ltr'><strong>ueni</strong></span> <span class='ocrx_word' id='word_1_425' title='bbox 718 3148 974 3235; x_wconf 77' lang='lat' dir='ltr'><strong>adhibuit</strong></span> <span class='ocrx_word' id='word_1_426' title='bbox 1022 3174 1406 3231; x_wconf 87' lang='lat' dir='ltr'><strong>Theodoretus</strong></span> <span class='ocrx_word' id='word_1_427' title='bbox 1456 3174 1514 3229; x_wconf 89' lang='lat' dir='ltr'><strong>in</strong></span> <span class='ocrx_word' id='word_1_428' title='bbox 1564 3172 1980 3232; x_wconf 73' lang='lat' dir='ltr'><strong>commentariis</strong></span> <span class='ocrx_word' id='word_1_429' title='bbox 2039 3172 2107 3228; x_wconf 88' lang='lat' dir='ltr'><strong>ad</strong></span> <span class='ocrx_word' id='word_1_430' title='bbox 2135 3148 2178 3207; x_wconf 66' lang='grc' dir='ltr'><strong>θ</strong></span> <span class='ocrx_word' id='word_1_431' title='bbox 2210 3191 2414 3232; x_wconf 88' lang='lat' dir='ltr'><strong>nomen</strong></span> <span class='ocrx_word' id='word_1_432' title='bbox 2466 3176 2699 3232; x_wconf 86' lang='lat' dir='ltr'><strong>illustris</strong></span> <span class='ocrx_word' id='word_1_433' title='bbox 2735 3178 2863 3243; x_wconf 87' lang='lat' dir='ltr'><strong>viri,</strong></span> <span class='ocrx_word' id='word_1_434' title='bbox 2909 3179 3069 3250; x_wconf 86' lang='lat' dir='ltr'><strong>cujus</strong></span> <span class='ocrx_word' id='word_1_435' title='bbox 3117 3187 3175 3234; x_wconf 92' lang='lat' dir='ltr'><strong>et</strong></span> <span class='ocrx_word' id='word_1_436' title='bbox 3214 3179 3468 3234; x_wconf 83' lang='lat' dir='ltr'><strong>doctrina</strong></span> <span class='ocrx_word' id='word_1_437' title='bbox 3493 3148 3563 3234; x_wconf 77' lang='lat' dir='ltr'><strong>de</strong></span> <span class='ocrx_word' id='word_1_438' title='bbox 3588 3178 3801 3249; x_wconf 75' lang='lat' dir='ltr'><strong>Spiritu</strong></span> 
     </span>
    </p>
   </div>
   <div class='ocr_carea' id='block_1_63' title="bbox 527 3261 2110 3340">
    <p class='ocr_par' dir='ltr' id='par_1_63' title="bbox 527 3261 2110 3340">
     <span class='ocr_line' id='line_1_63' title="bbox 527 3261 2110 3340; baseline -0.006 -15"><span class='ocrx_word' id='word_1_439' title='bbox 527 3278 693 3340; x_wconf 89' lang='lat' dir='ltr'><strong>caput</strong></span> <span class='ocrx_word' id='word_1_440' title='bbox 739 3275 994 3322; x_wconf 84' lang='lat' dir='ltr'><strong>octavum</strong></span> <span class='ocrx_word' id='word_1_441' title='bbox 1026 3262 1282 3334; x_wconf 70' lang='lat' dir='ltr'><strong>Epistola:</strong></span> <span class='ocrx_word' id='word_1_442' title='bbox 1333 3261 1401 3316; x_wconf 91' lang='lat' dir='ltr'><strong>ad</strong></span> <span class='ocrx_word' id='word_1_443' title='bbox 1435 3262 1749 3317; x_wconf 83' lang='lat' dir='ltr'><strong>Romanos:</strong></span> <span class='ocrx_word' id='word_1_444' title='bbox 1795 3281 1812 3312; x_wconf 80' lang='grc' dir='ltr'>ι</span> <span class='ocrx_word' id='word_1_445' title='bbox 1847 3262 1925 3316; x_wconf 80' lang='lat' dir='ltr'><strong>Ex</strong></span> <span class='ocrx_word' id='word_1_446' title='bbox 1949 3262 2110 3316; x_wconf 88' lang='lat' dir='ltr'><strong>Patre</strong></span> 
     </span>
    </p>
   </div>
   <div class='ocr_carea' id='block_1_64' title="bbox 529 3353 2106 3430">
    <p class='ocr_par' dir='ltr' id='par_1_64' title="bbox 529 3353 2106 3430">
     <span class='ocr_line' id='line_1_64' title="bbox 529 3353 2106 3430; baseline -0.006 -15"><span class='ocrx_word' id='word_1_447' title='bbox 529 3359 756 3430; x_wconf 87' lang='lat' dir='ltr'><strong>quidem</strong></span> <span class='ocrx_word' id='word_1_448' title='bbox 803 3356 1058 3428; x_wconf 87' lang='lat' dir='ltr'><strong>procedit</strong></span> <span class='ocrx_word' id='word_1_449' title='bbox 1096 3355 1251 3425; x_wconf 78' lang='lat' dir='ltr'><strong>juxta</strong></span> <span class='ocrx_word' id='word_1_450' title='bbox 1289 3353 1716 3422; x_wconf 73' lang='lat' dir='ltr'><strong>Evangeliorum</strong></span> <span class='ocrx_word' id='word_1_451' title='bbox 1762 3353 2106 3419; x_wconf 88' lang='lat' dir='ltr'><strong>doctrinam;</strong></span> 
     </span>
    </p>
   </div>
   <div class='ocr_carea' id='block_1_65' title="bbox 528 3440 2108 3522">
    <p class='ocr_par' dir='ltr' id='par_1_65' title="bbox 528 3440 2108 3522">
     <span class='ocr_line' id='line_1_65' title="bbox 528 3440 2108 3522; baseline -0.005 -17"><span class='ocrx_word' id='word_1_452' title='bbox 528 3451 649 3522; x_wconf 88' lang='lat' dir='ltr'><strong>ejus</strong></span> <span class='ocrx_word' id='word_1_453' title='bbox 693 3457 876 3505; x_wconf 88' lang='lat' dir='ltr'><strong>autem</strong></span> <span class='ocrx_word' id='word_1_454' title='bbox 904 3445 1101 3518; x_wconf 78' lang='lat' dir='ltr'><strong>gratia,</strong></span> <span class='ocrx_word' id='word_1_455' title='bbox 1127 3443 1197 3501; x_wconf 88' lang='lat' dir='ltr'><strong>iis</strong></span> <span class='ocrx_word' id='word_1_456' title='bbox 1217 3443 1312 3513; x_wconf 90' lang='lat' dir='ltr'><strong>qui</strong></span> <span class='ocrx_word' id='word_1_457' title='bbox 1342 3440 1492 3513; x_wconf 80' lang='lat' dir='ltr'><strong>digni</strong></span> <span class='ocrx_word' id='word_1_458' title='bbox 1524 3450 1673 3507; x_wconf 80' lang='lat' dir='ltr'><strong>sunt,</strong></span> <span class='ocrx_word' id='word_1_459' title='bbox 1699 3458 1798 3512; x_wconf 90' lang='lat' dir='ltr'><strong>per</strong></span> <span class='ocrx_word' id='word_1_460' title='bbox 1825 3442 2108 3499; x_wconf 87' lang='lat' dir='ltr'><strong>Christum</strong></span> 
     </span>
    </p>
   </div>
   <div class='ocr_carea' id='block_1_66' title="bbox 529 3538 1503 3611">
    <p class='ocr_par' dir='ltr' id='par_1_66' title="bbox 529 3538 1503 3611">
     <span class='ocr_line' id='line_1_66' title="bbox 529 3538 1503 3611; baseline -0.013 -17"><span class='ocrx_word' id='word_1_461' title='bbox 529 3538 931 3610; x_wconf 85' lang='lat' dir='ltr'><strong>suppeditatur.</strong></span> <span class='ocrx_word' id='word_1_462' title='bbox 963 3554 981 3587; x_wconf 77' lang='grc' dir='ltr'><strong><em>ι</em></strong></span> <span class='ocrx_word' id='word_1_463' title='bbox 1498 3605 1503 3611; x_wconf 23' lang='grc'><strong>⁸</strong></span> 
     </span>
    </p>
   </div>
   <div class='ocr_carea' id='block_1_67' title="bbox 597 3637 2105 3709">
    <p class='ocr_par' dir='ltr' id='par_1_67' title="bbox 597 3637 2105 3709">
     <span class='ocr_line' id='line_1_67' title="bbox 597 3637 2105 3709; baseline -0.005 -9"><span class='ocrx_word' id='word_1_464' title='bbox 597 3643 791 3701; x_wconf 72' lang='lat' dir='ltr'><strong>XXIV.</strong></span> <span class='ocrx_word' id='word_1_465' title='bbox 816 3639 1098 3698; x_wconf 80' lang='lat' dir='ltr'><strong>Nonnulla</strong></span> <span class='ocrx_word' id='word_1_466' title='bbox 1122 3638 1290 3695; x_wconf 85' lang='lat' dir='ltr'><strong>etiam</strong></span> <span class='ocrx_word' id='word_1_467' title='bbox 1319 3638 1639 3709; x_wconf 79' lang='lat' dir='ltr'><strong>priusquam</strong></span> <span class='ocrx_word' id='word_1_468' title='bbox 1669 3637 1895 3693; x_wconf 88' lang='lat' dir='ltr'><strong>ﬁniatur</strong></span> <span class='ocrx_word' id='word_1_469' title='bbox 1923 3647 2105 3709; x_wconf 75' lang='lat' dir='ltr'><strong>caput,</strong></span> 
     </span>
    </p>
   </div>
   <div class='ocr_carea' id='block_1_68' title="bbox 531 3727 2108 3798">
    <p class='ocr_par' dir='ltr' id='par_1_68' title="bbox 531 3727 2108 3798">
     <span class='ocr_line' id='line_1_68' title="bbox 531 3727 2108 3798; baseline -0.004 -6"><span class='ocrx_word' id='word_1_470' title='bbox 531 3731 875 3792; x_wconf 78' lang='lat' dir='ltr'><strong>cumamicis</strong></span> <span class='ocrx_word' id='word_1_471' title='bbox 915 3727 1155 3793; x_wconf 89' lang='lat' dir='ltr'><strong>duobus,</strong></span> <span class='ocrx_word' id='word_1_472' title='bbox 1196 3727 1333 3784; x_wconf 80' lang='lat' dir='ltr'><strong>viris</strong></span> <span class='ocrx_word' id='word_1_473' title='bbox 1376 3727 1567 3798; x_wconf 85' lang='lat' dir='ltr'><strong>utique</strong></span> <span class='ocrx_word' id='word_1_474' title='bbox 1615 3727 1814 3795; x_wconf 87' lang='lat' dir='ltr'><strong>doctis,</strong></span> <span class='ocrx_word' id='word_1_475' title='bbox 1864 3727 2108 3785; x_wconf 84' lang='lat' dir='ltr'><strong>ineunda</strong></span> 
     </span>
    </p>
   </div>
   <div class='ocr_carea' id='block_1_69' title="bbox 528 3818 2109 3896">
    <p class='ocr_par' dir='ltr' id='par_1_69' title="bbox 528 3818 2109 3896">
     <span class='ocr_line' id='line_1_69' title="bbox 528 3818 2109 3896; baseline -0.002 -17"><span class='ocrx_word' id='word_1_476' title='bbox 528 3839 731 3896; x_wconf 84' lang='lat' dir='ltr'><strong>pugna,</strong></span> <span class='ocrx_word' id='word_1_477' title='bbox 762 3820 962 3892; x_wconf 83' lang='lat' dir='ltr'><strong>partim</strong></span> <span class='ocrx_word' id='word_1_478' title='bbox 991 3819 1061 3876; x_wconf 89' lang='lat' dir='ltr'><strong>de</strong></span> <span class='ocrx_word' id='word_1_479' title='bbox 1088 3818 1364 3875; x_wconf 85' lang='lat' dir='ltr'><strong>Theodori</strong></span> <span class='ocrx_word' id='word_1_480' title='bbox 1389 3818 1496 3874; x_wconf 84' lang='lat' dir='ltr'><strong>fide</strong></span> <span class='ocrx_word' id='word_1_481' title='bbox 1522 3818 1671 3874; x_wconf 87' lang='lat' dir='ltr'><strong>circa</strong></span> <span class='ocrx_word' id='word_1_482' title='bbox 1698 3819 2109 3889; x_wconf 85' lang='lat' dir='ltr'><strong>processionem</strong></span> 
     </span>
    </p>
   </div>
   <div class='ocr_carea' id='block_1_70' title="bbox 531 3908 2108 3987">
    <p class='ocr_par' dir='ltr' id='par_1_70' title="bbox 531 3908 2108 3987">
     <span class='ocr_line' id='line_1_70' title="bbox 531 3908 2108 3987; baseline -0.003 -18"><span class='ocrx_word' id='word_1_483' title='bbox 531 3914 770 3987; x_wconf 83' lang='lat' dir='ltr'><strong>Spiritus</strong></span> <span class='ocrx_word' id='word_1_484' title='bbox 809 3912 985 3968; x_wconf 86' lang='lat' dir='ltr'><strong>sancti</strong></span> <span class='ocrx_word' id='word_1_485' title='bbox 1026 3926 1060 3966; x_wconf 87' lang='lat' dir='ltr'><strong>a</strong></span> <span class='ocrx_word' id='word_1_486' title='bbox 1086 3910 1246 3977; x_wconf 84' lang='lat' dir='ltr'><strong>Filio,</strong></span> <span class='ocrx_word' id='word_1_487' title='bbox 1274 3909 1476 3981; x_wconf 89' lang='lat' dir='ltr'><strong>partim</strong></span> <span class='ocrx_word' id='word_1_488' title='bbox 1506 3908 1578 3965; x_wconf 89' lang='lat' dir='ltr'><strong>de</strong></span> <span class='ocrx_word' id='word_1_489' title='bbox 1609 3909 1835 3967; x_wconf 85' lang='lat' dir='ltr'><strong>nomine</strong></span> <span class='ocrx_word' id='word_1_490' title='bbox 1855 3909 2108 3980; x_wconf 79' lang='lat' dir='ltr'><strong>Acepha-</strong></span> 
     </span>
    </p>
   </div>
   <div class='ocr_carea' id='block_1_71' title="bbox 531 4000 2107 4076">
    <p class='ocr_par' dir='ltr' id='par_1_71' title="bbox 531 4000 2107 4076">
     <span class='ocr_line' id='line_1_71' title="bbox 531 4000 2107 4076; baseline -0.003 -15"><span class='ocrx_word' id='word_1_491' title='bbox 531 4007 708 4063; x_wconf 86' lang='lat' dir='ltr'><strong>lorum</strong></span> <span class='ocrx_word' id='word_1_492' title='bbox 755 4003 1124 4076; x_wconf 84' lang='lat' dir='ltr'><strong>quorumdam</strong></span> <span class='ocrx_word' id='word_1_493' title='bbox 1170 4020 1202 4058; x_wconf 88' lang='lat' dir='ltr'><strong>a</strong></span> <span class='ocrx_word' id='word_1_494' title='bbox 1250 4002 1511 4067; x_wconf 82' lang='lat' dir='ltr'><strong>Liberato</strong></span> <span class='ocrx_word' id='word_1_495' title='bbox 1566 4009 1997 4057; x_wconf 79' lang='lat' dir='ltr'><strong>memoratarum</strong></span> <span class='ocrx_word' id='word_1_496' title='bbox 2041 4000 2107 4057; x_wconf 73' lang='grc' dir='ltr'><strong>ιτ.</strong></span> 
     </span>
    </p>
   </div>
   <div class='ocr_carea' id='block_1_72' title="bbox 528 4089 2110 4165">
    <p class='ocr_par' dir='ltr' id='par_1_72' title="bbox 528 4089 2110 4165">
     <span class='ocr_line' id='line_1_72' title="bbox 528 4089 2110 4165; baseline -0.003 -13"><span class='ocrx_word' id='word_1_497' title='bbox 528 4095 663 4152; x_wconf 82' lang='lat' dir='ltr'><strong>Nam</strong></span> <span class='ocrx_word' id='word_1_498' title='bbox 695 4095 1049 4151; x_wconf 82' lang='lat' dir='ltr'><strong>Theodorum</strong></span> <span class='ocrx_word' id='word_1_499' title='bbox 1090 4092 1316 4165; x_wconf 84' lang='lat' dir='ltr'><strong>quidem</strong></span> <span class='ocrx_word' id='word_1_500' title='bbox 1339 4093 1578 4163; x_wconf 88' lang='lat' dir='ltr'><strong>scriptor</strong></span> <span class='ocrx_word' id='word_1_501' title='bbox 1603 4092 1695 4146; x_wconf 90' lang='lat' dir='ltr'><strong>ille</strong></span> <span class='ocrx_word' id='word_1_502' title='bbox 1713 4089 2110 4153; x_wconf 86' lang='lat' dir='ltr'><strong>celeberrimus</strong></span> 
     </span>
    </p>
   </div>
   <div class='ocr_carea' id='block_1_73' title="bbox 530 4181 2106 4251">
    <p class='ocr_par' dir='ltr' id='par_1_73' title="bbox 530 4181 2106 4251">
     <span class='ocr_line' id='line_1_73' title="bbox 530 4181 2106 4251; baseline -0.002 -10"><span class='ocrx_word' id='word_1_503' title='bbox 530 4186 774 4245; x_wconf 61' lang='lat' dir='ltr'><strong>historiae</strong></span> <span class='ocrx_word' id='word_1_504' title='bbox 801 4185 869 4243; x_wconf 89' lang='lat' dir='ltr'><strong>de</strong></span> <span class='ocrx_word' id='word_1_505' title='bbox 890 4184 1184 4239; x_wconf 84' lang='lat' dir='ltr'><strong>schismate</strong></span> <span class='ocrx_word' id='word_1_506' title='bbox 1206 4182 1544 4248; x_wconf 67' lang='lat' dir='ltr'><strong>Graecorum,</strong></span> <span class='ocrx_word' id='word_1_507' title='bbox 1577 4197 1841 4238; x_wconf 79' lang='lat' dir='ltr'><strong>excusare</strong></span> <span class='ocrx_word' id='word_1_508' title='bbox 1886 4181 2106 4251; x_wconf 84' lang='lat' dir='ltr'><strong>nititur,</strong></span> 
     </span>
    </p>
   </div>
   <div class='ocr_carea' id='block_1_74' title="bbox 530 4273 2107 4346">
    <p class='ocr_par' dir='ltr' id='par_1_74' title="bbox 530 4273 2107 4346">
     <span class='ocr_line' id='line_1_74' title="bbox 530 4273 2107 4346; baseline 0.003 -18"><span class='ocrx_word' id='word_1_509' title='bbox 530 4293 599 4335; x_wconf 88' lang='lat' dir='ltr'><strong>ne</strong></span> <span class='ocrx_word' id='word_1_510' title='bbox 619 4276 689 4337; x_wconf 85' lang='lat' dir='ltr'><strong>sit</strong></span> <span class='ocrx_word' id='word_1_511' title='bbox 710 4274 1189 4331; x_wconf 86' lang='lat' dir='ltr'><strong>schismaticorum</strong></span> <span class='ocrx_word' id='word_1_512' title='bbox 1207 4274 1468 4346; x_wconf 80' lang='lat' dir='ltr'><strong>magister</strong></span> <span class='ocrx_word' id='word_1_513' title='bbox 1488 4291 1504 4340; x_wconf 88' lang='lat'><strong>;</strong></span> <span class='ocrx_word' id='word_1_514' title='bbox 1528 4273 1937 4329; x_wconf 90' lang='lat' dir='ltr'><strong>Theodoretum</strong></span> <span class='ocrx_word' id='word_1_515' title='bbox 1952 4290 2107 4341; x_wconf 84' lang='lat' dir='ltr'><strong>vero,</strong></span> 
     </span>
    </p>
   </div>
   <div class='ocr_carea' id='block_1_75' title="bbox 531 4360 2107 4433">
    <p class='ocr_par' dir='ltr' id='par_1_75' title="bbox 531 4360 2107 4433">
     <span class='ocr_line' id='line_1_75' title="bbox 531 4360 2107 4433; baseline -0.002 -12"><span class='ocrx_word' id='word_1_516' title='bbox 531 4381 598 4421; x_wconf 89' lang='lat' dir='ltr'><strong>ue</strong></span> <span class='ocrx_word' id='word_1_517' title='bbox 648 4370 938 4421; x_wconf 86' lang='lat' dir='ltr'><strong>censeatur</strong></span> <span class='ocrx_word' id='word_1_518' title='bbox 984 4363 1131 4418; x_wconf 90' lang='lat' dir='ltr'><strong>inter</strong></span> <span class='ocrx_word' id='word_1_519' title='bbox 1176 4363 1482 4433; x_wconf 82' lang='lat' dir='ltr'><strong>Acephalos</strong></span> <span class='ocrx_word' id='word_1_520' title='bbox 1514 4360 1777 4428; x_wconf 89' lang='lat' dir='ltr'><strong>Liberati,</strong></span> <span class='ocrx_word' id='word_1_521' title='bbox 1802 4364 2009 4433; x_wconf 83' lang='lat' dir='ltr'><strong>pariter</strong></span> <span class='ocrx_word' id='word_1_522' title='bbox 2028 4364 2107 4420; x_wconf 85' lang='lat' dir='ltr'><strong>la-</strong></span> 
     </span>
    </p>
   </div>
   <div class='ocr_carea' id='block_1_76' title="bbox 532 4453 2105 4511">
    <p class='ocr_par' dir='ltr' id='par_1_76' title="bbox 532 4453 2105 4511">
     <span class='ocr_line' id='line_1_76' title="bbox 532 4453 2105 4511; baseline 0.002 -3"><span class='ocrx_word' id='word_1_523' title='bbox 532 4455 689 4509; x_wconf 84' lang='lat' dir='ltr'><strong>borat</strong></span> <span class='ocrx_word' id='word_1_524' title='bbox 742 4453 1040 4509; x_wconf 88' lang='lat' dir='ltr'><strong>defendere</strong></span> <span class='ocrx_word' id='word_1_525' title='bbox 1081 4454 1340 4510; x_wconf 64' lang='lat' dir='ltr'><strong>Ecclesiae</strong></span> <span class='ocrx_word' id='word_1_526' title='bbox 1384 4453 1584 4509; x_wconf 62' lang='lat' dir='ltr'><strong>Graeca:</strong></span> <span class='ocrx_word' id='word_1_527' title='bbox 1621 4465 2105 4511; x_wconf 88' lang='lat' dir='ltr'><strong>monumentorum</strong></span> 
     </span>
    </p>
   </div>
   <div class='ocr_carea' id='block_1_77' title="bbox 530 4542 2105 4614">
    <p class='ocr_par' dir='ltr' id='par_1_77' title="bbox 530 4542 2105 4614">
     <span class='ocr_line' id='line_1_77' title="bbox 530 4542 2105 4614; baseline 0.001 -16"><span class='ocrx_word' id='word_1_528' title='bbox 530 4544 731 4599; x_wconf 85' lang='lat' dir='ltr'><strong>editor.</strong></span> <span class='ocrx_word' id='word_1_529' title='bbox 781 4542 891 4597; x_wconf 89' lang='lat' dir='ltr'><strong>Cur</strong></span> <span class='ocrx_word' id='word_1_530' title='bbox 937 4543 1007 4597; x_wconf 89' lang='lat' dir='ltr'><strong>ab</strong></span> <span class='ocrx_word' id='word_1_531' title='bbox 1036 4552 1270 4614; x_wconf 89' lang='lat' dir='ltr'><strong>utroque</strong></span> <span class='ocrx_word' id='word_1_532' title='bbox 1297 4543 1641 4607; x_wconf 85' lang='lat' dir='ltr'><strong>dissentiam,</strong></span> <span class='ocrx_word' id='word_1_533' title='bbox 1678 4544 1868 4612; x_wconf 85' lang='lat' dir='ltr'><strong>paucis</strong></span> <span class='ocrx_word' id='word_1_534' title='bbox 1896 4546 2105 4614; x_wconf 87' lang='lat' dir='ltr'><strong>aperio.</strong></span> 
     </span>
    </p>
   </div>
   <div class='ocr_carea' id='block_1_78' title="bbox 600 4631 2114 4702">
    <p class='ocr_par' dir='ltr' id='par_1_78' title="bbox 600 4631 2114 4702">
     <span class='ocr_line' id='line_1_78' title="bbox 600 4631 2114 4702; baseline 0 -14"><span class='ocrx_word' id='word_1_535' title='bbox 600 4633 764 4689; x_wconf 67' lang='lat' dir='ltr'><strong>XXV.</strong></span> <span class='ocrx_word' id='word_1_536' title='bbox 804 4633 939 4688; x_wconf 89' lang='lat' dir='ltr'><strong>Cum</strong></span> <span class='ocrx_word' id='word_1_537' title='bbox 985 4632 1381 4689; x_wconf 87' lang='lat' dir='ltr'><strong>celeberrimus</strong></span> <span class='ocrx_word' id='word_1_538' title='bbox 1421 4631 1513 4685; x_wconf 89' lang='lat' dir='ltr'><strong>ille</strong></span> <span class='ocrx_word' id='word_1_539' title='bbox 1537 4632 1789 4700; x_wconf 84' lang='lat' dir='ltr'><strong>scriptor,</strong></span> <span class='ocrx_word' id='word_1_540' title='bbox 1813 4648 1973 4702; x_wconf 88' lang='lat' dir='ltr'><strong>quem</strong></span> <span class='ocrx_word' id='word_1_541' title='bbox 1996 4635 2114 4688; x_wconf 80' lang='lat' dir='ltr'><strong>lau-</strong></span> 
     </span>
    </p>
   </div>
   <div class='ocr_carea' id='block_1_79' title="bbox 532 4722 2110 4798">
    <p class='ocr_par' dir='ltr' id='par_1_79' title="bbox 532 4722 2110 4798">
     <span class='ocr_line' id='line_1_79' title="bbox 532 4722 2110 4798; baseline -0.001 -16"><span class='ocrx_word' id='word_1_542' title='bbox 532 4728 678 4793; x_wconf 84' lang='lat' dir='ltr'><strong>davi,</strong></span> <span class='ocrx_word' id='word_1_543' title='bbox 724 4727 1067 4798; x_wconf 80' lang='lat' dir='ltr'><strong>pervenisset</strong></span> <span class='ocrx_word' id='word_1_544' title='bbox 1108 4726 1176 4780; x_wconf 88' lang='lat' dir='ltr'><strong>ad</strong></span> <span class='ocrx_word' id='word_1_545' title='bbox 1228 4723 1589 4793; x_wconf 66' lang='lat' dir='ltr'><strong>quaestionem</strong></span> <span class='ocrx_word' id='word_1_546' title='bbox 1641 4722 1708 4776; x_wconf 86' lang='lat' dir='ltr'><strong>de</strong></span> <span class='ocrx_word' id='word_1_547' title='bbox 1761 4726 2110 4793; x_wconf 88' lang='lat' dir='ltr'><strong>proccssione</strong></span> 
     </span>
    </p>
   </div>
   <div class='ocr_carea' id='block_1_80' title="bbox 532 4814 2109 4889">
    <p class='ocr_par' dir='ltr' id='par_1_80' title="bbox 532 4814 2109 4889">
     <span class='ocr_line' id='line_1_80' title="bbox 532 4814 2109 4889; baseline 0 -16"><span class='ocrx_word' id='word_1_548' title='bbox 532 4819 772 4889; x_wconf 82' lang='lat' dir='ltr'><strong>Spiritus</strong></span> <span class='ocrx_word' id='word_1_549' title='bbox 821 4819 1017 4884; x_wconf 87' lang='lat' dir='ltr'><strong>sancti,</strong></span> <span class='ocrx_word' id='word_1_550' title='bbox 1074 4831 1235 4887; x_wconf 88' lang='lat' dir='ltr'><strong>quam</strong></span> <span class='ocrx_word' id='word_1_551' title='bbox 1268 4814 1444 4870; x_wconf 81' lang='lat' dir='ltr'><strong>Graeci</strong></span> <span class='ocrx_word' id='word_1_552' title='bbox 1478 4814 1736 4869; x_wconf 79' lang='lat' dir='ltr'><strong>Ecclesiae</strong></span> <span class='ocrx_word' id='word_1_553' title='bbox 1760 4815 1967 4871; x_wconf 68' lang='lat' dir='ltr'><strong>Latinae</strong></span> <span class='ocrx_word' id='word_1_554' title='bbox 1992 4832 2109 4874; x_wconf 87' lang='lat' dir='ltr'><strong>mo-</strong></span> 
     </span>
    </p>
   </div>
   <div class='ocr_carea' id='block_1_81' title="bbox 530 4904 2107 4979">
    <p class='ocr_par' dir='ltr' id='par_1_81' title="bbox 530 4904 2107 4979">
     <span class='ocr_line' id='line_1_81' title="bbox 530 4904 2107 4979; baseline 0.001 -16"><span class='ocrx_word' id='word_1_555' title='bbox 530 4917 748 4976; x_wconf 81' lang='lat' dir='ltr'><strong>verunt,</strong></span> <span class='ocrx_word' id='word_1_556' title='bbox 795 4909 971 4964; x_wconf 84' lang='lat' dir='ltr'><strong>fassus</strong></span> <span class='ocrx_word' id='word_1_557' title='bbox 999 4917 1084 4963; x_wconf 88' lang='lat' dir='ltr'><strong>cst</strong></span> <span class='ocrx_word' id='word_1_558' title='bbox 1105 4922 1271 4976; x_wconf 88' lang='lat' dir='ltr'><strong>super</strong></span> <span class='ocrx_word' id='word_1_559' title='bbox 1298 4921 1360 4961; x_wconf 87' lang='lat' dir='ltr'><strong>ea</strong></span> <span class='ocrx_word' id='word_1_560' title='bbox 1394 4904 1801 4960; x_wconf 85' lang='lat' dir='ltr'><strong>Theodoretum</strong></span> <span class='ocrx_word' id='word_1_561' title='bbox 1837 4906 1891 4960; x_wconf 88' lang='lat' dir='ltr'><strong>in</strong></span> <span class='ocrx_word' id='word_1_562' title='bbox 1919 4916 2107 4979; x_wconf 79' lang='lat' dir='ltr'><strong>repre-</strong></span> 
     </span>
    </p>
   </div>
   <div class='ocr_carea' id='block_1_82' title="bbox 531 4993 2112 5066">
    <p class='ocr_par' dir='ltr' id='par_1_82' title="bbox 531 4993 2112 5066">
     <span class='ocr_line' id='line_1_82' title="bbox 531 4993 2112 5066; baseline 0.002 -14"><span class='ocrx_word' id='word_1_563' title='bbox 531 4999 795 5055; x_wconf 86' lang='lat' dir='ltr'><strong>hensione</strong></span> <span class='ocrx_word' id='word_1_564' title='bbox 841 4994 1282 5053; x_wconf 85' lang='lat' dir='ltr'><strong>anathematismi</strong></span> <span class='ocrx_word' id='word_1_565' title='bbox 1334 4995 1463 5049; x_wconf 89' lang='lat' dir='ltr'><strong>noni</strong></span> <span class='ocrx_word' id='word_1_566' title='bbox 1497 4993 1777 5066; x_wconf 78' lang='lat' dir='ltr'><strong>Cyrilliani</strong></span> <span class='ocrx_word' id='word_1_567' title='bbox 1825 4998 1965 5053; x_wconf 83' lang='lat' dir='ltr'><strong>male</strong></span> <span class='ocrx_word' id='word_1_568' title='bbox 1986 5015 2112 5055; x_wconf 86' lang='lat' dir='ltr'><strong>scn-</strong></span> 
     </span>
    </p>
   </div>
   <div class='ocr_carea' id='block_1_83' title="bbox 531 5085 2111 5159">
    <p class='ocr_par' dir='ltr' id='par_1_83' title="bbox 531 5085 2111 5159">
     <span class='ocr_line' id='line_1_83' title="bbox 531 5085 2111 5159; baseline 0.003 -15"><span class='ocrx_word' id='word_1_569' title='bbox 531 5090 664 5147; x_wconf 84' lang='lat' dir='ltr'><strong>sisse</strong></span> <span class='ocrx_word' id='word_1_570' title='bbox 694 5109 708 5159; x_wconf 91' lang='lat'><strong>;</strong></span> <span class='ocrx_word' id='word_1_571' title='bbox 736 5090 916 5146; x_wconf 85' lang='lat' dir='ltr'><strong>noluit</strong></span> <span class='ocrx_word' id='word_1_572' title='bbox 954 5098 1135 5142; x_wconf 82' lang='lat' dir='ltr'><strong>tamen</strong></span> <span class='ocrx_word' id='word_1_573' title='bbox 1181 5085 1515 5141; x_wconf 78' lang='lat' dir='ltr'><strong>Theodoreti</strong></span> <span class='ocrx_word' id='word_1_574' title='bbox 1566 5088 1887 5158; x_wconf 78' lang='lat' dir='ltr'><strong>magistrum</strong></span> <span class='ocrx_word' id='word_1_575' title='bbox 1930 5091 2111 5147; x_wconf 78' lang='lat' dir='ltr'><strong>Theo-</strong></span> 
     </span>
    </p>
   </div>
   <div class='ocr_carea' id='block_1_84' title="bbox 531 5178 2107 5261">
    <p class='ocr_par' dir='ltr' id='par_1_84' title="bbox 531 5178 2107 5261">
     <span class='ocr_line' id='line_1_84' title="bbox 531 5178 2107 5261; baseline 0.002 -24"><span class='ocrx_word' id='word_1_576' title='bbox 531 5180 832 5261; x_wconf 37' lang='lat' dir='ltr'><strong>dorum&#39;in</strong></span> <span class='ocrx_word' id='word_1_577' title='bbox 879 5178 1071 5233; x_wconf 86' lang='lat' dir='ltr'><strong>eadem</strong></span> <span class='ocrx_word' id='word_1_578' title='bbox 1115 5178 1313 5235; x_wconf 69' lang='lat' dir='ltr'><strong>haeresi</strong></span> <span class='ocrx_word' id='word_1_579' title='bbox 1369 5179 1576 5247; x_wconf 87' lang='lat' dir='ltr'><strong>fuisse;</strong></span> <span class='ocrx_word' id='word_1_580' title='bbox 1614 5180 1709 5235; x_wconf 85' lang='lat' dir='ltr'><strong>sed</strong></span> <span class='ocrx_word' id='word_1_581' title='bbox 1758 5181 1814 5237; x_wconf 90' lang='lat' dir='ltr'><strong>in</strong></span> <span class='ocrx_word' id='word_1_582' title='bbox 1860 5185 2107 5255; x_wconf 72' lang='lat' dir='ltr'><strong>symbolo</strong></span> 
     </span>
    </p>
   </div>
   <div class='ocr_carea' id='block_1_85' title="bbox 529 5268 2105 5347">
    <p class='ocr_par' dir='ltr' id='par_1_85' title="bbox 529 5268 2105 5347">
     <span class='ocr_line' id='line_1_85' title="bbox 529 5268 2105 5347; baseline 0.003 -19"><span class='ocrx_word' id='word_1_583' title='bbox 529 5276 775 5328; x_wconf 64' lang='lat' dir='ltr'><strong>errorem</strong></span> <span class='ocrx_word' id='word_1_584' title='bbox 796 5269 1099 5325; x_wconf 82' lang='lat' dir='ltr'><strong>MacedOnii</strong></span> <span class='ocrx_word' id='word_1_585' title='bbox 1124 5268 1387 5326; x_wconf 76' lang='lat' dir='ltr'><strong>duntaxat</strong></span> <span class='ocrx_word' id='word_1_586' title='bbox 1410 5270 1569 5346; x_wconf 58' lang='lat'><strong>5,53</strong></span> <span class='ocrx_word' id='word_1_587' title='bbox 1593 5281 1722 5330; x_wconf 89' lang='lat' dir='ltr'><strong>tunc</strong></span> <span class='ocrx_word' id='word_1_588' title='bbox 1744 5290 2105 5347; x_wconf 81' lang='lat' dir='ltr'><strong>oppugnasse,</strong></span> 
     </span>
    </p>
   </div>
   <div class='ocr_carea' id='block_1_86' title="bbox 529 5363 2113 5437">
    <p class='ocr_par' dir='ltr' id='par_1_86' title="bbox 529 5363 2113 5437">
     <span class='ocr_line' id='line_1_86' title="bbox 529 5363 2113 5437; baseline 0.004 -19"><span class='ocrx_word' id='word_1_589' title='bbox 529 5380 657 5418; x_wconf 91' lang='lat' dir='ltr'><strong>cum</strong></span> <span class='ocrx_word' id='word_1_590' title='bbox 722 5363 991 5429; x_wconf 83' lang='lat' dir='ltr'><strong>scriberet</strong></span> <span class='ocrx_word' id='word_1_591' title='bbox 1023 5382 1041 5415; x_wconf 74' lang='lat' dir='ltr'><strong>r</strong></span> <span class='ocrx_word' id='word_1_592' title='bbox 1077 5363 1341 5434; x_wconf 88' lang='lat' dir='ltr'><strong>Spiritum</strong></span> <span class='ocrx_word' id='word_1_593' title='bbox 1375 5368 1621 5421; x_wconf 82' lang='lat' dir='ltr'><strong>sanctum</strong></span> <span class='ocrx_word' id='word_1_594' title='bbox 1655 5372 1834 5437; x_wconf 80' lang='lat' dir='ltr'><strong>neque</strong></span> <span class='ocrx_word' id='word_1_595' title='bbox 1866 5383 1986 5424; x_wconf 90' lang='lat' dir='ltr'><strong>esse</strong></span> <span class='ocrx_word' id='word_1_596' title='bbox 2022 5366 2113 5424; x_wconf 56' lang='lat' dir='ltr'><strong>Fii</strong></span> 
     </span>
    </p>
   </div>
   <div class='ocr_carea' id='block_1_87' title="bbox 529 5455 2111 5528">
    <p class='ocr_par' dir='ltr' id='par_1_87' title="bbox 529 5455 2111 5528">
     <span class='ocr_line' id='line_1_87' title="bbox 529 5455 2111 5528; baseline 0.003 -17"><span class='ocrx_word' id='word_1_597' title='bbox 529 5455 686 5523; x_wconf 90' lang='lat' dir='ltr'><strong>lium,</strong></span> <span class='ocrx_word' id='word_1_598' title='bbox 716 5470 896 5527; x_wconf 90' lang='lat' dir='ltr'><strong>neque</strong></span> <span class='ocrx_word' id='word_1_599' title='bbox 934 5471 1034 5528; x_wconf 89' lang='lat' dir='ltr'><strong>per</strong></span> <span class='ocrx_word' id='word_1_600' title='bbox 1067 5457 1266 5512; x_wconf 85' lang='lat' dir='ltr'><strong>Filium</strong></span> <span class='ocrx_word' id='word_1_601' title='bbox 1291 5459 1617 5514; x_wconf 77' lang='lat' dir='ltr'><strong>exstantiam</strong></span> <span class='ocrx_word' id='word_1_602' title='bbox 1652 5458 1877 5515; x_wconf 86' lang='lat' dir='ltr'><strong>habere.</strong></span> <span class='ocrx_word' id='word_1_603' title='bbox 1917 5479 1937 5512; x_wconf 73' lang='grc' dir='ltr'><strong><em>ι</em></strong></span> <span class='ocrx_word' id='word_1_604' title='bbox 1977 5460 2111 5516; x_wconf 73' lang='lat' dir='ltr'><strong>Mihi</strong></span> 
     </span>
    </p>
   </div>
   <div class='ocr_carea' id='block_1_88' title="bbox 2210 3268 3801 3340">
    <p class='ocr_par' dir='ltr' id='par_1_88' title="bbox 2210 3268 3801 3340">
     <span class='ocr_line' id='line_1_88' title="bbox 2210 3268 3801 3340; baseline 0.001 -17"><span class='ocrx_word' id='word_1_605' title='bbox 2210 3278 2399 3324; x_wconf 90' lang='lat' dir='ltr'><strong>sancto</strong></span> <span class='ocrx_word' id='word_1_606' title='bbox 2420 3277 2476 3324; x_wconf 89' lang='lat' dir='ltr'><strong>et</strong></span> <span class='ocrx_word' id='word_1_607' title='bbox 2496 3285 2731 3340; x_wconf 88' lang='lat' dir='ltr'><strong>persona</strong></span> <span class='ocrx_word' id='word_1_608' title='bbox 2752 3268 2956 3325; x_wconf 89' lang='lat' dir='ltr'><strong>intacta</strong></span> <span class='ocrx_word' id='word_1_609' title='bbox 2984 3270 3089 3326; x_wconf 89' lang='lat' dir='ltr'><strong>fuit</strong></span> <span class='ocrx_word' id='word_1_610' title='bbox 3107 3287 3137 3326; x_wconf 86' lang='lat' dir='ltr'><strong>a</strong></span> <span class='ocrx_word' id='word_1_611' title='bbox 3163 3270 3488 3327; x_wconf 79' lang='lat' dir='ltr'><strong>fulminibus</strong></span> <span class='ocrx_word' id='word_1_612' title='bbox 3511 3271 3801 3331; x_wconf 62' lang='lat' dir='ltr'><strong>Ecclesiae.</strong></span> 
     </span>
    </p>
   </div>
   <div class='ocr_carea' id='block_1_89' title="bbox 2280 3360 3807 3419">
    <p class='ocr_par' dir='ltr' id='par_1_89' title="bbox 2280 3360 3807 3419">
     <span class='ocr_line' id='line_1_89' title="bbox 2280 3360 3807 3419; baseline 0.003 -5"><span class='ocrx_word' id='word_1_613' title='bbox 2280 3360 2469 3415; x_wconf 80' lang='lat' dir='ltr'><strong>XXVI.</strong></span> <span class='ocrx_word' id='word_1_614' title='bbox 2496 3361 2613 3416; x_wconf 88' lang='lat' dir='ltr'><strong>Jam</strong></span> <span class='ocrx_word' id='word_1_615' title='bbox 2640 3377 2768 3416; x_wconf 89' lang='lat' dir='ltr'><strong>vero</strong></span> <span class='ocrx_word' id='word_1_616' title='bbox 2796 3370 3280 3417; x_wconf 85' lang='lat' dir='ltr'><strong>monumentorum</strong></span> <span class='ocrx_word' id='word_1_617' title='bbox 3309 3362 3572 3419; x_wconf 74' lang='lat' dir='ltr'><strong>Ecclesia:</strong></span> <span class='ocrx_word' id='word_1_618' title='bbox 3595 3362 3807 3419; x_wconf 61' lang='lat' dir='ltr'><strong>Caeca:</strong></span> 
     </span>
    </p>
   </div>
   <div class='ocr_carea' id='block_1_90' title="bbox 2207 3452 3800 3527">
    <p class='ocr_par' dir='ltr' id='par_1_90' title="bbox 2207 3452 3800 3527">
     <span class='ocr_line' id='line_1_90' title="bbox 2207 3452 3800 3527; baseline 0 -18"><span class='ocrx_word' id='word_1_619' title='bbox 2207 3453 2462 3517; x_wconf 84' lang='lat' dir='ltr'><strong>eruditus</strong></span> <span class='ocrx_word' id='word_1_620' title='bbox 2489 3452 2690 3518; x_wconf 86' lang='lat' dir='ltr'><strong>editor,</strong></span> <span class='ocrx_word' id='word_1_621' title='bbox 2723 3471 2849 3510; x_wconf 90' lang='lat' dir='ltr'><strong>cum</strong></span> <span class='ocrx_word' id='word_1_622' title='bbox 2881 3465 3041 3512; x_wconf 87' lang='lat' dir='ltr'><strong>notas</strong></span> <span class='ocrx_word' id='word_1_623' title='bbox 3069 3464 3371 3527; x_wconf 84' lang='lat' dir='ltr'><strong>apponeret</strong></span> <span class='ocrx_word' id='word_1_624' title='bbox 3389 3455 3459 3510; x_wconf 90' lang='lat' dir='ltr'><strong>ad</strong></span> <span class='ocrx_word' id='word_1_625' title='bbox 3484 3455 3800 3525; x_wconf 83' lang='lat' dir='ltr'><strong>epistolam,</strong></span> 
     </span>
    </p>
   </div>
   <div class='ocr_carea' id='block_1_91' title="bbox 2208 3546 3801 3617">
    <p class='ocr_par' dir='ltr' id='par_1_91' title="bbox 2208 3546 3801 3617">
     <span class='ocr_line' id='line_1_91' title="bbox 2208 3546 3801 3617; baseline 0 -16"><span class='ocrx_word' id='word_1_626' title='bbox 2208 3562 2373 3616; x_wconf 88' lang='lat' dir='ltr'><strong>quam</strong></span> <span class='ocrx_word' id='word_1_627' title='bbox 2413 3547 2609 3603; x_wconf 85' lang='lat' dir='ltr'><strong>Joanni</strong></span> <span class='ocrx_word' id='word_1_628' title='bbox 2642 3547 2989 3604; x_wconf 83' lang='lat' dir='ltr'><strong>Antioebcuo</strong></span> <span class='ocrx_word' id='word_1_629' title='bbox 3033 3546 3416 3603; x_wconf 85' lang='lat' dir='ltr'><strong>Theodoretus</strong></span> <span class='ocrx_word' id='word_1_630' title='bbox 3449 3555 3573 3617; x_wconf 87' lang='lat' dir='ltr'><strong>post</strong></span> <span class='ocrx_word' id='word_1_631' title='bbox 3598 3547 3801 3603; x_wconf 79' lang='lat' dir='ltr'><strong>lectam</strong></span> 
     </span>
    </p>
   </div>
   <div class='ocr_carea' id='block_1_92' title="bbox 2208 3638 3803 3711">
    <p class='ocr_par' dir='ltr' id='par_1_92' title="bbox 2208 3638 3803 3711">
     <span class='ocr_line' id='line_1_92' title="bbox 2208 3638 3803 3711; baseline -0.001 -16"><span class='ocrx_word' id='word_1_632' title='bbox 2208 3638 2399 3711; x_wconf 79' lang='lat' dir='ltr'><strong>Cyrilli</strong></span> <span class='ocrx_word' id='word_1_633' title='bbox 2426 3638 2588 3699; x_wconf 86' lang='lat' dir='ltr'><strong>fidem</strong></span> <span class='ocrx_word' id='word_1_634' title='bbox 2619 3638 2791 3703; x_wconf 87' lang='lat' dir='ltr'><strong>misit,</strong></span> <span class='ocrx_word' id='word_1_635' title='bbox 2827 3640 2944 3697; x_wconf 77' lang='lat' dir='ltr'><strong>haec</strong></span> <span class='ocrx_word' id='word_1_636' title='bbox 2977 3639 3200 3695; x_wconf 73' lang='lat' dir='ltr'><strong>habet“</strong></span> <span class='ocrx_word' id='word_1_637' title='bbox 3223 3657 3237 3693; x_wconf 92' lang='lat'><strong>:</strong></span> <span class='ocrx_word' id='word_1_638' title='bbox 3262 3659 3279 3690; x_wconf 76' lang='grc' dir='ltr'>ι</span> <span class='ocrx_word' id='word_1_639' title='bbox 3308 3639 3388 3694; x_wconf 86' lang='lat' dir='ltr'><strong>De</strong></span> <span class='ocrx_word' id='word_1_640' title='bbox 3415 3639 3803 3694; x_wconf 84' lang='lat' dir='ltr'><strong>controversia</strong></span> 
     </span>
    </p>
   </div>
   <div class='ocr_carea' id='block_1_93' title="bbox 2208 3727 3806 3802">
    <p class='ocr_par' dir='ltr' id='par_1_93' title="bbox 2208 3727 3806 3802">
     <span class='ocr_line' id='line_1_93' title="bbox 2208 3727 3806 3802; baseline 0.001 -16"><span class='ocrx_word' id='word_1_641' title='bbox 2208 3727 2473 3802; x_wconf 85' lang='lat' dir='ltr'><strong>Cyrillum</strong></span> <span class='ocrx_word' id='word_1_642' title='bbox 2500 3730 2646 3786; x_wconf 91' lang='lat' dir='ltr'><strong>inter</strong></span> <span class='ocrx_word' id='word_1_643' title='bbox 2666 3740 2722 3787; x_wconf 87' lang='lat' dir='ltr'><strong>et</strong></span> <span class='ocrx_word' id='word_1_644' title='bbox 2743 3730 3154 3789; x_wconf 83' lang='lat' dir='ltr'><strong>Theodoretum</strong></span> <span class='ocrx_word' id='word_1_645' title='bbox 3173 3730 3453 3801; x_wconf 78' lang='lat' dir='ltr'><strong>eleganter</strong></span> <span class='ocrx_word' id='word_1_646' title='bbox 3473 3730 3806 3801; x_wconf 76' lang='lat' dir='ltr'><strong>Agobardus</strong></span> 
     </span>
    </p>
   </div>
   <div class='ocr_carea' id='block_1_94' title="bbox 2208 3819 3804 3891">
    <p class='ocr_par' dir='ltr' id='par_1_94' title="bbox 2208 3819 3804 3891">
     <span class='ocr_line' id='line_1_94' title="bbox 2208 3819 3804 3891; baseline 0.002 -16"><span class='ocrx_word' id='word_1_647' title='bbox 2208 3819 2354 3875; x_wconf 83' lang='lat' dir='ltr'><strong>libro</strong></span> <span class='ocrx_word' id='word_1_648' title='bbox 2384 3820 2650 3876; x_wconf 81' lang='lat' dir='ltr'><strong>adversus</strong></span> <span class='ocrx_word' id='word_1_649' title='bbox 2678 3821 2914 3876; x_wconf 84' lang='lat' dir='ltr'><strong>Felicem</strong></span> <span class='ocrx_word' id='word_1_650' title='bbox 2940 3838 3060 3891; x_wconf 91' lang='lat' dir='ltr'><strong>cap.</strong></span> <span class='ocrx_word' id='word_1_651' title='bbox 3092 3822 3145 3876; x_wconf 73' lang='grc'><strong>4.</strong></span> <span class='ocrx_word' id='word_1_652' title='bbox 3177 3822 3314 3876; x_wconf 75' lang='lat' dir='ltr'><strong>Vide</strong></span> <span class='ocrx_word' id='word_1_653' title='bbox 3336 3822 3502 3877; x_wconf 87' lang='lat' dir='ltr'><strong>etiam</strong></span> <span class='ocrx_word' id='word_1_654' title='bbox 3527 3823 3804 3878; x_wconf 80' lang='lat' dir='ltr'><strong>Joannem</strong></span> 
     </span>
    </p>
   </div>
   <div class='ocr_carea' id='block_1_95' title="bbox 2208 3909 3809 3981">
    <p class='ocr_par' dir='ltr' id='par_1_95' title="bbox 2208 3909 3809 3981">
     <span class='ocr_line' id='line_1_95' title="bbox 2208 3909 3809 3981; baseline 0.002 -16"><span class='ocrx_word' id='word_1_655' title='bbox 2208 3909 2659 3974; x_wconf 86' lang='lat' dir='ltr'><strong>Euchaitensem.</strong></span> <span class='ocrx_word' id='word_1_656' title='bbox 2689 3926 2745 3981; x_wconf 90' lang='lat' dir='ltr'><strong>p.</strong></span> <span class='ocrx_word' id='word_1_657' title='bbox 2772 3911 2841 3966; x_wconf 77' lang='lat'><strong>36</strong></span> <span class='ocrx_word' id='word_1_658' title='bbox 2868 3920 2925 3966; x_wconf 90' lang='lat' dir='ltr'><strong>ct</strong></span> <span class='ocrx_word' id='word_1_659' title='bbox 2942 3911 3034 3977; x_wconf 76' lang='lat'><strong>37,</strong></span> <span class='ocrx_word' id='word_1_660' title='bbox 3062 3921 3122 3966; x_wconf 86' lang='lat' dir='ltr'><strong>et</strong></span> <span class='ocrx_word' id='word_1_661' title='bbox 3147 3911 3260 3965; x_wconf 89' lang='lat' dir='ltr'><strong>noli</strong></span> <span class='ocrx_word' id='word_1_662' title='bbox 3286 3911 3598 3966; x_wconf 80' lang='lat' dir='ltr'><strong>existimare</strong></span> <span class='ocrx_word' id='word_1_663' title='bbox 3618 3911 3809 3968; x_wconf 80' lang='lat' dir='ltr'><strong>Theo-</strong></span> 
     </span>
    </p>
   </div>
   <div class='ocr_carea' id='block_1_96' title="bbox 2210 3998 3801 4073">
    <p class='ocr_par' dir='ltr' id='par_1_96' title="bbox 2210 3998 3801 4073">
     <span class='ocr_line' id='line_1_96' title="bbox 2210 3998 3801 4073; baseline 0.004 -20"><span class='ocrx_word' id='word_1_664' title='bbox 2210 3998 2465 4055; x_wconf 89' lang='lat' dir='ltr'><strong>doretum</strong></span> <span class='ocrx_word' id='word_1_665' title='bbox 2504 3998 2703 4055; x_wconf 88' lang='lat' dir='ltr'><strong>ducem</strong></span> <span class='ocrx_word' id='word_1_666' title='bbox 2730 4000 2902 4056; x_wconf 90' lang='lat' dir='ltr'><strong>fuisse</strong></span> <span class='ocrx_word' id='word_1_667' title='bbox 2951 4001 3314 4071; x_wconf 87' lang='lat' dir='ltr'><strong>quorumdam</strong></span> <span class='ocrx_word' id='word_1_668' title='bbox 3366 4001 3801 4073; x_wconf 84' lang='lat' dir='ltr'><strong>Acepbalorum,</strong></span> 
     </span>
    </p>
   </div>
   <div class='ocr_carea' id='block_1_97' title="bbox 2209 4091 3802 4164">
    <p class='ocr_par' dir='ltr' id='par_1_97' title="bbox 2209 4091 3802 4164">
     <span class='ocr_line' id='line_1_97' title="bbox 2209 4091 3802 4164; baseline 0.003 -18"><span class='ocrx_word' id='word_1_669' title='bbox 2209 4091 2304 4164; x_wconf 93' lang='lat' dir='ltr'><strong>qui</strong></span> <span class='ocrx_word' id='word_1_670' title='bbox 2336 4091 2475 4147; x_wconf 92' lang='lat' dir='ltr'><strong>duas</strong></span> <span class='ocrx_word' id='word_1_671' title='bbox 2497 4092 2555 4146; x_wconf 92' lang='lat' dir='ltr'><strong>in</strong></span> <span class='ocrx_word' id='word_1_672' title='bbox 2582 4091 2806 4149; x_wconf 89' lang='lat' dir='ltr'><strong>Christo</strong></span> <span class='ocrx_word' id='word_1_673' title='bbox 2838 4100 3065 4150; x_wconf 88' lang='lat' dir='ltr'><strong>naturas</strong></span> <span class='ocrx_word' id='word_1_674' title='bbox 3088 4091 3438 4149; x_wconf 84' lang='lat' dir='ltr'><strong>defenderint</strong></span> <span class='ocrx_word' id='word_1_675' title='bbox 3470 4111 3483 4146; x_wconf 91' lang='lat'>:</span> <span class='ocrx_word' id='word_1_676' title='bbox 3514 4108 3626 4148; x_wconf 88' lang='lat' dir='ltr'><strong>non</strong></span> <span class='ocrx_word' id='word_1_677' title='bbox 3645 4095 3802 4150; x_wconf 72' lang='lat' dir='ltr'><strong>enim</strong></span> 
     </span>
    </p>
   </div>
   <div class='ocr_carea' id='block_1_98' title="bbox 2207 4180 3306 4238">
    <p class='ocr_par' dir='ltr' id='par_1_98' title="bbox 2207 4180 3306 4238">
     <span class='ocr_line' id='line_1_98' title="bbox 2207 4180 3306 4238; baseline 0 -3"><span class='ocrx_word' id='word_1_678' title='bbox 2207 4180 2315 4237; x_wconf 92' lang='lat' dir='ltr'><strong>hoc</strong></span> <span class='ocrx_word' id='word_1_679' title='bbox 2346 4198 2413 4238; x_wconf 77' lang='lat' dir='ltr'><strong>ex</strong></span> <span class='ocrx_word' id='word_1_680' title='bbox 2460 4180 2705 4237; x_wconf 88' lang='lat' dir='ltr'><strong>Liberati</strong></span> <span class='ocrx_word' id='word_1_681' title='bbox 2740 4181 2924 4237; x_wconf 78' lang='lat' dir='ltr'><strong>verbis</strong></span> <span class='ocrx_word' id='word_1_682' title='bbox 2952 4182 3247 4237; x_wconf 74' lang='lat' dir='ltr'><strong>evincitur.</strong></span> <span class='ocrx_word' id='word_1_683' title='bbox 3288 4203 3306 4235; x_wconf 77' lang='grc' dir='ltr'><strong><em>ι</em></strong></span> 
     </span>
    </p>
   </div>
   <div class='ocr_carea' id='block_1_99' title="bbox 2278 4273 3802 4345">
    <p class='ocr_par' dir='ltr' id='par_1_99' title="bbox 2278 4273 3802 4345">
     <span class='ocr_line' id='line_1_99' title="bbox 2278 4273 3802 4345; baseline 0.001 -14"><span class='ocrx_word' id='word_1_684' title='bbox 2278 4273 2465 4331; x_wconf 80' lang='lat' dir='ltr'><strong>Videri</strong></span> <span class='ocrx_word' id='word_1_685' title='bbox 2489 4280 2670 4343; x_wconf 88' lang='lat' dir='ltr'><strong>potest</strong></span> <span class='ocrx_word' id='word_1_686' title='bbox 2709 4274 2953 4328; x_wconf 88' lang='lat' dir='ltr'><strong>animum</strong></span> <span class='ocrx_word' id='word_1_687' title='bbox 2984 4274 3280 4329; x_wconf 86' lang='lat' dir='ltr'><strong>attendisse</strong></span> <span class='ocrx_word' id='word_1_688' title='bbox 3313 4275 3378 4329; x_wconf 89' lang='lat' dir='ltr'><strong>ad</strong></span> <span class='ocrx_word' id='word_1_689' title='bbox 3416 4283 3578 4345; x_wconf 87' lang='lat' dir='ltr'><strong>caput</strong></span> <span class='ocrx_word' id='word_1_690' title='bbox 3598 4275 3632 4331; x_wconf 90' lang='lat'><strong>9</strong></span> <span class='ocrx_word' id='word_1_691' title='bbox 3656 4274 3802 4332; x_wconf 87' lang='lat' dir='ltr'><strong>Bre-</strong></span> 
     </span>
    </p>
   </div>
   <div class='ocr_carea' id='block_1_100' title="bbox 2205 4363 3801 4429">
    <p class='ocr_par' dir='ltr' id='par_1_100' title="bbox 2205 4363 3801 4429">
     <span class='ocr_line' id='line_1_100' title="bbox 2205 4363 3801 4429; baseline 0 -11"><span class='ocrx_word' id='word_1_692' title='bbox 2205 4364 2389 4429; x_wconf 81' lang='lat' dir='ltr'><strong>viarii,</strong></span> <span class='ocrx_word' id='word_1_693' title='bbox 2446 4363 2538 4418; x_wconf 90' lang='lat' dir='ltr'><strong>ubi</strong></span> <span class='ocrx_word' id='word_1_694' title='bbox 2574 4380 2700 4419; x_wconf 91' lang='lat' dir='ltr'><strong>cum</strong></span> <span class='ocrx_word' id='word_1_695' title='bbox 2734 4363 3026 4418; x_wconf 89' lang='lat' dir='ltr'><strong>Liberatus</strong></span> <span class='ocrx_word' id='word_1_696' title='bbox 3067 4363 3405 4421; x_wconf 81' lang='lat' dir='ltr'><strong>defensionis</strong></span> <span class='ocrx_word' id='word_1_697' title='bbox 3433 4363 3801 4419; x_wconf 86' lang='lat' dir='ltr'><strong>Orientalium</strong></span> 
     </span>
    </p>
   </div>
   <div class='ocr_carea' id='block_1_101' title="bbox 2211 4454 3809 4527">
    <p class='ocr_par' dir='ltr' id='par_1_101' title="bbox 2211 4454 3809 4527">
     <span class='ocr_line' id='line_1_101' title="bbox 2211 4454 3809 4527; baseline -0.002 -17"><span class='ocrx_word' id='word_1_698' title='bbox 2211 4470 2241 4510; x_wconf 89' lang='lat' dir='ltr'><strong>a</strong></span> <span class='ocrx_word' id='word_1_699' title='bbox 2261 4454 2463 4525; x_wconf 85' lang='lat' dir='ltr'><strong>Cyrillo</strong></span> <span class='ocrx_word' id='word_1_700' title='bbox 2497 4462 2762 4524; x_wconf 73' lang='lat' dir='ltr'><strong>suscepta:</strong></span> <span class='ocrx_word' id='word_1_701' title='bbox 2790 4454 2845 4508; x_wconf 89' lang='lat' dir='ltr'><strong>in</strong></span> <span class='ocrx_word' id='word_1_702' title='bbox 2874 4455 3072 4510; x_wconf 86' lang='lat' dir='ltr'><strong>litteris</strong></span> <span class='ocrx_word' id='word_1_703' title='bbox 3102 4456 3168 4525; x_wconf 89' lang='lat' dir='ltr'><strong>ad</strong></span> <span class='ocrx_word' id='word_1_704' title='bbox 3200 4455 3510 4526; x_wconf 79' lang='lat' dir='ltr'><strong>Eulogium,</strong></span> <span class='ocrx_word' id='word_1_705' title='bbox 3531 4455 3809 4527; x_wconf 70' lang='lat' dir='ltr'><strong>Acacium</strong></span> 
     </span>
    </p>
   </div>
   <div class='ocr_carea' id='block_1_102' title="bbox 2215 4545 3795 4616">
    <p class='ocr_par' dir='ltr' id='par_1_102' title="bbox 2215 4545 3795 4616">
     <span class='ocr_line' id='line_1_102' title="bbox 2215 4545 3795 4616; baseline 0.001 -15"><span class='ocrx_word' id='word_1_706' title='bbox 2215 4546 2613 4601; x_wconf 83' lang='lat' dir='ltr'><strong>Melitinensem</strong></span> <span class='ocrx_word' id='word_1_707' title='bbox 2637 4555 2692 4600; x_wconf 89' lang='lat' dir='ltr'><strong>ct</strong></span> <span class='ocrx_word' id='word_1_708' title='bbox 2716 4545 3065 4601; x_wconf 80' lang='lat' dir='ltr'><strong>Valerianum</strong></span> <span class='ocrx_word' id='word_1_709' title='bbox 3096 4547 3453 4612; x_wconf 86' lang='lat' dir='ltr'><strong>lcouiensem,</strong></span> <span class='ocrx_word' id='word_1_710' title='bbox 3490 4546 3795 4616; x_wconf 78' lang='lat' dir='ltr'><strong>fragmenta</strong></span> 
     </span>
    </p>
   </div>
   <div class='ocr_carea' id='block_1_103' title="bbox 2216 4637 3797 4708">
    <p class='ocr_par' dir='ltr' id='par_1_103' title="bbox 2216 4637 3797 4708">
     <span class='ocr_line' id='line_1_103' title="bbox 2216 4637 3797 4708; baseline 0 -16"><span class='ocrx_word' id='word_1_711' title='bbox 2216 4638 2516 4703; x_wconf 83' lang='lat' dir='ltr'><strong>retulisset,</strong></span> <span class='ocrx_word' id='word_1_712' title='bbox 2545 4637 2723 4708; x_wconf 79' lang='lat' dir='ltr'><strong>pergit</strong></span> <span class='ocrx_word' id='word_1_713' title='bbox 2746 4637 2801 4691; x_wconf 90' lang='lat' dir='ltr'><strong>in</strong></span> <span class='ocrx_word' id='word_1_714' title='bbox 2831 4637 2947 4692; x_wconf 67' lang='lat' dir='ltr'><strong>hcce</strong></span> <span class='ocrx_word' id='word_1_715' title='bbox 2969 4638 3136 4692; x_wconf 79' lang='lat' dir='ltr'><strong>verba</strong></span> <span class='ocrx_word' id='word_1_716' title='bbox 3161 4656 3172 4691; x_wconf 90' lang='lat'>:</span> <span class='ocrx_word' id='word_1_717' title='bbox 3219 4658 3234 4689; x_wconf 76' lang='grc' dir='ltr'>ι</span> <span class='ocrx_word' id='word_1_718' title='bbox 3266 4638 3333 4692; x_wconf 88' lang='lat' dir='ltr'><strong>Et</strong></span> <span class='ocrx_word' id='word_1_719' title='bbox 3356 4638 3471 4693; x_wconf 74' lang='lat' dir='ltr'><strong>hzrc</strong></span> <span class='ocrx_word' id='word_1_720' title='bbox 3497 4645 3643 4700; x_wconf 90' lang='lat' dir='ltr'><strong>sunt,</strong></span> <span class='ocrx_word' id='word_1_721' title='bbox 3670 4652 3797 4706; x_wconf 78' lang='lat' dir='ltr'><strong>qua</strong></span> 
     </span>
    </p>
   </div>
   <div class='ocr_carea' id='block_1_104' title="bbox 2215 4727 3797 4801">
    <p class='ocr_par' dir='ltr' id='par_1_104' title="bbox 2215 4727 3797 4801">
     <span class='ocr_line' id='line_1_104' title="bbox 2215 4727 3797 4801; baseline -0.002 -16"><span class='ocrx_word' id='word_1_722' title='bbox 2215 4727 2454 4801; x_wconf 87' lang='lat' dir='ltr'><strong>Cyrillus</strong></span> <span class='ocrx_word' id='word_1_723' title='bbox 2483 4729 2705 4799; x_wconf 86' lang='lat' dir='ltr'><strong>scripsit</strong></span> <span class='ocrx_word' id='word_1_724' title='bbox 2749 4729 2804 4783; x_wconf 90' lang='lat' dir='ltr'><strong>in</strong></span> <span class='ocrx_word' id='word_1_725' title='bbox 2850 4728 3227 4784; x_wconf 83' lang='lat' dir='ltr'><strong>defensionem</strong></span> <span class='ocrx_word' id='word_1_726' title='bbox 3278 4729 3629 4783; x_wconf 82' lang='lat' dir='ltr'><strong>orientalium</strong></span> <span class='ocrx_word' id='word_1_727' title='bbox 3670 4729 3797 4798; x_wconf 74' lang='lat' dir='ltr'><strong>epL</strong></span> 
     </span>
    </p>
   </div>
   <div class='ocr_carea' id='block_1_105' title="bbox 2216 4816 3796 4890">
    <p class='ocr_par' dir='ltr' id='par_1_105' title="bbox 2216 4816 3796 4890">
     <span class='ocr_line' id='line_1_105' title="bbox 2216 4816 3796 4890; baseline 0.001 -15"><span class='ocrx_word' id='word_1_728' title='bbox 2216 4835 2529 4890; x_wconf 88' lang='lat' dir='ltr'><strong>scoporum,</strong></span> <span class='ocrx_word' id='word_1_729' title='bbox 2563 4837 2662 4890; x_wconf 83' lang='lat' dir='ltr'><strong>pro</strong></span> <span class='ocrx_word' id='word_1_730' title='bbox 2682 4820 2896 4875; x_wconf 81' lang='lat' dir='ltr'><strong>duabus</strong></span> <span class='ocrx_word' id='word_1_731' title='bbox 2932 4821 3092 4875; x_wconf 87' lang='lat' dir='ltr'><strong>unins</strong></span> <span class='ocrx_word' id='word_1_732' title='bbox 3114 4816 3318 4876; x_wconf 75' lang='lat' dir='ltr'><strong>Christi</strong></span> <span class='ocrx_word' id='word_1_733' title='bbox 3345 4820 3591 4885; x_wconf 78' lang='lat' dir='ltr'><strong>naturis;</strong></span> <span class='ocrx_word' id='word_1_734' title='bbox 3627 4836 3796 4889; x_wconf 75' lang='lat' dir='ltr'><strong>quam</strong></span> 
     </span>
    </p>
   </div>
   <div class='ocr_carea' id='block_1_106' title="bbox 2216 4912 3800 4983">
    <p class='ocr_par' dir='ltr' id='par_1_106' title="bbox 2216 4912 3800 4983">
     <span class='ocr_line' id='line_1_106' title="bbox 2216 4912 3800 4983; baseline -0.001 -17"><span class='ocrx_word' id='word_1_735' title='bbox 2216 4912 2530 4983; x_wconf 85' lang='lat' dir='ltr'><strong>quicunque</strong></span> <span class='ocrx_word' id='word_1_736' title='bbox 2562 4919 2692 4966; x_wconf 89' lang='lat' dir='ltr'><strong>tunc</strong></span> <span class='ocrx_word' id='word_1_737' title='bbox 2724 4912 2947 4967; x_wconf 83' lang='lat' dir='ltr'><strong>minime</strong></span> <span class='ocrx_word' id='word_1_738' title='bbox 2974 4921 3322 4983; x_wconf 75' lang='lat' dir='ltr'><strong>receperunt,</strong></span> <span class='ocrx_word' id='word_1_739' title='bbox 3364 4913 3466 4967; x_wconf 81' lang='lat' dir='ltr'><strong>hos</strong></span> <span class='ocrx_word' id='word_1_740' title='bbox 3502 4927 3621 4966; x_wconf 84' lang='lat' dir='ltr'><strong>esse</strong></span> <span class='ocrx_word' id='word_1_741' title='bbox 3660 4925 3800 4980; x_wconf 81' lang='lat' dir='ltr'><strong>puto</strong></span> 
     </span>
    </p>
   </div>
   <div class='ocr_carea' id='block_1_107' title="bbox 2213 5001 3805 5077">
    <p class='ocr_par' dir='ltr' id='par_1_107' title="bbox 2213 5001 3805 5077">
     <span class='ocr_line' id='line_1_107' title="bbox 2213 5001 3805 5077; baseline 0.003 -22"><span class='ocrx_word' id='word_1_742' title='bbox 2213 5011 2465 5057; x_wconf 85' lang='lat' dir='ltr'><strong>auctores</strong></span> <span class='ocrx_word' id='word_1_743' title='bbox 2491 5001 2891 5072; x_wconf 71' lang='lat' dir='ltr'><strong>Aceplxalorum</strong></span> <span class='ocrx_word' id='word_1_744' title='bbox 2920 5022 2932 5056; x_wconf 89' lang='lat'><strong>:</strong></span> <span class='ocrx_word' id='word_1_745' title='bbox 2972 5003 3064 5073; x_wconf 89' lang='lat' dir='ltr'><strong>qui</strong></span> <span class='ocrx_word' id='word_1_746' title='bbox 3110 5020 3289 5074; x_wconf 81' lang='lat' dir='ltr'><strong>neque</strong></span> <span class='ocrx_word' id='word_1_747' title='bbox 3320 5002 3486 5077; x_wconf 61' lang='grc'><strong>454</strong></span> <span class='ocrx_word' id='word_1_748' title='bbox 3527 5001 3805 5073; x_wconf 69' lang='lat' dir='ltr'><strong>Cyrillum</strong></span> 
     </span>
    </p>
   </div>
   <div class='ocr_carea' id='block_1_108' title="bbox 2213 5093 3798 5169">
    <p class='ocr_par' dir='ltr' id='par_1_108' title="bbox 2213 5093 3798 5169">
     <span class='ocr_line' id='line_1_108' title="bbox 2213 5093 3798 5169; baseline 0 -22"><span class='ocrx_word' id='word_1_749' title='bbox 2213 5093 2414 5148; x_wconf 86' lang='lat' dir='ltr'><strong>habent</strong></span> <span class='ocrx_word' id='word_1_750' title='bbox 2441 5102 2623 5163; x_wconf 89' lang='lat' dir='ltr'><strong>caput,</strong></span> <span class='ocrx_word' id='word_1_751' title='bbox 2658 5111 2840 5164; x_wconf 83' lang='lat' dir='ltr'><strong>neque</strong></span> <span class='ocrx_word' id='word_1_752' title='bbox 2865 5111 3026 5165; x_wconf 88' lang='lat' dir='ltr'><strong>quem</strong></span> <span class='ocrx_word' id='word_1_753' title='bbox 3051 5105 3375 5169; x_wconf 79' lang='lat' dir='ltr'><strong>sequantur,</strong></span> <span class='ocrx_word' id='word_1_754' title='bbox 3400 5095 3722 5151; x_wconf 85' lang='lat' dir='ltr'><strong>ostendunt.</strong></span> <span class='ocrx_word' id='word_1_755' title='bbox 3781 5119 3798 5147; x_wconf 75' lang='grc' dir='ltr'><strong><em>ι</em></strong></span> 
     </span>
    </p>
   </div>
   <div class='ocr_carea' id='block_1_109' title="bbox 2285 5184 3803 5266">
    <p class='ocr_par' dir='ltr' id='par_1_109' title="bbox 2285 5184 3803 5266">
     <span class='ocr_line' id='line_1_109' title="bbox 2285 5184 3803 5266; baseline 0.001 -27"><span class='ocrx_word' id='word_1_756' title='bbox 2285 5185 2366 5239; x_wconf 88' lang='lat' dir='ltr'><strong>Ad</strong></span> <span class='ocrx_word' id='word_1_757' title='bbox 2410 5184 2515 5239; x_wconf 88' lang='lat' dir='ltr'><strong>has</strong></span> <span class='ocrx_word' id='word_1_758' title='bbox 2546 5199 2671 5266; x_wconf 40' lang='lat' dir='ltr'><strong>‘ego</strong></span> <span class='ocrx_word' id='word_1_759' title='bbox 2720 5200 2902 5249; x_wconf 79' lang='lat' dir='ltr'><strong>voces,</strong></span> <span class='ocrx_word' id='word_1_760' title='bbox 2962 5195 3200 5241; x_wconf 77' lang='lat' dir='ltr'><strong>auctores</strong></span> <span class='ocrx_word' id='word_1_761' title='bbox 3255 5185 3662 5257; x_wconf 68' lang='lat' dir='ltr'><strong>deep/talorum,</strong></span> <span class='ocrx_word' id='word_1_762' title='bbox 3726 5189 3803 5242; x_wconf 77' lang='lat' dir='ltr'><strong>ita</strong></span> 
     </span>
    </p>
   </div>
   <div class='ocr_carea' id='block_1_110' title="bbox 2216 5264 3869 5348">
    <p class='ocr_par' dir='ltr' id='par_1_110' title="bbox 2216 5264 3869 5348">
     <span class='ocr_line' id='line_1_110' title="bbox 2216 5264 3869 5348; baseline 0 -15"><span class='ocrx_word' id='word_1_763' title='bbox 2216 5277 2411 5348; x_wconf 86' lang='lat' dir='ltr'><strong>scripsi</strong></span> <span class='ocrx_word' id='word_1_764' title='bbox 2451 5295 2463 5331; x_wconf 91' lang='lat'>:</span> <span class='ocrx_word' id='word_1_765' title='bbox 2503 5295 2520 5328; x_wconf 86' lang='grc'><strong><em>‹</em></strong></span> <span class='ocrx_word' id='word_1_766' title='bbox 2555 5264 2617 5332; x_wconf 79' lang='lat' dir='ltr'><strong>id</strong></span> <span class='ocrx_word' id='word_1_767' title='bbox 2662 5278 3191 5348; x_wconf 66' lang='lat' dir='ltr'><strong>prmtcrmittendum</strong></span> <span class='ocrx_word' id='word_1_768' title='bbox 3216 5295 3325 5335; x_wconf 89' lang='lat' dir='ltr'><strong>non</strong></span> <span class='ocrx_word' id='word_1_769' title='bbox 3355 5287 3437 5335; x_wconf 86' lang='lat' dir='ltr'><strong>est</strong></span> <span class='ocrx_word' id='word_1_770' title='bbox 3461 5279 3579 5334; x_wconf 89' lang='lat' dir='ltr'><strong>sine</strong></span> <span class='ocrx_word' id='word_1_771' title='bbox 3606 5279 3782 5335; x_wconf 84' lang='lat' dir='ltr'><strong>obser</strong></span> <span class='ocrx_word' id='word_1_772' title='bbox 3860 5264 3869 5289; x_wconf 79' lang='grc'>’</span> 
     </span>
    </p>
   </div>
   <div class='ocr_carea' id='block_1_111' title="bbox 2217 5362 3876 5449">
    <p class='ocr_par' dir='ltr' id='par_1_111' title="bbox 2217 5362 3876 5449">
     <span class='ocr_line' id='line_1_111' title="bbox 2217 5362 3876 5449; baseline 0 -23"><span class='ocrx_word' id='word_1_773' title='bbox 2217 5369 2457 5426; x_wconf 85' lang='lat' dir='ltr'><strong>vatione.</strong></span> <span class='ocrx_word' id='word_1_774' title='bbox 2495 5364 2631 5423; x_wconf 81' lang='lat' dir='ltr'><strong>Nam</strong></span> <span class='ocrx_word' id='word_1_775' title='bbox 2682 5369 2814 5425; x_wconf 87' lang='lat' dir='ltr'><strong>facit</strong></span> <span class='ocrx_word' id='word_1_776' title='bbox 2846 5370 3255 5426; x_wconf 86' lang='lat' dir='ltr'><strong>Theodoretum</strong></span> <span class='ocrx_word' id='word_1_777' title='bbox 3300 5371 3495 5425; x_wconf 84' lang='lat' dir='ltr'><strong>ducem</strong></span> <span class='ocrx_word' id='word_1_778' title='bbox 3540 5369 3807 5426; x_wconf 85' lang='lat' dir='ltr'><strong>factionis</strong></span> <span class='ocrx_word' id='word_1_779' title='bbox 3854 5362 3876 5449; x_wconf 61' lang='grc' dir='ltr'><strong>ί</strong></span> 
     </span>
    </p>
   </div>
   <div class='ocr_carea' id='block_1_112' title="bbox 2212 5459 3804 5533">
    <p class='ocr_par' dir='ltr' id='par_1_112' title="bbox 2212 5459 3804 5533">
     <span class='ocr_line' id='line_1_112' title="bbox 2212 5459 3804 5533; baseline -0.001 -17"><span class='ocrx_word' id='word_1_780' title='bbox 2212 5460 2459 5533; x_wconf 71' lang='lat' dir='ltr'><strong>alicujus</strong></span> <span class='ocrx_word' id='word_1_781' title='bbox 2471 5459 2779 5527; x_wconf 82' lang='lat' dir='ltr'><strong>hominum,</strong></span> <span class='ocrx_word' id='word_1_782' title='bbox 2799 5460 2891 5530; x_wconf 88' lang='lat' dir='ltr'><strong>qui</strong></span> <span class='ocrx_word' id='word_1_783' title='bbox 2917 5460 3051 5516; x_wconf 86' lang='lat' dir='ltr'><strong>dicti</strong></span> <span class='ocrx_word' id='word_1_784' title='bbox 3075 5471 3203 5515; x_wconf 91' lang='lat' dir='ltr'><strong>sunt</strong></span> <span class='ocrx_word' id='word_1_785' title='bbox 3229 5461 3514 5530; x_wconf 79' lang='lat' dir='ltr'><strong>Acepbali,</strong></span> <span class='ocrx_word' id='word_1_786' title='bbox 3538 5471 3737 5531; x_wconf 81' lang='lat' dir='ltr'><strong>propte</strong></span> <span class='ocrx_word' id='word_1_787' title='bbox 3747 5476 3804 5508; x_wconf 87' lang='lat' dir='ltr'><strong>r-</strong></span> 
     </span>
    </p>
   </div>
   <div class='ocr_carea' id='block_1_113' title="bbox 1254 5596 2456 5675">
    <p class='ocr_par' dir='ltr' id='par_1_113' title="bbox 1254 5596 2456 5675">
     <span class='ocr_line' id='line_1_113' title="bbox 1254 5596 2456 5675; baseline 0.001 -22"><span class='ocrx_word' id='word_1_788' title='bbox 1254 5636 1291 5675; x_wconf 48' lang='grc' dir='ltr'><em>ιτ</em></span> <span class='ocrx_word' id='word_1_789' title='bbox 1346 5624 1432 5675; x_wconf 54' lang='grc' dir='ltr'><strong>,τι</strong></span> <span class='ocrx_word' id='word_1_790' title='bbox 1488 5630 1517 5657; x_wconf 85' lang='grc'><strong>,-</strong></span> <span class='ocrx_word' id='word_1_791' title='bbox 1868 5596 2187 5656; x_wconf 71' lang='lat' dir='ltr'><strong>senum!</strong></span> <span class='ocrx_word' id='word_1_792' title='bbox 2225 5598 2456 5658; x_wconf 69' lang='lat' dir='ltr'><strong>now.</strong></span> 
     </span>
    </p>
   </div>
   <div class='ocr_carea' id='block_1_114' title="bbox 599 5702 3803 5786">
    <p class='ocr_par' dir='ltr' id='par_1_114' title="bbox 599 5702 3803 5786">
     <span class='ocr_line' id='line_1_114' title="bbox 599 5702 3803 5786; baseline 0.004 -25"><span class='ocrx_word' id='word_1_793' title='bbox 599 5703 642 5738; x_wconf 77' lang='lat'>“</span> <span class='ocrx_word' id='word_1_794' title='bbox 669 5705 797 5776; x_wconf 79' lang='lat' dir='ltr'><strong>Pag.</strong></span> <span class='ocrx_word' id='word_1_795' title='bbox 830 5705 956 5786; x_wconf 63' lang='lat'><strong>599,</strong></span> <span class='ocrx_word' id='word_1_796' title='bbox 989 5723 1056 5763; x_wconf 79' lang='lat' dir='ltr'><strong>ex</strong></span> <span class='ocrx_word' id='word_1_797' title='bbox 1094 5708 1228 5763; x_wconf 84' lang='lat' dir='ltr'><strong>edit.</strong></span> <span class='ocrx_word' id='word_1_798' title='bbox 1257 5702 1551 5786; x_wconf 31' lang='lat' dir='ltr'><strong>cth‘&quot;</strong></span> <span class='ocrx_word' id='word_1_799' title='bbox 1576 5712 1645 5767; x_wconf 79' lang='lat' dir='ltr'><strong>lrr</strong></span> <span class='ocrx_word' id='word_1_800' title='bbox 1673 5711 2095 5786; x_wconf 81' lang='lat' dir='ltr'><strong>Maimbnrgium</strong></span> <span class='ocrx_word' id='word_1_801' title='bbox 2149 5716 2269 5773; x_wconf 66' lang='lat' dir='ltr'><strong>haec</strong></span> <span class='ocrx_word' id='word_1_802' title='bbox 2302 5716 2447 5773; x_wconf 76' lang='lat' dir='ltr'><strong>dicta</strong></span> <span class='ocrx_word' id='word_1_803' title='bbox 2487 5726 2609 5772; x_wconf 83' lang='lat' dir='ltr'><strong>esse</strong></span> <span class='ocrx_word' id='word_1_804' title='bbox 2636 5722 2916 5786; x_wconf 83' lang='lat' dir='ltr'><strong>putamus.</strong></span> <span class='ocrx_word' id='word_1_805' title='bbox 3001 5718 3044 5751; x_wconf 83' lang='grc'><strong>¹⁶</strong></span> <span class='ocrx_word' id='word_1_806' title='bbox 3076 5715 3193 5773; x_wconf 77' lang='lat' dir='ltr'><strong>Vid.</strong></span> <span class='ocrx_word' id='word_1_807' title='bbox 3240 5714 3500 5772; x_wconf 85' lang='lat' dir='ltr'><strong>Cotelerii</strong></span> <span class='ocrx_word' id='word_1_808' title='bbox 3531 5724 3696 5773; x_wconf 80' lang='lat' dir='ltr'><strong>notas</strong></span> <span class='ocrx_word' id='word_1_809' title='bbox 3724 5718 3803 5774; x_wconf 81' lang='lat' dir='ltr'><strong>ad</strong></span> 
     </span>
    </p>
   </div>
   <div class='ocr_carea' id='block_1_115' title="bbox 529 5775 1529 5851">
    <p class='ocr_par' dir='ltr' id='par_1_115' title="bbox 529 5775 1529 5851">
     <span class='ocr_line' id='line_1_115' title="bbox 529 5775 1529 5851; baseline 0 -16"><span class='ocrx_word' id='word_1_810' title='bbox 529 5775 771 5835; x_wconf 71' lang='lat' dir='ltr'><strong>Renum.</strong></span> <span class='ocrx_word' id='word_1_811' title='bbox 810 5779 1007 5835; x_wconf 86' lang='lat' dir='ltr'><strong>ecclcs.</strong></span> <span class='ocrx_word' id='word_1_812' title='bbox 1052 5786 1229 5850; x_wconf 79' lang='lat' dir='ltr'><strong>gr.,t.&#39;</strong></span> <span class='ocrx_word' id='word_1_813' title='bbox 1256 5780 1298 5846; x_wconf 90' lang='lat' dir='ltr'><strong>l,</strong></span> <span class='ocrx_word' id='word_1_814' title='bbox 1324 5796 1379 5851; x_wconf 89' lang='lat' dir='ltr'><strong>p.</strong></span> <span class='ocrx_word' id='word_1_815' title='bbox 1409 5779 1529 5835; x_wconf 61' lang='grc' dir='ltr'><strong>τεο.</strong></span> 
     </span>
    </p>
   </div>
  </div>
