3956 6298
222 225 334 291 101

1429 232 1525 291 DE
1565 230 1740 291 FIDE
1778 228 2270 290 THEODORETI
2285 278 2297 290 .

3397 232 3506 296 4οὶ

219 356 296 396 ea
348 339 516 410 quod,
553 354 679 395 cum
705 338 1079 396 defensionem
1129 339 1318 414 Cyl-illi
1374 357 1476 412 pro
1517 342 1814 397 Orientali-
1847 346 1890 402 Α
1920 340 2088 394 ralem
2126 341 2296 395 solam
2326 341 2665 400 admittentis
2696 363 2710 411 ;
2762 361 2829 399 an
2859 358 2982 415 qua
3009 342 3266 399 Ecclesia:
3316 345 3503 400 catho—

221 432 336 485 bus
360 447 466 486 non
492 431 822 502 reciperent,
848 447 1026 503 neque
1047 432 1310 505 Cyrillum
1331 433 1608 487 habebant
1630 439 1815 501 caput,

219 539 411 592 neque
437 523 705 577 Joannem
731 524 1134 579 Antiochenum
1157 541 1170 590 ;
1199 525 1292 594 qui
1319 525 1428 578 duo
1453 529 1634 577 tamen
1661 532 1816 577 erant

215 614 683 670 contendentium
714 617 952 685 partium
979 618 1277 688 principes,
1320 636 1337 668 ι
1374 625 1478 671 etc.

302 705 466 760 Visus
498 720 620 759 sum
670 705 802 762 mihi
833 707 1150 776 opinionem
1197 706 1467 760 coniicere
1507 706 1612 759 hoc
1654 705 1816 776 syllo-

217 798 404 866 gismo
440 812 548 850 non
588 797 826 852 certiore
873 813 1035 867 quam
1073 793 1414 854 evidentiore
1447 815 1458 852 :
1490 796 1814 864 Quicunque

219 887 456 941 minime
495 896 827 956 receperunt
855 889 1116 958 scriptam
1148 904 1176 942 a
1201 888 1406 959 Cyrillo
1433 887 1809 941 defensionem

216 978 580 1032 orientalium
606 980 1012 1048 episcoporum,
1053 996 1151 1049 pro
1175 979 1390 1034 duabus
1421 978 1584 1033 unius
1606 976 1810 1032 Christi

217 1071 463 1134 naturis,
491 1070 591 1123 hos
613 1070 904 1124 Liberatus
923 1079 1077 1140 putat
1102 1071 1502 1141 Aeephalorum
1532 1078 1804 1132 auctores,

215 1168 331 1215 etc.
368 1161 531 1230 Atqui
555 1160 938 1215 Theodoretus
960 1161 1183 1215 minime
1206 1161 1416 1230 recepit
1434 1160 1806 1214 defensionem

213 1269 250 1306 a
273 1252 483 1324 Cyrillo
516 1254 795 1322 scriptam,
825 1261 932 1308 etc.
955 1253 1114 1308 Hunc
1138 1254 1305 1323 igitur
1331 1253 1624 1308 Liberatus
1651 1262 1808 1322 putat

214 1345 628 1415 Accphalorum
657 1354 958 1399 auctorem.
984 1346 1294 1416 Propositio
1331 1346 1646 1400 continetur
1673 1345 1806 1415 ipsis

213 1432 466 1487 Liberati
519 1434 723 1488 verbis.
778 1434 1094 1503 Assumptio
1152 1435 1562 1489 demonstratur
1619 1448 1686 1488 ex
1738 1449 1804 1488 eo

210 1524 402 1588 facile,
436 1523 584 1594 quod
611 1523 878 1589 defensio,
917 1527 1075 1596 cujus
1109 1525 1166 1579 fit
1197 1525 1425 1592 mentio,
1469 1525 1616 1580 aliud
1661 1526 1800 1581 nihil

211 1615 310 1680 sit,
359 1631 525 1685 quam
557 1617 732 1672 oratio
773 1616 960 1688 Cyrilli
990 1617 1286 1672 discrimen
1310 1618 1632 1687 exponentis
1658 1619 1801 1673 inter

213 1706 388 1761 fidem
440 1708 667 1762 Joannis
717 1705 1069 1773 Antiocheni,
1122 1709 1237 1763 sive
1287 1709 1640 1763 orientalium
1685 1711 1801 1780 epi-
1837 1696 1877 1748 Β

209 1812 534 1866 scoporum,
569 1807 624 1852 et
654 1799 958 1854 doctrinam
987 1800 1244 1854 Nestorii.
1272 1799 1496 1855 Nullum
1519 1817 1653 1856 vero
1680 1818 1800 1858 esse

210 1888 508 1943 contendit
538 1888 936 1954 Theodoretus,
958 1889 1192 1959 ideoque
1215 1890 1354 1944 dixit
1386 1892 1686 1946 «Joannem
1713 1894 1799 1947 id-

210 1978 400 2048 ipsum
425 1981 632 2034 sentire
649 1971 812 2050 'quod
837 1979 1123 2035 Nestorius
1147 1998 1159 2033 :
1193 1999 1211 2031 ›
1244 1989 1300 2035 et
1327 1980 1591 2052 Cyrillum
1617 1984 1802 2038 crimi-

208 2080 381 2126 natus
405 2080 508 2137 est,
536 2072 683 2141 quod
717 2078 935 2142 recepta
961 2069 1323 2127 Orientalium
1349 2071 1477 2138 ﬁde,
1523 2092 1541 2124 c
1568 2073 1799 2130 Nestorii

208 2163 523 2217 assertione
553 2178 686 2217 usus
724 2163 814 2227 sit,
855 2181 874 2213 ι
913 2163 1172 2233 quodque
1212 2183 1228 2215 ‹
1258 2164 1314 2218 in
1338 2163 1540 2220 litteris
1566 2167 1797 2222 rectitu-

206 2251 403 2308 dinem
432 2243 715 2323 scripserit
742 2269 771 2308 e
799 2253 1067 2309 diametro
1097 2255 1429 2310 contrariam
1476 2258 1589 2328 jam
1643 2257 1798 2327 prius

205 2348 458 2418 scriptis.
495 2367 511 2399 ι
566 2347 830 2403 Videndze
879 2347 1210 2403 Theodoreti
1245 2350 1493 2419 epistola:
1529 2351 1597 2404 ad
1628 2351 1796 2406 Joan-

204 2461 338 2500 nem
369 2444 795 2509 Antiochenum,
829 2444 1104 2498 Andream
1125 2444 1794 2516 Constantinopolitannm

203 2536 565 2600 monachum,
595 2536 868 2590 Andream
901 2535 1339 2602 Samosatcnum,
1380 2546 1435 2593 et
1487 2537 1795 2596 Himerium

200 2625 706 2682 Nicomediensem.
739 2626 998 2680 Videnda:
1022 2627 1251 2697 pariter,
1284 2644 1422 2697 quas
1450 2630 1671 2700 scripsit
1693 2631 1797 2703 Cy-

199 2717 371 2772 rillus
407 2717 474 2772 ad
515 2717 775 2772 Acacium
802 2717 1226 2785 Melitinensem,
1267 2719 1563 2775 Maximum
1603 2723 1792 2778 diaco-

198 2821 365 2872 num,
396 2816 451 2860 et
474 2807 740 2861 Joannem
763 2803 1186 2873 Antiochenum,
1209 2807 1354 2878 apud
1377 2823 1540 2878 quem
1566 2826 1792 2881 expres-

199 2899 286 2954 sis
315 2898 504 2953 verbis
537 2898 605 2952 de
644 2896 686 2952 Τ
693 2898 995 2952 hcodoreto
1019 2900 1295 2969 queritur.

276 2988 489 3044 XXVII.
525 2988 652 3044 Scio
681 2987 937 3058 equidem
970 2990 1139 3044 verba
1167 2990 1409 3046 Liberati
1439 3008 1604 3061 posse
1628 3009 1791 3049 eous-
1819 3026 1862 3083 Ο

196 3102 315 3157 que
342 3085 604 3155 torqueri,
635 3092 697 3138 ut
728 3083 1134 3139 Theodoretum
1161 3095 1407 3155 spectare
1429 3102 1540 3142 non
1569 3087 1794 3142 videan-

199 3187 330 3260 tur,“
347 3177 442 3232 sed
469 3192 586 3240 eos,
612 3175 706 3245 qui
728 3175 952 3248 Cyrillo,
975 3175 1112 3230 duas
1133 3184 1356 3232 naturas
1377 3177 1646 3244 confesso,
1669 3195 1793 3234 suc-

196 3270 526 3332 censebant,
553 3268 708 3339 quasi
735 3284 798 3322 ea
827 3284 886 3323 re
915 3268 1221 3331 transiisset
1247 3269 1303 3322 in
1327 3269 1566 3324 Nestorii
1593 3270 1792 3326 Orien-

198 3360 508 3430 taliumque
559 3368 777 3430 partes,
815 3375 952 3429 quas
992 3375 1132 3414 unas
1170 3359 1440 3429 putabant
1474 3377 1488 3414 :
1525 3361 1602 3415 illi
1639 3363 1788 3417 enim

196 3451 464 3506 videntur
494 3450 664 3505 fuisse
694 3460 947 3506 auctores
995 3451 1158 3522 primi
1209 3451 1631 3522 Acephalorum.
1683 3455 1786 3510 Ve-

197 3556 330 3596 rum
351 3540 468 3596 haec
495 3540 878 3611 interpretatio
906 3557 1016 3595 non
1042 3548 1254 3596 tantum
1285 3543 1525 3597 violenta
1549 3553 1654 3609 est,
1690 3547 1784 3601 sed

195 3628 373 3681 etiam
420 3627 666 3682 historia:
706 3628 1108 3699 Accphalorum
1161 3645 1354 3698 parum
1395 3642 1783 3699 consentanea,

195 3725 567 3794 praeterquam
619 3719 764 3788 quod
817 3719 1021 3774 sanctis
1080 3719 1189 3774 illis
1217 3721 1351 3775 viris
1380 3721 1643 3792 injuriosa
1678 3734 1781 3790 est,

194 3808 300 3878 qui
327 3807 585 3879 Cyrillum
618 3810 800 3864 studio
830 3809 958 3866 fidei
1001 3819 1056 3865 et
1093 3811 1377 3866 charitatis
1421 3813 1618 3869 affectu
1669 3831 1785 3872 mo-

196 3910 463 3956 nuerunt.
505 3900 668 3968 Quasi
722 3917 855 3956 vero
905 3902 1136 3958 Aeacius
1180 3903 1571 3971 Melitinensis,
1626 3907 1785 3964 Vale-

195 3993 394 4046 rianus
447 3993 766 4060 Iconiensis,
815 3996 1057 4050 Donatus
1106 3997 1540 4067 Nicopolitanus,
1587 4009 1642 4055 et
1674 4001 1780 4054 Eu-

194 4085 402 4154 logius,
433 4089 526 4154 qui
557 4096 780 4143 strenue
820 4103 919 4158 pro
961 4089 1228 4145 catholica
1284 4091 1389 4146 fide
1446 4103 1778 4162 pugnarunt,

194 4176 384 4245 impiae
410 4177 807 4246 Acepbalorum
843 4179 1068 4236 haeresis
1107 4183 1490 4252 progenitores
1535 4184 1774 4238 fuerint!

827 4315 1051 4372 CAPUT
1083 4317 1149 4370 Il.

193 4425 286 4481 De
310 4424 411 4494 ﬁde
443 4426 749 4489 Theodoreti
779 4429 918 4499 circa
939 4431 1289 4499 rqmestionem
1318 4430 1382 4482 de
1412 4429 1778 4483 incarnatione

907 4498 1074 4554 γενθξ.

274 4631 319 4685 1.
373 4631 449 4685 De
497 4631 719 4687 Christo
773 4632 877 4685 tria
925 4631 1160 4686 maxime
1214 4631 1460 4687 defendit
1508 4633 1776 4696 Ecclesia,

187 4731 471 4793 quantum
507 4724 743 4792 pertinet
772 4723 838 4776 ad
882 4739 1126 4793 przesens
1168 4723 1470 4794 negotium.
1526 4724 1578 4776 l.
1621 4722 1777 4788 Quod

189 4812 482 4884 perfectus
528 4817 545 4834 '
599 4813 668 4868 sit
715 4814 882 4878 Deus,
917 4815 1399 4869 consubstantialis
1423 4813 1582 4885 455
1609 4813 1774 4867 Patri.

188 4905 250 4958 2.
288 4900 444 4966 Quod
492 4902 770 4972 perfectus
817 4905 1005 4970 homo,
1055 4905 1542 4960 consubstantialis
1592 4905 1773 4958 matri.

189 4994 250 5048 5.
296 4992 448 5058 Quod
476 5002 686 5048 natura:
737 4994 792 5047 in
832 4995 948 5065 ipso
981 4996 1104 5050 dua:
1151 4997 1454 5067 conjunctre
1505 4996 1615 5050 sint
1659 4995 1775 5047 καθ’

189 5083 515 5148 ὐπὸττασιν,
540 5093 596 5140 et
621 5087 826 5142 unione
857 5088 1224 5142 substantiali.

272 5174 335 5228 ll.
376 5175 451 5229 De
482 5176 770 5233 divinitate
794 5181 958 5234 Verbi
997 5189 1143 5235 recte
1173 5183 1347 5236 sensit
1373 5182 1772 5248 Theodoretus,

188 5271 256 5316 ut
280 5273 493 5318 constat
525 5282 593 5320 ex
623 5267 782 5322 libris
835 5269 1100 5324 adversus
1149 5270 1382 5325 Arianos
1419 5290 1431 5324 :
1485 5283 1632 5327 recte
1679 5291 1766 5343 pa-

188 5355 332 5408 riter
362 5355 430 5410 de
457 5356 803 5412 humanitate
829 5359 1054 5427 Christi,
1086 5363 1231 5432 quod
1253 5364 1550 5418 ostendunt
1583 5365 1773 5434 dispu-

187 5446 432 5502 tationes
459 5464 584 5503 eum
619 5449 840 5506 Arianis
864 5461 917 5506 ct
949 5453 1391 5522 Apollinarianis.

262 5534 350 5589 Ill.
397 5535 706 5602 Quazritnr,
731 5554 894 5606 quam
928 5544 1255 5597 sententiam
1292 5543 1359 5598 de
1388 5547 1772 5615 conjunctione

189 5637 515 5682 naturarum
553 5639 780 5683 secutus
803 5630 872 5684 sit
897 5648 909 5684 :
937 5648 1002 5686 an
1031 5650 1151 5702 qua:
1193 5636 1428 5689 Nestorii
1482 5638 1602 5702 fuit,
1660 5656 1773 5692 mo-

1920 431 2059 497 licte,
2113 433 2514 489 substantivam
2568 435 2961 492 defendentis?
3013 437 3152 490 Sunt
3205 435 3353 490 enim
3403 437 3502 506 qui

1920 519 2258 577 Nestoriame
2279 523 2508 585 bteresis
2543 535 2824 592 accusent,
2876 533 3005 580 sunt
3035 525 3130 595 qui
3178 524 3498 584 defendant.

1917 622 1973 667 et
2003 615 2265 684 utrinque
2294 630 2457 670 causa
2483 632 2624 686 saepe
2655 620 2854 689 agitur,
2880 635 2989 674 non
3016 617 3334 688 praejudicio
3381 626 3502 671 tan~

1919 712 2057 770 tum,
2091 705 2190 760 sed
2213 707 2380 762 etiam
2417 711 2788 766 contentionis
2813 711 3035 776 studio;
3072 719 3126 765 et
3160 711 3347 779 plures
3376 726 3498 765 eam

1915 796 2102 864 potius
2153 798 2207 852 in
2240 807 2449 867 partem
2479 800 2704 866 abeunt,
2728 817 2891 871 quam
2921 810 3132 872 optant,
3171 816 3338 869 quam
3357 811 3416 856 ut
3446 803 3498 855 vi

1916 897 2365 956 argumentorum
2399 890 2770 960 impellantur.
3119 927 3122 930 λ

1985 977 2072 1032 1V.
2103 976 2171 1033 Ut
2229 982 2458 1048 qumstio
2502 981 2740 1051 agitetur
2782 995 2884 1051 pro
2927 983 3146 1047 merito,
3198 983 3498 1036 videndum

1913 1068 2102 1137 primo,
2135 1071 2362 1138 quinam
2387 1071 2797 1127 Theodoretum
2824 1083 3106 1138 accusent,
3129 1083 3184 1128 et
3208 1075 3336 1143 quid
3366 1075 3498 1130 affe-

1911 1167 2030 1212 rant
2065 1175 2077 1211 :
2123 1160 2326 1224 deinde,
2376 1162 2506 1230 quid
2550 1163 2816 1220 adversus
2862 1164 3267 1218 accusationem
3305 1164 3496 1218 defen-

1910 1261 2065 1302 sores
2118 1251 2436 1320 excipiant:
2493 1256 2666 1317 tertio,
2721 1254 2855 1323 quid
2909 1254 3127 1325 ipsimet
3177 1254 3508 1313 defensores.

1908 1337 2181 1395 adducant
2237 1361 2250 1396 :
2315 1352 2527 1414 quarto,
2565 1346 2699 1414 quid
2743 1345 3010 1401 adversus
3059 1345 3380 1402 defensores
3426 1349 3495 1402 ab

1905 1433 2320 1488 accusatoribus
2363 1434 2711 1504 excipiatur:
2763 1436 2964 1505 quinto,
3005 1435 3153 1504 quod
3207 1435 3496 1491 ferendum

1898 1517 2187 1588 judicium.

1903 1612 2204 1671 ARTICULL'S
2255 1616 2628 1682 l.-—Quinam
2682 1620 3061 1676 Theodoretum
3115 1633 3384 1687 accusent,
3443 1634 3492 1676 et

2485 1691 2611 1760 quid
2653 1691 2900 1760 aﬂ’erant.

1981 1773 2022 1828 l.
2052 1773 2359 1844 Nestorius,
2384 1779 2487 1834 etsi
2512 1780 2682 1835 verbo
2709 1782 2964 1851 negabat,
3001 1781 3138 1837 duas
3169 1783 3222 1837 in
3267 1783 3490 1838 Christo

1903 1880 2024 1921 esse
2071 1882 2358 1937 personas,
2384 1871 2718 1939 praedicabat
2746 1880 2928 1927 tamen
2953 1888 3142 1928 revera
3168 1893 3180 1926 :
3215 1875 3318 1929 hoc
3338 1877 3486 1930 enim

1902 1964 2008 2020 est,
2064 1973 2167 2012 nec
2221 1960 2373 2016 aliud
2427 1963 2750 2032 quidquam,
2805 1965 3250 2036 conjunctionem
3312 1968 3483 2022 solam

1903 2048 2165 2105 moralem
2201 2059 2524 2107 naturarum
2548 2054 2816 2123 profiteri.

1971 2138 2038 2192 ll.
2090 2139 2350 2210 Ejusdem
2402 2143 2773 2214 blasphemiae,
2801 2153 2965 2216 atque
2993 2147 3132 2204 adeo
3163 2152 3482 2206 consensio-

1899 2227 1987 2283 nis
2016 2244 2141 2282 cum
2172 2231 2447 2296 Nestorio,
2481 2231 2890 2288 Theodoretum
2913 2247 3243 2292 accusarunt
3262 2247 3482 2296 sanctus

1897 2317 2154 2389 Cyrillus,
2183 2321 2387 2377 Marius
2427 2323 2716 2388 Mercator,
2757 2325 2987 2395 Vigilius
3047 2327 3212 2396 Papa,
3241 2329 3483 2400 synodus

1898 2409 2090 2480 quinta
2136 2427 2261 2466 cum
2313 2422 2467 2468 sexta
2513 2421 2568 2468 et
2609 2415 2863 2484 septima,
2914 2416 3166 2487 Pelagius
3218 2419 3284 2485 ll,
3342 2419 3479 2476 Gre-

1897 2500 2086 2570 gorius
2135 2503 2383 2574 Magnus,
2430 2505 2767 2575 posteriores
2811 2516 2967 2562 sexta
3026 2510 3235 2580 synodo
3281 2514 3480 2566 summi

1896 2588 2184 2657 pontifices
2205 2593 2454 2662 plurimi,
2478 2595 2712 2664 ipsemet
2731 2596 3132 2666 Theodoretus,
3159 2599 3261 2670 ipsi
3289 2591 3478 2668 etiam,

1896 2696 1927 2734 a
1957 2683 2161 2750 quibus
2213 2687 2448 2740 maxime
2491 2686 2711 2742 defendi
2749 2689 3092 2760 laudarique,
3141 2703 3237 2747 aut
3285 2693 3480 2750 saltem

1895 2775 2144 2829 excusari
2177 2777 2444 2843 creditur,
2481 2777 2593 2833 Leo
2631 2779 2727 2845 M.,
2770 2779 3036 2837 Maximus
3078 2783 3476 2850 Autiochenus,

1895 2872 2092 2932 quarta
2138 2867 2401 2935 synodus,
2461 2868 2772 2933 Liberatus,
2820 2871 3068 2937 Photius,
3098 2873 3334 2929 Joannes
3363 2873 3476 2928 Eu-

1897 2951 2099 3016 chaita,
2148 2945 2490 3023 Ag'obardus.
2543 2964 2600 3012 et
2659 2956 2944 3012 Baronius.
2982 2959 3140 3012 Tanti
3184 2975 3353 3029 porro
3379 2977 3477 3016 no-

1898 3043 2062 3098 minis
2083 3047 2496 3102 accusatoribus
2522 3049 2725 3119 urgeri,
2755 3065 2858 3104 nec
2876 3051 2982 3105 nisi
3008 3060 3104 3105 aut
3123 3052 3475 3108 excusatione
3559 3074 3566 3080 ’

1897 3135 2139 3202 defendi,
2195 3147 2292 3193 aut
2319 3138 2665 3194 confessione
2715 3139 3040 3210 ignorantia:
3075 3157 3161 3202 ac
3214 3143 3476 3208 caecitatis

1895 3227 2111 3282 veniam
2159 3228 2466 3299 deprecari,
2520 3230 2566 3284 si
2622 3246 2732 3285 nou
2788 3231 3014 3286 omnino
3064 3242 3148 3287 est
3197 3233 3472 3300 convinci,

1895 3328 2044 3384 certe
2073 3335 2267 3389 parum
2305 3321 2483 3376 abest.

1963 3408 2053 3462 lll.
2103 3408 2223 3464 Non
2275 3410 2460 3464 omnia
2505 3419 2887 3466 accusatorum
2943 3410 3088 3466 dicta
3124 3412 3470 3482 producam:

1892 3499 2080 3568 quanti
2119 3499 2266 3553 enim
2322 3511 2470 3554 esset
2519 3490 2746 3572 operiS?
2794 3502 2889 3556 sed
2945 3517 3010 3556 ea
3057 3509 3290 3568 tantum,
3349 3517 3472 3572 qua:

1891 3600 2115 3660 propter
2139 3591 2474 3646 evidentiam
2500 3593 2684 3647 minus
2705 3593 2997 3648 calumnia:
3023 3593 3469 3664 cavillationique

1889 3682 2122 3737 obnoxia
2147 3692 2293 3738 sunt.
2320 3683 2464 3740 Gens
2485 3685 2632 3740 enim
2658 3685 2906 3755 quaedam
2931 3685 3203 3740 laudatrix
3234 3700 3299 3740 ac
3327 3701 3467 3756 pene

1888 3772 2166 3828 adoratrix
2220 3773 2574 3840 Theodoreti,
2619 3774 2751 3845 quid
2796 3790 2908 3829 non
2953 3783 3145 3840 tentat,
3197 3783 3292 3830 aut
3335 3774 3468 3845 quid

1887 3868 2103 3921 causari
2127 3883 2234 3922 non
2261 3869 2400 3921 solet
2421 3868 2683 3922 adversus
2709 3866 2886 3938 ipsum
2913 3867 3172 3921 Ecclesiae
3198 3866 3467 3922 universa:

1882 3956 2195 4026 judicium?

2487 4070 2542 4123 S.
2584 4068 2861 4123 CYRILLUS.

1957 4181 2046 4235 IV.
2083 4180 2473 4235 Sanctissimus
2507 4178 2597 4232 ille
2631 4172 3091 4244 doetissimusque
3115 4175 3242 4230 fidei
3269 4175 3460 4233 defen-

1886 4287 1998 4336 sor,
2057 4272 2143 4326 cui
2190 4272 2410 4326 videtur
2436 4271 2582 4325 Deus
2607 4267 2928 4339 mysterium
2957 4267 3370 4334 incarnationis,
3402 4280 3462 4326 ut

1812 4374 1856 4425 ι)
1886 4362 2185 4417 Athanasio
2233 4362 2537 4425 Trinitatis,
2589 4360 2895 4431 Augustino
2936 4360 3147 4432 gratim,
3178 4377 3460 4432 exponen-

1885 4453 2015 4506 dum
2067 4451 2386 4516 credidisse,
2436 4450 2845 4504 Theodoretum
2903 4449 3282 4506 consensionis
3333 4466 3459 4506 eum

1883 4542 2136 4596 Nestorio
2169 4558 2323 4596 reum
2361 4542 2528 4609 fecit;
2563 4542 2727 4611 idque
2757 4555 2868 4596 non
2893 4548 3106 4598 tantum
3155 4551 3282 4598 ante
3324 4558 3458 4599 con-

1881 4634 2069 4688 cilium
2103 4634 2460 4704 Ephesinum,
2491 4650 2616 4688 cum
2663 4649 2792 4689 suos
2833 4634 3317 4692 anathematismos
3364 4635 3460 4690 de—

1881 4723 2132 4778 fenderet
2157 4740 2170 4788 ;
2200 4723 2369 4794 556
2396 4721 2491 4776 sed
2518 4722 2681 4776 etiam
2715 4722 2900 4776 statim
2924 4736 3058 4792 pace
3083 4722 3456 4778 Ecclesiarum

1882 4815 2112 4878 saneita,
2167 4829 2290 4868 eum
2349 4814 2473 4868 facti
2523 4815 2791 4868 rationem
2837 4813 3032 4867 amicis
3079 4814 3456 4881 quaerentibus

1880 4906 2174 4972 redderet;
2200 4907 2309 4961 imo
2336 4913 2458 4975 post
2482 4905 2726 4975 quinque
2760 4911 2855 4958 aut
2905 4919 2999 4959 sex
3029 4917 3202 4958 annos
3245 4919 3276 4964 a
3321 4919 3455 4973 pace

1881 4996 2036 5062 inita,
2068 5011 2192 5050 cum
2234 4995 2570 5067 gravissimis
2601 4995 2788 5050 verbis
2817 4994 2884 5050 ad
2933 4994 3202 5052 Joannem
3257 4995 3453 5052 Antio-

1879 5077 2112 5143 chenum
2136 5087 2203 5142 de
2235 5087 2585 5142 'l'hcodoreto
2609 5087 2895 5142 scriberet.

1948 5178 2084 5233 Cum
2135 5179 2302 5248 igitur
2347 5187 2474 5234 ante
2512 5177 2807 5252 concilium
2838 5179 3178 5248 Ephesmum
3200 5193 3330 5234 suos
3352 5178 3449 5234 ad-

1879 5284 2068 5323 versus
2096 5269 2577 5338 reprehensionem
2611 5268 2942 5324 Theodoreti
2964 5269 3452 5327 anathematismos

1877 5369 2268 5430 propugnaret,
2296 5361 2350 5414 in
2375 5361 2693 5415 defensione
2718 5361 2883 5429 primi
2935 5360 3216 5430 tertiique,
3267 5365 3448 5432 quarti

1876 5463 1931 5507 et
1954 5454 2082 5506 noni
2110 5453 2299 5522 objicit
2344 5451 2766 5522 reprehendenti
2801 5453 3119 5507 societatem
3168 5469 3293 5508 cum
3337 5454 3449 5508 Ne-

1876 5544 2066 5606 storio,
2112 5543 2298 5613 idque,
2349 5558 2496 5596 nunc
2532 5542 2843 5606 obscurius,
2879 5557 3027 5596 nunc
3054 5543 3317 5611 apertius,
3353 5543 3448 5597 sed

1881 5647 1994 5691 tum
2022 5637 2240 5691 demum
2278 5635 2602 5700 clarissime,
2633 5650 2757 5688 cum
2807 5633 3249 5692 analhematismi
3293 5651 3353 5702 x,
3396 5633 3460 5691 in
