3956 6298
455 262 563 327 483
702 289 730 331 9
1561 267 1903 328 GARNERI
1914 268 1939 327 l
1977 268 2042 328 D]

2149 269 2468 331 ERTATIO
2509 273 2621 332 ΠΙ.
3610 273 3724 340 40L

455 389 568 444 quo
625 371 804 445 agitur
855 373 924 429 de
971 373 1198 430 Christo
1235 375 1527 446 pontiﬁce,
1566 376 2059 446 reprehensionem
2083 387 2127 439 Α
2157 380 2360 436 mentis
2427 394 2744 452 congruere.
2802 381 3006 436 Verum
3060 387 3122 437 ut
3166 377 3452 437 mendacia
3512 382 3740 440 illorum

458 465 719 522 dilueret.
752 463 886 520 Nam
925 474 1213 536 postquam
1261 467 1500 523 Nestorii
1543 483 1807 522 vesanam
1840 468 1943 522 hac
1981 467 2038 522 in
2137 479 2324 542 aperte
2374 473 2758 540 ostendamus,
2823 491 2840 525 ›
2890 481 2997 528 etc.
3052 469 3199 539 Quin
3245 472 3316 528 de
3371 471 3736 532 Thcodoreto
3789 477 3800 485 ’

457 567 615 631 parte
669 555 1002 626 impietatem
1050 557 1412 626 exposuisset,
1471 575 1489 609 ι
1525 557 1826 612 Dementia
1867 556 2041 622 illiUS,
2137 577 2322 617 sermo
2347 562 2438 627 sit,
2462 565 2564 618 etsi
2586 579 2788 618 nomen
2824 567 3092 626 taceatur,
3114 561 3304 616 nullus
3324 562 3526 618 merito
3557 565 3731 619 dubi-

459 650 660 722 inquit,
691 649 932 719 optimus
966 649 1277 714 aemulator,
1304 650 1392 703 vir
1419 649 1600 704 bonus
1634 648 2039 713 Theodoretus,

456 757 570 798 non
609 739 894 795 erubescit
939 739 1131 794 dicens
1158 741 1234 793 "z
1295 740 1601 794 Humanam
1649 749 1902 795 naturam
1956 756 2044 794 as-

461 831 716 903 sumpsit,
765 839 822 886 et
859 846 980 886 eam
1036 847 1202 900 super
1227 847 1550 887 communes
1581 831 1867 902 pontiﬁces
1893 832 2044 886 ordi-

457 923 627 989 navit,
662 924 805 979 sicut
827 932 883 977 ct
913 923 1116 977 Paulus
1150 923 1288 977 dicit
1317 922 1533 978 :Omnis
1560 925 1697 977 enim
1722 923 1954 995 pontifex
1977 939 2042 976 ea:

458 1013 750 1071 hominibus
791 1024 1113 1086 assumptus,
1140 1032 1234 1086 pro
1267 1015 1559 1069 hominibus
1601 1016 1935 1069 constituitur
1985 1016 2040 1068 in

457 1107 533 1160 his
567 1121 686 1177 qua:
722 1113 848 1159 sunt
874 1105 944 1159 ad
989 1105 1176 1170 Deum,
1215 1108 1305 1176 qui
1343 1105 1620 1161 condotere
1658 1107 1816 1177 possit
1845 1108 1922 1161 his
1951 1107 2041 1177 qui

457 1199 705 1266 ignorant
754 1204 806 1251 et
831 1206 1036 1262 errant,
1067 1200 1319 1268 quoniam
1349 1207 1398 1250 et
1436 1200 1548 1269 ipse
1577 1199 1934 1252 circumdatus
1965 1206 2040 1250 est

456 1288 788 1356 inﬁrmitate,
836 1298 886 1343 et
929 1299 1208 1361 propterea
1256 1290 1420 1354 debet,
1472 1287 1913 1361 quemadmodum
1946 1306 2040 1360 pro

458 1381 672 1452 populo,
721 1383 800 1434 ita
851 1383 1014 1435 etiam
1056 1399 1151 1452 pro
1184 1383 1462 1450 semetipso
1505 1383 1691 1452 offerre
1725 1398 1820 1453 pro
1859 1397 2040 1452 pecca—

460 1475 526 1525 tis
571 1483 616 1526 ο.
686 1471 881 1527 Nonne
931 1472 1213 1526 hominem
1260 1469 1422 1525 nobis
1448 1486 1796 1527 communem
1819 1471 2046 1526 Emma-

460 1565 609 1631 nuel,
665 1572 932 1634 quantum
969 1563 1037 1617 ad
1092 1563 1270 1633 ipsum
1297 1563 1557 1632 pertinet,
1595 1563 1824 1617 cﬁccit?
1848 1562 2043 1619 Nonne

461 1671 627 1725 supra
663 1655 978 1710 memoratis
1005 1655 1087 1711 hac
1115 1669 1335 1724 quoque
1364 1661 1494 1708 sunt
1518 1653 1708 1709 aﬁincs
1733 1658 2038 1718 sententiae,

2140 663 2237 720 tet,
2269 656 2362 726 qui
2389 657 2676 726 epistolam
2712 655 3011 712 secundam
3061 653 3398 710 Theodoreti
3434 655 3503 710 ad
3537 655 3736 714 Hime-

2143 746 2284 800 rium
2314 761 2438 800 cum
2469 745 2624 800 Notis
2651 745 2860 800 nostris
2885 743 3096 815 legerit.

2211 836 2467 906 Quinque
2491 846 2588 892 aut
2637 852 2729 893 sex
2760 845 2882 906 post
2927 836 3106 900 annis,
3162 851 3292 890 cum
3333 835 3729 894 Theodoretus

2146 929 2469 982 tumultuari
2497 937 2770 999 pergeret,
2799 936 3028 999 questus
3051 936 3133 982 est
3161 927 3303 997 apud
3322 929 3584 983 Joannem
3611 929 3731 982 An-

2141 1020 2457 1074 tiochcnum
2481 1019 2719 1092 Cyrillus
2748 1020 2836 1074 his
2856 1018 3040 1074 verbis
3071 1020 3110 1049 "
3142 1037 3156 1072 :
3191 1038 3208 1070 ί
3240 1018 3548 1074 Arbitratus
3572 1036 3733 1075 cram

2140 1112 2196 1166 in
2231 1112 2380 1172 hunc
2422 1127 2595 1182 usque
2625 1112 2794 1176 diem,
2828 1110 3343 1166 reverendissimum
3409 1111 3731 1166 Theodore-

2142 1211 2279 1268 tum,
2310 1203 2572 1272 depositis
2599 1201 2836 1257 Nestorii
2874 1202 3030 1257 vanis
3051 1201 3426 1270 opinionibus,
3455 1203 3730 1256 maculam

2141 1309 2204 1348 ex
2233 1293 2300 1347 iis
2327 1299 2684 1356 contractam,
2711 1292 2962 1360 exemplo
2989 1290 3219 1344 aliorum
3243 1289 3723 1345 sanctissimorum

2145 1385 2458 1455 prtesulum,
2494 1383 2696 1438 ciuisse
2728 1399 2741 1436 :
2787 1383 2934 1437 hunc
2955 1383 3102 1437 enim
3126 1380 3470 1436 credideram
3509 1381 3669 1451 longe
3697 1400 3730 1438 a

2141 1493 2201 1532 se
2254 1474 2590 1539 removisse,
2634 1489 2756 1544 qua:
2794 1472 2914 1543 paci
2961 1472 3272 1534 obstabant,
3310 1471 3731 1527 conditionibus

2142 1566 2455 1635 mutnisque
2479 1580 2509 1616 a
2535 1578 2621 1618 me
2671 1563 2869 1617 litteris
2914 1561 3170 1631 receptis.
3207 1562 3408 1616 Verum
3451 1561 3731 1623 referente

2143 1657 2236 1726 pio
2261 1656 2582 1727 presbytero
2622 1654 2872 1720 Daniele,
2919 1653 3088 1708 didici
3133 1653 3308 1723 ipsum
3366 1669 3396 1707 a
3474 1653 3732 1722 pristinis

461 1748 711 1804 eamdem
733 1748 1128 1818 blasphemiam
1165 1746 1580 1817 parturientes?
1607 1745 1749 1812 Quid
1775 1747 1901 1801 ais?
1929 1747 2042 1800 Με-
2072 1729 2114 1784 B
2143 1747 2337 1818 agendi
2370 1745 2676 1800 rationibus
2704 1761 2813 1798 non
2844 1743 3156 1808 recessisse,
3184 1743 3458 1798 adhzercre
3492 1743 3731 1812 perinde.

463 1842 572 1897 tuis
595 1841 890 1896 sacerdotii
911 1840 1132 1896 modum
1154 1840 1209 1894 in
1227 1838 1448 1895 Christo
1467 1841 1712 1895 omnium
1739 1839 2041 1906 Salvatorc,

462 1950 564 1989 nec
594 1933 926 1989 conveniens
969 1933 1187 1989 videtur
1236 1949 1357 1988 esse
1403 1935 1516 1988 Deo
1565 1933 1748 1988 Verbo
1802 1933 2044 1987 humano

460 2026 626 2081 modo
657 2026 970 2080 ministrare
998 2035 1227 2096 propter
1283 2024 1795 2095 dispensationem?
1841 2026 2042 2095 Detege

462 2125 615 2169 tuum
657 2115 890 2180 vultum,
932 2124 990 2170 et
1018 2131 1254 2185 persona
1312 2115 1564 2186 deposita
1612 2116 1790 2185 palam
1835 2115 2042 2186 denega

458 2207 553 2261 Dei
585 2206 752 2262 Verbi
805 2206 1259 2272 incarnationem,
1313 2213 1542 2277 propter
1585 2221 1747 2277 quam
1797 2206 2042 2277 pontifex

459 2303 779 2354 nominatus
810 2310 916 2355 est.
954 2319 972 2350 ι
1002 2299 1071 2353 Et
1103 2307 1298 2368 postea
1332 2317 1344 2352 :
1388 2317 1405 2348 (
1444 2298 1563 2352 Non
1611 2298 1819 2368 pateris
1859 2313 1925 2351 ex
1955 2311 2044 2350 rc-

458 2392 562 2444 bus
589 2391 723 2460 ipsis
749 2389 1021 2460 inspicere
1057 2390 1228 2444 Deum
1252 2404 1376 2443 esse
1427 2388 1591 2444 simul
1648 2397 1704 2442 et
1757 2389 2037 2442 hominem

459 2481 783 2536 Emmanuel
817 2497 832 2546 ;
869 2480 964 2536 sed
992 2488 1100 2535 tam
1145 2479 1461 2549 petulanter
1513 2488 1572 2534 et
1615 2479 2038 2545 inconsiderate,

462 2577 572 2628 imo
603 2573 747 2628 ultra
771 2572 1037 2628 terminos
1067 2571 1366 2642 impietatis
1397 2571 1565 2626 totius
1587 2587 1905 2636 excurrens,
1959 2572 2042 2627 ais

463 2664 642 2734 ipsum
694 2677 814 2718 esse
863 2669 1300 2717 consummatum
1345 2661 1629 2716 laboribus
1649 2669 1705 2716 et
1727 2663 1953 2727 virtute,
1985 2669 2043 2716 et

463 2754 758 2826 profecisse
792 2754 1056 2825 paulatim
1089 2754 1145 2808 in
1189 2752 1468 2824 pontificis
1512 2753 1855 2824 dignitatem.
1895 2774 1912 2806 ι
1973 2754 2040 2807 Et

462 2856 650 2918 postea
677 2863 690 2901 :
732 2864 750 2898 ‹
782 2845 963 2900 Ausus
1001 2861 1060 2900 es
1085 2843 1288 2909 dicere,
1327 2859 1448 2914 quae
1481 2844 1621 2899 infra
1649 2845 1873 2915 scripta.
1907 2843 2040 2910 Quis

463 2937 630 3010 igitur
659 2937 918 2993 sacerdos
941 2945 1024 2991 cst
1047 2935 1265 2990 factus?
1289 2935 1424 3002 Quis
1460 2938 1477 2957 '
1520 2936 1726 2991 virtute
1779 2950 2038 2990 consum-

2146 1854 2210 1894 ac
2235 1839 2390 1908 prius
2413 1836 2650 1892 Nestorii
2683 1835 3060 1905 blasphemiis,
3088 1842 3146 1890 et
3211 1843 3398 1904 aperte
3429 1835 3732 1889 ostendere

2147 1946 2203 1985 se
2231 1945 2410 1999 neque
2440 1931 2730 1984 anathema
2756 1928 2860 1998 ipsi
2886 1927 3088 1982 dixisse
3113 1968 3129 1994 ,
3181 1941 3359 1996 neque
3387 1925 3731 1995 depositioni

2146 2022 2467 2088 asscnsisse,
2507 2041 2523 2072 ›
2555 2030 2662 2076 etc.

2685 2182 2873 2222 “ARIUS
2900 2179 3193 2220 ΜειιοΑτοιις

2209 2306 2274 2360 ν.
2309 2303 2480 2359 Nemo
2517 2299 2713 2354 melius
2736 2296 3067 2352 Theodoreti
3113 2301 3355 2350 mentem
3389 2294 3562 2360 novit,
3589 2299 3727 2367 quia

2143 2411 2304 2449 nemo
2327 2394 2601 2448 curiosius
2619 2391 2935 2460 certiusque
2965 2389 3260 2459 indagavit.
3285 2389 3418 2445 Nam
3437 2395 3492 2443 et
3516 2387 3728 2457 Ephesi

2141 2485 2264 2549 fuit,
2321 2499 2445 2538 cum
2496 2483 2638 2537 inter
2689 2479 3002 2535 Catholicos
3025 2488 3079 2533 et
3116 2477 3442 2541 Orientales,
3485 2489 3726 2546 quorum

2142 2577 2422 2648 ingenium
2443 2583 2537 2631 aut
2570 2583 2719 2629 certe
2748 2587 2810 2626 os
2853 2571 3234 2626 Theodoretus
3266 2570 3404 2634 fuit,
3435 2569 3726 2624 contentio

2140 2669 2379 2723 ferveret
2411 2684 2425 2722 :
2465 2675 2522 2722 et
2551 2663 2885 2720 Theodoreti
2905 2662 3077 2717 libros
3111 2661 3404 2731 diligenter
3443 2658 3730 2729 conquisi-

2142 2769 2228 2814 tos
2251 2774 2373 2813 cum
2401 2755 2743 2812 Nestorianis
2769 2752 3002 2809 contulit
3035 2769 3048 2806 :
3082 2760 3138 2806 ct
3173 2751 3231 2804 in
3264 2749 3322 2804 id
3357 2751 3728 2805 vehementer

2142 2849 2413 2913 incubuit,
2446 2858 2509 2902 ut
2555 2846 2975 2902 consensionem
3019 2842 3316 2907 Theodori,
3372 2839 3717 2895 Theodoreti

2140 2950 2195 2997 et
2218 2939 2469 2996 Eutherii
2503 2954 2627 2994 eum
2652 2936 2903 2992 Nestorio
2929 2933 3262 3004 patefaceret
3295 2951 3307 2986 :
3340 2941 3396 2988 ct
3431 2933 3588 3001 plura
3620 2946 3727 2985 no-

464 3039 664 3096 matus,
699 3048 826 3087 cum
861 3039 1056 3085 natura
1072 3046 1184 3084 non
1208 3037 1353 3085 esset
1377 3027 1698 3100 perfectus?
1737 3028 1871 3094 Quis
1914 3035 2036 3082 tcn-
2064 3063 2107 3121 α
2141 3032 2227 3086 bis
2264 3027 2596 3084 Theodoreti
2646 3040 2816 3095 opera
2858 3021 3225 3092 epistolasque
3260 3019 3477 3076 aliunde
3508 3019 3727 3088 ignotas

464 3123 764 3178 tationibus
788 3122 983 3177 didicit
1013 3121 1406 3186 obedientiam,
1467 3137 1630 3191 quam
1678 3129 1804 3174 ante
1859 3127 2037 3174 tenta-

2141 3121 2444 3177 transmisit
2481 3137 2494 3173 :
2529 3127 2585 3174 ct
2637 3116 2763 3171 inde
2811 3112 3122 3182 excerpsit,
3185 3126 3306 3182 qua:
3359 3109 3725 3172 conﬁcerent,

467 3216 640 3270 tiones
669 3214 986 3269 nesciebat?
1015 3212 1146 3279 Quis
1173 3228 1298 3267 cum
1322 3212 1630 3268 reverentia
1653 3211 1811 3276 vixit,
1837 3219 2040 3266 etcum
2138 3213 2287 3286 quod
2335 3209 2679 3283 probandum
2716 3212 3053 3275 susceperat,
3081 3201 3488 3257 Theodoretum
3523 3214 3727 3269 nempe

466 3307 701 3360 clamore
724 3303 904 3359 valido
926 3303 1234 3373 lacrymans
1254 3309 1311 3357 et
1331 3301 1755 3371 supplicationes
1778 3302 2036 3368 offerens,

464 3411 587 3451 cum
616 3411 674 3450 se
698 3409 920 3450 scrvare
950 3409 1058 3451 non
1095 3403 1299 3463 posset,
1348 3392 1444 3447 sed
1507 3409 1633 3448 cum
1669 3394 1764 3464 qui
1819 3409 2040 3449 servare

469 3494 669 3560 posset,
703 3486 1038 3540 obsecrans?
1081 3483 1125 3540 Ο
1159 3484 1579 3540 audacissimam
1625 3495 1680 3541 et
1730 3487 2040 3542 sceleratis—

465 3578 660 3634 simam
685 3593 875 3632 vocem
900 3579 912 3631 !
941 3593 1063 3648 quae
1083 3578 1338 3649 lacrymaa
1361 3586 1471 3633 tam
1501 3578 1666 3650 impie
1691 3581 2040 3636 credentium

469 3680 728 3745 poterunt
758 3671 979 3726 abolere
1010 3673 1281 3742 peccata?
1310 3679 1418 3729 etc.
1457 3691 1476 3725 ›
1508 3673 1620 3729 Sub
1645 3675 1837 3730 ﬁnem:
1873 3696 1890 3727 ε
1912 3675 2042 3732 Cer-

469 3777 588 3820 tum
614 3771 697 3818 est
729 3778 861 3833 ergo
915 3761 1037 3817 illos
1067 3762 1318 3820 simulate
1347 3764 1740 3821 adunationem
1766 3767 2038 3833 conﬁteri,

468 3854 865 3928 simpliciorum
916 3854 1128 3910 animos
1178 3855 1529 3912 insectantes.
1586 3856 2041 3928 Conjunctionem

471 3960 708 4016 namque
765 3945 998 4001 credunt
1032 3947 1309 4019 σχετικὴν,
1338 3955 1394 4004 ct
1443 3949 1788 4006 extrinsecus
1819 3949 2039 4014 factam,

467 4051 631 4103 quam
662 4050 762 4090 nos
781 4034 948 4090 etiam
979 4035 1292 4103 habuimus,
1325 4053 1450 4092 cum
1503 4039 1802 4109 participes
1844 4039 2045 4095 divinas

466 4127 618 4184 illius
645 4138 855 4182 naturae
883 4127 1013 4184 facti
1043 4143 1232 4184 sumus
1268 4145 1368 4199 per
1396 4129 1685 4199 Spiritum.
1718 4149 1736 4181 ›

543 4215 703 4289 457
758 4217 888 4272 Post
931 4233 1120 4287 pacem
1155 4217 1544 4286 Ecclesiarum,
1577 4234 1697 4288 quae.
1741 4218 2044 4274 reluctante

469 4306 817 4364 Thcodoreto
841 4316 898 4363 et
923 4309 1266 4364 conditiones
1287 4309 1590 4378 rejiciente,
1613 4310 1749 4364 inita
1781 4318 1884 4375 est,
1917 4327 2043 4365 cum

2141 3307 2276 3363 duas
2321 3303 2377 3357 in
2429 3301 2649 3356 Christo
2693 3311 2956 3368 personas
3006 3293 3186 3364 reipsa
3234 3305 3557 3362 agnoscere,
3611 3288 3728 3343 etsi

2141 3413 2306 3456 unam
2330 3393 2516 3450 verbis
2547 3391 2861 3455 aﬁirmaret,
2891 3403 2996 3443 nec
3041 3385 3149 3441 alio
3219 3383 3384 3438 modo
3431 3395 3594 3435 unam
3640 3379 3722 3433 di-

2141 3506 2286 3555 cere,
2315 3501 2478 3559 quam
2499 3499 2608 3556 quo
2631 3483 2738 3537 viri
2758 3489 2814 3546 et
2834 3479 3024 3534 uxoris
3057 3491 3165 3532 una
3187 3482 3271 3530 est
3303 3486 3559 3544 persona,
3587 3485 3728 3524 una-

2141 3598 2250 3655 que
2281 3595 2432 3636 caro.

2211 3673 2338 3728 Haec
2363 3671 2533 3726 verba
2553 3685 2621 3724 ex
2646 3667 2788 3722 libro
2823 3681 2857 3720 v
2891 3658 3189 3729 Pentalogii
3251 3653 3478 3711 adducit
3498 3653 3568 3716 ”,
3600 3665 3728 3720 qua:

2143 3763 2526 3823 Theodoretus
2575 3775 2730 3816 more
2791 3773 2892 3814 suo
2935 3753 3126 3827 paucis
3158 3749 3460 3812 immutatis
3493 3763 3560 3802 cx
3607 3761 3697 3799 ma

2143 3857 2312 3927 gistro
2331 3869 2432 3910 suo
2450 3851 2741 3908 Theodoro
2755 3847 2994 3916 accepit:
3025 3863 3044 3896 ‹
3064 3839 3219 3910 Quod
3238 3837 3500 3927 Dominus
3518 3834 3586 3888 de
3605 3833 3732 3927 viro

2143 3921 2200 4002 et
2231 3959 2402 3999 uxore
2431 3943 2528 4007 ait,
2565 3959 2583 3993 ›
2616 3949 2678 3995 ut
2702 3939 2812 4010 jam
2837 3952 2946 3991 non
2977 3934 3086 3989 sint
3115 3931 3246 3994 duo,
3271 3925 3366 3982 sed
3389 3940 3494 3979 una
3521 3921 3726 3985 caro",

2152 4057 2172 4090 ι
2207 4037 2456 4091 dicamus
2476 4040 2534 4086 ct
2573 4046 2675 4089 nos
2699 4025 3099 4083 rationabiliter
3133 4019 3436 4077 secundum
3471 4011 3730 4070 veritatis

2145 4127 2440 4184 rationem.
2470 4124 2589 4179 Jam
2634 4137 2744 4176 non
2776 4126 2905 4173 sunt
2947 4116 3069 4170 dua:
3111 4127 3376 4184 personzn,
3427 4107 3525 4162 sed
3573 4120 3724 4166 una,

2145 4217 2360 4276 naturis
2411 4212 2602 4286 procul
2656 4209 2826 4265 dubio
2863 4205 3262 4266 constantibus,
3288 4198 3452 4271 458
3477 4194 3573 4250 sed
3602 4194 3701 4286 ﬁdis

2147 4285 2450 4366 cretionem
2478 4302 2811 4359 habentibus
2832 4301 2897 4353 ".
2932 4299 2999 4352 Et
3057 4295 3199 4350 sicut
3237 4291 3374 4347 nihil
3405 4289 3563 4342 obest
3583 4285 3698 4340 duo

468 4401 704 4473 Cyrillus
722 4399 922 4456 Acacio
944 4399 1298 4464 Melitinensi,
1331 4399 1400 4454 de
1421 4400 1681 4457 facilitate
1704 4402 1760 4455 in
1783 4400 2041 4458 Orienta-
2074 4408 2118 4464 D
2147 4418 2270 4456 rum
2298 4412 2582 4461 numerus,
2603 4410 2712 4464 quo
2734 4392 2916 4448 minus
2935 4403 3046 4443 una
3077 4401 3206 4442 caro
3229 4383 3476 4473 dicatur;
3509 4385 3728 4432 certum

469 4495 605 4548 lium
634 4491 740 4546 ﬁde
765 4490 1081 4560 recipienda
1115 4491 1496 4560 conquerenti,
1534 4492 1714 4548 facere
1746 4494 1878 4547 satis
1899 4494 2046 4548 nite-

473 4589 648 4648 retur,
687 4582 802 4637 htec
823 4581 992 4637 habet
1016 4581 1084 4635 de
1107 4580 1457 4636 Thcodorcto
1478 4583 1522 4614 ὀ
1569 4599 1582 4634 :
1627 4603 1646 4635 ε
1673 4583 1872 4638 Audivi
1906 4601 2048 4655 prte-

477 4686 628 4728 terca
694 4672 943 4728 veritatis
1000 4673 1188 4727 hostes
1238 4671 1609 4740 plissimorum
1667 4675 2050 4744 episcoporum

478 4762 826 4818 concordiam
849 4762 1132 4833 aegerrime
1165 4760 1332 4826 ferre,
1360 4770 1416 4816 et
1439 4777 1656 4818 sursum
1684 4779 1750 4819 ac
1789 4764 2049 4822 deorsum

477 4855 706 4910 miscere
745 4854 950 4919 omnia,
979 4860 1144 4920 atque
1197 4851 1424 4920 jactare,
1453 4853 1842 4920 confessionis,
1882 4871 2046 4926 quam

475 4945 557 5004 illi
589 4945 657 5000 de
692 4952 839 5000 recta
895 4941 1030 5003 ﬁde,
1065 4940 1226 5005 nihil,
1262 4948 1323 4994 ut
1378 4942 1513 5007 dixi,
1557 4944 1909 5012 innovantes,
1943 4948 2049 5003 hoc

480 5046 584 5106 est,
613 5037 752 5092 nihil
782 5033 849 5089 ad
875 5031 962 5098 ea,
987 5047 1110 5101 quae
1143 5031 1273 5086 olim
1300 5035 1596 5090 constituta
1619 5046 1766 5104 sunt,
1792 5039 2054 5110 adjicien-

482 5138 584 5194 tes,
633 5127 728 5183 sed
763 5125 949 5196 potius
992 5123 1286 5193 inculpatis
1318 5125 1539 5181 Patrum
1574 5129 1845 5200 dogmatis
1886 5131 2054 5185 inhre-

479 5230 684 5281 rentes,
725 5217 1038 5273 ediderunt.
1084 5230 1304 5271 sensum
1356 5226 1412 5272 et
1446 5220 1557 5274 vim
1601 5237 1726 5276 cum
1758 5223 1873 5278 suis
1902 5238 2054 5277 com-

557 5344 588 5380 ο
607 5331 776 5390 Hebr.
795 5347 849 5399 ν,
881 5332 996 5388 1-3.

2149 4499 2233 4546 est
2269 4490 2439 4553 enim,
2486 4485 2722 4556 qualiter
2755 4496 2864 4535 una
2905 4479 3146 4540 dicatur;
3179 4473 3328 4528 itaet
3355 4469 3446 4523 hic
3481 4481 3729 4537 personae

2150 4584 2335 4638 unitas
2385 4579 2523 4634 nihil
2552 4577 2708 4632 obest
2739 4568 3062 4628 differentiae
3092 4574 3430 4621 naturarum.
3477 4558 3731 4627 Denique

2152 4689 2276 4729 cum
2299 4679 2525 4726 naturas
2553 4664 2940 4724 discernimus,
2975 4658 3071 4714 Dei
3115 4653 3282 4712 Verbi
3307 4660 3558 4706 naturam
3587 4649 3730 4702 intc-

2149 4779 2300 4836 gram
2323 4761 2576 4823 dicimus,
2603 4763 2660 4812 ct
2699 4767 2988 4825 personam
3026 4751 3143 4806 sine
3176 4742 3515 4800 dubitatione
3543 4740 3730 4836 perfe-

2157 4829 2298 4912 ctam
2326 4851 2624 4909 :necenim
2639 4848 2757 4903 sine
2787 4839 3016 4916 persona
3041 4840 3122 4894 fas
3140 4846 3224 4892 est
3250 4847 3560 4890 asseverare
3592 4829 3738 4882 sub-

2155 4948 2442 5011 stantiam;
2484 4941 2784 5013 pcrfectam
2825 4949 3042 5006 quoque
3093 4941 3348 4986 naturam
3389 4927 3692 4979 humanam
3719 4962 3735 4986 ,

2155 5053 2280 5094 cum
2314 5051 2412 5091 sua
2460 5047 2716 5104 persona,
2751 5025 3002 5082 similiter
3051 5020 3396 5076 conﬁtemur.
3429 5015 3563 5069 Cum
3595 5027 3742 5067 vero

2157 5130 2226 5184 ad
2273 5124 2715 5198 coniunctionem
2745 5117 3091 5189 respicimus,
3126 5119 3258 5166 tunc
3309 5110 3530 5165 demum
3565 5120 3736 5159 unam

2158 5233 2450 5292 personam
2482 5215 2680 5272 merito
2709 5219 3090 5280 nuncupamus
3111 5203 3178 5258 ”.
3209 5221 3224 5253 ι

1817 5395 2134 5453 SCHULZII
2171 5391 2403 5449 ΝΟΤΛΞ.

553 5495 707 5568 “Ex
741 5495 993 5568 versione
1019 5495 1102 5568 hi.
1125 5495 1468 5568 Mercatoris.
1489 5495 1642 5568 _Yid_e
1665 5494 1816 5568 hunc
1847 5493 2027 5568 locum
2062 5503 2333 5568 supra,__p.
2367 5488 2434 5542 58
2458 5501 2575 5568 seq.
2655 5488 2713 5568 ’ᾗ

1244 5567 1288 5596 ²²
1316 5567 1437 5648 Vid.
1489 5565 1640 5644 Marii
1689 5564 1907 5643 Mercat.
1968 5555 2206 5628 0pp.,'t.
2249 5555 2313 5621 ll,
2457 5558 2583 5620 9.71,
2627 5556 2760 5610 edit.
2803 5555 2967 5636 Qarn.

1245 5644 1311 5680 st-
1353 5636 1446 5680 Vol
1495 5632 1906 5680 xubsmfenttlms.
1983 5631 2028 5661 ’³
2054 5627 2344 5680 Theodoro
2380 5627 2764 5680 .lonsucstcno
2825 5632 2925 5677 iste

2380 5645 2446 5682 Μ(

478 5564 527 5603 οι
559 5567 681 5622 vid.
713 5577 750 5622 t.
799 5567 887 5630 tv,
918 5581 971 5635 p.
1010 5565 1166 5635 l56|.

487 5637 613 5694 Hinc
644 5637 842 5694 desunt
875 5627 988 5690 [ἀ.
1066 5635 1108 5665 ²’⁸
1135 5634 1311 5691 Const.
1353 5636 1446 5690 Vel
1495 5632 1906 5687 subsistentilms.
1983 5627 2028 5661 ’³
2054 5627 2344 5682 Theodoro

483 5708 674 5784 synodi
697 5709 916 5780 quintus.

2655 5487 2700 5518 ὀ
2754 5485 2923 5540 Conc.
2953 5482 3179 5552 Ephes.
3210 5480 3266 5534 Ρ.
3347 5494 3426 5540 tu,
3470 5491 3588 5552 cap.
3647 5475 3744 5527 35$.

3044 5552 3090 5584 ’³
3117 5550 3366 5604 Dicamus
3400 5578 3462 5586 -
3486 5545 3576 5598 sed
3605 5560 3740 5598 una.

2450 5613 2764 5696 ipsuestcno
2825 5625 2925 5677 iste
2979 5625 3130 5676 locus
3159 5619 3422 5673 tribuitur
3475 5616 3527 5670 in
3589 5613 3746 5668 Actis
