  <div class='ocr_page' id='page_1' title='image "/cluster/home/n/w/nwhite01/storage/ocr_20150623/84/pst.000005712830/210.png"; bbox 0 0 3956 6298; ppageno 0'>
   <div class='ocr_carea' id='block_1_1' title="bbox 237 222 351 306">
    <p class='ocr_par' dir='ltr' id='par_1_1' title="bbox 237 222 351 306">
     <span class='ocr_line' id='line_1_1' title="bbox 237 222 351 306; baseline 0 -15"><span class='ocrx_word' id='word_1_1' title='bbox 237 222 351 306; x_wconf 62' lang='grc'><strong>405</strong></span> 
     </span>
    </p>
   </div>
   <div class='ocr_carea' id='block_1_2' title="bbox 1480 227 2326 294">
    <p class='ocr_par' dir='ltr' id='par_1_2' title="bbox 1480 227 2326 294">
     <span class='ocr_line' id='line_1_2' title="bbox 1480 227 2326 294; baseline 0 -3"><span class='ocrx_word' id='word_1_2' title='bbox 1480 231 1577 291; x_wconf 87' lang='lat' dir='ltr'><strong>DE</strong></span> <span class='ocrx_word' id='word_1_3' title='bbox 1616 228 1795 290; x_wconf 85' lang='lat' dir='ltr'><strong>FIDE</strong></span> <span class='ocrx_word' id='word_1_4' title='bbox 1828 227 2326 294; x_wconf 80' lang='lat' dir='ltr'><strong>THEODORETI&quot;</strong></span> 
     </span>
    </p>
   </div>
   <div class='ocr_carea' id='block_1_3' title="bbox 318 340 3509 417">
    <p class='ocr_par' dir='ltr' id='par_1_3' title="bbox 318 340 3509 417">
     <span class='ocr_line' id='line_1_3' title="bbox 318 340 3509 417; baseline 0.003 -20"><span class='ocrx_word' id='word_1_5' title='bbox 318 341 402 397; x_wconf 76' lang='lat' dir='ltr'><strong>Ad</strong></span> <span class='ocrx_word' id='word_1_6' title='bbox 426 340 577 396; x_wconf 85' lang='lat' dir='ltr'><strong>hunc</strong></span> <span class='ocrx_word' id='word_1_7' title='bbox 601 342 779 398; x_wconf 83' lang='lat' dir='ltr'><strong>locum</strong></span> <span class='ocrx_word' id='word_1_8' title='bbox 810 343 1038 399; x_wconf 85' lang='lat' dir='ltr'><strong>observa</strong></span> <span class='ocrx_word' id='word_1_9' title='bbox 1063 359 1078 399; x_wconf 84' lang='lat'><strong>:</strong></span> <span class='ocrx_word' id='word_1_10' title='bbox 1105 345 1159 400; x_wconf 76' lang='lat' dir='ltr'><strong>i&#39;</strong></span> <span class='ocrx_word' id='word_1_11' title='bbox 1191 345 1349 412; x_wconf 80' lang='lat' dir='ltr'><strong>Quod</strong></span> <span class='ocrx_word' id='word_1_12' title='bbox 1387 358 1644 416; x_wconf 82' lang='lat' dir='ltr'><strong>magnum</strong></span> <span class='ocrx_word' id='word_1_13' title='bbox 1675 342 1828 398; x_wconf 81' lang='lat' dir='ltr'><strong>addit</strong></span> <span class='ocrx_word' id='word_1_14' title='bbox 1856 347 1899 403; x_wconf 79' lang='grc' dir='ltr'>Α</span> <span class='ocrx_word' id='word_1_15' title='bbox 1930 357 2054 399; x_wconf 87' lang='lat' dir='ltr'><strong>cum</strong></span> <span class='ocrx_word' id='word_1_16' title='bbox 2084 353 2363 415; x_wconf 86' lang='lat' dir='ltr'><strong>assumpta</strong></span> <span class='ocrx_word' id='word_1_17' title='bbox 2383 357 2550 401; x_wconf 82' lang='lat' dir='ltr'><strong>carne</strong></span> <span class='ocrx_word' id='word_1_18' title='bbox 2593 357 2704 400; x_wconf 87' lang='lat' dir='ltr'><strong>una</strong></span> <span class='ocrx_word' id='word_1_19' title='bbox 2733 343 3119 416; x_wconf 79' lang='lat' dir='ltr'><strong>permanserit,</strong></span> <span class='ocrx_word' id='word_1_20' title='bbox 3157 358 3509 417; x_wconf 69' lang='lat' dir='ltr'><strong>permaneat-</strong></span> 
     </span>
    </p>
   </div>
   <div class='ocr_carea' id='block_1_4' title="bbox 242 433 1828 501">
    <p class='ocr_par' dir='ltr' id='par_1_4' title="bbox 242 433 1828 501">
     <span class='ocr_line' id='line_1_4' title="bbox 242 433 1828 501; baseline -0.002 -10"><span class='ocrx_word' id='word_1_21' title='bbox 242 433 319 491; x_wconf 75' lang='lat' dir='ltr'><strong>ad</strong></span> <span class='ocrx_word' id='word_1_22' title='bbox 371 433 526 489; x_wconf 82' lang='lat' dir='ltr'><strong>Marii</strong></span> <span class='ocrx_word' id='word_1_23' title='bbox 575 434 896 491; x_wconf 85' lang='lat' dir='ltr'><strong>Mercatoris</strong></span> <span class='ocrx_word' id='word_1_24' title='bbox 949 439 1333 495; x_wconf 76' lang='lat' dir='ltr'><strong>auctoritatem</strong></span> <span class='ocrx_word' id='word_1_25' title='bbox 1392 447 1767 501; x_wconf 82' lang='lat' dir='ltr'><strong>momentum,</strong></span> <span class='ocrx_word' id='word_1_26' title='bbox 1797 449 1828 488; x_wconf 86' lang='lat' dir='ltr'><strong>a</strong></span> 
     </span>
    </p>
   </div>
   <div class='ocr_carea' id='block_1_5' title="bbox 244 521 1828 597">
    <p class='ocr_par' dir='ltr' id='par_1_5' title="bbox 244 521 1828 597">
     <span class='ocr_line' id='line_1_5' title="bbox 244 521 1828 597; baseline -0.002 -17"><span class='ocrx_word' id='word_1_27' title='bbox 244 523 511 594; x_wconf 82' lang='lat' dir='ltr'><strong>Gregorio</strong></span> <span class='ocrx_word' id='word_1_28' title='bbox 552 524 646 588; x_wconf 83' lang='lat' dir='ltr'><strong>M.,</strong></span> <span class='ocrx_word' id='word_1_29' title='bbox 673 539 797 580; x_wconf 89' lang='lat' dir='ltr'><strong>cum</strong></span> <span class='ocrx_word' id='word_1_30' title='bbox 835 521 1104 597; x_wconf 77' lang='lat' dir='ltr'><strong>Pelagiill</strong></span> <span class='ocrx_word' id='word_1_31' title='bbox 1157 529 1379 582; x_wconf 85' lang='lat' dir='ltr'><strong>nomine</strong></span> <span class='ocrx_word' id='word_1_32' title='bbox 1428 527 1498 581; x_wconf 90' lang='lat' dir='ltr'><strong>ad</strong></span> <span class='ocrx_word' id='word_1_33' title='bbox 1539 527 1828 595; x_wconf 84' lang='lat' dir='ltr'><strong>episcopos</strong></span> 
     </span>
    </p>
   </div>
   <div class='ocr_carea' id='block_1_6' title="bbox 243 613 1830 689">
    <p class='ocr_par' dir='ltr' id='par_1_6' title="bbox 243 613 1830 689">
     <span class='ocr_line' id='line_1_6' title="bbox 243 613 1830 689; baseline 0 -21"><span class='ocrx_word' id='word_1_34' title='bbox 243 613 425 669; x_wconf 79' lang='lat' dir='ltr'><strong>lstria:</strong></span> <span class='ocrx_word' id='word_1_35' title='bbox 459 616 750 680; x_wconf 89' lang='lat' dir='ltr'><strong>scriberet,</strong></span> <span class='ocrx_word' id='word_1_36' title='bbox 792 616 1081 686; x_wconf 83' lang='lat' dir='ltr'><strong>fragmenti</strong></span> <span class='ocrx_word' id='word_1_37' title='bbox 1123 618 1287 689; x_wconf 85' lang='lat' dir='ltr'><strong>hujus</strong></span> <span class='ocrx_word' id='word_1_38' title='bbox 1321 627 1652 688; x_wconf 84' lang='lat' dir='ltr'><strong>postremam</strong></span> <span class='ocrx_word' id='word_1_39' title='bbox 1705 631 1830 685; x_wconf 88' lang='lat' dir='ltr'><strong>par-</strong></span> 
     </span>
    </p>
   </div>
   <div class='ocr_carea' id='block_1_7' title="bbox 250 707 1827 780">
    <p class='ocr_par' dir='ltr' id='par_1_7' title="bbox 250 707 1827 780">
     <span class='ocr_line' id='line_1_7' title="bbox 250 707 1827 780; baseline 0.001 -21"><span class='ocrx_word' id='word_1_40' title='bbox 250 714 360 760; x_wconf 85' lang='lat' dir='ltr'><strong>tem</strong></span> <span class='ocrx_word' id='word_1_41' title='bbox 404 707 630 761; x_wconf 76' lang='lat' dir='ltr'><strong>toﬁdem</strong></span> <span class='ocrx_word' id='word_1_42' title='bbox 686 708 871 762; x_wconf 85' lang='lat' dir='ltr'><strong>verbis</strong></span> <span class='ocrx_word' id='word_1_43' title='bbox 921 710 1246 780; x_wconf 79' lang='lat' dir='ltr'><strong>exscriptam</strong></span> <span class='ocrx_word' id='word_1_44' title='bbox 1281 725 1422 773; x_wconf 90' lang='lat' dir='ltr'><strong>esse,</strong></span> <span class='ocrx_word' id='word_1_45' title='bbox 1451 710 1827 776; x_wconf 83' lang='lat' dir='ltr'><strong>insertamque</strong></span> 
     </span>
    </p>
   </div>
   <div class='ocr_carea' id='block_1_8' title="bbox 245 796 1828 866">
    <p class='ocr_par' dir='ltr' id='par_1_8' title="bbox 245 796 1828 866">
     <span class='ocr_line' id='line_1_8' title="bbox 245 796 1828 866; baseline 0 -17"><span class='ocrx_word' id='word_1_46' title='bbox 245 796 511 866; x_wconf 73' lang='lat' dir='ltr'><strong>epistolae,</strong></span> <span class='ocrx_word' id='word_1_47' title='bbox 559 813 665 866; x_wconf 90' lang='lat' dir='ltr'><strong>qua</strong></span> <span class='ocrx_word' id='word_1_48' title='bbox 692 815 821 853; x_wconf 90' lang='lat' dir='ltr'><strong>reus</strong></span> <span class='ocrx_word' id='word_1_49' title='bbox 859 799 1170 854; x_wconf 88' lang='lat' dir='ltr'><strong>Nestoriani</strong></span> <span class='ocrx_word' id='word_1_50' title='bbox 1215 801 1422 855; x_wconf 91' lang='lat' dir='ltr'><strong>erroris</strong></span> <span class='ocrx_word' id='word_1_51' title='bbox 1446 799 1828 853; x_wconf 88' lang='lat' dir='ltr'><strong>Theodoretus</strong></span> 
     </span>
    </p>
   </div>
   <div class='ocr_carea' id='block_1_9' title="bbox 243 890 1828 963">
    <p class='ocr_par' dir='ltr' id='par_1_9' title="bbox 243 890 1828 963">
     <span class='ocr_line' id='line_1_9' title="bbox 243 890 1828 963; baseline 0 -21"><span class='ocrx_word' id='word_1_52' title='bbox 243 891 659 945; x_wconf 81' lang='lat' dir='ltr'><strong>oSIendebatur.</strong></span> <span class='ocrx_word' id='word_1_53' title='bbox 709 892 766 946; x_wconf 69' lang='lat'><strong>2°</strong></span> <span class='ocrx_word' id='word_1_54' title='bbox 818 891 1096 963; x_wconf 78' lang='lat' dir='ltr'><strong>Synodum</strong></span> <span class='ocrx_word' id='word_1_55' title='bbox 1150 911 1183 948; x_wconf 90' lang='lat' dir='ltr'><strong>v</strong></span> <span class='ocrx_word' id='word_1_56' title='bbox 1262 893 1656 948; x_wconf 72' lang='lat' dir='ltr'><strong>meumenicam</strong></span> <span class='ocrx_word' id='word_1_57' title='bbox 1711 890 1828 943; x_wconf 62' lang='lat' dir='ltr'><strong>haec</strong></span> 
     </span>
    </p>
   </div>
   <div class='ocr_carea' id='block_1_10' title="bbox 242 980 1822 1052">
    <p class='ocr_par' dir='ltr' id='par_1_10' title="bbox 242 980 1822 1052">
     <span class='ocr_line' id='line_1_10' title="bbox 242 980 1822 1052; baseline 0.001 -20"><span class='ocrx_word' id='word_1_58' title='bbox 242 980 438 1035; x_wconf 87' lang='lat' dir='ltr'><strong>eadem</strong></span> <span class='ocrx_word' id='word_1_59' title='bbox 502 981 671 1034; x_wconf 89' lang='lat' dir='ltr'><strong>verba</strong></span> <span class='ocrx_word' id='word_1_60' title='bbox 737 981 1028 1035; x_wconf 86' lang='lat' dir='ltr'><strong>Theodoro</strong></span> <span class='ocrx_word' id='word_1_61' title='bbox 1089 981 1474 1052; x_wconf 74' lang='lat' dir='ltr'><strong>MopsueSteno</strong></span> <span class='ocrx_word' id='word_1_62' title='bbox 1530 981 1822 1044; x_wconf 77' lang='lat' dir='ltr'><strong>tribuisse,</strong></span> 
     </span>
    </p>
   </div>
   <div class='ocr_carea' id='block_1_11' title="bbox 241 1069 1821 1142">
    <p class='ocr_par' dir='ltr' id='par_1_11' title="bbox 241 1069 1821 1142">
     <span class='ocr_line' id='line_1_11' title="bbox 241 1069 1821 1142; baseline -0.001 -20"><span class='ocrx_word' id='word_1_63' title='bbox 241 1069 484 1138; x_wconf 78' lang='lat' dir='ltr'><strong>indeque</strong></span> <span class='ocrx_word' id='word_1_64' title='bbox 505 1073 681 1140; x_wconf 91' lang='lat' dir='ltr'><strong>ipsum</strong></span> <span class='ocrx_word' id='word_1_65' title='bbox 696 1071 1034 1127; x_wconf 71' lang='lat' dir='ltr'><strong>Nestorianze</strong></span> <span class='ocrx_word' id='word_1_66' title='bbox 1059 1073 1410 1142; x_wconf 63' lang='lat' dir='ltr'><strong>blasphemia:</strong></span> <span class='ocrx_word' id='word_1_67' title='bbox 1431 1088 1583 1126; x_wconf 89' lang='lat' dir='ltr'><strong>reum</strong></span> <span class='ocrx_word' id='word_1_68' title='bbox 1606 1072 1821 1126; x_wconf 79' lang='lat' dir='ltr'><strong>fecisse.</strong></span> 
     </span>
    </p>
   </div>
   <div class='ocr_carea' id='block_1_12' title="bbox 242 1161 1819 1232">
    <p class='ocr_par' dir='ltr' id='par_1_12' title="bbox 242 1161 1819 1232">
     <span class='ocr_line' id='line_1_12' title="bbox 242 1161 1819 1232; baseline -0.001 -16"><span class='ocrx_word' id='word_1_69' title='bbox 242 1162 297 1216; x_wconf 78' lang='lat'><strong>5°</strong></span> <span class='ocrx_word' id='word_1_70' title='bbox 327 1162 479 1216; x_wconf 79' lang='lat' dir='ltr'><strong>Nihil</strong></span> <span class='ocrx_word' id='word_1_71' title='bbox 522 1177 684 1230; x_wconf 90' lang='lat' dir='ltr'><strong>posse</strong></span> <span class='ocrx_word' id='word_1_72' title='bbox 715 1163 824 1216; x_wconf 93' lang='lat' dir='ltr'><strong>dici</strong></span> <span class='ocrx_word' id='word_1_73' title='bbox 857 1179 957 1232; x_wconf 92' lang='lat' dir='ltr'><strong>pro</strong></span> <span class='ocrx_word' id='word_1_74' title='bbox 997 1164 1320 1218; x_wconf 87' lang='lat' dir='ltr'><strong>Nestoriana</strong></span> <span class='ocrx_word' id='word_1_75' title='bbox 1351 1163 1546 1217; x_wconf 61' lang='lat' dir='ltr'><strong>haeresi</strong></span> <span class='ocrx_word' id='word_1_76' title='bbox 1578 1161 1783 1216; x_wconf 90' lang='lat' dir='ltr'><strong>clarius</strong></span> <span class='ocrx_word' id='word_1_77' title='bbox 1805 1199 1819 1226; x_wconf 88' lang='lat'><strong>,</strong></span> 
     </span>
    </p>
   </div>
   <div class='ocr_carea' id='block_1_13' title="bbox 241 1252 1824 1323">
    <p class='ocr_par' dir='ltr' id='par_1_13' title="bbox 241 1252 1824 1323">
     <span class='ocr_line' id='line_1_13' title="bbox 241 1252 1824 1323; baseline -0.001 -19"><span class='ocrx_word' id='word_1_78' title='bbox 241 1267 407 1320; x_wconf 90' lang='lat' dir='ltr'><strong>quam</strong></span> <span class='ocrx_word' id='word_1_79' title='bbox 436 1252 584 1320; x_wconf 90' lang='lat' dir='ltr'><strong>quod</strong></span> <span class='ocrx_word' id='word_1_80' title='bbox 629 1271 648 1302; x_wconf 73' lang='grc' dir='ltr'><strong><em>ι</em></strong></span> <span class='ocrx_word' id='word_1_81' title='bbox 681 1252 799 1306; x_wconf 85' lang='lat' dir='ltr'><strong>sine</strong></span> <span class='ocrx_word' id='word_1_82' title='bbox 830 1267 927 1307; x_wconf 91' lang='lat' dir='ltr'><strong>sua</strong></span> <span class='ocrx_word' id='word_1_83' title='bbox 957 1269 1191 1323; x_wconf 85' lang='lat' dir='ltr'><strong>persona</strong></span> <span class='ocrx_word' id='word_1_84' title='bbox 1222 1253 1374 1307; x_wconf 83' lang='lat' dir='ltr'><strong>nefas</strong></span> <span class='ocrx_word' id='word_1_85' title='bbox 1405 1253 1475 1306; x_wconf 90' lang='lat' dir='ltr'><strong>sit</strong></span> <span class='ocrx_word' id='word_1_86' title='bbox 1507 1264 1824 1306; x_wconf 85' lang='lat' dir='ltr'><strong>asseverare</strong></span> 
     </span>
    </p>
   </div>
   <div class='ocr_carea' id='block_1_14' title="bbox 241 1341 1822 1412">
    <p class='ocr_par' dir='ltr' id='par_1_14' title="bbox 241 1341 1822 1412">
     <span class='ocr_line' id='line_1_14' title="bbox 241 1341 1822 1412; baseline -0.001 -18"><span class='ocrx_word' id='word_1_87' title='bbox 241 1341 626 1395; x_wconf 83' lang='lat' dir='ltr'><strong>substantiam.</strong></span> <span class='ocrx_word' id='word_1_88' title='bbox 684 1361 702 1392; x_wconf 75' lang='grc' dir='ltr'><strong><em>ι</em></strong></span> <span class='ocrx_word' id='word_1_89' title='bbox 741 1344 797 1395; x_wconf 70' lang='grc'><strong>4⁸</strong></span> <span class='ocrx_word' id='word_1_90' title='bbox 831 1343 1217 1412; x_wconf 78' lang='lat' dir='ltr'><strong>Fragmentum</strong></span> <span class='ocrx_word' id='word_1_91' title='bbox 1275 1343 1378 1396; x_wconf 90' lang='lat' dir='ltr'><strong>hoc</strong></span> <span class='ocrx_word' id='word_1_92' title='bbox 1443 1356 1563 1396; x_wconf 89' lang='lat' dir='ltr'><strong>esse</strong></span> <span class='ocrx_word' id='word_1_93' title='bbox 1610 1347 1822 1394; x_wconf 87' lang='lat' dir='ltr'><strong>tantum</strong></span> 
     </span>
    </p>
   </div>
   <div class='ocr_carea' id='block_1_15' title="bbox 243 1421 1822 1504">
    <p class='ocr_par' dir='ltr' id='par_1_15' title="bbox 243 1421 1822 1504">
     <span class='ocr_line' id='line_1_15' title="bbox 243 1421 1822 1504; baseline -0.001 -19"><span class='ocrx_word' id='word_1_94' title='bbox 243 1421 571 1502; x_wconf 80' lang='lat' dir='ltr'><strong>particulam</strong></span> <span class='ocrx_word' id='word_1_95' title='bbox 594 1433 742 1496; x_wconf 81' lang='lat' dir='ltr'><strong>libri,</strong></span> <span class='ocrx_word' id='word_1_96' title='bbox 768 1449 876 1504; x_wconf 93' lang='lat' dir='ltr'><strong>quo</strong></span> <span class='ocrx_word' id='word_1_97' title='bbox 910 1435 1110 1488; x_wconf 85' lang='lat' dir='ltr'><strong>Marius</strong></span> <span class='ocrx_word' id='word_1_98' title='bbox 1130 1434 1396 1488; x_wconf 81' lang='lat' dir='ltr'><strong>Mercator</strong></span> <span class='ocrx_word' id='word_1_99' title='bbox 1412 1433 1822 1486; x_wconf 90' lang='lat' dir='ltr'><strong>Theodoretum</strong></span> 
     </span>
    </p>
   </div>
   <div class='ocr_carea' id='block_1_16' title="bbox 242 1522 1825 1594">
    <p class='ocr_par' dir='ltr' id='par_1_16' title="bbox 242 1522 1825 1594">
     <span class='ocr_line' id='line_1_16' title="bbox 242 1522 1825 1594; baseline -0.002 -16"><span class='ocrx_word' id='word_1_100' title='bbox 242 1532 466 1578; x_wconf 83' lang='lat' dir='ltr'><strong>accusat</strong></span> <span class='ocrx_word' id='word_1_101' title='bbox 506 1523 816 1579; x_wconf 82' lang='lat' dir='ltr'><strong>Nestoriani</strong></span> <span class='ocrx_word' id='word_1_102' title='bbox 850 1525 1055 1579; x_wconf 88' lang='lat' dir='ltr'><strong>erroris</strong></span> <span class='ocrx_word' id='word_1_103' title='bbox 1080 1565 1094 1589; x_wconf 97' lang='lat'><strong>,</strong></span> <span class='ocrx_word' id='word_1_104' title='bbox 1146 1541 1383 1594; x_wconf 89' lang='lat' dir='ltr'><strong>eumque</strong></span> <span class='ocrx_word' id='word_1_105' title='bbox 1416 1525 1489 1578; x_wconf 90' lang='lat' dir='ltr'><strong>ait</strong></span> <span class='ocrx_word' id='word_1_106' title='bbox 1547 1543 1566 1574; x_wconf 84' lang='grc'><strong><em>‹</em></strong></span> <span class='ocrx_word' id='word_1_107' title='bbox 1603 1522 1825 1576; x_wconf 86' lang='lat' dir='ltr'><strong>diabolo</strong></span> 
     </span>
    </p>
   </div>
   <div class='ocr_carea' id='block_1_17' title="bbox 244 1613 1820 1686">
    <p class='ocr_par' dir='ltr' id='par_1_17' title="bbox 244 1613 1820 1686">
     <span class='ocr_line' id='line_1_17' title="bbox 244 1613 1820 1686; baseline -0.002 -18"><span class='ocrx_word' id='word_1_108' title='bbox 244 1616 540 1686; x_wconf 74' lang='lat' dir='ltr'><strong>instigante</strong></span> <span class='ocrx_word' id='word_1_109' title='bbox 565 1617 953 1685; x_wconf 87' lang='lat' dir='ltr'><strong>conscripsisse</strong></span> <span class='ocrx_word' id='word_1_110' title='bbox 981 1617 1154 1670; x_wconf 88' lang='lat' dir='ltr'><strong>libros</strong></span> <span class='ocrx_word' id='word_1_111' title='bbox 1181 1616 1446 1671; x_wconf 88' lang='lat' dir='ltr'><strong>adversus</strong></span> <span class='ocrx_word' id='word_1_112' title='bbox 1478 1615 1536 1670; x_wconf 92' lang='lat' dir='ltr'><strong>S.</strong></span> <span class='ocrx_word' id='word_1_113' title='bbox 1555 1613 1820 1685; x_wconf 86' lang='lat' dir='ltr'><strong>Cyrillum</strong></span> 
     </span>
    </p>
   </div>
   <div class='ocr_carea' id='block_1_18' title="bbox 243 1707 1326 1776">
    <p class='ocr_par' dir='ltr' id='par_1_18' title="bbox 243 1707 1326 1776">
     <span class='ocr_line' id='line_1_18' title="bbox 243 1707 1326 1776; baseline -0.001 -16"><span class='ocrx_word' id='word_1_114' title='bbox 243 1714 565 1761; x_wconf 89' lang='lat' dir='ltr'><strong>etsanctum</strong></span> <span class='ocrx_word' id='word_1_115' title='bbox 599 1707 888 1761; x_wconf 90' lang='lat' dir='ltr'><strong>concilium</strong></span> <span class='ocrx_word' id='word_1_116' title='bbox 917 1707 1275 1776; x_wconf 85' lang='lat' dir='ltr'><strong>Ephesinum.</strong></span> <span class='ocrx_word' id='word_1_117' title='bbox 1308 1725 1326 1759; x_wconf 77' lang='grc' dir='ltr'><strong>ι</strong></span> 
     </span>
    </p>
   </div>
   <div class='ocr_carea' id='block_1_19' title="bbox 303 1787 1816 1868">
    <p class='ocr_par' dir='ltr' id='par_1_19' title="bbox 303 1787 1816 1868">
     <span class='ocr_line' id='line_1_19' title="bbox 303 1787 1816 1868; baseline -0.002 -15"><span class='ocrx_word' id='word_1_118' title='bbox 303 1800 570 1854; x_wconf 82' lang='lat' dir='ltr'><strong>Producit</strong></span> <span class='ocrx_word' id='word_1_119' title='bbox 627 1799 772 1853; x_wconf 88' lang='lat' dir='ltr'><strong>idem</strong></span> <span class='ocrx_word' id='word_1_120' title='bbox 825 1787 1109 1854; x_wconf 87' lang='lat' dir='ltr'><strong>accusator</strong></span> <span class='ocrx_word' id='word_1_121' title='bbox 1141 1799 1376 1861; x_wconf 81' lang='lat' dir='ltr'><strong>litteras,</strong></span> <span class='ocrx_word' id='word_1_122' title='bbox 1406 1799 1608 1868; x_wconf 82' lang='lat' dir='ltr'><strong>quibus</strong></span> <span class='ocrx_word' id='word_1_123' title='bbox 1632 1799 1816 1851; x_wconf 88' lang='lat' dir='ltr'><strong>Theo-</strong></span> 
     </span>
    </p>
   </div>
   <div class='ocr_carea' id='block_1_20' title="bbox 241 1889 1819 1944">
    <p class='ocr_par' dir='ltr' id='par_1_20' title="bbox 241 1889 1819 1944">
     <span class='ocr_line' id='line_1_20' title="bbox 241 1889 1819 1944; baseline -0.001 0"><span class='ocrx_word' id='word_1_124' title='bbox 241 1890 472 1944; x_wconf 88' lang='lat' dir='ltr'><strong>doretus</strong></span> <span class='ocrx_word' id='word_1_125' title='bbox 499 1889 728 1944; x_wconf 66' lang='lat' dir='ltr'><strong>affirmat</strong></span> <span class='ocrx_word' id='word_1_126' title='bbox 759 1889 1068 1944; x_wconf 86' lang='lat' dir='ltr'><strong>Nestorium</strong></span> <span class='ocrx_word' id='word_1_127' title='bbox 1109 1909 1126 1941; x_wconf 90' lang='grc'><strong><em>‹</em></strong></span> <span class='ocrx_word' id='word_1_128' title='bbox 1155 1890 1294 1942; x_wconf 87' lang='lat' dir='ltr'><strong>nihil</strong></span> <span class='ocrx_word' id='word_1_129' title='bbox 1327 1890 1434 1943; x_wconf 85' lang='lat' dir='ltr'><strong>nisi</strong></span> <span class='ocrx_word' id='word_1_130' title='bbox 1466 1905 1654 1942; x_wconf 88' lang='lat' dir='ltr'><strong>sanam</strong></span> <span class='ocrx_word' id='word_1_131' title='bbox 1691 1889 1819 1942; x_wconf 88' lang='lat' dir='ltr'><strong>doe-</strong></span> 
     </span>
    </p>
   </div>
   <div class='ocr_carea' id='block_1_21' title="bbox 246 1979 1814 2049">
    <p class='ocr_par' dir='ltr' id='par_1_21' title="bbox 246 1979 1814 2049">
     <span class='ocr_line' id='line_1_21' title="bbox 246 1979 1814 2049; baseline -0.002 -13"><span class='ocrx_word' id='word_1_132' title='bbox 246 1983 451 2036; x_wconf 89' lang='lat' dir='ltr'><strong>triuam</strong></span> <span class='ocrx_word' id='word_1_133' title='bbox 503 1982 739 2046; x_wconf 84' lang='lat' dir='ltr'><strong>novisse,</strong></span> <span class='ocrx_word' id='word_1_134' title='bbox 786 2001 803 2032; x_wconf 86' lang='grc'><strong>›</strong></span> <span class='ocrx_word' id='word_1_135' title='bbox 867 1990 927 2035; x_wconf 93' lang='lat' dir='ltr'><strong>ut</strong></span> <span class='ocrx_word' id='word_1_136' title='bbox 973 1981 1027 2034; x_wconf 90' lang='lat' dir='ltr'><strong>in</strong></span> <span class='ocrx_word' id='word_1_137' title='bbox 1062 1982 1222 2049; x_wconf 88' lang='lat' dir='ltr'><strong>epist.</strong></span> <span class='ocrx_word' id='word_1_138' title='bbox 1273 1981 1309 2034; x_wconf 74' lang='lat'><strong>2</strong></span> <span class='ocrx_word' id='word_1_139' title='bbox 1365 1980 1433 2034; x_wconf 91' lang='lat' dir='ltr'><strong>ad</strong></span> <span class='ocrx_word' id='word_1_140' title='bbox 1481 1979 1814 2044; x_wconf 83' lang='lat' dir='ltr'><strong>Himerium;</strong></span> 
     </span>
    </p>
   </div>
   <div class='ocr_carea' id='block_1_22' title="bbox 250 2071 1814 2143">
    <p class='ocr_par' dir='ltr' id='par_1_22' title="bbox 250 2071 1814 2143">
     <span class='ocr_line' id='line_1_22' title="bbox 250 2071 1814 2143; baseline -0.001 -20"><span class='ocrx_word' id='word_1_141' title='bbox 250 2092 268 2122; x_wconf 74' lang='grc' dir='ltr'>ι</span> <span class='ocrx_word' id='word_1_142' title='bbox 289 2073 485 2143; x_wconf 81' lang='lat' dir='ltr'><strong>dogma</strong></span> <span class='ocrx_word' id='word_1_143' title='bbox 507 2071 750 2128; x_wconf 83' lang='lat' dir='ltr'><strong>Nestorii</strong></span> <span class='ocrx_word' id='word_1_144' title='bbox 777 2087 898 2126; x_wconf 91' lang='lat' dir='ltr'><strong>esse</strong></span> <span class='ocrx_word' id='word_1_145' title='bbox 924 2073 1094 2142; x_wconf 87' lang='lat' dir='ltr'><strong>ipsam</strong></span> <span class='ocrx_word' id='word_1_146' title='bbox 1125 2072 1404 2142; x_wconf 87' lang='lat' dir='ltr'><strong>pietatem,</strong></span> <span class='ocrx_word' id='word_1_147' title='bbox 1440 2089 1459 2123; x_wconf 76' lang='grc' dir='ltr'>ι</span> <span class='ocrx_word' id='word_1_148' title='bbox 1490 2079 1547 2124; x_wconf 91' lang='lat' dir='ltr'><strong>ut</strong></span> <span class='ocrx_word' id='word_1_149' title='bbox 1574 2072 1630 2123; x_wconf 92' lang='lat' dir='ltr'><strong>in</strong></span> <span class='ocrx_word' id='word_1_150' title='bbox 1653 2071 1814 2139; x_wconf 90' lang='lat' dir='ltr'><strong>epist.</strong></span> 
     </span>
    </p>
   </div>
   <div class='ocr_carea' id='block_1_23' title="bbox 241 2165 1816 2233">
    <p class='ocr_par' dir='ltr' id='par_1_23' title="bbox 241 2165 1816 2233">
     <span class='ocr_line' id='line_1_23' title="bbox 241 2165 1816 2233; baseline -0.004 -14"><span class='ocrx_word' id='word_1_151' title='bbox 241 2166 309 2219; x_wconf 82' lang='lat' dir='ltr'><strong>ad</strong></span> <span class='ocrx_word' id='word_1_152' title='bbox 335 2165 606 2219; x_wconf 80' lang='lat' dir='ltr'><strong>Andream</strong></span> <span class='ocrx_word' id='word_1_153' title='bbox 636 2165 1070 2227; x_wconf 80' lang='lat' dir='ltr'><strong>Saiuosatenum,</strong></span> <span class='ocrx_word' id='word_1_154' title='bbox 1107 2183 1122 2214; x_wconf 79' lang='grc' dir='ltr'>ι</span> <span class='ocrx_word' id='word_1_155' title='bbox 1151 2180 1207 2219; x_wconf 90' lang='lat' dir='ltr'><strong>se</strong></span> <span class='ocrx_word' id='word_1_156' title='bbox 1238 2179 1347 2218; x_wconf 89' lang='lat' dir='ltr'><strong>non</strong></span> <span class='ocrx_word' id='word_1_157' title='bbox 1381 2178 1540 2233; x_wconf 88' lang='lat' dir='ltr'><strong>posse</strong></span> <span class='ocrx_word' id='word_1_158' title='bbox 1569 2177 1816 2216; x_wconf 90' lang='lat' dir='ltr'><strong>commu-</strong></span> 
     </span>
    </p>
   </div>
   <div class='ocr_carea' id='block_1_24' title="bbox 243 2251 1818 2323">
    <p class='ocr_par' dir='ltr' id='par_1_24' title="bbox 243 2251 1818 2323">
     <span class='ocr_line' id='line_1_24' title="bbox 243 2251 1818 2323; baseline -0.003 -13"><span class='ocrx_word' id='word_1_159' title='bbox 243 2259 464 2311; x_wconf 89' lang='lat' dir='ltr'><strong>nionem</strong></span> <span class='ocrx_word' id='word_1_160' title='bbox 485 2257 687 2310; x_wconf 84' lang='lat' dir='ltr'><strong>habere</strong></span> <span class='ocrx_word' id='word_1_161' title='bbox 713 2271 837 2309; x_wconf 92' lang='lat' dir='ltr'><strong>cum</strong></span> <span class='ocrx_word' id='word_1_162' title='bbox 864 2255 950 2315; x_wconf 88' lang='lat' dir='ltr'><strong>iis,</strong></span> <span class='ocrx_word' id='word_1_163' title='bbox 985 2255 1079 2323; x_wconf 86' lang='lat' dir='ltr'><strong>qui</strong></span> <span class='ocrx_word' id='word_1_164' title='bbox 1104 2255 1298 2323; x_wconf 81' lang='lat' dir='ltr'><strong>dogma</strong></span> <span class='ocrx_word' id='word_1_165' title='bbox 1328 2253 1566 2310; x_wconf 82' lang='lat' dir='ltr'><strong>Nestorii</strong></span> <span class='ocrx_word' id='word_1_166' title='bbox 1594 2251 1818 2306; x_wconf 87' lang='lat' dir='ltr'><strong>damna-</strong></span> 
     </span>
    </p>
   </div>
   <div class='ocr_carea' id='block_1_25' title="bbox 244 2345 1334 2416">
    <p class='ocr_par' dir='ltr' id='par_1_25' title="bbox 244 2345 1334 2416">
     <span class='ocr_line' id='line_1_25' title="bbox 244 2345 1334 2416; baseline -0.003 -14"><span class='ocrx_word' id='word_1_167' title='bbox 244 2349 439 2413; x_wconf 80' lang='lat' dir='ltr'><strong>verint,</strong></span> <span class='ocrx_word' id='word_1_168' title='bbox 471 2366 490 2399; x_wconf 73' lang='grc' dir='ltr'><strong><em>ι</em></strong></span> <span class='ocrx_word' id='word_1_169' title='bbox 522 2349 648 2402; x_wconf 82' lang='lat' dir='ltr'><strong>utin</strong></span> <span class='ocrx_word' id='word_1_170' title='bbox 670 2347 828 2416; x_wconf 89' lang='lat' dir='ltr'><strong>epist.</strong></span> <span class='ocrx_word' id='word_1_171' title='bbox 855 2347 877 2398; x_wconf 78' lang='lat' dir='ltr'><strong>i</strong></span> <span class='ocrx_word' id='word_1_172' title='bbox 912 2345 978 2400; x_wconf 89' lang='lat' dir='ltr'><strong>ad</strong></span> <span class='ocrx_word' id='word_1_173' title='bbox 1011 2345 1334 2400; x_wconf 86' lang='lat' dir='ltr'><strong>Himerium.</strong></span> 
     </span>
    </p>
   </div>
   <div class='ocr_carea' id='block_1_26' title="bbox 815 2438 1258 2491">
    <p class='ocr_par' dir='ltr' id='par_1_26' title="bbox 815 2438 1258 2491">
     <span class='ocr_line' id='line_1_26' title="bbox 815 2438 1258 2491; baseline -0.002 -1"><span class='ocrx_word' id='word_1_174' title='bbox 815 2438 831 2458; x_wconf 89' lang='grc'>⁶</span> <span class='ocrx_word' id='word_1_175' title='bbox 853 2451 1077 2491; x_wconf 74' lang='lat' dir='ltr'><strong>WGILIUS</strong></span> <span class='ocrx_word' id='word_1_176' title='bbox 1110 2453 1258 2490; x_wconf 64' lang='lat' dir='ltr'><strong>ram.</strong></span> 
     </span>
    </p>
   </div>
   <div class='ocr_carea' id='block_1_27' title="bbox 313 2525 1818 2597">
    <p class='ocr_par' dir='ltr' id='par_1_27' title="bbox 313 2525 1818 2597">
     <span class='ocr_line' id='line_1_27' title="bbox 313 2525 1818 2597; baseline -0.005 -12"><span class='ocrx_word' id='word_1_177' title='bbox 313 2529 402 2585; x_wconf 77' lang='lat' dir='ltr'><strong>Vl.</strong></span> <span class='ocrx_word' id='word_1_178' title='bbox 435 2529 564 2582; x_wconf 87' lang='lat' dir='ltr'><strong>Post</strong></span> <span class='ocrx_word' id='word_1_179' title='bbox 587 2528 896 2591; x_wconf 79' lang='lat' dir='ltr'><strong>Iudicatum</strong></span> <span class='ocrx_word' id='word_1_180' title='bbox 928 2527 1248 2597; x_wconf 83' lang='lat' dir='ltr'><strong>abrogatum</strong></span> <span class='ocrx_word' id='word_1_181' title='bbox 1277 2566 1290 2591; x_wconf 95' lang='lat'><strong>,</strong></span> <span class='ocrx_word' id='word_1_182' title='bbox 1337 2540 1462 2580; x_wconf 90' lang='lat' dir='ltr'><strong>cum</strong></span> <span class='ocrx_word' id='word_1_183' title='bbox 1489 2525 1669 2579; x_wconf 89' lang='lat' dir='ltr'><strong>adhuc</strong></span> <span class='ocrx_word' id='word_1_184' title='bbox 1695 2539 1818 2579; x_wconf 86' lang='lat' dir='ltr'><strong>ver-</strong></span> 
     </span>
    </p>
   </div>
   <div class='ocr_carea' id='block_1_28' title="bbox 240 2615 1820 2691">
    <p class='ocr_par' dir='ltr' id='par_1_28' title="bbox 240 2615 1820 2691">
     <span class='ocr_line' id='line_1_28' title="bbox 240 2615 1820 2691; baseline -0.005 -14"><span class='ocrx_word' id='word_1_185' title='bbox 240 2629 462 2691; x_wconf 70' lang='lat' dir='ltr'><strong>saretur</strong></span> <span class='ocrx_word' id='word_1_186' title='bbox 485 2619 984 2688; x_wconf 86' lang='lat' dir='ltr'><strong>Constantinopoli,</strong></span> <span class='ocrx_word' id='word_1_187' title='bbox 1027 2617 1327 2686; x_wconf 90' lang='lat' dir='ltr'><strong>quintaque</strong></span> <span class='ocrx_word' id='word_1_188' title='bbox 1364 2616 1606 2687; x_wconf 80' lang='lat' dir='ltr'><strong>synodus</strong></span> <span class='ocrx_word' id='word_1_189' title='bbox 1650 2615 1820 2670; x_wconf 83' lang='lat' dir='ltr'><strong>babe-</strong></span> 
     </span>
    </p>
   </div>
   <div class='ocr_carea' id='block_1_29' title="bbox 241 2709 1814 2782">
    <p class='ocr_par' dir='ltr' id='par_1_29' title="bbox 241 2709 1814 2782">
     <span class='ocr_line' id='line_1_29' title="bbox 241 2709 1814 2782; baseline -0.004 -13"><span class='ocrx_word' id='word_1_190' title='bbox 241 2723 417 2777; x_wconf 80' lang='lat' dir='ltr'><strong>retur,</strong></span> <span class='ocrx_word' id='word_1_191' title='bbox 461 2713 528 2766; x_wconf 92' lang='lat' dir='ltr'><strong>ab</strong></span> <span class='ocrx_word' id='word_1_192' title='bbox 570 2713 898 2782; x_wconf 88' lang='lat' dir='ltr'><strong>imperatore</strong></span> <span class='ocrx_word' id='word_1_193' title='bbox 943 2709 1254 2764; x_wconf 75' lang='lat' dir='ltr'><strong>Iustiniano</strong></span> <span class='ocrx_word' id='word_1_194' title='bbox 1292 2709 1664 2778; x_wconf 80' lang='lat' dir='ltr'><strong>interrogatus</strong></span> <span class='ocrx_word' id='word_1_195' title='bbox 1708 2716 1814 2770; x_wconf 89' lang='lat' dir='ltr'><strong>est,</strong></span> 
     </span>
    </p>
   </div>
   <div class='ocr_carea' id='block_1_30' title="bbox 241 2799 1819 2878">
    <p class='ocr_par' dir='ltr' id='par_1_30' title="bbox 241 2799 1819 2878">
     <span class='ocr_line' id='line_1_30' title="bbox 241 2799 1819 2878; baseline -0.006 -18"><span class='ocrx_word' id='word_1_196' title='bbox 241 2806 374 2878; x_wconf 87' lang='lat' dir='ltr'><strong>quid</strong></span> <span class='ocrx_word' id='word_1_197' title='bbox 414 2806 642 2859; x_wconf 85' lang='lat' dir='ltr'><strong>sentiret</strong></span> <span class='ocrx_word' id='word_1_198' title='bbox 687 2803 754 2858; x_wconf 89' lang='lat' dir='ltr'><strong>de</strong></span> <span class='ocrx_word' id='word_1_199' title='bbox 789 2801 1137 2856; x_wconf 89' lang='lat' dir='ltr'><strong>Theodoreto</strong></span> <span class='ocrx_word' id='word_1_200' title='bbox 1157 2841 1171 2864; x_wconf 92' lang='lat'><strong>,</strong></span> <span class='ocrx_word' id='word_1_201' title='bbox 1203 2808 1259 2854; x_wconf 91' lang='lat' dir='ltr'><strong>et</strong></span> <span class='ocrx_word' id='word_1_202' title='bbox 1291 2800 1510 2868; x_wconf 81' lang='lat' dir='ltr'><strong>scriptis</strong></span> <span class='ocrx_word' id='word_1_203' title='bbox 1539 2800 1607 2853; x_wconf 90' lang='lat' dir='ltr'><strong>ab</strong></span> <span class='ocrx_word' id='word_1_204' title='bbox 1631 2813 1698 2853; x_wconf 91' lang='lat' dir='ltr'><strong>eo</strong></span> <span class='ocrx_word' id='word_1_205' title='bbox 1723 2799 1819 2852; x_wconf 90' lang='lat' dir='ltr'><strong>ad-</strong></span> 
     </span>
    </p>
   </div>
   <div class='ocr_carea' id='block_1_31' title="bbox 240 2887 1817 2966">
    <p class='ocr_par' dir='ltr' id='par_1_31' title="bbox 240 2887 1817 2966">
     <span class='ocr_line' id='line_1_31' title="bbox 240 2887 1817 2966; baseline -0.008 -13"><span class='ocrx_word' id='word_1_206' title='bbox 240 2912 436 2953; x_wconf 84' lang='lat' dir='ltr'><strong>versus</strong></span> <span class='ocrx_word' id='word_1_207' title='bbox 472 2894 708 2966; x_wconf 85' lang='lat' dir='ltr'><strong>capitula</strong></span> <span class='ocrx_word' id='word_1_208' title='bbox 737 2891 925 2964; x_wconf 74' lang='lat' dir='ltr'><strong>Cyrilli</strong></span> <span class='ocrx_word' id='word_1_209' title='bbox 959 2891 1156 2955; x_wconf 89' lang='lat' dir='ltr'><strong>editis,</strong></span> <span class='ocrx_word' id='word_1_210' title='bbox 1214 2889 1520 2960; x_wconf 87' lang='lat' dir='ltr'><strong>respondit,</strong></span> <span class='ocrx_word' id='word_1_211' title='bbox 1563 2889 1691 2943; x_wconf 89' lang='lat' dir='ltr'><strong>dato</strong></span> <span class='ocrx_word' id='word_1_212' title='bbox 1749 2887 1817 2940; x_wconf 90' lang='lat' dir='ltr'><strong>ad</strong></span> 
     </span>
    </p>
   </div>
   <div class='ocr_carea' id='block_1_32' title="bbox 1935 436 3330 506">
    <p class='ocr_par' dir='ltr' id='par_1_32' title="bbox 1935 436 3330 506">
     <span class='ocr_line' id='line_1_32' title="bbox 1935 436 3330 506; baseline 0.002 -16"><span class='ocrx_word' id='word_1_213' title='bbox 1935 451 2040 506; x_wconf 93' lang='lat' dir='ltr'><strong>que</strong></span> <span class='ocrx_word' id='word_1_214' title='bbox 2063 436 2417 492; x_wconf 86' lang='lat' dir='ltr'><strong>subsistentia</strong></span> <span class='ocrx_word' id='word_1_215' title='bbox 2454 437 2574 491; x_wconf 86' lang='lat' dir='ltr'><strong>sine</strong></span> <span class='ocrx_word' id='word_1_216' title='bbox 2610 450 2883 506; x_wconf 84' lang='lat' dir='ltr'><strong>persona;</strong></span> <span class='ocrx_word' id='word_1_217' title='bbox 2920 437 3214 492; x_wconf 85' lang='lat' dir='ltr'><strong>anathema</strong></span> <span class='ocrx_word' id='word_1_218' title='bbox 3239 438 3330 493; x_wconf 89' lang='lat' dir='ltr'><strong>sit.</strong></span> 
     </span>
    </p>
   </div>
   <div class='ocr_carea' id='block_1_33' title="bbox 2003 528 3511 601">
    <p class='ocr_par' dir='ltr' id='par_1_33' title="bbox 2003 528 3511 601">
     <span class='ocr_line' id='line_1_33' title="bbox 2003 528 3511 601; baseline 0.004 -19"><span class='ocrx_word' id='word_1_219' title='bbox 2003 528 2056 582; x_wconf 78' lang='grc'><strong>5.</strong></span> <span class='ocrx_word' id='word_1_220' title='bbox 2103 529 2159 583; x_wconf 90' lang='lat' dir='ltr'><strong>Si</strong></span> <span class='ocrx_word' id='word_1_221' title='bbox 2181 529 2307 599; x_wconf 91' lang='lat' dir='ltr'><strong>quis</strong></span> <span class='ocrx_word' id='word_1_222' title='bbox 2328 543 2492 584; x_wconf 88' lang='lat' dir='ltr'><strong>voces</strong></span> <span class='ocrx_word' id='word_1_223' title='bbox 2516 529 2858 601; x_wconf 73' lang='lat' dir='ltr'><strong>evangelicas</strong></span> <span class='ocrx_word' id='word_1_224' title='bbox 2879 537 2938 585; x_wconf 88' lang='lat' dir='ltr'><strong>et</strong></span> <span class='ocrx_word' id='word_1_225' title='bbox 2964 530 3294 599; x_wconf 87' lang='lat' dir='ltr'><strong>apostolicas</strong></span> <span class='ocrx_word' id='word_1_226' title='bbox 3322 532 3376 590; x_wconf 87' lang='lat' dir='ltr'><strong>in</strong></span> <span class='ocrx_word' id='word_1_227' title='bbox 3399 547 3511 598; x_wconf 79' lang='lat' dir='ltr'><strong>uno</strong></span> 
     </span>
    </p>
   </div>
   <div class='ocr_carea' id='block_1_34' title="bbox 1933 619 3508 692">
    <p class='ocr_par' dir='ltr' id='par_1_34' title="bbox 1933 619 3508 692">
     <span class='ocr_line' id='line_1_34' title="bbox 1933 619 3508 692; baseline 0.003 -17"><span class='ocrx_word' id='word_1_228' title='bbox 1933 619 2157 675; x_wconf 90' lang='lat' dir='ltr'><strong>Christo</strong></span> <span class='ocrx_word' id='word_1_229' title='bbox 2183 621 2256 676; x_wconf 90' lang='lat' dir='ltr'><strong>ita</strong></span> <span class='ocrx_word' id='word_1_230' title='bbox 2284 621 2512 685; x_wconf 88' lang='lat' dir='ltr'><strong>dividat,</strong></span> <span class='ocrx_word' id='word_1_231' title='bbox 2542 632 2604 676; x_wconf 90' lang='lat' dir='ltr'><strong>ut</strong></span> <span class='ocrx_word' id='word_1_232' title='bbox 2625 622 2790 676; x_wconf 90' lang='lat' dir='ltr'><strong>etiam</strong></span> <span class='ocrx_word' id='word_1_233' title='bbox 2815 629 3134 675; x_wconf 87' lang='lat' dir='ltr'><strong>naturarum</strong></span> <span class='ocrx_word' id='word_1_234' title='bbox 3159 621 3216 676; x_wconf 88' lang='lat' dir='ltr'><strong>in</strong></span> <span class='ocrx_word' id='word_1_235' title='bbox 3238 623 3357 692; x_wconf 90' lang='lat' dir='ltr'><strong>ipso</strong></span> <span class='ocrx_word' id='word_1_236' title='bbox 3384 625 3508 680; x_wconf 85' lang='lat' dir='ltr'><strong>uni—</strong></span> 
     </span>
    </p>
   </div>
   <div class='ocr_carea' id='block_1_35' title="bbox 1935 711 3294 778">
    <p class='ocr_par' dir='ltr' id='par_1_35' title="bbox 1935 711 3294 778">
     <span class='ocr_line' id='line_1_35' title="bbox 1935 711 3294 778; baseline 0 -11"><span class='ocrx_word' id='word_1_237' title='bbox 1935 720 2114 767; x_wconf 90' lang='lat' dir='ltr'><strong>tarum</strong></span> <span class='ocrx_word' id='word_1_238' title='bbox 2146 711 2470 767; x_wconf 81' lang='lat' dir='ltr'><strong>divisionem</strong></span> <span class='ocrx_word' id='word_1_239' title='bbox 2502 712 2847 778; x_wconf 89' lang='lat' dir='ltr'><strong>introducat;</strong></span> <span class='ocrx_word' id='word_1_240' title='bbox 2878 713 3171 768; x_wconf 82' lang='lat' dir='ltr'><strong>anathema</strong></span> <span class='ocrx_word' id='word_1_241' title='bbox 3202 713 3294 767; x_wconf 86' lang='lat' dir='ltr'><strong>sit.</strong></span> 
     </span>
    </p>
   </div>
   <div class='ocr_carea' id='block_1_36' title="bbox 2001 788 3503 872">
    <p class='ocr_par' dir='ltr' id='par_1_36' title="bbox 2001 788 3503 872">
     <span class='ocr_line' id='line_1_36' title="bbox 2001 788 3503 872; baseline 0.001 -16"><span class='ocrx_word' id='word_1_242' title='bbox 2001 804 2052 857; x_wconf 71' lang='grc'><strong>4.</strong></span> <span class='ocrx_word' id='word_1_243' title='bbox 2087 803 2142 857; x_wconf 89' lang='lat' dir='ltr'><strong>Si</strong></span> <span class='ocrx_word' id='word_1_244' title='bbox 2181 804 2304 872; x_wconf 91' lang='lat' dir='ltr'><strong>quis</strong></span> <span class='ocrx_word' id='word_1_245' title='bbox 2344 819 2514 857; x_wconf 91' lang='lat' dir='ltr'><strong>unum</strong></span> <span class='ocrx_word' id='word_1_246' title='bbox 2543 804 2728 859; x_wconf 81' lang='lat' dir='ltr'><strong>Jesum</strong></span> <span class='ocrx_word' id='word_1_247' title='bbox 2759 788 3052 858; x_wconf 80' lang='lat' dir='ltr'><strong>Christum</strong></span> <span class='ocrx_word' id='word_1_248' title='bbox 3079 819 3269 859; x_wconf 89' lang='lat' dir='ltr'><strong>verum</strong></span> <span class='ocrx_word' id='word_1_249' title='bbox 3299 804 3418 869; x_wconf 88' lang='lat' dir='ltr'><strong>Dei,</strong></span> <span class='ocrx_word' id='word_1_250' title='bbox 3453 813 3503 860; x_wconf 84' lang='lat' dir='ltr'><strong>et</strong></span> 
     </span>
    </p>
   </div>
   <div class='ocr_carea' id='block_1_37' title="bbox 1933 894 3505 963">
    <p class='ocr_par' dir='ltr' id='par_1_37' title="bbox 1933 894 3505 963">
     <span class='ocr_line' id='line_1_37' title="bbox 1933 894 3505 963; baseline 0.001 -15"><span class='ocrx_word' id='word_1_251' title='bbox 1933 894 2184 948; x_wconf 90' lang='lat' dir='ltr'><strong>eumdem</strong></span> <span class='ocrx_word' id='word_1_252' title='bbox 2217 895 2394 963; x_wconf 90' lang='lat' dir='ltr'><strong>ipsum</strong></span> <span class='ocrx_word' id='word_1_253' title='bbox 2421 909 2615 949; x_wconf 87' lang='lat' dir='ltr'><strong>verum</strong></span> <span class='ocrx_word' id='word_1_254' title='bbox 2651 894 2891 948; x_wconf 87' lang='lat' dir='ltr'><strong>hominis</strong></span> <span class='ocrx_word' id='word_1_255' title='bbox 2921 895 3144 960; x_wconf 90' lang='lat' dir='ltr'><strong>Filium,</strong></span> <span class='ocrx_word' id='word_1_256' title='bbox 3193 895 3505 951; x_wconf 91' lang='lat' dir='ltr'><strong>futurorum</strong></span> 
     </span>
    </p>
   </div>
   <div class='ocr_carea' id='block_1_38' title="bbox 1934 983 3506 1056">
    <p class='ocr_par' dir='ltr' id='par_1_38' title="bbox 1934 983 3506 1056">
     <span class='ocr_line' id='line_1_38' title="bbox 1934 983 3506 1056; baseline 0.004 -19"><span class='ocrx_word' id='word_1_257' title='bbox 1934 983 2316 1053; x_wconf 86' lang='lat' dir='ltr'><strong>ignorantiam,</strong></span> <span class='ocrx_word' id='word_1_258' title='bbox 2339 994 2433 1039; x_wconf 89' lang='lat' dir='ltr'><strong>aut</strong></span> <span class='ocrx_word' id='word_1_259' title='bbox 2461 986 2569 1040; x_wconf 89' lang='lat' dir='ltr'><strong>diei</strong></span> <span class='ocrx_word' id='word_1_260' title='bbox 2599 985 2777 1039; x_wconf 87' lang='lat' dir='ltr'><strong>ultimi</strong></span> <span class='ocrx_word' id='word_1_261' title='bbox 2803 986 2997 1056; x_wconf 86' lang='lat' dir='ltr'><strong>judicii</strong></span> <span class='ocrx_word' id='word_1_262' title='bbox 3037 987 3296 1041; x_wconf 88' lang='lat' dir='ltr'><strong>habuisse</strong></span> <span class='ocrx_word' id='word_1_263' title='bbox 3337 987 3506 1052; x_wconf 88' lang='lat' dir='ltr'><strong>dicat,</strong></span> 
     </span>
    </p>
   </div>
   <div class='ocr_carea' id='block_1_39' title="bbox 1931 1077 3503 1147">
    <p class='ocr_par' dir='ltr' id='par_1_39' title="bbox 1931 1077 3503 1147">
     <span class='ocr_line' id='line_1_39' title="bbox 1931 1077 3503 1147; baseline 0.003 -20"><span class='ocrx_word' id='word_1_264' title='bbox 1931 1084 1987 1128; x_wconf 89' lang='lat' dir='ltr'><strong>et</strong></span> <span class='ocrx_word' id='word_1_265' title='bbox 2026 1084 2170 1130; x_wconf 89' lang='lat' dir='ltr'><strong>tanta</strong></span> <span class='ocrx_word' id='word_1_266' title='bbox 2195 1077 2334 1132; x_wconf 89' lang='lat' dir='ltr'><strong>scire</strong></span> <span class='ocrx_word' id='word_1_267' title='bbox 2357 1079 2618 1146; x_wconf 89' lang='lat' dir='ltr'><strong>potuisse,</strong></span> <span class='ocrx_word' id='word_1_268' title='bbox 2647 1085 2848 1146; x_wconf 91' lang='lat' dir='ltr'><strong>quanta</strong></span> <span class='ocrx_word' id='word_1_269' title='bbox 2868 1080 2920 1132; x_wconf 90' lang='lat' dir='ltr'><strong>ei</strong></span> <span class='ocrx_word' id='word_1_270' title='bbox 2951 1077 3134 1132; x_wconf 87' lang='lat' dir='ltr'><strong>Deitas</strong></span> <span class='ocrx_word' id='word_1_271' title='bbox 3165 1079 3324 1147; x_wconf 89' lang='lat' dir='ltr'><strong>quasi</strong></span> <span class='ocrx_word' id='word_1_272' title='bbox 3347 1079 3503 1134; x_wconf 87' lang='lat' dir='ltr'><strong>alteri</strong></span> 
     </span>
    </p>
   </div>
   <div class='ocr_carea' id='block_1_40' title="bbox 1932 1165 3249 1234">
    <p class='ocr_par' dir='ltr' id='par_1_40' title="bbox 1932 1165 3249 1234">
     <span class='ocr_line' id='line_1_40' title="bbox 1932 1165 3249 1234; baseline 0.001 -15"><span class='ocrx_word' id='word_1_273' title='bbox 1932 1165 2147 1219; x_wconf 89' lang='lat' dir='ltr'><strong>cuidam</strong></span> <span class='ocrx_word' id='word_1_274' title='bbox 2173 1166 2505 1230; x_wconf 87' lang='lat' dir='ltr'><strong>inhabitans,</strong></span> <span class='ocrx_word' id='word_1_275' title='bbox 2531 1167 2838 1234; x_wconf 78' lang='lat' dir='ltr'><strong>revolabat;</strong></span> <span class='ocrx_word' id='word_1_276' title='bbox 2867 1168 3158 1222; x_wconf 89' lang='lat' dir='ltr'><strong>anathema</strong></span> <span class='ocrx_word' id='word_1_277' title='bbox 3179 1168 3249 1220; x_wconf 87' lang='lat' dir='ltr'><strong>sit</strong></span> 
     </span>
    </p>
   </div>
   <div class='ocr_carea' id='block_1_41' title="bbox 2001 1256 3560 1328">
    <p class='ocr_par' dir='ltr' id='par_1_41' title="bbox 2001 1256 3560 1328">
     <span class='ocr_line' id='line_1_41' title="bbox 2001 1256 3560 1328; baseline -0.001 -18"><span class='ocrx_word' id='word_1_278' title='bbox 2001 1256 2052 1310; x_wconf 83' lang='lat'><strong>5.</strong></span> <span class='ocrx_word' id='word_1_279' title='bbox 2087 1256 2142 1311; x_wconf 86' lang='lat' dir='ltr'><strong>Si</strong></span> <span class='ocrx_word' id='word_1_280' title='bbox 2169 1258 2291 1327; x_wconf 90' lang='lat' dir='ltr'><strong>quis</strong></span> <span class='ocrx_word' id='word_1_281' title='bbox 2329 1258 2464 1312; x_wconf 91' lang='lat' dir='ltr'><strong>illud</strong></span> <span class='ocrx_word' id='word_1_282' title='bbox 2488 1258 2754 1327; x_wconf 86' lang='lat' dir='ltr'><strong>Apostoli,</strong></span> <span class='ocrx_word' id='word_1_283' title='bbox 2786 1259 2932 1328; x_wconf 90' lang='lat' dir='ltr'><strong>quod</strong></span> <span class='ocrx_word' id='word_1_284' title='bbox 2961 1267 3044 1313; x_wconf 92' lang='lat' dir='ltr'><strong>est</strong></span> <span class='ocrx_word' id='word_1_285' title='bbox 3067 1260 3126 1311; x_wconf 93' lang='lat' dir='ltr'><strong>in</strong></span> <span class='ocrx_word' id='word_1_286' title='bbox 3158 1258 3407 1327; x_wconf 87' lang='lat' dir='ltr'><strong>Epistola</strong></span> <span class='ocrx_word' id='word_1_287' title='bbox 3430 1259 3499 1313; x_wconf 87' lang='lat' dir='ltr'><strong>ad</strong></span> <span class='ocrx_word' id='word_1_288' title='bbox 3527 1303 3560 1328; x_wconf 6' lang='lat' dir='ltr'><strong>.g</strong></span> 
     </span>
    </p>
   </div>
   <div class='ocr_carea' id='block_1_42' title="bbox 1930 1342 3506 1416">
    <p class='ocr_par' dir='ltr' id='par_1_42' title="bbox 1930 1342 3506 1416">
     <span class='ocr_line' id='line_1_42' title="bbox 1930 1342 3506 1416; baseline 0.003 -19"><span class='ocrx_word' id='word_1_289' title='bbox 1930 1342 2186 1399; x_wconf 65' lang='lat' dir='ltr'><strong>Hebraeos</strong></span> <span class='ocrx_word' id='word_1_290' title='bbox 2218 1385 2231 1409; x_wconf 92' lang='lat'><strong>,</strong></span> <span class='ocrx_word' id='word_1_291' title='bbox 2283 1345 2510 1409; x_wconf 89' lang='lat' dir='ltr'><strong>dictum,</strong></span> <span class='ocrx_word' id='word_1_292' title='bbox 2557 1345 2708 1409; x_wconf 82' lang='lat' dir='ltr'><strong>Quod</strong></span> <span class='ocrx_word' id='word_1_293' title='bbox 2736 1347 3093 1416; x_wconf 74' lang='lat' dir='ltr'><strong>experimento</strong></span> <span class='ocrx_word' id='word_1_294' title='bbox 3125 1349 3363 1416; x_wconf 83' lang='lat' dir='ltr'><strong>cognovit</strong></span> <span class='ocrx_word' id='word_1_295' title='bbox 3390 1346 3506 1402; x_wconf 67' lang='lat' dir='ltr'><strong>obe-</strong></span> 
     </span>
    </p>
   </div>
   <div class='ocr_carea' id='block_1_43' title="bbox 1929 1431 3508 1505">
    <p class='ocr_par' dir='ltr' id='par_1_43' title="bbox 1929 1431 3508 1505">
     <span class='ocr_line' id='line_1_43' title="bbox 1929 1431 3508 1505; baseline 0.002 -22"><span class='ocrx_word' id='word_1_296' title='bbox 1929 1431 2204 1496; x_wconf 83' lang='lat' dir='ltr'><strong>dientiam,</strong></span> <span class='ocrx_word' id='word_1_297' title='bbox 2236 1443 2284 1486; x_wconf 87' lang='lat' dir='ltr'><strong>et</strong></span> <span class='ocrx_word' id='word_1_298' title='bbox 2306 1449 2419 1486; x_wconf 88' lang='lat' dir='ltr'><strong>cum</strong></span> <span class='ocrx_word' id='word_1_299' title='bbox 2447 1433 2679 1486; x_wconf 86' lang='lat' dir='ltr'><strong>clamore</strong></span> <span class='ocrx_word' id='word_1_300' title='bbox 2702 1434 2824 1503; x_wconf 74' lang='lat' dir='ltr'><strong>{orti</strong></span> <span class='ocrx_word' id='word_1_301' title='bbox 2846 1442 2893 1488; x_wconf 91' lang='lat' dir='ltr'><strong>et</strong></span> <span class='ocrx_word' id='word_1_302' title='bbox 2921 1434 3166 1505; x_wconf 81' lang='lat' dir='ltr'><strong>lacrymis</strong></span> <span class='ocrx_word' id='word_1_303' title='bbox 3189 1449 3362 1504; x_wconf 82' lang='lat' dir='ltr'><strong>preces</strong></span> <span class='ocrx_word' id='word_1_304' title='bbox 3381 1451 3508 1505; x_wconf 74' lang='lat' dir='ltr'><strong>sup-</strong></span> 
     </span>
    </p>
   </div>
   <div class='ocr_carea' id='block_1_44' title="bbox 1929 1521 3504 1596">
    <p class='ocr_par' dir='ltr' id='par_1_44' title="bbox 1929 1521 3504 1596">
     <span class='ocr_line' id='line_1_44' title="bbox 1929 1521 3504 1596; baseline 0.002 -21"><span class='ocrx_word' id='word_1_305' title='bbox 1929 1521 2341 1594; x_wconf 80' lang='lat' dir='ltr'><strong>plicationesque</strong></span> <span class='ocrx_word' id='word_1_306' title='bbox 2386 1523 2576 1577; x_wconf 79' lang='lat' dir='ltr'><strong>obtulit</strong></span> <span class='ocrx_word' id='word_1_307' title='bbox 2622 1525 2692 1578; x_wconf 89' lang='lat' dir='ltr'><strong>ad</strong></span> <span class='ocrx_word' id='word_1_308' title='bbox 2729 1525 2919 1589; x_wconf 85' lang='lat' dir='ltr'><strong>Deum,</strong></span> <span class='ocrx_word' id='word_1_309' title='bbox 2958 1527 3049 1596; x_wconf 82' lang='lat' dir='ltr'><strong>qui</strong></span> <span class='ocrx_word' id='word_1_310' title='bbox 3095 1525 3302 1578; x_wconf 76' lang='lat' dir='ltr'><strong>salvum</strong></span> <span class='ocrx_word' id='word_1_311' title='bbox 3335 1533 3504 1595; x_wconf 75' lang='lat' dir='ltr'><strong>posset</strong></span> 
     </span>
    </p>
   </div>
   <div class='ocr_carea' id='block_1_45' title="bbox 1928 1615 3505 1686">
    <p class='ocr_par' dir='ltr' id='par_1_45' title="bbox 1928 1615 3505 1686">
     <span class='ocr_line' id='line_1_45' title="bbox 1928 1615 3505 1686; baseline 0.003 -18"><span class='ocrx_word' id='word_1_312' title='bbox 1928 1629 2045 1668; x_wconf 86' lang='lat' dir='ltr'><strong>eum</strong></span> <span class='ocrx_word' id='word_1_313' title='bbox 2077 1633 2108 1669; x_wconf 93' lang='lat' dir='ltr'><strong>a</strong></span> <span class='ocrx_word' id='word_1_314' title='bbox 2140 1624 2306 1669; x_wconf 82' lang='lat' dir='ltr'><strong>morte</strong></span> <span class='ocrx_word' id='word_1_315' title='bbox 2336 1617 2507 1685; x_wconf 81' lang='lat' dir='ltr'><strong>facere</strong></span> <span class='ocrx_word' id='word_1_316' title='bbox 2532 1615 2582 1682; x_wconf 75' lang='grc' dir='ltr'><strong>ά,</strong></span> <span class='ocrx_word' id='word_1_317' title='bbox 2605 1622 2864 1686; x_wconf 82' lang='lat' dir='ltr'><strong>tanquam</strong></span> <span class='ocrx_word' id='word_1_318' title='bbox 2893 1617 3042 1671; x_wconf 90' lang='lat' dir='ltr'><strong>nudo</strong></span> <span class='ocrx_word' id='word_1_319' title='bbox 3067 1617 3270 1672; x_wconf 90' lang='lat' dir='ltr'><strong>deitate</strong></span> <span class='ocrx_word' id='word_1_320' title='bbox 3285 1616 3505 1673; x_wconf 87' lang='lat' dir='ltr'><strong>Christo</strong></span> 
     </span>
    </p>
   </div>
   <div class='ocr_carea' id='block_1_46' title="bbox 1855 1695 3504 1778">
    <p class='ocr_par' dir='ltr' id='par_1_46' title="bbox 1855 1695 3504 1778">
     <span class='ocr_line' id='line_1_46' title="bbox 1855 1695 3504 1778; baseline 0.002 -18"><span class='ocrx_word' id='word_1_321' title='bbox 1855 1695 1899 1754; x_wconf 82' lang='grc' dir='ltr'><strong>Β</strong></span> <span class='ocrx_word' id='word_1_322' title='bbox 1927 1707 2216 1777; x_wconf 86' lang='lat' dir='ltr'><strong>deputans,</strong></span> <span class='ocrx_word' id='word_1_323' title='bbox 2243 1709 2336 1778; x_wconf 90' lang='lat' dir='ltr'><strong>qui</strong></span> <span class='ocrx_word' id='word_1_324' title='bbox 2357 1709 2639 1763; x_wconf 84' lang='lat' dir='ltr'><strong>laboribus</strong></span> <span class='ocrx_word' id='word_1_325' title='bbox 2669 1709 2891 1764; x_wconf 90' lang='lat' dir='ltr'><strong>virtutis</strong></span> <span class='ocrx_word' id='word_1_326' title='bbox 2916 1709 3193 1778; x_wconf 89' lang='lat' dir='ltr'><strong>perfectus</strong></span> <span class='ocrx_word' id='word_1_327' title='bbox 3223 1708 3313 1772; x_wconf 89' lang='lat' dir='ltr'><strong>sit,</strong></span> <span class='ocrx_word' id='word_1_328' title='bbox 3347 1715 3409 1761; x_wconf 87' lang='lat' dir='ltr'><strong>ut</strong></span> <span class='ocrx_word' id='word_1_329' title='bbox 3435 1723 3504 1763; x_wconf 80' lang='lat' dir='ltr'><strong>ex</strong></span> 
     </span>
    </p>
   </div>
   <div class='ocr_carea' id='block_1_47' title="bbox 1923 1799 3503 1866">
    <p class='ocr_par' dir='ltr' id='par_1_47' title="bbox 1923 1799 3503 1866">
     <span class='ocr_line' id='line_1_47' title="bbox 1923 1799 3503 1866; baseline 0 -12"><span class='ocrx_word' id='word_1_330' title='bbox 1923 1801 2027 1854; x_wconf 91' lang='lat' dir='ltr'><strong>hoc</strong></span> <span class='ocrx_word' id='word_1_331' title='bbox 2048 1799 2187 1854; x_wconf 90' lang='lat' dir='ltr'><strong>duos</strong></span> <span class='ocrx_word' id='word_1_332' title='bbox 2215 1801 2565 1856; x_wconf 89' lang='lat' dir='ltr'><strong>introducere</strong></span> <span class='ocrx_word' id='word_1_333' title='bbox 2597 1799 2869 1866; x_wconf 89' lang='lat' dir='ltr'><strong>Cnristos,</strong></span> <span class='ocrx_word' id='word_1_334' title='bbox 2903 1802 2991 1856; x_wconf 90' lang='lat' dir='ltr'><strong>vel</strong></span> <span class='ocrx_word' id='word_1_335' title='bbox 3041 1801 3180 1855; x_wconf 91' lang='lat' dir='ltr'><strong>duos</strong></span> <span class='ocrx_word' id='word_1_336' title='bbox 3219 1801 3388 1856; x_wconf 89' lang='lat' dir='ltr'><strong>Filios</strong></span> <span class='ocrx_word' id='word_1_337' title='bbox 3415 1799 3503 1854; x_wconf 78' lang='lat' dir='ltr'><strong>vi-</strong></span> 
     </span>
    </p>
   </div>
   <div class='ocr_carea' id='block_1_48' title="bbox 1921 1890 3501 1961">
    <p class='ocr_par' dir='ltr' id='par_1_48' title="bbox 1921 1890 3501 1961">
     <span class='ocr_line' id='line_1_48' title="bbox 1921 1890 3501 1961; baseline -0.001 -16"><span class='ocrx_word' id='word_1_338' title='bbox 1921 1891 2134 1956; x_wconf 89' lang='lat' dir='ltr'><strong>deatur,</strong></span> <span class='ocrx_word' id='word_1_339' title='bbox 2168 1900 2222 1945; x_wconf 91' lang='lat' dir='ltr'><strong>et</strong></span> <span class='ocrx_word' id='word_1_340' title='bbox 2257 1907 2364 1946; x_wconf 91' lang='lat' dir='ltr'><strong>non</strong></span> <span class='ocrx_word' id='word_1_341' title='bbox 2388 1907 2557 1945; x_wconf 88' lang='lat' dir='ltr'><strong>unum</strong></span> <span class='ocrx_word' id='word_1_342' title='bbox 2585 1893 2951 1961; x_wconf 90' lang='lat' dir='ltr'><strong>eumdemque</strong></span> <span class='ocrx_word' id='word_1_343' title='bbox 2989 1891 3165 1946; x_wconf 89' lang='lat' dir='ltr'><strong>credit</strong></span> <span class='ocrx_word' id='word_1_344' title='bbox 3194 1891 3290 1946; x_wconf 89' lang='lat' dir='ltr'><strong>Dei</strong></span> <span class='ocrx_word' id='word_1_345' title='bbox 3312 1899 3368 1945; x_wconf 90' lang='lat' dir='ltr'><strong>et</strong></span> <span class='ocrx_word' id='word_1_346' title='bbox 3396 1890 3501 1945; x_wconf 83' lang='lat' dir='ltr'><strong>ho-</strong></span> 
     </span>
    </p>
   </div>
   <div class='ocr_carea' id='block_1_49' title="bbox 1919 1982 3502 2047">
    <p class='ocr_par' dir='ltr' id='par_1_49' title="bbox 1919 1982 3502 2047">
     <span class='ocr_line' id='line_1_49' title="bbox 1919 1982 3502 2047; baseline 0.001 -11"><span class='ocrx_word' id='word_1_347' title='bbox 1919 1983 2085 2036; x_wconf 87' lang='lat' dir='ltr'><strong>minis</strong></span> <span class='ocrx_word' id='word_1_348' title='bbox 2113 1983 2333 2047; x_wconf 87' lang='lat' dir='ltr'><strong>Filium,</strong></span> <span class='ocrx_word' id='word_1_349' title='bbox 2354 1999 2420 2036; x_wconf 79' lang='lat' dir='ltr'><strong>ex</strong></span> <span class='ocrx_word' id='word_1_350' title='bbox 2451 1983 2666 2037; x_wconf 89' lang='lat' dir='ltr'><strong>duabus</strong></span> <span class='ocrx_word' id='word_1_351' title='bbox 2698 1992 2754 2037; x_wconf 90' lang='lat' dir='ltr'><strong>et</strong></span> <span class='ocrx_word' id='word_1_352' title='bbox 2793 1983 2850 2036; x_wconf 89' lang='lat' dir='ltr'><strong>iu</strong></span> <span class='ocrx_word' id='word_1_353' title='bbox 2878 1982 3094 2036; x_wconf 88' lang='lat' dir='ltr'><strong>duabus</strong></span> <span class='ocrx_word' id='word_1_354' title='bbox 3116 1982 3330 2036; x_wconf 87' lang='lat' dir='ltr'><strong>naturis</strong></span> <span class='ocrx_word' id='word_1_355' title='bbox 3357 1982 3502 2037; x_wconf 76' lang='lat' dir='ltr'><strong>inse-</strong></span> 
     </span>
    </p>
   </div>
   <div class='ocr_carea' id='block_1_50' title="bbox 1919 2073 3500 2145">
    <p class='ocr_par' dir='ltr' id='par_1_50' title="bbox 1919 2073 3500 2145">
     <span class='ocr_line' id='line_1_50' title="bbox 1919 2073 3500 2145; baseline 0.001 -16"><span class='ocrx_word' id='word_1_356' title='bbox 1919 2075 2256 2144; x_wconf 89' lang='lat' dir='ltr'><strong>parabilibus</strong></span> <span class='ocrx_word' id='word_1_357' title='bbox 2293 2076 2656 2145; x_wconf 85' lang='lat' dir='ltr'><strong>indivisisque</strong></span> <span class='ocrx_word' id='word_1_358' title='bbox 2686 2073 3058 2129; x_wconf 84' lang='lat' dir='ltr'><strong>conﬁtendum</strong></span> <span class='ocrx_word' id='word_1_359' title='bbox 3083 2083 3243 2144; x_wconf 89' lang='lat' dir='ltr'><strong>atque</strong></span> <span class='ocrx_word' id='word_1_360' title='bbox 3267 2074 3500 2130; x_wconf 86' lang='lat' dir='ltr'><strong>adoran-</strong></span> 
     </span>
    </p>
   </div>
   <div class='ocr_carea' id='block_1_51' title="bbox 1919 2166 2579 2230">
    <p class='ocr_par' dir='ltr' id='par_1_51' title="bbox 1919 2166 2579 2230">
     <span class='ocr_line' id='line_1_51' title="bbox 1919 2166 2579 2230; baseline -0.005 -9"><span class='ocrx_word' id='word_1_361' title='bbox 1919 2166 2048 2222; x_wconf 92' lang='lat' dir='ltr'><strong>dum</strong></span> <span class='ocrx_word' id='word_1_362' title='bbox 2071 2183 2084 2230; x_wconf 93' lang='lat'><strong>;</strong></span> <span class='ocrx_word' id='word_1_363' title='bbox 2106 2166 2398 2220; x_wconf 89' lang='lat' dir='ltr'><strong>anathema</strong></span> <span class='ocrx_word' id='word_1_364' title='bbox 2420 2166 2511 2220; x_wconf 91' lang='lat' dir='ltr'><strong>sit.</strong></span> <span class='ocrx_word' id='word_1_365' title='bbox 2560 2185 2579 2218; x_wconf 73' lang='grc' dir='ltr'><strong><em>ι</em></strong></span> 
     </span>
    </p>
   </div>
   <div class='ocr_carea' id='block_1_52' title="bbox 1987 2255 3494 2328">
    <p class='ocr_par' dir='ltr' id='par_1_52' title="bbox 1987 2255 3494 2328">
     <span class='ocr_line' id='line_1_52' title="bbox 1987 2255 3494 2328; baseline -0.002 -16"><span class='ocrx_word' id='word_1_366' title='bbox 1987 2256 2396 2312; x_wconf 84' lang='lat' dir='ltr'><strong>Observandum</strong></span> <span class='ocrx_word' id='word_1_367' title='bbox 2441 2258 2484 2321; x_wconf 82' lang='grc' dir='ltr'><strong>Ι,</strong></span> <span class='ocrx_word' id='word_1_368' title='bbox 2511 2257 2792 2328; x_wconf 90' lang='lat' dir='ltr'><strong>Vigilium,</strong></span> <span class='ocrx_word' id='word_1_369' title='bbox 2845 2271 3122 2312; x_wconf 90' lang='lat' dir='ltr'><strong>summum</strong></span> <span class='ocrx_word' id='word_1_370' title='bbox 3153 2255 3494 2326; x_wconf 85' lang='lat' dir='ltr'><strong>pontificem,</strong></span> 
     </span>
    </p>
   </div>
   <div class='ocr_carea' id='block_1_53' title="bbox 1917 2345 3499 2418">
    <p class='ocr_par' dir='ltr' id='par_1_53' title="bbox 1917 2345 3499 2418">
     <span class='ocr_line' id='line_1_53' title="bbox 1917 2345 3499 2418; baseline -0.001 -15"><span class='ocrx_word' id='word_1_371' title='bbox 1917 2364 1982 2404; x_wconf 84' lang='lat' dir='ltr'><strong>ex</strong></span> <span class='ocrx_word' id='word_1_372' title='bbox 2012 2364 2078 2403; x_wconf 91' lang='lat' dir='ltr'><strong>eo</strong></span> <span class='ocrx_word' id='word_1_373' title='bbox 2142 2349 2288 2418; x_wconf 91' lang='lat' dir='ltr'><strong>quod</strong></span> <span class='ocrx_word' id='word_1_374' title='bbox 2348 2348 2472 2417; x_wconf 91' lang='lat' dir='ltr'><strong>quis</strong></span> <span class='ocrx_word' id='word_1_375' title='bbox 2526 2348 2786 2402; x_wconf 91' lang='lat' dir='ltr'><strong>unionem</strong></span> <span class='ocrx_word' id='word_1_376' title='bbox 2833 2357 3158 2401; x_wconf 89' lang='lat' dir='ltr'><strong>naturarum</strong></span> <span class='ocrx_word' id='word_1_377' title='bbox 3193 2345 3499 2402; x_wconf 83' lang='lat' dir='ltr'><strong>secundum</strong></span> 
     </span>
    </p>
   </div>
   <div class='ocr_carea' id='block_1_54' title="bbox 1917 2438 3495 2508">
    <p class='ocr_par' dir='ltr' id='par_1_54' title="bbox 1917 2438 3495 2508">
     <span class='ocr_line' id='line_1_54' title="bbox 1917 2438 3495 2508; baseline -0.002 -13"><span class='ocrx_word' id='word_1_378' title='bbox 1917 2441 2354 2504; x_wconf 89' lang='lat' dir='ltr'><strong>subsistentiam,</strong></span> <span class='ocrx_word' id='word_1_379' title='bbox 2381 2440 2502 2492; x_wconf 82' lang='grc' dir='ltr'>καθ’</span> <span class='ocrx_word' id='word_1_380' title='bbox 2542 2440 2862 2502; x_wconf 63' lang='lat' dir='ltr'><strong>unda-tactv;</strong></span> <span class='ocrx_word' id='word_1_381' title='bbox 2885 2447 3067 2508; x_wconf 84' lang='lat' dir='ltr'><strong>neget,</strong></span> <span class='ocrx_word' id='word_1_382' title='bbox 3100 2446 3248 2493; x_wconf 90' lang='lat' dir='ltr'><strong>recte</strong></span> <span class='ocrx_word' id='word_1_383' title='bbox 3265 2438 3495 2503; x_wconf 81' lang='lat' dir='ltr'><strong>inferre,</strong></span> 
     </span>
    </p>
   </div>
   <div class='ocr_carea' id='block_1_55' title="bbox 1918 2525 3500 2600">
    <p class='ocr_par' dir='ltr' id='par_1_55' title="bbox 1918 2525 3500 2600">
     <span class='ocr_line' id='line_1_55' title="bbox 1918 2525 3500 2600; baseline -0.004 -11"><span class='ocrx_word' id='word_1_384' title='bbox 1918 2534 1986 2588; x_wconf 87' lang='lat' dir='ltr'><strong>ab</strong></span> <span class='ocrx_word' id='word_1_385' title='bbox 2032 2549 2098 2588; x_wconf 90' lang='lat' dir='ltr'><strong>eo</strong></span> <span class='ocrx_word' id='word_1_386' title='bbox 2132 2533 2282 2588; x_wconf 91' lang='lat' dir='ltr'><strong>credi</strong></span> <span class='ocrx_word' id='word_1_387' title='bbox 2320 2550 2332 2585; x_wconf 88' lang='lat'><strong>:</strong></span> <span class='ocrx_word' id='word_1_388' title='bbox 2367 2531 2423 2584; x_wconf 80' lang='lat' dir='ltr'><strong>l°</strong></span> <span class='ocrx_word' id='word_1_389' title='bbox 2453 2531 2682 2585; x_wconf 89' lang='lat' dir='ltr'><strong>Beatam</strong></span> <span class='ocrx_word' id='word_1_390' title='bbox 2735 2530 3016 2600; x_wconf 84' lang='lat' dir='ltr'><strong>Virginem</strong></span> <span class='ocrx_word' id='word_1_391' title='bbox 3060 2544 3172 2584; x_wconf 90' lang='lat' dir='ltr'><strong>non</strong></span> <span class='ocrx_word' id='word_1_392' title='bbox 3204 2545 3356 2593; x_wconf 89' lang='lat' dir='ltr'><strong>vere,</strong></span> <span class='ocrx_word' id='word_1_393' title='bbox 3401 2525 3500 2582; x_wconf 86' lang='lat' dir='ltr'><strong>sed</strong></span> 
     </span>
    </p>
   </div>
   <div class='ocr_carea' id='block_1_56' title="bbox 1916 2616 3500 2693">
    <p class='ocr_par' dir='ltr' id='par_1_56' title="bbox 1916 2616 3500 2693">
     <span class='ocr_line' id='line_1_56' title="bbox 1916 2616 3500 2693; baseline -0.004 -15"><span class='ocrx_word' id='word_1_394' title='bbox 1916 2641 2050 2680; x_wconf 86' lang='lat' dir='ltr'><strong>voce</strong></span> <span class='ocrx_word' id='word_1_395' title='bbox 2078 2634 2236 2679; x_wconf 89' lang='lat' dir='ltr'><strong>tenus</strong></span> <span class='ocrx_word' id='word_1_396' title='bbox 2258 2623 2522 2693; x_wconf 87' lang='lat' dir='ltr'><strong>appellari</strong></span> <span class='ocrx_word' id='word_1_397' title='bbox 2554 2621 2650 2676; x_wconf 90' lang='lat' dir='ltr'><strong>Dei</strong></span> <span class='ocrx_word' id='word_1_398' title='bbox 2696 2620 3054 2676; x_wconf 90' lang='lat' dir='ltr'><strong>Genitricem.</strong></span> <span class='ocrx_word' id='word_1_399' title='bbox 3089 2621 3146 2674; x_wconf 72' lang='lat'><strong>2°</strong></span> <span class='ocrx_word' id='word_1_400' title='bbox 3170 2619 3413 2675; x_wconf 75' lang='lat' dir='ltr'><strong>Verbum</strong></span> <span class='ocrx_word' id='word_1_401' title='bbox 3442 2616 3500 2672; x_wconf 88' lang='lat' dir='ltr'><strong>in</strong></span> 
     </span>
    </p>
   </div>
   <div class='ocr_carea' id='block_1_57' title="bbox 1916 2710 3500 2780">
    <p class='ocr_par' dir='ltr' id='par_1_57' title="bbox 1916 2710 3500 2780">
     <span class='ocr_line' id='line_1_57' title="bbox 1916 2710 3500 2780; baseline -0.007 -7"><span class='ocrx_word' id='word_1_402' title='bbox 1916 2718 2136 2774; x_wconf 89' lang='lat' dir='ltr'><strong>Christo</strong></span> <span class='ocrx_word' id='word_1_403' title='bbox 2159 2732 2271 2770; x_wconf 91' lang='lat' dir='ltr'><strong>non</strong></span> <span class='ocrx_word' id='word_1_404' title='bbox 2313 2712 2623 2768; x_wconf 77' lang='lat' dir='ltr'><strong>inhabitare</strong></span> <span class='ocrx_word' id='word_1_405' title='bbox 2665 2712 2860 2776; x_wconf 82' lang='lat' dir='ltr'><strong>aliter,</strong></span> <span class='ocrx_word' id='word_1_406' title='bbox 2899 2726 3061 2780; x_wconf 90' lang='lat' dir='ltr'><strong>quam</strong></span> <span class='ocrx_word' id='word_1_407' title='bbox 3104 2710 3256 2764; x_wconf 90' lang='lat' dir='ltr'><strong>velut</strong></span> <span class='ocrx_word' id='word_1_408' title='bbox 3296 2710 3500 2763; x_wconf 87' lang='lat' dir='ltr'><strong>inuno</strong></span> 
     </span>
    </p>
   </div>
   <div class='ocr_carea' id='block_1_58' title="bbox 1913 2805 3500 2881">
    <p class='ocr_par' dir='ltr' id='par_1_58' title="bbox 1913 2805 3500 2881">
     <span class='ocr_line' id='line_1_58' title="bbox 1913 2805 3500 2881; baseline -0.006 -19"><span class='ocrx_word' id='word_1_409' title='bbox 1913 2810 2210 2881; x_wconf 87' lang='lat' dir='ltr'><strong>justorum,</strong></span> <span class='ocrx_word' id='word_1_410' title='bbox 2239 2816 2400 2877; x_wconf 89' lang='lat' dir='ltr'><strong>atque</strong></span> <span class='ocrx_word' id='word_1_411' title='bbox 2421 2805 2558 2860; x_wconf 90' lang='lat' dir='ltr'><strong>adeo</strong></span> <span class='ocrx_word' id='word_1_412' title='bbox 2585 2820 2695 2859; x_wconf 91' lang='lat' dir='ltr'><strong>non</strong></span> <span class='ocrx_word' id='word_1_413' title='bbox 2719 2818 2842 2859; x_wconf 91' lang='lat' dir='ltr'><strong>esse</strong></span> <span class='ocrx_word' id='word_1_414' title='bbox 2871 2817 3031 2858; x_wconf 88' lang='lat' dir='ltr'><strong>unam</strong></span> <span class='ocrx_word' id='word_1_415' title='bbox 3065 2817 3191 2856; x_wconf 91' lang='lat' dir='ltr'><strong>cum</strong></span> <span class='ocrx_word' id='word_1_416' title='bbox 3208 2815 3374 2855; x_wconf 89' lang='lat' dir='ltr'><strong>carne</strong></span> <span class='ocrx_word' id='word_1_417' title='bbox 3401 2813 3500 2854; x_wconf 76' lang='lat' dir='ltr'><strong>sua</strong></span> 
     </span>
    </p>
   </div>
   <div class='ocr_carea' id='block_1_59' title="bbox 1918 2891 3496 2954">
    <p class='ocr_par' dir='ltr' id='par_1_59' title="bbox 1918 2891 3496 2954">
     <span class='ocr_line' id='line_1_59' title="bbox 1918 2891 3496 2954; baseline -0.007 0"><span class='ocrx_word' id='word_1_418' title='bbox 1918 2899 2349 2954; x_wconf 89' lang='lat' dir='ltr'><strong>subsistentiam.</strong></span> <span class='ocrx_word' id='word_1_419' title='bbox 2379 2897 2434 2950; x_wconf 79' lang='lat'><strong>5°</strong></span> <span class='ocrx_word' id='word_1_420' title='bbox 2461 2896 2761 2950; x_wconf 79' lang='lat' dir='ltr'><strong>Fatendum</strong></span> <span class='ocrx_word' id='word_1_421' title='bbox 2789 2894 3118 2948; x_wconf 86' lang='lat' dir='ltr'><strong>divisionem</strong></span> <span class='ocrx_word' id='word_1_422' title='bbox 3151 2891 3496 2954; x_wconf 78' lang='lat' dir='ltr'><strong>naturarum,</strong></span> 
     </span>
    </p>
   </div>
   <div class='ocr_carea' id='block_1_60' title="bbox 241 2979 3498 3083">
    <p class='ocr_par' dir='ltr' id='par_1_60' title="bbox 241 2979 3498 3083">
     <span class='ocr_line' id='line_1_60' title="bbox 241 2979 3498 3083; baseline -0.004 -31"><span class='ocrx_word' id='word_1_423' title='bbox 241 2989 626 3059; x_wconf 66' lang='lat' dir='ltr'><strong>imperatorem</strong></span> <span class='ocrx_word' id='word_1_424' title='bbox 648 2985 978 3047; x_wconf 70' lang='grc' dir='ltr'><strong>Οοηδῐίιυῑον</strong></span> <span class='ocrx_word' id='word_1_425' title='bbox 1009 2984 1211 3052; x_wconf 57' lang='lat' dir='ltr'><strong>Scripta</strong></span> <span class='ocrx_word' id='word_1_426' title='bbox 1240 2980 1461 3050; x_wconf 63' lang='lat' dir='ltr'><strong>(illide</strong></span> <span class='ocrx_word' id='word_1_427' title='bbox 1504 2995 1625 3034; x_wconf 67' lang='lat'><strong>0553</strong></span> <span class='ocrx_word' id='word_1_428' title='bbox 1667 2979 1819 3033; x_wconf 69' lang='lat' dir='ltr'><strong>dam‘</strong></span> <span class='ocrx_word' id='word_1_429' title='bbox 1843 3027 1885 3083; x_wconf 63' lang='grc' dir='ltr'><strong>Ο</strong></span> <span class='ocrx_word' id='word_1_430' title='bbox 1919 2991 2135 3063; x_wconf 88' lang='lat' dir='ltr'><strong>partitis</strong></span> <span class='ocrx_word' id='word_1_431' title='bbox 2162 2988 2391 3043; x_wconf 88' lang='lat' dir='ltr'><strong>vocibus</strong></span> <span class='ocrx_word' id='word_1_432' title='bbox 2417 2985 2772 3056; x_wconf 89' lang='lat' dir='ltr'><strong>evangelicis.</strong></span> <span class='ocrx_word' id='word_1_433' title='bbox 2807 2984 3138 3039; x_wconf 65' lang='lat' dir='ltr'><strong>4°~Verbum</strong></span> <span class='ocrx_word' id='word_1_434' title='bbox 3161 2983 3380 3038; x_wconf 88' lang='lat' dir='ltr'><strong>Christo</strong></span> <span class='ocrx_word' id='word_1_435' title='bbox 3403 2996 3498 3038; x_wconf 74' lang='lat' dir='ltr'><strong>re-</strong></span> 
     </span>
    </p>
   </div>
   <div class='ocr_carea' id='block_1_61' title="bbox 238 3074 1810 3150">
    <p class='ocr_par' dir='ltr' id='par_1_61' title="bbox 238 3074 1810 3150">
     <span class='ocr_line' id='line_1_61' title="bbox 238 3074 1810 3150; baseline -0.009 -11"><span class='ocrx_word' id='word_1_436' title='bbox 238 3082 456 3145; x_wconf 87' lang='lat' dir='ltr'><strong>nanda,</strong></span> <span class='ocrx_word' id='word_1_437' title='bbox 507 3080 633 3150; x_wconf 88' lang='lat' dir='ltr'><strong>quia</strong></span> <span class='ocrx_word' id='word_1_438' title='bbox 677 3077 1004 3132; x_wconf 83' lang='lat' dir='ltr'><strong>videbantur</strong></span> <span class='ocrx_word' id='word_1_439' title='bbox 1067 3091 1188 3130; x_wconf 89' lang='lat' dir='ltr'><strong>esse</strong></span> <span class='ocrx_word' id='word_1_440' title='bbox 1237 3083 1425 3130; x_wconf 90' lang='lat' dir='ltr'><strong>contra</strong></span> <span class='ocrx_word' id='word_1_441' title='bbox 1456 3074 1651 3139; x_wconf 83' lang='lat' dir='ltr'><strong>fidem;</strong></span> <span class='ocrx_word' id='word_1_442' title='bbox 1682 3088 1810 3141; x_wconf 81' lang='lat' dir='ltr'><strong>per-</strong></span> 
     </span>
    </p>
   </div>
   <div class='ocr_carea' id='block_1_62' title="bbox 240 3167 1814 3236">
    <p class='ocr_par' dir='ltr' id='par_1_62' title="bbox 240 3167 1814 3236">
     <span class='ocr_line' id='line_1_62' title="bbox 240 3167 1814 3236; baseline -0.008 -5"><span class='ocrx_word' id='word_1_443' title='bbox 240 3188 430 3236; x_wconf 74' lang='lat' dir='ltr'><strong>sonam</strong></span> <span class='ocrx_word' id='word_1_444' title='bbox 477 3187 609 3225; x_wconf 88' lang='lat' dir='ltr'><strong>vero</strong></span> <span class='ocrx_word' id='word_1_445' title='bbox 645 3170 793 3224; x_wconf 89' lang='lat' dir='ltr'><strong>nulla</strong></span> <span class='ocrx_word' id='word_1_446' title='bbox 826 3175 954 3222; x_wconf 91' lang='lat' dir='ltr'><strong>nota</strong></span> <span class='ocrx_word' id='word_1_447' title='bbox 989 3167 1350 3229; x_wconf 72' lang='lat' dir='ltr'><strong>adiciendam,</strong></span> <span class='ocrx_word' id='word_1_448' title='bbox 1398 3174 1624 3235; x_wconf 88' lang='lat' dir='ltr'><strong>propter</strong></span> <span class='ocrx_word' id='word_1_449' title='bbox 1655 3179 1814 3218; x_wconf 84' lang='lat' dir='ltr'><strong>reve-</strong></span> 
     </span>
    </p>
   </div>
   <div class='ocr_carea' id='block_1_63' title="bbox 240 3255 1811 3329">
    <p class='ocr_par' dir='ltr' id='par_1_63' title="bbox 240 3255 1811 3329">
     <span class='ocr_line' id='line_1_63' title="bbox 240 3255 1811 3329; baseline -0.006 -13"><span class='ocrx_word' id='word_1_450' title='bbox 240 3263 475 3318; x_wconf 89' lang='lat' dir='ltr'><strong>rentiam</strong></span> <span class='ocrx_word' id='word_1_451' title='bbox 523 3277 629 3315; x_wconf 92' lang='lat' dir='ltr'><strong>non</strong></span> <span class='ocrx_word' id='word_1_452' title='bbox 684 3268 896 3314; x_wconf 88' lang='lat' dir='ltr'><strong>tantum</strong></span> <span class='ocrx_word' id='word_1_453' title='bbox 935 3257 1127 3329; x_wconf 80' lang='lat' dir='ltr'><strong>synodi</strong></span> <span class='ocrx_word' id='word_1_454' title='bbox 1163 3255 1650 3317; x_wconf 86' lang='lat' dir='ltr'><strong>Chalcedonensis,</strong></span> <span class='ocrx_word' id='word_1_455' title='bbox 1689 3269 1811 3324; x_wconf 71' lang='lat' dir='ltr'><strong>quae</strong></span> 
     </span>
    </p>
   </div>
   <div class='ocr_carea' id='block_1_64' title="bbox 241 3346 1816 3424">
    <p class='ocr_par' dir='ltr' id='par_1_64' title="bbox 241 3346 1816 3424">
     <span class='ocr_line' id='line_1_64' title="bbox 241 3346 1816 3424; baseline -0.005 -16"><span class='ocrx_word' id='word_1_456' title='bbox 241 3353 559 3424; x_wconf 88' lang='lat' dir='ltr'><strong>depositum</strong></span> <span class='ocrx_word' id='word_1_457' title='bbox 591 3367 620 3405; x_wconf 93' lang='lat' dir='ltr'><strong>a</strong></span> <span class='ocrx_word' id='word_1_458' title='bbox 651 3351 914 3405; x_wconf 89' lang='lat' dir='ltr'><strong>Dioscoro</strong></span> <span class='ocrx_word' id='word_1_459' title='bbox 965 3356 1271 3418; x_wconf 89' lang='lat' dir='ltr'><strong>receperat,</strong></span> <span class='ocrx_word' id='word_1_460' title='bbox 1309 3346 1403 3401; x_wconf 88' lang='lat' dir='ltr'><strong>sed</strong></span> <span class='ocrx_word' id='word_1_461' title='bbox 1439 3347 1606 3401; x_wconf 90' lang='lat' dir='ltr'><strong>etiam</strong></span> <span class='ocrx_word' id='word_1_462' title='bbox 1631 3346 1816 3400; x_wconf 82' lang='lat' dir='ltr'><strong>Eccle-</strong></span> 
     </span>
    </p>
   </div>
   <div class='ocr_carea' id='block_1_65' title="bbox 239 3439 1815 3512">
    <p class='ocr_par' dir='ltr' id='par_1_65' title="bbox 239 3439 1815 3512">
     <span class='ocr_line' id='line_1_65' title="bbox 239 3439 1815 3512; baseline -0.008 -8"><span class='ocrx_word' id='word_1_463' title='bbox 239 3449 335 3505; x_wconf 79' lang='lat' dir='ltr'><strong>siae</strong></span> <span class='ocrx_word' id='word_1_464' title='bbox 365 3447 654 3510; x_wconf 74' lang='lat' dir='ltr'><strong>universae,</strong></span> <span class='ocrx_word' id='word_1_465' title='bbox 689 3445 742 3497; x_wconf 88' lang='lat' dir='ltr'><strong>in</strong></span> <span class='ocrx_word' id='word_1_466' title='bbox 791 3443 948 3512; x_wconf 83' lang='lat' dir='ltr'><strong>cujus</strong></span> <span class='ocrx_word' id='word_1_467' title='bbox 981 3456 1110 3512; x_wconf 87' lang='lat' dir='ltr'><strong>pace</strong></span> <span class='ocrx_word' id='word_1_468' title='bbox 1154 3441 1299 3494; x_wconf 86' lang='lat' dir='ltr'><strong>diem</strong></span> <span class='ocrx_word' id='word_1_469' title='bbox 1328 3448 1632 3495; x_wconf 81' lang='lat' dir='ltr'><strong>extremum</strong></span> <span class='ocrx_word' id='word_1_470' title='bbox 1663 3439 1815 3493; x_wconf 88' lang='lat' dir='ltr'><strong>clau-</strong></span> 
     </span>
    </p>
   </div>
   <div class='ocr_carea' id='block_1_66' title="bbox 239 3531 1807 3607">
    <p class='ocr_par' dir='ltr' id='par_1_66' title="bbox 239 3531 1807 3607">
     <span class='ocr_line' id='line_1_66' title="bbox 239 3531 1807 3607; baseline -0.004 -15"><span class='ocrx_word' id='word_1_471' title='bbox 239 3547 409 3592; x_wconf 87' lang='lat' dir='ltr'><strong>serat.</strong></span> <span class='ocrx_word' id='word_1_472' title='bbox 443 3537 639 3603; x_wconf 84' lang='lat' dir='ltr'><strong>Quare,</strong></span> <span class='ocrx_word' id='word_1_473' title='bbox 674 3535 892 3590; x_wconf 87' lang='lat' dir='ltr'><strong>laudata</strong></span> <span class='ocrx_word' id='word_1_474' title='bbox 918 3549 1171 3603; x_wconf 89' lang='lat' dir='ltr'><strong>persona,</strong></span> <span class='ocrx_word' id='word_1_475' title='bbox 1203 3532 1293 3586; x_wconf 86' lang='lat' dir='ltr'><strong>illa</strong></span> <span class='ocrx_word' id='word_1_476' title='bbox 1317 3533 1558 3601; x_wconf 88' lang='lat' dir='ltr'><strong>quinque</strong></span> <span class='ocrx_word' id='word_1_477' title='bbox 1588 3531 1807 3607; x_wconf 83' lang='lat' dir='ltr'><strong>damna--</strong></span> 
     </span>
    </p>
   </div>
   <div class='ocr_carea' id='block_1_67' title="bbox 237 3623 1812 3698">
    <p class='ocr_par' dir='ltr' id='par_1_67' title="bbox 237 3623 1812 3698">
     <span class='ocr_line' id='line_1_67' title="bbox 237 3623 1812 3698; baseline -0.005 -14"><span class='ocrx_word' id='word_1_478' title='bbox 237 3629 323 3685; x_wconf 78' lang='lat' dir='ltr'><strong>vit</strong></span> <span class='ocrx_word' id='word_1_479' title='bbox 346 3629 412 3694; x_wconf 75' lang='lat'><strong>“,</strong></span> <span class='ocrx_word' id='word_1_480' title='bbox 439 3645 555 3698; x_wconf 68' lang='lat' dir='ltr'><strong>quae</strong></span> <span class='ocrx_word' id='word_1_481' title='bbox 581 3626 787 3697; x_wconf 80' lang='lat' dir='ltr'><strong>synodo</strong></span> <span class='ocrx_word' id='word_1_482' title='bbox 804 3627 984 3679; x_wconf 89' lang='lat' dir='ltr'><strong>oblata</strong></span> <span class='ocrx_word' id='word_1_483' title='bbox 1005 3641 1071 3679; x_wconf 83' lang='lat' dir='ltr'><strong>ex</strong></span> <span class='ocrx_word' id='word_1_484' title='bbox 1087 3623 1606 3693; x_wconf 85' lang='lat' dir='ltr'><strong>reprehensionibus</strong></span> <span class='ocrx_word' id='word_1_485' title='bbox 1629 3623 1812 3692; x_wconf 92' lang='lat' dir='ltr'><strong>primi,</strong></span> 
     </span>
    </p>
   </div>
   <div class='ocr_carea' id='block_1_68' title="bbox 239 3712 1815 3786">
    <p class='ocr_par' dir='ltr' id='par_1_68' title="bbox 239 3712 1815 3786">
     <span class='ocr_line' id='line_1_68' title="bbox 239 3712 1815 3786; baseline -0.004 -13"><span class='ocrx_word' id='word_1_486' title='bbox 239 3717 494 3780; x_wconf 87' lang='lat' dir='ltr'><strong>secundi,</strong></span> <span class='ocrx_word' id='word_1_487' title='bbox 522 3715 723 3786; x_wconf 87' lang='lat' dir='ltr'><strong>quarti,</strong></span> <span class='ocrx_word' id='word_1_488' title='bbox 757 3715 1067 3782; x_wconf 89' lang='lat' dir='ltr'><strong>decimique</strong></span> <span class='ocrx_word' id='word_1_489' title='bbox 1093 3712 1377 3783; x_wconf 86' lang='lat' dir='ltr'><strong>Cyrilliani</strong></span> <span class='ocrx_word' id='word_1_490' title='bbox 1400 3713 1596 3783; x_wconf 90' lang='lat' dir='ltr'><strong>capitis</strong></span> <span class='ocrx_word' id='word_1_491' title='bbox 1622 3719 1815 3767; x_wconf 82' lang='lat' dir='ltr'><strong>excer-</strong></span> 
     </span>
    </p>
   </div>
   <div class='ocr_carea' id='block_1_69' title="bbox 237 3805 1814 3882">
    <p class='ocr_par' dir='ltr' id='par_1_69' title="bbox 237 3805 1814 3882">
     <span class='ocr_line' id='line_1_69' title="bbox 237 3805 1814 3882; baseline -0.004 -18"><span class='ocrx_word' id='word_1_492' title='bbox 237 3819 335 3882; x_wconf 83' lang='lat' dir='ltr'><strong>pta</strong></span> <span class='ocrx_word' id='word_1_493' title='bbox 369 3808 584 3863; x_wconf 81' lang='lat' dir='ltr'><strong>fuerant</strong></span> <span class='ocrx_word' id='word_1_494' title='bbox 612 3826 624 3861; x_wconf 91' lang='lat'><strong>:</strong></span> <span class='ocrx_word' id='word_1_495' title='bbox 654 3807 968 3866; x_wconf 89' lang='lat' dir='ltr'><strong>damnavit,</strong></span> <span class='ocrx_word' id='word_1_496' title='bbox 995 3807 1250 3874; x_wconf 90' lang='lat' dir='ltr'><strong>inquam,</strong></span> <span class='ocrx_word' id='word_1_497' title='bbox 1304 3809 1378 3859; x_wconf 80' lang='lat' dir='ltr'><strong>ita</strong></span> <span class='ocrx_word' id='word_1_498' title='bbox 1415 3813 1477 3860; x_wconf 90' lang='lat' dir='ltr'><strong>ut</strong></span> <span class='ocrx_word' id='word_1_499' title='bbox 1499 3821 1606 3860; x_wconf 92' lang='lat' dir='ltr'><strong>non</strong></span> <span class='ocrx_word' id='word_1_500' title='bbox 1645 3805 1814 3860; x_wconf 90' lang='lat' dir='ltr'><strong>solam</strong></span> 
     </span>
    </p>
   </div>
   <div class='ocr_carea' id='block_1_70' title="bbox 239 3893 1816 3967">
    <p class='ocr_par' dir='ltr' id='par_1_70' title="bbox 239 3893 1816 3967">
     <span class='ocr_line' id='line_1_70' title="bbox 239 3893 1816 3967; baseline -0.001 -15"><span class='ocrx_word' id='word_1_501' title='bbox 239 3899 575 3953; x_wconf 87' lang='lat' dir='ltr'><strong>Theodoreti</strong></span> <span class='ocrx_word' id='word_1_502' title='bbox 598 3896 945 3960; x_wconf 65' lang='lat' dir='ltr'><strong>sententiam,</strong></span> <span class='ocrx_word' id='word_1_503' title='bbox 976 3893 1069 3950; x_wconf 89' lang='lat' dir='ltr'><strong>sed</strong></span> <span class='ocrx_word' id='word_1_504' title='bbox 1088 3895 1320 3966; x_wconf 88' lang='lat' dir='ltr'><strong>ipsamet</strong></span> <span class='ocrx_word' id='word_1_505' title='bbox 1335 3895 1630 3967; x_wconf 89' lang='lat' dir='ltr'><strong>aliquando</strong></span> <span class='ocrx_word' id='word_1_506' title='bbox 1645 3895 1816 3950; x_wconf 87' lang='lat' dir='ltr'><strong>verba</strong></span> 
     </span>
    </p>
   </div>
   <div class='ocr_carea' id='block_1_71' title="bbox 240 3991 1726 4060">
    <p class='ocr_par' dir='ltr' id='par_1_71' title="bbox 240 3991 1726 4060">
     <span class='ocr_line' id='line_1_71' title="bbox 240 3991 1726 4060; baseline -0.016 -15"><span class='ocrx_word' id='word_1_507' title='bbox 240 3991 464 4046; x_wconf 84' lang='lat' dir='ltr'><strong>referat.</strong></span> <span class='ocrx_word' id='word_1_508' title='bbox 618 4053 625 4060; x_wconf 34' lang='lat'><em>.</em></span> <span class='ocrx_word' id='word_1_509' title='bbox 1715 3999 1726 4010; x_wconf 91' lang='lat'><strong><em>-</em></strong></span> 
     </span>
    </p>
   </div>
   <div class='ocr_carea' id='block_1_72' title="bbox 311 4076 1816 4148">
    <p class='ocr_par' dir='ltr' id='par_1_72' title="bbox 311 4076 1816 4148">
     <span class='ocr_line' id='line_1_72' title="bbox 311 4076 1816 4148; baseline -0.002 -15"><span class='ocrx_word' id='word_1_510' title='bbox 311 4080 364 4133; x_wconf 71' lang='grc'><strong>1.</strong></span> <span class='ocrx_word' id='word_1_511' title='bbox 403 4098 420 4130; x_wconf 76' lang='grc' dir='ltr'>ι</span> <span class='ocrx_word' id='word_1_512' title='bbox 455 4078 511 4133; x_wconf 83' lang='lat' dir='ltr'><strong>Si</strong></span> <span class='ocrx_word' id='word_1_513' title='bbox 539 4079 682 4148; x_wconf 88' lang='lat' dir='ltr'><strong>quis,</strong></span> <span class='ocrx_word' id='word_1_514' title='bbox 709 4088 923 4133; x_wconf 88' lang='lat' dir='ltr'><strong>servata</strong></span> <span class='ocrx_word' id='word_1_515' title='bbox 949 4076 1471 4133; x_wconf 87' lang='lat' dir='ltr'><strong>inconvertibilitate</strong></span> <span class='ocrx_word' id='word_1_516' title='bbox 1497 4084 1706 4131; x_wconf 73' lang='lat' dir='ltr'><strong>naturae</strong></span> <span class='ocrx_word' id='word_1_517' title='bbox 1732 4091 1816 4130; x_wconf 82' lang='lat' dir='ltr'><strong>ul-</strong></span> 
     </span>
    </p>
   </div>
   <div class='ocr_carea' id='block_1_73' title="bbox 237 4161 1816 4234">
    <p class='ocr_par' dir='ltr' id='par_1_73' title="bbox 237 4161 1816 4234">
     <span class='ocr_line' id='line_1_73' title="bbox 237 4161 1816 4234; baseline -0.003 -10"><span class='ocrx_word' id='word_1_518' title='bbox 237 4170 406 4234; x_wconf 71' lang='lat' dir='ltr'><strong>vinae,</strong></span> <span class='ocrx_word' id='word_1_519' title='bbox 433 4186 543 4224; x_wconf 92' lang='lat' dir='ltr'><strong>non</strong></span> <span class='ocrx_word' id='word_1_520' title='bbox 569 4169 864 4223; x_wconf 80' lang='lat' dir='ltr'><strong>confitetur</strong></span> <span class='ocrx_word' id='word_1_521' title='bbox 911 4169 1147 4224; x_wconf 90' lang='lat' dir='ltr'><strong>Verbum</strong></span> <span class='ocrx_word' id='word_1_522' title='bbox 1169 4161 1388 4221; x_wconf 82' lang='lat' dir='ltr'><strong>carnem</strong></span> <span class='ocrx_word' id='word_1_523' title='bbox 1423 4167 1644 4230; x_wconf 85' lang='lat' dir='ltr'><strong>factum,</strong></span> <span class='ocrx_word' id='word_1_524' title='bbox 1668 4173 1724 4219; x_wconf 90' lang='lat' dir='ltr'><strong>et</strong></span> <span class='ocrx_word' id='word_1_525' title='bbox 1749 4180 1816 4220; x_wconf 80' lang='lat' dir='ltr'><strong>ex</strong></span> 
     </span>
    </p>
   </div>
   <div class='ocr_carea' id='block_1_74' title="bbox 241 4255 1814 4331">
    <p class='ocr_par' dir='ltr' id='par_1_74' title="bbox 241 4255 1814 4331">
     <span class='ocr_line' id='line_1_74' title="bbox 241 4255 1814 4331; baseline -0.003 -18"><span class='ocrx_word' id='word_1_526' title='bbox 241 4260 363 4330; x_wconf 88' lang='lat' dir='ltr'><strong>ipsa</strong></span> <span class='ocrx_word' id='word_1_527' title='bbox 384 4259 743 4331; x_wconf 85' lang='lat' dir='ltr'><strong>conceptione</strong></span> <span class='ocrx_word' id='word_1_528' title='bbox 766 4257 832 4312; x_wconf 91' lang='lat' dir='ltr'><strong>de</strong></span> <span class='ocrx_word' id='word_1_529' title='bbox 852 4267 1008 4312; x_wconf 87' lang='lat' dir='ltr'><strong>utero</strong></span> <span class='ocrx_word' id='word_1_530' title='bbox 1032 4257 1304 4326; x_wconf 79' lang='lat' dir='ltr'><strong>Virginis,</strong></span> <span class='ocrx_word' id='word_1_531' title='bbox 1353 4255 1519 4327; x_wconf 58' lang='lat'><strong>5.59</strong></span> <span class='ocrx_word' id='word_1_532' title='bbox 1563 4256 1814 4308; x_wconf 63' lang='lat' dir='ltr'><strong>humanae</strong></span> 
     </span>
    </p>
   </div>
   <div class='ocr_carea' id='block_1_75' title="bbox 1919 3073 3499 3150">
    <p class='ocr_par' dir='ltr' id='par_1_75' title="bbox 1919 3073 3499 3150">
     <span class='ocr_line' id='line_1_75' title="bbox 1919 3073 3499 3150; baseline -0.005 -13"><span class='ocrx_word' id='word_1_533' title='bbox 1919 3085 2123 3148; x_wconf 90' lang='lat' dir='ltr'><strong>velare,</strong></span> <span class='ocrx_word' id='word_1_534' title='bbox 2179 3096 2300 3150; x_wconf 59' lang='lat' dir='ltr'><strong>quae</strong></span> <span class='ocrx_word' id='word_1_535' title='bbox 2333 3079 2470 3144; x_wconf 83' lang='lat' dir='ltr'><strong>vult,</strong></span> <span class='ocrx_word' id='word_1_536' title='bbox 2529 3086 2787 3147; x_wconf 89' lang='lat' dir='ltr'><strong>tanquam</strong></span> <span class='ocrx_word' id='word_1_537' title='bbox 2841 3074 3001 3129; x_wconf 89' lang='lat' dir='ltr'><strong>alteri</strong></span> <span class='ocrx_word' id='word_1_538' title='bbox 3033 3074 3274 3136; x_wconf 89' lang='lat' dir='ltr'><strong>cuidam,</strong></span> <span class='ocrx_word' id='word_1_539' title='bbox 3307 3073 3360 3127; x_wconf 90' lang='lat' dir='ltr'><strong>in</strong></span> <span class='ocrx_word' id='word_1_540' title='bbox 3389 3088 3499 3144; x_wconf 81' lang='lat' dir='ltr'><strong>quo</strong></span> 
     </span>
    </p>
   </div>
   <div class='ocr_carea' id='block_1_76' title="bbox 1915 3163 3498 3240">
    <p class='ocr_par' dir='ltr' id='par_1_76' title="bbox 1915 3163 3498 3240">
     <span class='ocr_line' id='line_1_76' title="bbox 1915 3163 3498 3240; baseline -0.006 -11"><span class='ocrx_word' id='word_1_541' title='bbox 1915 3174 2146 3229; x_wconf 88' lang='lat' dir='ltr'><strong>habitet.</strong></span> <span class='ocrx_word' id='word_1_542' title='bbox 2183 3173 2236 3226; x_wconf 87' lang='lat'><strong>5°</strong></span> <span class='ocrx_word' id='word_1_543' title='bbox 2277 3172 2424 3226; x_wconf 90' lang='lat' dir='ltr'><strong>Duos</strong></span> <span class='ocrx_word' id='word_1_544' title='bbox 2461 3170 2642 3240; x_wconf 87' lang='lat' dir='ltr'><strong>reipsa</strong></span> <span class='ocrx_word' id='word_1_545' title='bbox 2665 3184 2786 3223; x_wconf 89' lang='lat' dir='ltr'><strong>esse</strong></span> <span class='ocrx_word' id='word_1_546' title='bbox 2824 3167 3094 3230; x_wconf 74' lang='lat' dir='ltr'><strong>Chl-istos,</strong></span> <span class='ocrx_word' id='word_1_547' title='bbox 3127 3166 3374 3234; x_wconf 86' lang='lat' dir='ltr'><strong>duosque</strong></span> <span class='ocrx_word' id='word_1_548' title='bbox 3403 3163 3498 3220; x_wconf 85' lang='lat' dir='ltr'><strong>Fi-</strong></span> 
     </span>
    </p>
   </div>
   <div class='ocr_carea' id='block_1_77' title="bbox 1914 3256 3496 3332">
    <p class='ocr_par' dir='ltr' id='par_1_77' title="bbox 1914 3256 3496 3332">
     <span class='ocr_line' id='line_1_77' title="bbox 1914 3256 3496 3332; baseline -0.005 -12"><span class='ocrx_word' id='word_1_549' title='bbox 1914 3267 2039 3330; x_wconf 89' lang='lat' dir='ltr'><strong>lios,</strong></span> <span class='ocrx_word' id='word_1_550' title='bbox 2096 3281 2222 3320; x_wconf 91' lang='lat' dir='ltr'><strong>cum</strong></span> <span class='ocrx_word' id='word_1_551' title='bbox 2261 3263 2400 3318; x_wconf 91' lang='lat' dir='ltr'><strong>alter</strong></span> <span class='ocrx_word' id='word_1_552' title='bbox 2424 3261 2783 3332; x_wconf 90' lang='lat' dir='ltr'><strong>supplicasse,</strong></span> <span class='ocrx_word' id='word_1_553' title='bbox 2822 3260 2960 3314; x_wconf 82' lang='lat' dir='ltr'><strong>alter</strong></span> <span class='ocrx_word' id='word_1_554' title='bbox 2997 3259 3234 3313; x_wconf 88' lang='lat' dir='ltr'><strong>salvasse</strong></span> <span class='ocrx_word' id='word_1_555' title='bbox 3272 3256 3496 3312; x_wconf 88' lang='lat' dir='ltr'><strong>dicitur.</strong></span> 
     </span>
    </p>
   </div>
   <div class='ocr_carea' id='block_1_78' title="bbox 1915 3351 3498 3425">
    <p class='ocr_par' dir='ltr' id='par_1_78' title="bbox 1915 3351 3498 3425">
     <span class='ocr_line' id='line_1_78' title="bbox 1915 3351 3498 3425; baseline -0.004 -13"><span class='ocrx_word' id='word_1_556' title='bbox 1915 3358 2040 3414; x_wconf 67' lang='lat' dir='ltr'><strong>Hmc</strong></span> <span class='ocrx_word' id='word_1_557' title='bbox 2065 3359 2213 3412; x_wconf 90' lang='lat' dir='ltr'><strong>enim</strong></span> <span class='ocrx_word' id='word_1_558' title='bbox 2257 3372 2325 3411; x_wconf 83' lang='lat' dir='ltr'><strong>ex</strong></span> <span class='ocrx_word' id='word_1_559' title='bbox 2353 3354 2643 3425; x_wconf 89' lang='lat' dir='ltr'><strong>negatione</strong></span> <span class='ocrx_word' id='word_1_560' title='bbox 2669 3352 2892 3407; x_wconf 91' lang='lat' dir='ltr'><strong>unionis</strong></span> <span class='ocrx_word' id='word_1_561' title='bbox 2926 3351 3045 3405; x_wconf 82' lang='grc' dir='ltr'>καθ’</span> <span class='ocrx_word' id='word_1_562' title='bbox 3073 3351 3372 3404; x_wconf 77' lang='grc' dir='ltr'>ὑπόστασιν</span> <span class='ocrx_word' id='word_1_563' title='bbox 3406 3364 3498 3406; x_wconf 83' lang='lat' dir='ltr'><strong>se-</strong></span> 
     </span>
    </p>
   </div>
   <div class='ocr_carea' id='block_1_79' title="bbox 1916 3443 2914 3520">
    <p class='ocr_par' dir='ltr' id='par_1_79' title="bbox 1916 3443 2914 3520">
     <span class='ocr_line' id='line_1_79' title="bbox 1916 3443 2914 3520; baseline -0.009 -15"><span class='ocrx_word' id='word_1_564' title='bbox 1916 3447 2034 3520; x_wconf 71' lang='lat' dir='ltr'><strong>qui;</strong></span> <span class='ocrx_word' id='word_1_565' title='bbox 2062 3464 2226 3503; x_wconf 91' lang='lat' dir='ltr'><strong>nemo</strong></span> <span class='ocrx_word' id='word_1_566' title='bbox 2253 3445 2572 3502; x_wconf 74' lang='lat' dir='ltr'><strong>Cath&#39;olicus</strong></span> <span class='ocrx_word' id='word_1_567' title='bbox 2603 3460 2715 3498; x_wconf 92' lang='lat' dir='ltr'><strong>non</strong></span> <span class='ocrx_word' id='word_1_568' title='bbox 2740 3443 2914 3498; x_wconf 88' lang='lat' dir='ltr'><strong>videt.</strong></span> 
     </span>
    </p>
   </div>
   <div class='ocr_carea' id='block_1_80' title="bbox 1985 3529 3500 3604">
    <p class='ocr_par' dir='ltr' id='par_1_80' title="bbox 1985 3529 3500 3604">
     <span class='ocr_line' id='line_1_80' title="bbox 1985 3529 3500 3604; baseline -0.008 -8"><span class='ocrx_word' id='word_1_569' title='bbox 1985 3538 2400 3596; x_wconf 89' lang='lat' dir='ltr'><strong>Observandum</strong></span> <span class='ocrx_word' id='word_1_570' title='bbox 2431 3536 2498 3601; x_wconf 89' lang='lat' dir='ltr'><strong>ll,</strong></span> <span class='ocrx_word' id='word_1_571' title='bbox 2537 3535 2948 3591; x_wconf 89' lang='lat' dir='ltr'><strong>Theodoretum</strong></span> <span class='ocrx_word' id='word_1_572' title='bbox 2993 3533 3338 3604; x_wconf 88' lang='lat' dir='ltr'><strong>apertissime</strong></span> <span class='ocrx_word' id='word_1_573' title='bbox 3371 3529 3500 3602; x_wconf 88' lang='lat' dir='ltr'><strong>reji-</strong></span> 
     </span>
    </p>
   </div>
   <div class='ocr_carea' id='block_1_81' title="bbox 1916 3623 3496 3698">
    <p class='ocr_par' dir='ltr' id='par_1_81' title="bbox 1916 3623 3496 3698">
     <span class='ocr_line' id='line_1_81' title="bbox 1916 3623 3496 3698; baseline -0.008 -12"><span class='ocrx_word' id='word_1_574' title='bbox 1916 3646 2041 3686; x_wconf 88' lang='lat' dir='ltr'><strong>cere</strong></span> <span class='ocrx_word' id='word_1_575' title='bbox 2066 3631 2326 3688; x_wconf 89' lang='lat' dir='ltr'><strong>unionem</strong></span> <span class='ocrx_word' id='word_1_576' title='bbox 2350 3624 2747 3698; x_wconf 78' lang='lat' dir='ltr'><strong>hypostaticam</strong></span> <span class='ocrx_word' id='word_1_577' title='bbox 2775 3644 2788 3680; x_wconf 91' lang='lat'><strong>:</strong></span> <span class='ocrx_word' id='word_1_578' title='bbox 2815 3627 2926 3696; x_wconf 81' lang='grc' dir='ltr'><strong>Τὴν</strong></span> <span class='ocrx_word' id='word_1_579' title='bbox 2952 3625 3010 3678; x_wconf 82' lang='grc' dir='ltr'><strong>δὲ</strong></span> <span class='ocrx_word' id='word_1_580' title='bbox 3049 3624 3172 3678; x_wconf 73' lang='grc' dir='ltr'>καθ’</span> <span class='ocrx_word' id='word_1_581' title='bbox 3201 3623 3496 3676; x_wconf 76' lang='grc' dir='ltr'><strong>ὑπόστασιν</strong></span> 
     </span>
    </p>
   </div>
   <div class='ocr_carea' id='block_1_82' title="bbox 1915 3712 3496 3787">
    <p class='ocr_par' dir='ltr' id='par_1_82' title="bbox 1915 3712 3496 3787">
     <span class='ocr_line' id='line_1_82' title="bbox 1915 3712 3496 3787; baseline -0.008 -12"><span class='ocrx_word' id='word_1_582' title='bbox 1915 3723 2104 3775; x_wconf 74' lang='grc' dir='ltr'><strong>ἕνωσιν</strong></span> <span class='ocrx_word' id='word_1_583' title='bbox 2119 3720 2456 3774; x_wconf 80' lang='grc' dir='ltr'><strong>παντάπασιν</strong></span> <span class='ocrx_word' id='word_1_584' title='bbox 2478 3715 2799 3787; x_wconf 75' lang='grc' dir='ltr'><strong>ἀγνοοῦμεν,</strong></span> <span class='ocrx_word' id='word_1_585' title='bbox 2819 3715 2892 3779; x_wconf 81' lang='grc' dir='ltr'><strong>ὡς</strong></span> <span class='ocrx_word' id='word_1_586' title='bbox 2916 3715 3070 3784; x_wconf 75' lang='grc' dir='ltr'><strong>ξένην</strong></span> <span class='ocrx_word' id='word_1_587' title='bbox 3092 3715 3186 3768; x_wconf 73' lang='grc' dir='ltr'><strong>καὶ</strong></span> <span class='ocrx_word' id='word_1_588' title='bbox 3202 3712 3496 3781; x_wconf 77' lang='grc' dir='ltr'><strong>ἀλλόφυλον</strong></span> 
     </span>
    </p>
   </div>
   <div class='ocr_carea' id='block_1_83' title="bbox 1915 3803 3494 3879">
    <p class='ocr_par' dir='ltr' id='par_1_83' title="bbox 1915 3803 3494 3879">
     <span class='ocr_line' id='line_1_83' title="bbox 1915 3803 3494 3879; baseline -0.007 -14"><span class='ocrx_word' id='word_1_589' title='bbox 1915 3812 2022 3865; x_wconf 81' lang='grc' dir='ltr'><strong>τῶν</strong></span> <span class='ocrx_word' id='word_1_590' title='bbox 2079 3810 2238 3863; x_wconf 82' lang='grc' dir='ltr'>Θείων</span> <span class='ocrx_word' id='word_1_591' title='bbox 2291 3807 2544 3879; x_wconf 84' lang='grc' dir='ltr'>Γραφῶν,</span> <span class='ocrx_word' id='word_1_592' title='bbox 2581 3807 2673 3858; x_wconf 71' lang='grc' dir='ltr'><strong>καὶ</strong></span> <span class='ocrx_word' id='word_1_593' title='bbox 2703 3805 2812 3857; x_wconf 80' lang='grc' dir='ltr'><strong>τῶν</strong></span> <span class='ocrx_word' id='word_1_594' title='bbox 2845 3804 3046 3866; x_wconf 83' lang='grc' dir='ltr'><strong>ταύτας</strong></span> <span class='ocrx_word' id='word_1_595' title='bbox 3069 3803 3494 3874; x_wconf 79' lang='grc' dir='ltr'><strong>ἡρμηνευκότων</strong></span> 
     </span>
    </p>
   </div>
   <div class='ocr_carea' id='block_1_84' title="bbox 1916 3892 3490 3973">
    <p class='ocr_par' dir='ltr' id='par_1_84' title="bbox 1916 3892 3490 3973">
     <span class='ocr_line' id='line_1_84' title="bbox 1916 3892 3490 3973; baseline -0.008 -16"><span class='ocrx_word' id='word_1_596' title='bbox 1916 3902 2194 3973; x_wconf 66' lang='grc' dir='ltr'><strong>Πατέρων.</strong></span> <span class='ocrx_word' id='word_1_597' title='bbox 2234 3900 2304 3954; x_wconf 85' lang='lat' dir='ltr'><strong>Et</strong></span> <span class='ocrx_word' id='word_1_598' title='bbox 2337 3907 2527 3970; x_wconf 86' lang='lat' dir='ltr'><strong>postea</strong></span> <span class='ocrx_word' id='word_1_599' title='bbox 2564 3913 2577 3949; x_wconf 90' lang='lat'>:</span> <span class='ocrx_word' id='word_1_600' title='bbox 2609 3895 2844 3968; x_wconf 77' lang='grc' dir='ltr'><strong>Περιττὴ</strong></span> <span class='ocrx_word' id='word_1_601' title='bbox 2882 3897 3062 3948; x_wconf 81' lang='grc' dir='ltr'>τοίνυν</span> <span class='ocrx_word' id='word_1_602' title='bbox 3088 3897 3121 3963; x_wconf 83' lang='grc' dir='ltr'>ἠ</span> <span class='ocrx_word' id='word_1_603' title='bbox 3178 3895 3298 3947; x_wconf 82' lang='grc' dir='ltr'><strong>καθ’</strong></span> <span class='ocrx_word' id='word_1_604' title='bbox 3353 3892 3490 3945; x_wconf 79' lang='grc' dir='ltr'><strong>ὑπό-</strong></span> 
     </span>
    </p>
   </div>
   <div class='ocr_carea' id='block_1_85' title="bbox 1919 3979 3495 4060">
    <p class='ocr_par' dir='ltr' id='par_1_85' title="bbox 1919 3979 3495 4060">
     <span class='ocr_line' id='line_1_85' title="bbox 1919 3979 3495 4060; baseline -0.008 -12"><span class='ocrx_word' id='word_1_605' title='bbox 1919 4009 2104 4048; x_wconf 77' lang='grc' dir='ltr'>στσισιν</span> <span class='ocrx_word' id='word_1_606' title='bbox 2158 3991 2371 4055; x_wconf 73' lang='grc' dir='ltr'><strong>ἕνωσις,</strong></span> <span class='ocrx_word' id='word_1_607' title='bbox 2408 3991 2473 4060; x_wconf 80' lang='grc' dir='ltr'><strong>ἣν</strong></span> <span class='ocrx_word' id='word_1_608' title='bbox 2503 3989 2621 4040; x_wconf 77' lang='grc' dir='ltr'>ἀντὶ</span> <span class='ocrx_word' id='word_1_609' title='bbox 2666 3986 2914 4057; x_wconf 74' lang='grc' dir='ltr'>κράσεως</span> <span class='ocrx_word' id='word_1_610' title='bbox 2945 3986 3074 4056; x_wconf 69' lang='grc' dir='ltr'><strong>ἡμῖν</strong></span> <span class='ocrx_word' id='word_1_611' title='bbox 3100 4024 3116 4046; x_wconf 82' lang='grc'>,</span> <span class='ocrx_word' id='word_1_612' title='bbox 3170 3985 3245 4047; x_wconf 82' lang='grc' dir='ltr'><strong>ὡς</strong></span> <span class='ocrx_word' id='word_1_613' title='bbox 3303 3979 3454 4052; x_wconf 80' lang='grc' dir='ltr'>οἶμαι</span> <span class='ocrx_word' id='word_1_614' title='bbox 3479 4020 3495 4047; x_wconf 89' lang='lat'><strong>,</strong></span> 
     </span>
    </p>
   </div>
   <div class='ocr_carea' id='block_1_86' title="bbox 1921 4076 2577 4153">
    <p class='ocr_par' dir='ltr' id='par_1_86' title="bbox 1921 4076 2577 4153">
     <span class='ocr_line' id='line_1_86' title="bbox 1921 4076 2577 4153; baseline -0.009 -17"><span class='ocrx_word' id='word_1_615' title='bbox 1921 4082 2334 4153; x_wconf 76' lang='grc' dir='ltr'><strong>προϐάλλονται,</strong></span> <span class='ocrx_word' id='word_1_616' title='bbox 2366 4091 2474 4134; x_wconf 84' lang='lat' dir='ltr'><strong>etc.</strong></span> <span class='ocrx_word' id='word_1_617' title='bbox 2508 4076 2577 4130; x_wconf 76' lang='grc'><strong>’⁷.</strong></span> 
     </span>
    </p>
   </div>
   <div class='ocr_carea' id='block_1_87' title="bbox 1985 4162 3491 4235">
    <p class='ocr_par' dir='ltr' id='par_1_87' title="bbox 1985 4162 3491 4235">
     <span class='ocr_line' id='line_1_87' title="bbox 1985 4162 3491 4235; baseline -0.008 -7"><span class='ocrx_word' id='word_1_618' title='bbox 1985 4171 2399 4228; x_wconf 88' lang='lat' dir='ltr'><strong>Observandum</strong></span> <span class='ocrx_word' id='word_1_619' title='bbox 2429 4167 2518 4231; x_wconf 90' lang='lat' dir='ltr'><strong>lll,</strong></span> <span class='ocrx_word' id='word_1_620' title='bbox 2551 4166 2768 4235; x_wconf 91' lang='lat' dir='ltr'><strong>quoties</strong></span> <span class='ocrx_word' id='word_1_621' title='bbox 2796 4163 2970 4217; x_wconf 89' lang='lat' dir='ltr'><strong>fervet</strong></span> <span class='ocrx_word' id='word_1_622' title='bbox 2997 4163 3180 4232; x_wconf 89' lang='lat' dir='ltr'><strong>aliqua</strong></span> <span class='ocrx_word' id='word_1_623' title='bbox 3230 4162 3491 4231; x_wconf 67' lang='lat' dir='ltr'><strong>quaastio,</strong></span> 
     </span>
    </p>
   </div>
   <div class='ocr_carea' id='block_1_88' title="bbox 1919 4253 3495 4334">
    <p class='ocr_par' dir='ltr' id='par_1_88' title="bbox 1919 4253 3495 4334">
     <span class='ocr_line' id='line_1_88' title="bbox 1919 4253 3495 4334; baseline -0.006 -17"><span class='ocrx_word' id='word_1_624' title='bbox 1919 4264 2086 4334; x_wconf 84' lang='lat' dir='ltr'><strong>fitque</strong></span> <span class='ocrx_word' id='word_1_625' title='bbox 2109 4276 2276 4330; x_wconf 88' lang='lat' dir='ltr'><strong>super</strong></span> <span class='ocrx_word' id='word_1_626' title='bbox 2302 4275 2367 4314; x_wconf 90' lang='lat' dir='ltr'><strong>ea</strong></span> <span class='ocrx_word' id='word_1_627' title='bbox 2396 4255 2661 4313; x_wconf 87' lang='lat' dir='ltr'><strong>discessio</strong></span> <span class='ocrx_word' id='word_1_628' title='bbox 2696 4254 2753 4310; x_wconf 93' lang='lat' dir='ltr'><strong>in</strong></span> <span class='ocrx_word' id='word_1_629' title='bbox 2795 4261 3000 4325; x_wconf 91' lang='lat' dir='ltr'><strong>partes,</strong></span> <span class='ocrx_word' id='word_1_630' title='bbox 3040 4267 3144 4308; x_wconf 91' lang='lat' dir='ltr'><strong>nec</strong></span> <span class='ocrx_word' id='word_1_631' title='bbox 3197 4253 3305 4307; x_wconf 88' lang='lat' dir='ltr'><strong>nisi</strong></span> <span class='ocrx_word' id='word_1_632' title='bbox 3332 4253 3495 4308; x_wconf 88' lang='lat' dir='ltr'><strong>unica</strong></span> 
     </span>
    </p>
   </div>
   <div class='ocr_carea' id='block_1_89' title="bbox 240 4343 3496 4423">
    <p class='ocr_par' dir='ltr' id='par_1_89' title="bbox 240 4343 3496 4423">
     <span class='ocr_line' id='line_1_89' title="bbox 240 4343 3496 4423; baseline -0.003 -16"><span class='ocrx_word' id='word_1_633' title='bbox 240 4360 451 4407; x_wconf 70' lang='lat' dir='ltr'><strong>natum</strong></span> <span class='ocrx_word' id='word_1_634' title='bbox 475 4350 574 4404; x_wconf 85' lang='lat' dir='ltr'><strong>sibi</strong></span> <span class='ocrx_word' id='word_1_635' title='bbox 604 4349 906 4404; x_wconf 88' lang='lat' dir='ltr'><strong>secundum</strong></span> <span class='ocrx_word' id='word_1_636' title='bbox 939 4348 1350 4403; x_wconf 85' lang='lat' dir='ltr'><strong>subsistentiam</strong></span> <span class='ocrx_word' id='word_1_637' title='bbox 1382 4347 1623 4401; x_wconf 88' lang='lat' dir='ltr'><strong>univisse</strong></span> <span class='ocrx_word' id='word_1_638' title='bbox 1657 4345 1812 4415; x_wconf 89' lang='lat' dir='ltr'><strong>prin-</strong></span> <span class='ocrx_word' id='word_1_639' title='bbox 1843 4365 1884 4423; x_wconf 70' lang='grc' dir='ltr'><strong>ρ</strong></span> <span class='ocrx_word' id='word_1_640' title='bbox 1917 4353 2152 4410; x_wconf 69' lang='lat' dir='ltr'><strong>formula</strong></span> <span class='ocrx_word' id='word_1_641' title='bbox 2180 4360 2360 4422; x_wconf 73' lang='lat' dir='ltr'><strong>potest</strong></span> <span class='ocrx_word' id='word_1_642' title='bbox 2388 4351 2512 4420; x_wconf 83' lang='lat' dir='ltr'><strong>quis</strong></span> <span class='ocrx_word' id='word_1_643' title='bbox 2546 4347 2909 4402; x_wconf 81' lang='lat' dir='ltr'><strong>indubitatam</strong></span> <span class='ocrx_word' id='word_1_644' title='bbox 2934 4347 3120 4401; x_wconf 89' lang='lat' dir='ltr'><strong>dicere</strong></span> <span class='ocrx_word' id='word_1_645' title='bbox 3148 4361 3248 4416; x_wconf 91' lang='lat' dir='ltr'><strong>pro</strong></span> <span class='ocrx_word' id='word_1_646' title='bbox 3263 4343 3496 4400; x_wconf 83' lang='lat' dir='ltr'><strong>veritate</strong></span> 
     </span>
    </p>
   </div>
   <div class='ocr_carea' id='block_1_90' title="bbox 241 4436 1815 4510">
    <p class='ocr_par' dir='ltr' id='par_1_90' title="bbox 241 4436 1815 4510">
     <span class='ocr_line' id='line_1_90' title="bbox 241 4436 1815 4510; baseline -0.002 -16"><span class='ocrx_word' id='word_1_647' title='bbox 241 4440 418 4510; x_wconf 84' lang='lat' dir='ltr'><strong>cipia;</strong></span> <span class='ocrx_word' id='word_1_648' title='bbox 483 4440 576 4494; x_wconf 85' lang='lat' dir='ltr'><strong>sed</strong></span> <span class='ocrx_word' id='word_1_649' title='bbox 611 4449 869 4509; x_wconf 86' lang='lat' dir='ltr'><strong>tanquam</strong></span> <span class='ocrx_word' id='word_1_650' title='bbox 917 4455 1042 4494; x_wconf 88' lang='lat' dir='ltr'><strong>cum</strong></span> <span class='ocrx_word' id='word_1_651' title='bbox 1081 4439 1379 4493; x_wconf 81' lang='lat' dir='ltr'><strong>exsistente</strong></span> <span class='ocrx_word' id='word_1_652' title='bbox 1422 4438 1535 4506; x_wconf 85' lang='lat' dir='ltr'><strong>jam</strong></span> <span class='ocrx_word' id='word_1_653' title='bbox 1591 4436 1815 4491; x_wconf 88' lang='lat' dir='ltr'><strong>homine</strong></span> 
     </span>
    </p>
   </div>
   <div class='ocr_carea' id='block_1_91' title="bbox 239 4527 1816 4599">
    <p class='ocr_par' dir='ltr' id='par_1_91' title="bbox 239 4527 1816 4599">
     <span class='ocr_line' id='line_1_91' title="bbox 239 4527 1816 4599; baseline -0.004 -12"><span class='ocrx_word' id='word_1_654' title='bbox 239 4533 415 4587; x_wconf 85' lang='lat' dir='ltr'><strong>fuerit</strong></span> <span class='ocrx_word' id='word_1_655' title='bbox 439 4532 584 4585; x_wconf 90' lang='lat' dir='ltr'><strong>Deus</strong></span> <span class='ocrx_word' id='word_1_656' title='bbox 618 4532 891 4596; x_wconf 88' lang='lat' dir='ltr'><strong>Verbum;</strong></span> <span class='ocrx_word' id='word_1_657' title='bbox 921 4539 981 4585; x_wconf 93' lang='lat' dir='ltr'><strong>ut</strong></span> <span class='ocrx_word' id='word_1_658' title='bbox 1009 4545 1108 4599; x_wconf 88' lang='lat' dir='ltr'><strong>per</strong></span> <span class='ocrx_word' id='word_1_659' title='bbox 1136 4530 1241 4583; x_wconf 90' lang='lat' dir='ltr'><strong>hoc</strong></span> <span class='ocrx_word' id='word_1_660' title='bbox 1291 4535 1478 4582; x_wconf 83' lang='lat' dir='ltr'><strong>sancta</strong></span> <span class='ocrx_word' id='word_1_661' title='bbox 1513 4527 1675 4597; x_wconf 89' lang='lat' dir='ltr'><strong>Virgo</strong></span> <span class='ocrx_word' id='word_1_662' title='bbox 1705 4541 1816 4580; x_wconf 92' lang='lat' dir='ltr'><strong>non</strong></span> 
     </span>
    </p>
   </div>
   <div class='ocr_carea' id='block_1_92' title="bbox 237 4619 1818 4691">
    <p class='ocr_par' dir='ltr' id='par_1_92' title="bbox 237 4619 1818 4691">
     <span class='ocr_line' id='line_1_92' title="bbox 237 4619 1818 4691; baseline -0.003 -16"><span class='ocrx_word' id='word_1_663' title='bbox 237 4637 378 4675; x_wconf 80' lang='lat' dir='ltr'><strong>vere</strong></span> <span class='ocrx_word' id='word_1_664' title='bbox 403 4622 498 4675; x_wconf 87' lang='lat' dir='ltr'><strong>Dei</strong></span> <span class='ocrx_word' id='word_1_665' title='bbox 523 4621 758 4691; x_wconf 83' lang='lat' dir='ltr'><strong>genitrix</strong></span> <span class='ocrx_word' id='word_1_666' title='bbox 788 4636 910 4676; x_wconf 90' lang='lat' dir='ltr'><strong>esse</strong></span> <span class='ocrx_word' id='word_1_667' title='bbox 933 4619 1320 4686; x_wconf 83' lang='lat' dir='ltr'><strong>credatur,sed</strong></span> <span class='ocrx_word' id='word_1_668' title='bbox 1345 4619 1514 4673; x_wconf 85' lang='lat' dir='ltr'><strong>verbo</strong></span> <span class='ocrx_word' id='word_1_669' title='bbox 1543 4626 1702 4672; x_wconf 89' lang='lat' dir='ltr'><strong>tenus</strong></span> <span class='ocrx_word' id='word_1_670' title='bbox 1723 4633 1818 4688; x_wconf 87' lang='lat' dir='ltr'><strong>ap-</strong></span> 
     </span>
    </p>
   </div>
   <div class='ocr_carea' id='block_1_93' title="bbox 240 4713 948 4783">
    <p class='ocr_par' dir='ltr' id='par_1_93' title="bbox 240 4713 948 4783">
     <span class='ocr_line' id='line_1_93' title="bbox 240 4713 948 4783; baseline 0.001 -17"><span class='ocrx_word' id='word_1_671' title='bbox 240 4713 515 4783; x_wconf 77' lang='lat' dir='ltr'><strong>pelletur;</strong></span> <span class='ocrx_word' id='word_1_672' title='bbox 545 4715 832 4768; x_wconf 88' lang='lat' dir='ltr'><strong>anathema</strong></span> <span class='ocrx_word' id='word_1_673' title='bbox 857 4715 948 4768; x_wconf 90' lang='lat' dir='ltr'><strong>sit.</strong></span> 
     </span>
    </p>
   </div>
   <div class='ocr_carea' id='block_1_94' title="bbox 313 4787 1818 4880">
    <p class='ocr_par' dir='ltr' id='par_1_94' title="bbox 313 4787 1818 4880">
     <span class='ocr_line' id='line_1_94' title="bbox 313 4787 1818 4880; baseline 0 -24"><span class='ocrx_word' id='word_1_674' title='bbox 313 4803 369 4857; x_wconf 72' lang='grc'><strong>2.</strong></span> <span class='ocrx_word' id='word_1_675' title='bbox 398 4803 452 4856; x_wconf 89' lang='lat' dir='ltr'><strong>Si</strong></span> <span class='ocrx_word' id='word_1_676' title='bbox 484 4805 604 4873; x_wconf 90' lang='lat' dir='ltr'><strong>quis</strong></span> <span class='ocrx_word' id='word_1_677' title='bbox 635 4787 934 4859; x_wconf 84' lang='lat' dir='ltr'><strong>secundum</strong></span> <span class='ocrx_word' id='word_1_678' title='bbox 978 4804 1388 4880; x_wconf 81' lang='lat' dir='ltr'><strong>subsistentiam</strong></span> <span class='ocrx_word' id='word_1_679' title='bbox 1419 4803 1680 4856; x_wconf 88' lang='lat' dir='ltr'><strong>unitatem</strong></span> <span class='ocrx_word' id='word_1_680' title='bbox 1717 4817 1818 4856; x_wconf 87' lang='lat' dir='ltr'><strong>na-</strong></span> 
     </span>
    </p>
   </div>
   <div class='ocr_carea' id='block_1_95' title="bbox 240 4893 1817 4967">
    <p class='ocr_par' dir='ltr' id='par_1_95' title="bbox 240 4893 1817 4967">
     <span class='ocr_line' id='line_1_95' title="bbox 240 4893 1817 4967; baseline -0.001 -18"><span class='ocrx_word' id='word_1_681' title='bbox 240 4903 499 4949; x_wconf 82' lang='lat' dir='ltr'><strong>turarum</strong></span> <span class='ocrx_word' id='word_1_682' title='bbox 543 4895 597 4949; x_wconf 91' lang='lat' dir='ltr'><strong>in</strong></span> <span class='ocrx_word' id='word_1_683' title='bbox 647 4893 864 4951; x_wconf 86' lang='lat' dir='ltr'><strong>Christo</strong></span> <span class='ocrx_word' id='word_1_684' title='bbox 889 4896 1088 4952; x_wconf 87' lang='lat' dir='ltr'><strong>factam</strong></span> <span class='ocrx_word' id='word_1_685' title='bbox 1131 4897 1396 4967; x_wconf 87' lang='lat' dir='ltr'><strong>denegat;</strong></span> <span class='ocrx_word' id='word_1_686' title='bbox 1425 4897 1519 4950; x_wconf 88' lang='lat' dir='ltr'><strong>sed</strong></span> <span class='ocrx_word' id='word_1_687' title='bbox 1569 4911 1817 4950; x_wconf 88' lang='lat' dir='ltr'><strong>seorsum</strong></span> 
     </span>
    </p>
   </div>
   <div class='ocr_carea' id='block_1_96' title="bbox 239 4987 1818 5059">
    <p class='ocr_par' dir='ltr' id='par_1_96' title="bbox 239 4987 1818 5059">
     <span class='ocr_line' id='line_1_96' title="bbox 239 4987 1818 5059; baseline -0.001 -18"><span class='ocrx_word' id='word_1_688' title='bbox 239 4987 774 5054; x_wconf 74' lang='lat' dir='ltr'><strong>exsistentihomini,</strong></span> <span class='ocrx_word' id='word_1_689' title='bbox 795 4996 1051 5059; x_wconf 90' lang='lat' dir='ltr'><strong>tanquam</strong></span> <span class='ocrx_word' id='word_1_690' title='bbox 1084 4989 1178 5042; x_wconf 91' lang='lat' dir='ltr'><strong>uni</strong></span> <span class='ocrx_word' id='word_1_691' title='bbox 1208 4989 1475 5058; x_wconf 72' lang='lat' dir='ltr'><strong>iustorum</strong></span> <span class='ocrx_word' id='word_1_692' title='bbox 1513 4987 1818 5041; x_wconf 87' lang='lat' dir='ltr'><strong>inhabitare</strong></span> 
     </span>
    </p>
   </div>
   <div class='ocr_carea' id='block_1_97' title="bbox 238 5073 1818 5141">
    <p class='ocr_par' dir='ltr' id='par_1_97' title="bbox 238 5073 1818 5141">
     <span class='ocr_line' id='line_1_97' title="bbox 238 5073 1818 5141; baseline 0.001 -10"><span class='ocrx_word' id='word_1_693' title='bbox 238 5073 420 5131; x_wconf 86' lang='lat' dir='ltr'><strong>Deum</strong></span> <span class='ocrx_word' id='word_1_694' title='bbox 454 5076 716 5141; x_wconf 86' lang='lat' dir='ltr'><strong>Verbum,</strong></span> <span class='ocrx_word' id='word_1_695' title='bbox 760 5086 815 5131; x_wconf 90' lang='lat' dir='ltr'><strong>et</strong></span> <span class='ocrx_word' id='word_1_696' title='bbox 860 5095 970 5132; x_wconf 91' lang='lat' dir='ltr'><strong>non</strong></span> <span class='ocrx_word' id='word_1_697' title='bbox 1021 5079 1094 5134; x_wconf 88' lang='lat' dir='ltr'><strong>ita</strong></span> <span class='ocrx_word' id='word_1_698' title='bbox 1142 5079 1467 5134; x_wconf 77' lang='lat' dir='ltr'><strong>confiteatur</strong></span> <span class='ocrx_word' id='word_1_699' title='bbox 1497 5089 1818 5133; x_wconf 88' lang='lat' dir='ltr'><strong>naturarum</strong></span> 
     </span>
    </p>
   </div>
   <div class='ocr_carea' id='block_1_98' title="bbox 241 5165 1820 5237">
    <p class='ocr_par' dir='ltr' id='par_1_98' title="bbox 241 5165 1820 5237">
     <span class='ocr_line' id='line_1_98' title="bbox 241 5165 1820 5237; baseline 0.002 -16"><span class='ocrx_word' id='word_1_700' title='bbox 241 5165 511 5222; x_wconf 81' lang='lat' dir='ltr'><strong>unitatem</strong></span> <span class='ocrx_word' id='word_1_701' title='bbox 541 5170 842 5225; x_wconf 88' lang='lat' dir='ltr'><strong>secundum</strong></span> <span class='ocrx_word' id='word_1_702' title='bbox 868 5171 1298 5237; x_wconf 88' lang='lat' dir='ltr'><strong>subsistentiam,</strong></span> <span class='ocrx_word' id='word_1_703' title='bbox 1332 5180 1392 5225; x_wconf 90' lang='lat' dir='ltr'><strong>ut</strong></span> <span class='ocrx_word' id='word_1_704' title='bbox 1420 5172 1563 5226; x_wconf 90' lang='lat' dir='ltr'><strong>Deus</strong></span> <span class='ocrx_word' id='word_1_705' title='bbox 1577 5171 1820 5226; x_wconf 88' lang='lat' dir='ltr'><strong>Verbum</strong></span> 
     </span>
    </p>
   </div>
   <div class='ocr_carea' id='block_1_99' title="bbox 317 5319 732 5390">
    <p class='ocr_par' dir='ltr' id='par_1_99' title="bbox 317 5319 732 5390">
     <span class='ocr_line' id='line_1_99' title="bbox 317 5319 732 5390; baseline 0.005 -13"><span class='ocrx_word' id='word_1_706' title='bbox 317 5319 344 5360; x_wconf 72' lang='grc' dir='ltr'><em>δ</em></span> <span class='ocrx_word' id='word_1_707' title='bbox 381 5323 546 5378; x_wconf 81' lang='lat' dir='ltr'><strong>Hebr.</strong></span> <span class='ocrx_word' id='word_1_708' title='bbox 584 5341 637 5390; x_wconf 75' lang='grc' dir='ltr'><strong>ν,</strong></span> <span class='ocrx_word' id='word_1_709' title='bbox 681 5327 732 5379; x_wconf 89' lang='lat'><strong>7.</strong></span> 
     </span>
    </p>
   </div>
   <div class='ocr_carea' id='block_1_100' title="bbox 1919 4435 3496 4514">
    <p class='ocr_par' dir='ltr' id='par_1_100' title="bbox 1919 4435 3496 4514">
     <span class='ocr_line' id='line_1_100' title="bbox 1919 4435 3496 4514; baseline -0.006 -14"><span class='ocrx_word' id='word_1_710' title='bbox 1919 4444 2266 4508; x_wconf 87' lang='lat' dir='ltr'><strong>sententiam,</strong></span> <span class='ocrx_word' id='word_1_711' title='bbox 2303 4442 2465 4514; x_wconf 64' lang='lat'><strong>460</strong></span> <span class='ocrx_word' id='word_1_712' title='bbox 2496 4457 2622 4496; x_wconf 88' lang='lat' dir='ltr'><strong>eum</strong></span> <span class='ocrx_word' id='word_1_713' title='bbox 2643 4442 2840 4495; x_wconf 89' lang='lat' dir='ltr'><strong>merito</strong></span> <span class='ocrx_word' id='word_1_714' title='bbox 2867 4437 3132 4502; x_wconf 87' lang='lat' dir='ltr'><strong>accusari,</strong></span> <span class='ocrx_word' id='word_1_715' title='bbox 3169 4437 3314 4508; x_wconf 77' lang='lat' dir='ltr'><strong>quod</strong></span> <span class='ocrx_word' id='word_1_716' title='bbox 3350 4435 3496 4491; x_wconf 85' lang='lat' dir='ltr'><strong>veri-</strong></span> 
     </span>
    </p>
   </div>
   <div class='ocr_carea' id='block_1_101' title="bbox 1923 4527 3490 4602">
    <p class='ocr_par' dir='ltr' id='par_1_101' title="bbox 1923 4527 3490 4602">
     <span class='ocr_line' id='line_1_101' title="bbox 1923 4527 3490 4602; baseline -0.006 -11"><span class='ocrx_word' id='word_1_717' title='bbox 1923 4537 2020 4592; x_wconf 88' lang='lat' dir='ltr'><strong>tati</strong></span> <span class='ocrx_word' id='word_1_718' title='bbox 2078 4535 2388 4598; x_wconf 88' lang='lat' dir='ltr'><strong>dissentiat,</strong></span> <span class='ocrx_word' id='word_1_719' title='bbox 2418 4534 2511 4602; x_wconf 93' lang='lat' dir='ltr'><strong>qui</strong></span> <span class='ocrx_word' id='word_1_720' title='bbox 2545 4532 2786 4587; x_wconf 90' lang='lat' dir='ltr'><strong>noluerit</strong></span> <span class='ocrx_word' id='word_1_721' title='bbox 2841 4539 3061 4600; x_wconf 85' lang='lat' dir='ltr'><strong>recepta</strong></span> <span class='ocrx_word' id='word_1_722' title='bbox 3115 4528 3351 4583; x_wconf 90' lang='lat' dir='ltr'><strong>formula</strong></span> <span class='ocrx_word' id='word_1_723' title='bbox 3390 4527 3490 4582; x_wconf 84' lang='lat' dir='ltr'><strong>uti.</strong></span> 
     </span>
    </p>
   </div>
   <div class='ocr_carea' id='block_1_102' title="bbox 1921 4620 3495 4698">
    <p class='ocr_par' dir='ltr' id='par_1_102' title="bbox 1921 4620 3495 4698">
     <span class='ocr_line' id='line_1_102' title="bbox 1921 4620 3495 4698; baseline -0.005 -16"><span class='ocrx_word' id='word_1_724' title='bbox 1921 4627 2085 4698; x_wconf 84' lang='lat' dir='ltr'><strong>Atqui</strong></span> <span class='ocrx_word' id='word_1_725' title='bbox 2111 4625 2420 4681; x_wconf 87' lang='lat' dir='ltr'><strong>Catholicos</strong></span> <span class='ocrx_word' id='word_1_726' title='bbox 2456 4625 2600 4678; x_wconf 90' lang='lat' dir='ltr'><strong>inter</strong></span> <span class='ocrx_word' id='word_1_727' title='bbox 2633 4632 2688 4678; x_wconf 92' lang='lat' dir='ltr'><strong>et</strong></span> <span class='ocrx_word' id='word_1_728' title='bbox 2710 4622 3063 4677; x_wconf 84' lang='lat' dir='ltr'><strong>Nestorianos</strong></span> <span class='ocrx_word' id='word_1_729' title='bbox 3097 4629 3242 4674; x_wconf 90' lang='lat' dir='ltr'><strong>mota</strong></span> <span class='ocrx_word' id='word_1_730' title='bbox 3267 4620 3495 4689; x_wconf 65' lang='lat' dir='ltr'><strong>quaestio</strong></span> 
     </span>
    </p>
   </div>
   <div class='ocr_carea' id='block_1_103' title="bbox 1922 4712 3497 4781">
    <p class='ocr_par' dir='ltr' id='par_1_103' title="bbox 1922 4712 3497 4781">
     <span class='ocr_line' id='line_1_103' title="bbox 1922 4712 3497 4781; baseline -0.008 -6"><span class='ocrx_word' id='word_1_731' title='bbox 1922 4727 2042 4776; x_wconf 87' lang='lat' dir='ltr'><strong>erat</strong></span> <span class='ocrx_word' id='word_1_732' title='bbox 2069 4719 2136 4772; x_wconf 90' lang='lat' dir='ltr'><strong>dc</strong></span> <span class='ocrx_word' id='word_1_733' title='bbox 2173 4718 2374 4771; x_wconf 85' lang='lat' dir='ltr'><strong>unione</strong></span> <span class='ocrx_word' id='word_1_734' title='bbox 2400 4723 2717 4776; x_wconf 85' lang='lat' dir='ltr'><strong>naturarum</strong></span> <span class='ocrx_word' id='word_1_735' title='bbox 2749 4714 2802 4767; x_wconf 92' lang='lat' dir='ltr'><strong>in</strong></span> <span class='ocrx_word' id='word_1_736' title='bbox 2843 4712 3064 4768; x_wconf 84' lang='lat' dir='ltr'><strong>Christo</strong></span> <span class='ocrx_word' id='word_1_737' title='bbox 3087 4729 3100 4764; x_wconf 90' lang='lat'><strong>:</strong></span> <span class='ocrx_word' id='word_1_738' title='bbox 3127 4727 3290 4766; x_wconf 89' lang='lat' dir='ltr'><strong>nemo</strong></span> <span class='ocrx_word' id='word_1_739' title='bbox 3317 4712 3497 4781; x_wconf 88' lang='lat' dir='ltr'><strong>potuit</strong></span> 
     </span>
    </p>
   </div>
   <div class='ocr_carea' id='block_1_104' title="bbox 1924 4801 3494 4875">
    <p class='ocr_par' dir='ltr' id='par_1_104' title="bbox 1924 4801 3494 4875">
     <span class='ocr_line' id='line_1_104' title="bbox 1924 4801 3494 4875; baseline -0.008 -10"><span class='ocrx_word' id='word_1_740' title='bbox 1924 4827 1980 4865; x_wconf 91' lang='lat' dir='ltr'><strong>se</strong></span> <span class='ocrx_word' id='word_1_741' title='bbox 2007 4809 2314 4863; x_wconf 79' lang='lat' dir='ltr'><strong>indubitate</strong></span> <span class='ocrx_word' id='word_1_742' title='bbox 2349 4807 2455 4860; x_wconf 91' lang='lat' dir='ltr'><strong>alio</strong></span> <span class='ocrx_word' id='word_1_743' title='bbox 2494 4813 2818 4875; x_wconf 83' lang='lat' dir='ltr'><strong>argumento</strong></span> <span class='ocrx_word' id='word_1_744' title='bbox 2848 4801 3194 4857; x_wconf 78' lang='lat' dir='ltr'><strong>Catholicam</strong></span> <span class='ocrx_word' id='word_1_745' title='bbox 3231 4802 3494 4870; x_wconf 86' lang='lat' dir='ltr'><strong>probare,</strong></span> 
     </span>
    </p>
   </div>
   <div class='ocr_carea' id='block_1_105' title="bbox 1919 4883 3496 4970">
    <p class='ocr_par' dir='ltr' id='par_1_105' title="bbox 1919 4883 3496 4970">
     <span class='ocr_line' id='line_1_105' title="bbox 1919 4883 3496 4970; baseline -0.006 -16"><span class='ocrx_word' id='word_1_746' title='bbox 1919 4915 2082 4970; x_wconf 88' lang='lat' dir='ltr'><strong>quam</strong></span> <span class='ocrx_word' id='word_1_747' title='bbox 2150 4896 2490 4952; x_wconf 86' lang='lat' dir='ltr'><strong>confessione</strong></span> <span class='ocrx_word' id='word_1_748' title='bbox 2547 4894 2768 4947; x_wconf 89' lang='lat' dir='ltr'><strong>unionis</strong></span> <span class='ocrx_word' id='word_1_749' title='bbox 2834 4892 2956 4945; x_wconf 71' lang='grc' dir='ltr'>καθ’</span> <span class='ocrx_word' id='word_1_750' title='bbox 3023 4883 3357 4954; x_wconf 74' lang='grc' dir='ltr'><strong>ὑπόστασιν,</strong></span> <span class='ocrx_word' id='word_1_751' title='bbox 3399 4905 3496 4944; x_wconf 87' lang='lat' dir='ltr'><strong>seu</strong></span> 
     </span>
    </p>
   </div>
   <div class='ocr_carea' id='block_1_106' title="bbox 1923 4981 3494 5062">
    <p class='ocr_par' dir='ltr' id='par_1_106' title="bbox 1923 4981 3494 5062">
     <span class='ocr_line' id='line_1_106' title="bbox 1923 4981 3494 5062; baseline -0.007 -17"><span class='ocrx_word' id='word_1_752' title='bbox 1923 4994 2174 5062; x_wconf 75' lang='grc' dir='ltr'><strong>φυσικῆς,</strong></span> <span class='ocrx_word' id='word_1_753' title='bbox 2228 4989 2372 5043; x_wconf 91' lang='lat' dir='ltr'><strong>inter</strong></span> <span class='ocrx_word' id='word_1_754' title='bbox 2406 4987 2542 5041; x_wconf 88' lang='lat' dir='ltr'><strong>duas</strong></span> <span class='ocrx_word' id='word_1_755' title='bbox 2574 4986 2813 5054; x_wconf 88' lang='lat' dir='ltr'><strong>integras</strong></span> <span class='ocrx_word' id='word_1_756' title='bbox 2860 4991 3088 5037; x_wconf 84' lang='lat' dir='ltr'><strong>naturas</strong></span> <span class='ocrx_word' id='word_1_757' title='bbox 3129 4998 3143 5035; x_wconf 87' lang='lat'><strong>:</strong></span> <span class='ocrx_word' id='word_1_758' title='bbox 3195 4981 3314 5037; x_wconf 70' lang='lat' dir='ltr'><strong>alite</strong></span> <span class='ocrx_word' id='word_1_759' title='bbox 3346 4981 3494 5035; x_wconf 90' lang='lat' dir='ltr'><strong>enim</strong></span> 
     </span>
    </p>
   </div>
   <div class='ocr_carea' id='block_1_107' title="bbox 1921 5071 3495 5145">
    <p class='ocr_par' dir='ltr' id='par_1_107' title="bbox 1921 5071 3495 5145">
     <span class='ocr_line' id='line_1_107' title="bbox 1921 5071 3495 5145; baseline -0.007 -9"><span class='ocrx_word' id='word_1_760' title='bbox 1921 5097 2112 5136; x_wconf 90' lang='lat' dir='ltr'><strong>omnes</strong></span> <span class='ocrx_word' id='word_1_761' title='bbox 2140 5079 2387 5133; x_wconf 63' lang='lat' dir='ltr'><strong>formula:</strong></span> <span class='ocrx_word' id='word_1_762' title='bbox 2415 5075 2554 5131; x_wconf 88' lang='lat' dir='ltr'><strong>trahi</strong></span> <span class='ocrx_word' id='word_1_763' title='bbox 2594 5081 2824 5145; x_wconf 87' lang='lat' dir='ltr'><strong>possunt</strong></span> <span class='ocrx_word' id='word_1_764' title='bbox 2868 5074 2922 5126; x_wconf 92' lang='lat' dir='ltr'><strong>in</strong></span> <span class='ocrx_word' id='word_1_765' title='bbox 2953 5071 3344 5126; x_wconf 84' lang='lat' dir='ltr'><strong>Nestorianum</strong></span> <span class='ocrx_word' id='word_1_766' title='bbox 3367 5085 3495 5125; x_wconf 89' lang='lat' dir='ltr'><strong>sen-</strong></span> 
     </span>
    </p>
   </div>
   <div class='ocr_carea' id='block_1_108' title="bbox 1922 5159 3496 5234">
    <p class='ocr_par' dir='ltr' id='par_1_108' title="bbox 1922 5159 3496 5234">
     <span class='ocr_line' id='line_1_108' title="bbox 1922 5159 3496 5234; baseline -0.006 -10"><span class='ocrx_word' id='word_1_767' title='bbox 1922 5185 2064 5226; x_wconf 88' lang='lat' dir='ltr'><strong>sum.</strong></span> <span class='ocrx_word' id='word_1_768' title='bbox 2122 5167 2511 5223; x_wconf 81' lang='lat' dir='ltr'><strong>Nestorianum</strong></span> <span class='ocrx_word' id='word_1_769' title='bbox 2559 5163 2724 5234; x_wconf 86' lang='lat' dir='ltr'><strong>igitur</strong></span> <span class='ocrx_word' id='word_1_770' title='bbox 2775 5177 2831 5217; x_wconf 89' lang='lat' dir='ltr'><strong>se</strong></span> <span class='ocrx_word' id='word_1_771' title='bbox 2877 5160 3188 5231; x_wconf 80' lang='lat' dir='ltr'><strong>profitetur,</strong></span> <span class='ocrx_word' id='word_1_772' title='bbox 3246 5159 3496 5230; x_wconf 86' lang='lat' dir='ltr'><strong>quisquis</strong></span> 
     </span>
    </p>
   </div>
   <div class='ocr_carea' id='block_1_109' title="bbox 2973 5268 3005 5296">
    <p class='ocr_par' dir='ltr' id='par_1_109' title="bbox 2973 5268 3005 5296">
     <span class='ocr_line' id='line_1_109' title="bbox 2973 5268 3005 5296; baseline 0 0"><span class='ocrx_word' id='word_1_773' title='bbox 2973 5268 3005 5296; x_wconf 68' lang='grc' dir='ltr'>ἑ</span> 
     </span>
    </p>
   </div>
   <div class='ocr_carea' id='block_1_110' title="bbox 1593 5427 2175 5486">
    <p class='ocr_par' dir='ltr' id='par_1_110' title="bbox 1593 5427 2175 5486">
     <span class='ocr_line' id='line_1_110' title="bbox 1593 5427 2175 5486; baseline 0 -4"><span class='ocrx_word' id='word_1_774' title='bbox 1593 5427 1910 5484; x_wconf 75' lang='lat' dir='ltr'><strong>SCIIL&#39;LZII</strong></span> <span class='ocrx_word' id='word_1_775' title='bbox 1949 5427 2175 5486; x_wconf 64' lang='grc' dir='ltr'><strong>ΝΟΤᾹΞ.</strong></span> 
     </span>
    </p>
   </div>
   <div class='ocr_carea' id='block_1_111' title="bbox 242 5661 368 5718">
    <p class='ocr_par' dir='ltr' id='par_1_111' title="bbox 242 5661 368 5718">
     <span class='ocr_line' id='line_1_111' title="bbox 242 5661 368 5718; baseline -0.024 -14"><span class='ocrx_word' id='word_1_776' title='bbox 242 5661 368 5718; x_wconf 85' lang='lat' dir='ltr'><strong>seq.</strong></span> 
     </span>
    </p>
   </div>
   <div class='ocr_carea' id='block_1_112' title="bbox 321 5568 3500 5654">
    <p class='ocr_par' dir='ltr' id='par_1_112' title="bbox 321 5568 3500 5654">
     <span class='ocr_line' id='line_1_112' title="bbox 321 5568 3500 5654; baseline -0.003 -20"><span class='ocrx_word' id='word_1_777' title='bbox 321 5577 367 5610; x_wconf 71' lang='grc'><strong>’⁸</strong></span> <span class='ocrx_word' id='word_1_778' title='bbox 400 5580 522 5636; x_wconf 84' lang='lat' dir='ltr'><strong>Vid.</strong></span> <span class='ocrx_word' id='word_1_779' title='bbox 550 5598 738 5654; x_wconf 77' lang='lat' dir='ltr'><strong>supra.</strong></span> <span class='ocrx_word' id='word_1_780' title='bbox 768 5597 824 5652; x_wconf 89' lang='lat' dir='ltr'><strong>p.</strong></span> <span class='ocrx_word' id='word_1_781' title='bbox 853 5581 975 5636; x_wconf 66' lang='grc' dir='ltr'><strong>ΞΗ.</strong></span> <span class='ocrx_word' id='word_1_782' title='bbox 1052 5580 1095 5611; x_wconf 79' lang='grc'><strong>’⁷</strong></span> <span class='ocrx_word' id='word_1_783' title='bbox 1133 5578 1372 5648; x_wconf 84' lang='lat' dir='ltr'><strong>Uterque</strong></span> <span class='ocrx_word' id='word_1_784' title='bbox 1398 5578 1548 5631; x_wconf 86' lang='lat' dir='ltr'><strong>locus</strong></span> <span class='ocrx_word' id='word_1_785' title='bbox 1589 5585 1757 5633; x_wconf 82' lang='lat' dir='ltr'><strong>exstat</strong></span> <span class='ocrx_word' id='word_1_786' title='bbox 1792 5576 1843 5630; x_wconf 91' lang='lat' dir='ltr'><strong>in</strong></span> <span class='ocrx_word' id='word_1_787' title='bbox 1893 5576 2334 5646; x_wconf 77' lang='lat' dir='ltr'><strong>Beprelicnsione</strong></span> <span class='ocrx_word' id='word_1_788' title='bbox 2372 5572 2662 5630; x_wconf 82' lang='lat' dir='ltr'><strong>Anatbem.</strong></span> <span class='ocrx_word' id='word_1_789' title='bbox 2738 5572 2792 5627; x_wconf 69' lang='lat'><strong>2.</strong></span> <span class='ocrx_word' id='word_1_790' title='bbox 2862 5571 2981 5630; x_wconf 81' lang='lat' dir='ltr'><strong>Vid.</strong></span> <span class='ocrx_word' id='word_1_791' title='bbox 3037 5585 3222 5642; x_wconf 82' lang='lat' dir='ltr'><strong>supra,</strong></span> <span class='ocrx_word' id='word_1_792' title='bbox 3279 5584 3400 5645; x_wconf 72' lang='lat' dir='ltr'><strong>pag.</strong></span> <span class='ocrx_word' id='word_1_793' title='bbox 3433 5568 3500 5626; x_wconf 73' lang='lat'><strong>{0</strong></span> 
     </span>
    </p>
   </div>
   <div class='ocr_carea' id='block_1_113' title="bbox 3403 217 3600 302">
    <p class='ocr_par' dir='ltr' id='par_1_113' title="bbox 3403 217 3600 302">
     <span class='ocr_line' id='line_1_113' title="bbox 3403 217 3600 302; baseline 0 0"><span class='ocrx_word' id='word_1_794' title='bbox 3403 217 3600 302; x_wconf 13' lang='lat'><strong>£06&quot;</strong></span> 
     </span>
    </p>
   </div>
  </div>
