3956 6298
399 251 594 320 ·6οῚ

1605 252 1982 316 ῦΑΗΝΕΒΙΙ
2020 255 2516 317 DISSER’I‘ATIO
2555 257 2664 316 IlI.

3647 259 3760 322 1418

491 371 754 431 nam
788 366 908 444 κᾳθ⁹
936 365 1232 421 ὑπόστασιν
1252 410 1261 420 .
1279 363 1529 432 conﬁteri
1553 363 1839 433 abnuerit;
1871 365 2058 422 abnuit

2167 370 2653 439 reprehensionem
2705 369 2997 428 duodecim
3035 367 3410 438 Capitulorum
3447 370 3504 428 S.
3535 371 3754 442 Cyriiii,

495 477 625 518 vero
654 458 859 531 apertis
883 455 1270 529 expressisque
1289 453 1478 511 verbis
1506 453 1903 511 Theodoretus.

843 603 1032 652 QUINTA
1049 601 1276 643 ετΝοουει
1298 601 1640 642 πουηεκιω.

559 724 668 780 VII.
703 722 988 792 Concinit:
1017 723 1230 787 Patres,
1266 729 1391 792 post
1441 722 1610 776 multa
1647 728 1763 774 tum
1791 735 1859 776 ex
1884 718 2062 785 libris,

493 822 607 874 tum
635 813 965 884 exepistolis
989 811 1322 868 Theodoreti
1357 811 1613 875 adducta,
1644 818 1807 880 atque
1829 809 1898 864 ad
1935 825 2064 864 exa-

491 919 616 960 men
653 911 868 968 voca-ta,
903 903 1021 958 hate
1046 903 1163 976 ipsa
1189 902 1411 958 tandem
1444 916 1653 960 canone
1679 917 1771 955 xm
1803 900 2066 955 condem-

491 996 769 1050 narunt“
787 1034 800 1048 .
837 1013 860 1045 ι
879 992 936 1049 Si
960 994 1086 1063 quis
1111 992 1358 1048 defendit
1383 991 1549 1060 impia
1577 991 1911 1048 Theodoreti
1936 1007 2067 1047 con-

490 1087 714 1157 scripta,
739 1101 861 1156 quae
886 1095 1081 1160 contra
1101 1084 1264 1140 ﬁdem
1294 1094 1500 1140 rectam
1531 1092 1587 1140 et
1614 1092 1806 1138 contra
1831 1085 2064 1154 primam

490 1176 822 1245 Ephesinam
847 1181 1090 1230 sanctam
1113 1173 1402 1246 synodum,
1421 1182 1476 1228 et
1511 1181 1760 1228 sanctum
1777 1173 2063 1244 Cyrillum,

490 1276 549 1322 et
569 1265 860 1326 duodecim
892 1266 1013 1336 ejus
1050 1263 1288 1335 capitula
1331 1264 1690 1334 exposuit,et
1729 1264 1914 1320 omnia
1947 1279 2068 1334 qua:

493 1356 819 1426 conscripsit
855 1371 956 1426 pro
986 1355 1278 1412 Theodoro
1303 1363 1360 1409 et
1382 1354 1634 1412 Nestorio
1659 1355 1860 1424 impiis,
1887 1364 1942 1408 et
1966 1370 2067 1425 pro

492 1447 636 1511 aliis,
671 1445 764 1516 qui
804 1446 998 1504 eadem
1036 1445 1314 1517 praedictis
1341 1445 1634 1501 Theodoro
1674 1449 1689 1466 '
1721 1455 1776 1501 et
1815 1447 2068 1502 Nestorio

493 1547 816 1608 sapuerunt,
859 1537 1158 1594 defendens
1193 1553 1290 1594 eos
1327 1548 1381 1593 et
1413 1552 1606 1593 eorum
1627 1538 1987 1610 impietatem,
2013 1547 2069 1592 et

491 1639 716 1700 propter
740 1628 847 1682 hoc
889 1625 1091 1698 impios
1113 1642 1321 1684 vocans
1358 1627 1614 1684 doctores
1646 1628 1923 1691 Ecclesize,
1972 1626 2067 1696 qui

2167 461 2468 532 apologiam
2525 477 2626 531 pro
2671 460 2910 516 Diodoro
2959 470 3016 516 et
3065 460 3384 532 Theodoro,
3427 463 3755 518 concionem

2165 549 2666 609 Chalcedonenscm
2687 562 2740 608 et
2762 552 3058 622 epistolas:
3087 551 3229 608 unde
3253 568 3510 624 magnum
3533 554 3757 623 pondus

2167 645 2512 700 auctoritatis
2537 645 2758 700 additur
2785 643 3057 716 excerptis
3084 645 3237 698 Marii
3263 645 3602 709 Mercator-is,
3640 662 3757 715 quo

2165 740 2405 806 primum
2441 738 2720 791 indicante
2749 777 2764 802 _.
2821 736 3216 791 nonnullorum
3259 737 3530 808 ejusmodi
3578 737 3745 791 libro-

2167 847 2312 895 rum,
2334 839 2430 886 aut
2457 829 2708 884 notitiam
2730 828 3018 890 habemus,
3055 834 3148 881 aut
3173 825 3493 897 fragmenta.

2218 925 2272 980 4.
2291 925 2451 986 Eum,
2467 921 2559 991 qui
2579 919 2999 990 defenditimpia
3016 919 3348 974 Theodoreti
3365 920 3591 990 scripta,
3614 929 3748 984 etc...

2168 1014 2512 1069 anathemate
2537 1027 2567 1066 a
2591 1021 2705 1066 tota
2733 1010 2978 1064 Ecclesia
3010 1010 3238 1078 percelli
3271 1027 3284 1064 :
3311 1009 3444 1079 quid
3471 1011 3618 1064 enim
3664 1020 3750 1066 est

2167 1104 2433 1175 synodum
2471 1100 2740 1170 recipere,
2795 1098 2942 1168 quod
2980 1099 3110 1154 fecit
3149 1099 3394 1154 Ecclesia
3432 1100 3741 1163 catholica,

2168 1194 2274 1248 nisi
2297 1193 2368 1258 ei,
2404 1207 2529 1246 cum
2562 1191 2616 1245 in
2640 1189 2954 1260 rejicicudis
2977 1204 3041 1243 ac
3062 1189 3515 1252 condemnandis,
3546 1199 3662 1243 tum
3691 1190 3745 1244 in

2169 1284 2500 1354 recipiendis
2530 1283 2849 1338 hominibus
2877 1278 3176 1350 eorumque
3207 1281 3364 1335 libris
3392 1283 3748 1336 consentire?

2168 1376 2420 1434 Defendit
2455 1382 2637 1429 autem
2663 1374 3003 1444 seripta-hzec
3032 1372 3214 1443 impia,
3245 1372 3498 1442 quisquis
3518 1382 3748 1426 conten-

2168 1466 2249 1520 dit
2304 1465 2448 1534 nihil
2489 1480 2519 1518 a
2578 1463 2923 1517 Theodoreto
2959 1471 3167 1518 contra
3209 1460 3371 1514 ﬁdem
3418 1460 3746 1515 catholicam

2167 1573 2289 1613 esse
2337 1555 2624 1626 scriptum.
2657 1553 2799 1618 Quid
2852 1569 2983 1623 ergo
3022 1552 3116 1607 ﬁet
3143 1551 3475 1606 Theodoreti
3510 1551 3742 1622 quibus-

2169 1649 2295 1704 dam
2319 1649 2472 1717 quasi
2493 1645 2834 1701 idololatris?
2863 1645 2994 1714 quid
3026 1658 3235 1713 nupero
3283 1633 3525 1708 historiae
3567 1641 3745 1697 eccle-

494 1719 758 1782 ‘ui‘a‘em
775 1719 1078 1788 secundum
1103 1717 1535 1782 subigendam,
1565 1717 1758 1771 ἕνωσιν
1784 1717 1905 1770 καθ’
1932 1718 2065 1770 ὑπό·
2099 1715 2142 1769 Β
2171 1715 2401 1796 siastiea:
2419 1737 2705 1806 interpreti
2729 1735 2972 1790 Gallico?
2997 1735 3184 1804 Neque
3207 1734 3352 1788 enim
3376 1749 3557 1796 causae
3583 1733 3744 1803 quid-

494 1827 702 1879 πᾶσιν,
737 1810 832 1866 Dei
861 1809 1024 1868 Verbi
1072 1809 1142 1884 ad
1191 1823 1412 1864 carnem
1471 1807 1826 1872 conﬁtentur,
1869 1815 2064 1862 etnon

489 1899 915 1968 anathematizat
940 1914 1024 1965 ea,
1058 1908 1118 1954 et
1141 1913 1237 1954 eos
1270 1898 1365 1970 qui
1416 1898 1616 1953 similia
1655 1899 1738 1953 eis
1763 1903 2064 1967 sapuerunt

489 1990 582 2047 vel
605 1991 864 2062 sapiunt;
898 1991 1124 2062 insuper
1159 1996 1344 2046 autem
1389 1998 1444 2046 et
1470 2005 1662 2044 omnes
1701 1988 1796 2059 qui
1829 1989 2064 2058 scripse-

489 2087 621 2136 runt
675 2090 864 2135 contra
901 2078 1098 2143 tidem,
1147 2087 1203 2134 et
1236 2087 1485 2139 sanctum
1530 2077 1816 2149 Cyrillum,
1847 2085 1903 2131 et
1931 2076 2067 2130 duo-

488 2171 668 2225 decim
701 2173 822 2242 ejus
859 2171 1120 2241 capitula,
1155 2180 1211 2225 et
1266 2185 1438 2238 usque
1476 2169 1544 2224 ad
1594 2177 1828 2224 mortem
1871 2169 1928 2223 in
1968 2168 2060 2223 tali

488 2263 766 2335 utipietate
787 2269 1241 2335 permanserunt;
1291 2260 1415 2314 talis
1454 2259 1744 2313 anathema
1774 2259 1865 2313 sit.
1899 2277 1915 2309 »

554 2352 620 2408 Ut
652 2351 994 2423 expendatur
1021 2350 1260 2432 gravitas
1281 2350 1508 2420 hujusce
1535 2349 1856 2412 testimonii,
1885 2363 2064 2418 operae

423 2507 428 2510 _
486 2443 724 2512 pretium
747 2451 831 2498 est
860 2443 1155 2498 observare
1189 2459 1203 2494 :

560 2534 610 2606 i.
642 2532 896 2601 Quintam
941 2533 1208 2606 synodum
1243 2541 1395 2588 tanto
1435 2532 1687 2586 certioris
1722 2521 1841 2586 esse
1869 2540 2062 2586 aucto-

487 2623 690 2696 ritatis,
715 2631 922 2698 quanto
951 2623 1255 2681 consultius
1301 2624 1369 2680 ab
1398 2624 1643 2679 Ecclesia
1674 2623 1944 2678 catholica
1972 2638 2062 2677 re-

485 2727 644 2787 cepta
667 2726 775 2772 est.
807 2717 943 2772 Nam
976 2724 1100 2793 post
1140 2714 1621 2774 schismaticorum
1655 2715 1973 2770 diuturnam
2007 2724 2063 2770 et

484 2809 824 2880 obstinatam
874 2808 1332 2880 repugnantiam,
1389 2807 1716 2864 examinatis
1771 2807 2063 2878 diligenter

485 2900 746 2972 milibus
791 2915 918 2975 quas
959 2900 1359 2970 objicerentur,
1418 2900 1797 2956 annitentibus
1830 2901 2060 2956 summis

484 2991 858 3064 pontiﬁcibus,
882 2993 1109 3062 ipsoque
1145 3009 1258 3064 prae
1285 2993 1499 3050 caeteris
1516 2993 1899 3050 vehementius
1921 2994 2056 3050 Gre-

483 3082 637 3151 gorio
677 3081 770 3146 M.,
804 3082 1008 3152 ubique
1039 3093 1309 3140 terrarum
1355 3082 1654 3154 approbata
1681 3093 1784 3152 est,
1832 3093 1995 3154 atque
2031 3101 2062 3140 a

485 3171 950 3241 consequentibus
1002 3173 1180 3228 tribus
1219 3174 1574 3228 tecumenicis
1605 3175 1853 3230 conciliis
1886 3175 2061 3244 pluri-

485 3257 697 3328 tuisque
720 3259 1045 3316 nominatim
1075 3261 1428 3332 pontiﬁcibus
1449 3272 1722 3332 suscepta.

553 3348 608 3404 2.
656 3348 938 3407 Cononem
991 3368 1086 3406 xm
1129 3368 1311 3424 neque
1357 3353 1664 3408 adulatorie
1708 3354 2061 3425 desumptum

484 3454 606 3495 esse
644 3455 717 3494 ex.
762 3441 1060 3497 Iustiniani
1093 3444 1299 3514 scripto
1340 3443 1606 3500 adversus
1660 3445 1765 3500 tria
1798 3447 2057 3516 capitula,

484 3533 630 3604 quod
669 3549 785 3589 non.
815 3548 978 3589 nemo
1007 3549 1173 3595 ausus
1217 3543 1304 3591 est
1357 3535 1603 3604 causari;
1638 3551 1817 3607 neque
1855 3518 2060 3594 temere

483 3624 791 3691 conditum,
825 3640 991 3680 causa
1026 3625 1302 3685 incuriose
1340 3626 1590 3697 cognita,
1631 3628 1777 3698 quod
1804 3628 1949 3684 idem
1976 3637 2059 3684 te-

485 3729 636 3770 mere
668 3714 920 3784 protulit.
950 3714 1089 3771 Nam
1113 3715 1170 3770 in
1203 3715 1519 3787 praefatione
1542 3732 1815 3772 canonum
1846 3718 2056 3786 Patres,

492 3821 512 3854 σ
551 3803 632 3857 Ex
669 3803 776 3884 his,
815 3803 1092 3874 inquiunt,
1129 3821 1250 3876 qua:
1287 3806 1451 3878 impie
1476 3823 1506 3861 a
1541 3805 1888 3864 Theodoreto
1921 3825 2055 3864 con-

483 3905 570 3950 tra
594 3903 801 3950 rectam
838 3895 1021 3962 ﬁdem,
1053 3905 1110 3967 et
1137 3897 1429 3954 duodecim
1477 3899 1714 3970 capitula
1741 3899 1796 3955 S.
1834 3900 2052 3973 Cyrilli,

481 3994 539 4042 et
579 3995 774 4043 contra
816 3987 1147 4058 Ephesinam
1182 3990 1413 4061 primam
1461 3990 1759 4062 synodum,
1799 4007 1902 4046 nec
1943 4008 2055 4047 non

479 4078 728 4147 quaedam
760 4078 831 4134 ad
879 4079 1257 4136 defensionem
1289 4080 1566 4136 Theodori
1594 4089 1650 4136 et
1689 4081 1928 4136 Nestorii
1957 4082 2057 4135 im-

479 4167 698 4239 piorum
725 4168 794 4226 ab
823 4183 891 4225 eo
943 4170 1252 4242 conscripta
1285 4171 1355 4226 ad
1404 4172 1832 4230 satisfactionem
1866 4173 2054 4245 legen-

477 4259 616 4314 tium
644 4260 698 4315 in
723 4260 890 4332 gestis
922 4261 1068 4334 apud
1120 4278 1220 4318 nos
1255 4262 1522 4319 confectis
1553 4265 1773 4319 recitari
1802 4275 1859 4320 et
1886 4265 2053 4320 inseri

2165 1849 2328 1904 quam
2359 1840 2462 1897 est,
2507 1848 2606 1887 cur
2641 1846 2700 1886 se
2745 1828 3106 1885 eruditissimi
3162 1827 3439 1883 Sirmondi
3487 1827 3744 1896 exemplo

2166 1931 2424 1978 tueantur
2458 1942 2470 1976 :
2502 1924 2704 1977 fatetur
2729 1921 2876 1975 enim
2906 1921 2994 1974 ille
3023 1928 3211 1989 aperte
3253 1934 3412 1989 opus,
3433 1931 3541 1987 quo
3563 1916 3745 1970 Theo-

2164 2019 2392 2075 ἀοι-ειυς
2432 2017 2488 2072 S.
2523 2015 2712 2086 Cyrilli
2753 2013 3003 2082 Capitula
3045 2005 3422 2082 reprehendit,
3469 2009 3742 2080 ejusmodi

2164 2123 2358 2173 esse”
2394 2117 2454 2162 ut
2481 2106 2626 2176 apud
2666 2106 2787 2158 illos
2817 2105 2980 2158 etiam
3039 2103 3134 2172 qui
3163 2109 3362 2157 caetera
3391 2101 3698 2171 probarent
3725 2141 3740 2174 τ

2164 2200 2470 2256 censoriam
2509 2205 2694 2252 notam
2724 2195 3040 2250 sustineret.
3081 2214 3098 2244 ›
3139 2193 3258 2260 Quo
3289 2193 3458 2255 dicto,
3492 2191 3742 2245 ostendit

2164 2291 2247 2345 vir
2309 2289 2726 2346 cordatissimus
2769 2301 2846 2350 se,
2887 2285 2932 2339 si
2967 2299 3089 2354 quae
3135 2283 3320 2352 priora
3353 2282 3533 2336 isthoc
3570 2293 3742 2349 opere

2163 2391 2350 2450 postea
2381 2381 2528 2436 edita
2557 2387 2704 2443 sunt,
2728 2378 2976 2440 vidisset,
3019 2391 3081 2432 ea
3122 2375 3350 2444 perinde
3387 2373 3739 2442 improbatu-

2164 2488 2308 2536 rum,
2341 2487 2404 2526 ac
2443 2469 2929 2540 reprehensionem
2973 2467 3358 2536 capitulorum,
3390 2480 3552 2533 quam
3581 2463 3740 2517 velut

2163 2559 2592 2615 erubescendam
2616 2556 2906 2627 quamdam
2941 2554 3274 2611 luxuriantis
3314 2553 3522 2624 ingenii
3570 2551 3738 2606 abor-

2162 2652 2366 2708 tionem
2399 2650 2452 2705 in
2478 2647 2834 2720 appendicem
2857 2648 3064 2718 rcjecit.

2461 2793 2708 2835 PELAGIUS
2736 2796 2773 2834 11
2796 2795 2861 2833 ΕΤ
2884 2792 3173 2834 GREGORIUS
3205 2793 3423 2833 MAGNUS.

2227 2913 2361 2970 Vill.
2412 2913 2583 2968 Istria:
2627 2911 2866 2982 episcopi
2919 2918 3260 2966 recesserant
3293 2925 3322 2963 a
3349 2906 3739 2965 communione

2163 3003 2422 3078 Ecclesia:
2453 3002 2753 3067 catholicae,
2780 3003 2850 3056 ob
2883 3003 3219 3072 pertinacem
3268 3001 3433 3054 trium
3461 2999 3740 3070 capitulo-

2165 3110 2286 3150 rum
2318 3095 2371 3149 in
2405 3095 2597 3164 quinta
2642 3093 2851 3164 synodo
2896 3092 3280 3148 damnatorum
3333 3091 3736 3145 defensionem.

2163 3186 2271 3241 Eos
2299 3201 2425 3240 cum
2456 3187 2621 3241 vellet
2644 3186 2893 3255 Pelagius
2915 3183 3157 3254 pontifex
3180 3183 3248 3237 ad
3276 3183 3542 3237 unitatem
3575 3196 3738 3236 revo—

2163 3292 2308 3342 care,
2329 3277 2587 3332 convenit
2607 3277 2857 3346 epistola,
2891 3291 3000 3346 qua
3033 3284 3088 3330 et
3112 3277 3303 3344 quinta
3330 3273 3573 3344 synodus
3594 3287 3739 3344 pura

2163 3368 2443 3440 injustitite
2474 3368 2967 3432 demonstraretur,
3001 3375 3056 3422 et
3091 3365 3426 3430 Theodoreti
3471 3365 3738 3420 aliorum-

2161 3474 2268 3530 que
2294 3459 2528 3513 duorum
2557 3473 2720 3527 causa
2743 3459 3063 3530 agitaretur.

2234 3551 2535 3619 Epistolam
2576 3550 2798 3605 nomine
2849 3549 3124 3620 pontificis
3178 3549 3397 3619 scripsit
3439 3547 3738 3618 Gregorius

2161 3642 2232 3698 Μ.
2265 3649 2396 3696 tunc
2423 3640 2646 3712 quidem
2673 3641 2959 3708 diaconus,
2990 3641 3086 3697 sed
3122 3641 3290 3695 totius
3327 3651 3508 3697 tamen
3537 3639 3737 3694 Eccle-

2159 3735 2255 3791 sia:
2285 3733 2657 3790 doctissimus.
2696 3733 2756 3788 In
2782 3733 2884 3788 hac
2917 3748 3050 3789 vero
3097 3742 3384 3804 postquam
3414 3731 3738 3786 adduxisset

2161 3824 2430 3879 verbatim
2451 3835 2709 3894 excerpta
2737 3823 2893 3886 Marii
2920 3822 3237 3879 Mercatoris
3259 3821 3525 3883 adversus
3553 3817 3738 3874 Theo—

2160 3913 2431 3980 doretum,
2464 3913 2779 3984 subjungit:
2821 3931 2838 3963 ι
2857 3910 2990 3978 Quis
3017 3912 3155 3975 haec,
3178 3910 3374 3965 fratres
3397 3908 3734 3972 charissimi.

2157 4006 2318 4076 plena
2356 4005 2504 4058 omni
2535 4005 2814 4075 impietate
2842 4021 2955 4059 non
2991 4004 3212 4060 rideat?
3246 4019 3276 4056 a
3303 4001 3504 4072 quibus
3547 4009 3735 4053 tamen

2158 4104 2372 4152 constat
2421 4095 2569 4166 quod
2607 4111 2665 4151 se
2697 4095 3046 4166 postmodum
3083 4094 3199 4164 ipse
3241 4092 3500 4157 correxit,
3549 4091 3644 4159 qui
3676 4089 3735 4143 in

2156 4187 2791 4245 sanctaCalchedonensi
2828 4187 3036 4259 synodo
3075 4185 3387 4241 Nestorium
3415 4185 3737 4238 anathema-

2158 4280 2326 4335 tizare
2381 4277 2676 4333 consensit.
2706 4277 2840 4343 Quis
2883 4294 2993 4332 non
3022 4277 3226 4341 videat,
3261 4284 3466 4346 quanta
3501 4275 3734 4330 temeri-

478 4351 858 4422 perspeximus
894 4369 910 4407 :
943 4361 1003 4407 ut
1031 4356 1208 4427 sciant
1250 4368 1462 4420 omnes,
1493 4355 1639 4425 quod
1659 4357 1805 4428 juste
1831 4355 1920 4412 isti
1951 4358 2053 4428 eji-

2167 4377 2269 4424 tate
2304 4369 2526 4437 plenum
2565 4368 2657 4434 sit,
2709 4367 3042 4446 Theodoreti
3101 4367 3303 4438 scripta
3354 4366 3734 4437 superbiendo

475 4441 703 4496 eiuntur
744 4451 802 4498 et
837 4442 1391 4499 anathematizantur.
1430 4463 1448 4496 ›
1489 4445 1557 4500 Et
1601 4462 1736 4501 vero
1785 4449 1968 4502 collat.
1996 4447 2048 4513 5,

477 4539 764 4603 postquam
820 4535 965 4588 lecta-
1013 4541 1142 4588 sunt
1195 4535 1502 4604 conscripta
1541 4536 1644 4590 ista
1697 4537 2049 4605 Theodoreti,

485 4642 504 4672 ‹
539 4631 727 4679 sancta
768 4623 1015 4696 synodus
1049 4625 1224 4680 dixit:
1257 4627 1335 4682 Ex
1372 4627 1478 4692 his,
1519 4643 1642 4698 qua:
1666 4629 1831 4698 impie
1867 4630 2049 4684 Theo-

477 4711 704 4768 doretus
730 4713 888 4786 46],
924 4713 1273 4785 conscripsit,
1297 4716 1547 4771 miranda
1583 4724 1666 4771 est
1697 4718 1974 4775 subtilitas
2004 4721 2049 4751 ’³

477 4804 650 4860 sancti
687 4804 1151 4864 Chalcedonensis
1189 4808 1429 4863 concilii.
1483 4808 1675 4864 Sciens
1737 4811 1884 4866 enim
1933 4815 2050 4885 ejus

475 4894 866 4968 blasphemiae,
906 4899 1062 4970 prius
1089 4897 1315 4970 quidem
1357 4899 1546 4956 multis
1572 4901 1771 4972 saepius
1816 4919 1914 4960 usa
1962 4917 2050 4962 est

475 4995 668 5043 contra
703 5004 830 5044 eum
854 4987 1378 5054 exclamationibus;
1410 4998 1601 5060 postea
1640 5008 1771 5048 vero
1804 5011 1914 5050 non
1941 4997 2044 5052 ali-

475 5084 563 5133 ter
608 5095 740 5135 eum
792 5078 1144 5148 suscepisset,
1178 5079 1287 5133 nisi
1335 5079 1489 5150 prius
1527 5082 2046 5144 anathematizasset

473 5165 812 5234 Nestorium,
841 5170 1069 5239 ejusque
1092 5167 1480 5238 blasphemias,
1516 5187 1614 5242 pro
1645 5176 1847 5245 quibus
1883 5189 2042 5235 antea

474 5259 718 5328 scripsit,
747 5258 1051 5314 defendens
1080 5275 1231 5315 eas.»

539 5348 596 5402 5.
624 5347 840 5414 Libros,
870 5349 962 5418 qni
1008 5350 1361 5406 nominantur
1387 5351 1455 5416 '9,
1498 5368 1618 5408 esse
1641 5357 2041 5429 Pentalogium,

2160 4459 2477 4524 defendere,
2529 4475 2650 4528 quae
2693 4459 2949 4514 eumdem
2987 4460 3163 4530 ipsum
3190 4467 3403 4516 constat
3434 4468 3583 4514 recta
3609 4468 3736 4530 post

2160 4548 2466 4618 proﬁtendo
2494 4548 2782 4603 damnasse
2816 4548 2859 4579 ³³
2884 4549 2906 4602 ’ἰ

2155 4681 2316 4753 462
2348 4699 2401 4737 r1
2431 4697 2677 4748 srnonvs,
2702 4699 2768 4736 nr
2789 4697 3188 4746 consequerer-ns
3218 4699 3378 4738 suum
3407 4697 3730 4738 PONTIFICBS.

2229 4815 2317 4870 IX.
2375 4815 2536 4872 Sexta
2601 4817 2842 4889 synodus
2885 4818 3094 4889 recepit
3131 4817 3337 4889 quinta:
3375 4832 3638 4882 canones,
3675 4825 3733 4871 et

2154 4908 2712 4978 scriptaiThcodorcti
2738 4910 3001 4964 adversus
3049 4909 3105 4964 S.
3146 4908 3331 4980 Cyrilli
3360 4908 3610 4978 Capitula
3635 4925 3734 4962 cx-

2150 5012 2340 5069 presse
2368 5000 2577 5070 rejecit.
2614 4999 2746 5054 Inde
2787 5008 2905 5055 orta
2965 5009 3049 5057 est
3099 5001 3315 5055 occasio
3357 5000 3730 5069 componendi

2151 5087 2522 5159 professiones
2563 5089 2684 5144 illas
2743 5090 2888 5155 ﬁdei,
2935 5093 3077 5146 libro
3113 5091 3314 5145 diurno
3348 5091 3727 5146 Romanorum

2151 5179 2472 5250 pontificum
2513 5188 2818 5245 contentas,
2868 5199 3004 5252 quas
3045 5183 3393 5253 postmodum
3449 5184 3467 5202 ⁶
3521 5183 3728 5236 summi

2151 5271 2440 5342 pontifices
2464 5271 2518 5326 in
2548 5274 2893 5329 ordinatione
2932 5291 3026 5328 sua
3049 5275 3384 5330 emitterent.
3412 5274 3470 5326 ln
3506 5273 3594 5327 his
3627 5289 3731 5326 auo

2153 5372 2263 5416 tem
2287 5362 2769 5436 damnantur,qna:
2792 5366 3170 5420 Theodoretus
3198 5365 3464 5422 adversus
3485 5363 3648 5419 fidem
3671 5374 3732 5418 et

1794 5509 2109 5564 SCllULle
2148 5511 2357 5567 NOTJE

541 5648 607 5682 "‘
636 5649 763 5708 Viti.
782 5670 970 5728 supra,
1002 5674 1055 5728 p.
1079 5660 1203 5715 245.
1281 5661 1331 5693 ’⁸
1361 5664 1631 5735 ἀκρίϐεια.
1709 5666 1753 5696 ’9
1786 5665 1906 5719 Vid.
1938 5681 2058 5734 supr

2167 5682 2208 5739 ρ.
2241 5667 2364 5722 EH3.
2453 5674 2493 5701 ³ο
2521 5672 2742 5741 Reliqua
2777 5674 2894 5727 Vide
2937 5690 3119 5745 supra,
3150 5691 3202 5745 p.
3235 5675 3356 5728 2M3.
