3956 6298
230 235 342 303 409

1443 234 1538 292 DE
1575 232 1751 292 FIDE
1786 231 2295 297 THEODORETI.

3392 243 3498 307 410

225 353 565 424 Ephesinam
603 352 872 425 synodum
917 369 980 410 ac
1005 352 1293 421 utriusque
1335 348 1682 404 defensorem
1713 347 1816 419 Cy-
1844 351 1887 408 Δ
1921 349 2176 423 ipsosque
2217 363 2275 408 ut
2337 356 2646 427 magistros,
2711 358 2820 416 imo
2863 366 2924 413 ut
2985 365 3243 427 parentes
3272 357 3491 411 coluit:

223 447 415 500 tilium
443 444 640 504 edid'rt.

299 536 616 592 Emiserunt
645 552 816 606 porro
834 536 1207 606 professiones
1241 534 1338 588 has
1371 531 1570 588 summi
1597 532 1814 602 pontiﬁ-

226 643 356 692 ces,
387 642 527 698 quos
571 625 796 700 quidem
847 629 1106 690 sciamus,
1144 627 1259 681 fere
1295 627 1604 696 octoginta,
1673 642 1812 694 quos

227 718 461 776 totidem
523 717 859 773 Theodoreti
920 717 1275 774 damnatores
1336 731 1565 771 censere
1613 732 1808 784 possu-

225 823 357 862 mus
386 809 457 875 ³¹;
486 817 542 876 et
577 823 675 866 eos
719 808 942 878 quidem
977 817 1130 863 tanto
1173 809 1398 878 majoris
1439 807 1804 870 auctoritatis,

224 911 436 970 quanto
463 902 786 965 solemnius,
823 915 1008 955 coram
1043 900 1308 964 Ecclesia,
1345 900 1531 971 iurati,
1571 899 1809 968 ﬁdeique

224 1011 342 1050 suae
370 993 639 1047 rationem
684 991 996 1053 reddentcs,
1027 991 1443 1062 profiterentur,
1475 1005 1650 1058 caque
1684 1004 1812 1058 pro—

220 1085 489 1151 fessione,
535 1083 712 1140 secuti
762 1085 1007 1149 Petrum,
1084 1083 1152 1138 ad
1201 1083 1386 1139 sedem
1451 1081 1806 1152 apostolicam

217 1173 611 1230 escenderent.

529 1301 796 1341 Αυετοιιεε
827 1301 1217 1348 οοκεερῑῖεκτιε
1236 1302 1353 1351 AW],
1384 1295 1491 1342 etc.

287 1390 358 1446 Χ.
409 1392 613 1448 Omitto
662 1396 1120 1464 consequentium
1168 1404 1480 1463 temporum
1525 1403 1802 1456 auctores,

215 1498 457 1554 quorum
481 1484 573 1540 alii
609 1485 1019 1540 Theodoretum
1039 1496 1227 1556 aperte
1260 1486 1540 1548 damnant,
1577 1487 1667 1540 alii
1693 1503 1802 1540 non

216 1575 448 1630 meliore
479 1576 828 1632 excusatione
869 1577 946 1631 uti
982 1578 1084 1631 sibi
1114 1578 1283 1631 licere
1316 1586 1600 1646 putarunt,
1635 1593 1800 1647 quam

1918 443 2270 500 Theodorum
2291 455 2442 502 certe
2470 449 2620 504 velut
2670 449 2928 512 Ecclesia:
2980 451 3326 520 magistrum,
3372 464 3493 505 om-

1916 535 2179 606 niumque
2209 538 2503 593 hazrcsemn
2535 539 2965 605 dominatorem,
2992 551 3048 596 et
3071 551 3345 611 pastorem
3372 543 3495 596 lau-

1914 627 2064 682 davit
2098 630 2270 698 “,qui
2293 631 2512 686 nonnisi
2552 631 2748 687 bonam
2790 634 3015 689 herbam
3043 635 3241 689 ovibus
3286 634 3488 689 Christi

1913 721 2246 788 porrexerit.

1980 809 2160 876 Sexto,
2183 812 2499 882 opinionem
2542 830 2696 870 suam
2737 817 2804 871 de
2831 818 3208 872 incarnatione
3240 833 3340 872 nec
3367 819 3491 872 aliis

1910 902 2096 956 verbis
2153 905 2427 973 exposuit.
2495 921 2597 959 nec
2649 908 2773 962 aliis
2808 907 3108 977 Scriptura:
3161 911 3490 963 testimoniis

1911 995 2196 1058 stabilivit,
2231 1011 2332 1050 nec
2363 997 2485 1051 aliis
2507 1000 2928 1068 exceptionibus
2965 1002 3351 1069 propngnavit.
3388 1016 3488 1053 nec

1909 1085 2030 1138 aliis
2061 1095 2377 1140 naturarum
2399 1088 2840 1156 coniunctionem
2870 1089 3186 1142 nominibus
3242 1089 3486 1156 appella-

1909 1175 2006 1238 vit,
2039 1191 2204 1245 quam
2266 1178 2465 1245 quibus
2527 1177 2835 1241 Nestorius,
2897 1179 3190 1248 ἐνοίκησιν,
3251 1179 3484 1239 ἔνδυσιν,

1911 1267 2198 1338 ἀνάληψιν,
2233 1269 2666 1339 ἐνανθρὼπησιν,
2702 1272 3014 1337 avide-Str).
3042 1279 3147 1323 etc.

1982 1356 2200 1418 Verum,
2232 1358 2469 1425 excipiet
2501 1357 2718 1425 aliquis,
2746 1359 2883 1410 dixit
2925 1358 3204 1413 Christum
3230 1371 3340 1409 non
3362 1369 3483 1410 esse

1907 1459 2104 1513 purum
2124 1444 2424 1506 hominem,
2444 1445 2536 1498 sed
2571 1445 2740 1498 Deum
2761 1445 2921 1499 simul
2951 1446 3323 1498 ethominem.
3345 1445 3483 1498 [llud

1908 1535 2084 1603 ipsum
2136 1534 2274 1588 dixit
2326 1535 2614 1589 Nestorius
2662 1536 2839 1590 Serm.
2892 1552 2962 1590 vn
3014 1554 3025 1589 :
3076 1554 3094 1585 ι
3132 1538 3249 1589 Non
3301 1536 3482 1590 nudus

1908 1624 2072 1680 homo
2098 1625 2369 1690 Christus,
2396 1641 2429 1679 ο
2452 1627 2833 1690 calumniator,
2883 1628 2978 1682 sed
3030 1629 3194 1682 homo
3225 1627 3385 1682 simul
3426 1636 3481 1682 et

215 1666 304 1719 vel
348 1666 692 1736 ignorantia,
728 1682 852 1722 cum
900 1669 1188 1722 veritatem
1229 1683 1325 1723 ore
1350 1667 1536 1738 Cyrilli
1578 1668 1805 1737 loquen-
1835 1690 1874 1744 Β
2100 1666 2130 1768 ‘;

216 1764 329 1811 tem
386 1758 765 1827 impugnaret,
829 1759 914 1814 vel
957 1757 1315 1829 poenitentiae,
1384 1773 1508 1814 cum
1551 1758 1798 1812 eamdem

214 1849 508 1902 vexatione
534 1848 870 1903 intellectum
893 1851 1057 1904 dante
1089 1849 1329 1919 agnovit.

285 1937 430 2004 Quid
451 1941 476 1992 ?
525 1941 670 2010 quod
719 1940 1035 1995 elfusissimi
1061 1941 1170 1995 duo
1197 1941 1528 1996 Theodoreti
1561 1942 1800 1997 laudato-

217 2044 331 2092 res,
365 2029 595 2084 Photins
633 2039 688 2085 et
722 2033 1011 2095 Euchaita,
1059 2034 1334 2102 praeconia
1370 2047 1467 2088 sua
1501 2042 1593 2087 aut
1635 2049 1798 2087 accu-

216 2117 434 2171 satione
462 2120 724 2173 nonnulla
751 2123 960 2175 erroris
981 2131 1172 2176 contra
1196 2122 1358 2177 ﬁdem
1385 2125 1796 2197 incarnationis,

219 2219 277 2262 ut
324 2208 556 2264 Photius
591 2227 606 2276 ;
649 2221 744 2265 aut
789 2213 1141 2267 excusatione
1181 2213 1575 2270 imbecillitatis
1605 2217 1798 2271 huma-

215 2316 323 2363 nte,
353 2309 414 2355 ut
455 2302 741 2366 Euchaita,
779 2311 1177 2373 temperarunt.

288 2394 410 2462 Ipse
457 2395 622 2448 etiam
677 2395 946 2450 Baronius
975 2438 988 2459 ,
1047 2399 1398 2466 quantumvis
1447 2407 1676 2454 conatus
1727 2400 1798 2453 sit

213 2499 439 2536 omnem
468 2499 498 2538 a
529 2484 875 2539 Theodoreto
909 2486 1133 2540 hzeresis
1166 2495 1349 2540 notam
1390 2488 1624 2552 amoliri,
1655 2489 1798 2542 veri-

215 2582 326 2627 tate
355 2583 534 2644 tamen
559 2585 808 2645 cogente,
836 2576 1014 2631 fassus
1038 2585 1140 2642 est,
1189 2579 1365 2646 ipsum
1395 2578 1449 2631 in
1489 2587 1673 2648 partes
1691 2579 1798 2633 Nc-

213 2665 373 2719 storii
405 2667 843 2736 sententiamque
871 2669 1250 2737 propendisse,
1287 2679 1450 2738 atque
1481 2669 1644 2724 etiam
1669 2687 1798 2724 con-

212 2755 472 2820 cessisse,
520 2771 585 2810 eo
631 2757 823 2812 saltem
851 2766 1114 2827 tempore,
1151 2774 1261 2828 quo
1292 2759 1586 2813 concilium
1615 2759 1796 2829 Ephe-

213 2849 398 2904 sinum
432 2849 766 2905 celebratum
801 2861 886 2906 est
915 2852 984 2905 ³¹.

727 2980 1097 3020 THEODOBETUS
1137 2982 1270 3020 IPSE.

287 3074 382 3132 XI.
410 3077 552 3145 Quin
591 3085 646 3132 et
688 3076 803 3146 ipse
830 3077 1210 3134 Theodoretus
1246 3080 1474 3149 perinde
1524 3096 1580 3134 sc
1606 3080 1793 3150 gessit,

214 3183 281 3222 ac
330 3169 374 3223 si
429 3170 593 3224 vellet
620 3169 826 3224 nemini
872 3169 1183 3238 relinquere
1223 3171 1394 3224 ullum
1440 3171 1508 3224 de
1537 3186 1634 3224 sua
1668 3187 1795 3225 cum

213 3263 472 3317 Nestorio
500 3262 860 3317 consensione
897 3261 1185 3318 dubitandi
1212 3263 1416 3316 locum.
1467 3263 1601 3317 Nam
1628 3265 1797 3332 primo

215 3356 556 3426 oppugnavit
581 3354 819 3424 capitula
852 3354 1000 3408 velut
1035 3354 1312 3419 haeretica,
1335 3369 1457 3424 qum
1489 3370 1668 3418 nemo,
1702 3355 1798 3424 qui

215 3448 346 3502 ﬁdei
371 3447 568 3517 dogma
590 3447 809 3504 noverit
831 3446 901 3500 ab
917 3461 1105 3501 errore
1129 3446 1466 3512 discernere,
1486 3447 1799 3504 nescitesse

215 3539 508 3595 catholica.
549 3538 708 3606 Quod
741 3548 926 3606 autem
975 3553 1040 3594 ea
1077 3539 1266 3594 Patres
1299 3540 1562 3610 Ephesini
1598 3541 1800 3610 exponi

215 3631 587 3702 postularunt,
621 3630 677 3685 id
715 3631 863 3701 vulgi
902 3631 1236 3686 clamoribus
1268 3631 1456 3686 datum
1484 3640 1590 3697 est,
1632 3644 1798 3703 atque

217 3721 729 3790 importunitatibus
756 3720 1188 3787 adversantium,
1221 3723 1318 3792 qui
1367 3724 1799 3795 simplicioribus

215 3812 271 3866 ill
279 3811 532 3871 uderent.

288 3903 487 3957 Deinde
537 3902 793 3972 capitulis
845 3903 1194 3973 reprehensis
1225 3919 1338 3959 non
1372 3904 1604 3972 destitit,
1634 3906 1797 3962 etiam

217 4001 339 4061 post
358 3993 577 4048 tertiam
606 3992 794 4065 Cyrilli
821 3993 1243 4062 expositionem,
1280 3997 1444 4052 etiam
1476 4007 1600 4067 post
1625 4015 1800 4054 annos

215 4083 630 4154 septemdecim,
671 4085 914 4156 quandiu
948 4085 1038 4140 vix
1085 4086 1248 4141 duret
1279 4086 1383 4141 viri
1439 4089 1800 4158 intelligentia

217 4175 592 4244 prmditissimi
619 4175 1008 4243 hallucinatio,
1044 4177 1152 4232 nisi
1193 4178 1431 4234 evaserit
1472 4179 1528 4234 in
1552 4179 1801 4240 obstina-

220 4275 329 4322 tam
356 4268 559 4322 mentis
590 4267 938 4324 sententiam.
1630 4266 1674 4283 "

291 4356 454 4425 (.63
485 4354 674 4409 Postea
711 4355 952 4411 Nestorii
995 4355 1302 4412 doctrinam
1349 4371 1568 4412 omnem
1608 4372 1794 4411 sanam
1831 4371 1872 4424 ιι
1903 4361 2070 4416 Maria
2124 4373 2341 4428 semper
2393 4357 2608 4427 virgine
2678 4356 3040 4440 praedicabam
3063 4396 3078 4420 ,
3111 4360 3126 4375 ’

220 4461 345 4501 esse
371 4447 670 4514 contendit,
696 4456 754 4503 et
787 4449 940 4504 velut
962 4448 1220 4518 pietatem
1243 4448 1438 4518 ipsam,
1469 4449 1523 4504 id
1556 4456 1662 4513 est,
1707 4463 1797 4504 rc-

220 4547 368 4593 etam
398 4537 581 4604 ﬁdem,
612 4540 895 4595 laudavit;
930 4541 1056 4610 quis
1093 4541 1242 4596 enim
1287 4541 1394 4596 nisi
1451 4541 1800 4612 impudenter

221 4629 533 4701 improbus,
591 4631 644 4686 in
697 4648 762 4688 ea
815 4641 974 4703 parte
1033 4648 1146 4688 non
1185 4634 1277 4699 sit,
1307 4636 1362 4689 in
1394 4649 1502 4705 qua
1538 4634 1800 4704 pietatem

178 4741 183 4746 ·
220 4736 343 4776 esse
384 4720 636 4790 iudicet?

290 4812 521 4879 Quarto,
546 4812 743 4880 callida
759 4826 1092 4888 versutaque
1116 4826 1233 4874 arte
1255 4819 1522 4885 Eranistae
1558 4818 1803 4889 dialogos

221 4902 301 4958 sic
320 4905 635 4975 composuit
651 4908 716 4973 ³³,
745 4915 808 4962 nt
837 4923 990 4963 suam
1007 4909 1111 4964 sibi
1142 4910 1210 4966 de
1231 4910 1437 4965 unione
1456 4917 1798 4974 naturarum,

222 4996 578 5068 inseparabili
621 4998 866 5068 quidem,
895 4999 993 5058 scd
1034 5017 1172 5072 pure
1206 5005 1451 5074 σχετικῇ,
1486 4991 1800 5070 opinionem

221 5087 633 5146 demonstrasse
657 5091 960 5148 videretur.

294 5181 515 5250 Quinto,
571 5183 852 5246 haereticis
888 5186 1126 5254 duobus,
1181 5187 1418 5243 Diodoro
1451 5189 1708 5251 Tarsensi
1749 5202 1807 5250 et

221 5271 522 5330 Theodoro
575 5276 987 5348 Mopsuesteno,
1037 5279 1350 5342 consentire
1381 5295 1441 5334 se
1471 5281 1647 5345 fassus
1699 5293 1804 5349 est,

1974 1810 2118 1864 Dixit
2148 1826 2310 1865 unam
2362 1826 2484 1864 esse
2507 1811 2715 1867 Christi
2737 1827 3046 1882 personam,
3075 1821 3297 1866 naturas
3320 1813 3477 1865 duas.

1902 1902 2048 1957 Dixit
2090 1903 2297 1972 pariter
2322 1901 2610 1956 Nestorins
2646 1902 2700 1955 in
2732 1903 2892 1971 epist.
2935 1905 2987 1967 4,
3015 1903 3079 1955 ad
3108 1910 3356 1956 sanctum
3381 1902 3482 1973 Cy-

1902 1996 2126 2050 rillum:
2173 2015 2190 2047 ι
2227 1996 2472 2065 Utraque
2510 2004 2708 2048 natura
2746 2004 2970 2064 propter
3031 1995 3478 2063 conjunctionem

1901 2099 2194 2147 summam,
2223 2093 2282 2138 et
2303 2082 2741 2138 inconfusionem
2775 2083 2826 2136 in
2857 2099 2963 2138 una
3017 2098 3251 2152 persona
3282 2083 3480 2151 unige-

1899 2172 2002 2226 niti
2043 2171 2163 2228 Filii
2191 2172 2473 2228 adoratur.
2503 2190 2520 2222 ›
2551 2173 2619 2226 Et
2642 2171 2803 2241 epist.
2833 2173 2887 2234 2,
2926 2171 2994 2225 ad
3023 2180 3272 2226 sanctum
3305 2171 3484 2240 Cyril-

1900 2266 2012 2318 lum
2039 2282 2052 2317 ε
2089 2283 2107 2314 ι
2139 2263 2331 2318 Laudo
2355 2271 2677 2318 naturarum
2718 2263 2917 2317 factam
2947 2262 3360 2321 discretionem,
3390 2275 3479 2316 se—

1900 2355 2142 2414 cundum
2167 2354 2474 2416 divinitatis
2501 2363 2558 2408 et
2586 2354 2948 2411 humanitatis
2974 2353 3268 2413 rationem,
3307 2360 3363 2405 et
3385 2365 3482 2406 ea-

1900 2463 2019 2501 rum
2054 2448 2108 2501 in
2155 2463 2262 2500 una
2295 2461 2530 2516 persona
2583 2446 3054 2515 coniunctionem.
3119 2464 3137 2495 ι
3206 2443 3275 2497 Ει
3330 2443 3477 2512 apud

1898 2539 2162 2611 Cyrillum
2198 2539 2296 2594 lib.
2356 2539 2423 2592 de
2459 2545 2612 2593 recta
2650 2537 2757 2590 ﬁde
2787 2535 2855 2590 ad
2892 2536 3150 2607 reginas:
3200 2554 3218 2586 (
3269 2534 3481 2588 Nomen

1900 2631 2025 2693 hoc,
2077 2629 2340 2694 Christus,
2390 2629 2502 2682 Deo
2549 2637 2602 2683 et
2651 2627 2862 2682 homini
2919 2626 3200 2690 convenit,
3260 2624 3476 2679 ratione

1899 2721 2306 2793 coniunctionis
2359 2722 2415 2776 in
2465 2735 2630 2776 unam
2683 2721 2806 2778 illos
2861 2734 3156 2790 personam
3225 2718 3479 2787 colligen-

1902 2813 1991 2866 tis.
2041 2830 2058 2862 ι

1971 2901 2137 2964 Dixit,
2169 2900 2449 2954 Christum
2473 2915 2582 2954 non
2615 2898 2786 2952 dividi
2816 2898 2872 2952 in
2899 2897 3038 2952 duos
3061 2897 3229 2951 Filios
3258 2901 3352 2949 aut
3373 2896 3482 2949 Do-

1821 3019 1865 3076 C
1902 2993 2101 3057 minos,
2130 2998 2467 3060 questusque
2505 2997 2592 3044 est
2615 2988 2949 3043 calumniam
2991 2987 3095 3042 sibi
3144 2986 3294 3049 ﬁeri,
3335 2985 3482 3054 quod

1900 3083 2188 3138 divideret.
2211 3081 2451 3149 “ipsum
2473 3079 2613 3134 dixit
2638 3078 2927 3134 Nestorius
2946 3077 3123 3132 Serm.
3150 3076 3248 3129 12:
3289 3094 3307 3126 ‹
3331 3076 3484 3130 Unus

1902 3174 2092 3238 Filius,
2155 3171 2304 3242 quod
2363 3165 2583 3226 visibile
2641 3179 2698 3225 et
2753 3169 2900 3240 quod
2959 3168 3277 3231 invisibile;
3337 3181 3483 3220 unus

1898 3266 2174 3329 Christus,
2237 3273 2295 3321 et
2351 3265 2453 3320 iste
2506 3263 2602 3333 qui
2647 3263 2842 3327 utitur,
2897 3271 2953 3318 et
2993 3262 3047 3315 id
3097 3277 3208 3330 quo
3237 3260 3412 3314 utitur
3465 3277 3478 3310 :

1855 3348 2110 3414 'natura:
2142 3355 2421 3425 duplices,
2454 3353 2551 3408 sed
2600 3353 2772 3408 Filius
2819 3351 3132 3420 singularis.
3181 3350 3321 3416 Quid
3367 3365 3484 3404 ser-

1901 3465 2118 3504 monem
2146 3448 2202 3501 in
2219 3446 2549 3502 calumniam
2569 3445 2772 3500 vocas?
2809 3463 2828 3496 ι

1968 3539 2264 3596 Confessus
2304 3547 2389 3593 est
2417 3537 2700 3607 Virginem
2733 3545 2976 3595 sanctam
3000 3550 3121 3592 esse
3166 3535 3480 3604 Deiparam.

1900 3632 2196 3690 Confessus
2242 3646 2462 3701 quoque
2513 3629 2806 3687 Nestorius
2842 3628 3020 3684 Serm.
3062 3628 3096 3684 6
3131 3647 3142 3682 :
3186 3647 3204 3678 ‹
3234 3627 3482 3696 Dixijam

1901 3726 2120 3795 smpius,
2177 3724 2234 3779 Si
2308 3723 2433 3792 quis
2494 3722 2640 3776 inter
2667 3736 2767 3780 vos
2814 3721 3140 3791 simplicior,
3177 3719 3290 3774 sive
3339 3718 3484 3772 inter

1900 3832 2260 3888 quoscunque
2283 3815 2441 3879 alios,
2469 3829 2602 3869 voce
2633 3813 2739 3870 hac
2767 3813 3030 3871 Θεοτόκος
3082 3811 3304 3882 gaudet,
3337 3810 3484 3880 apud

1904 3925 1989 3963 me
2015 3909 2165 3970 nulla
2185 3906 2357 3962 estde
2386 3920 2522 3960 voce
2553 3905 2780 3966 invidia,
2806 3904 2970 3958 modo
2992 3919 3060 3958 ne
3095 3903 3376 3974 Virginem
3408 3902 3487 3956 fa-

1903 4004 2010 4058 ciat
2037 4003 2228 4056 Deum.
2263 4017 2280 4050 ι
2316 3999 2493 4053 Serm.
2516 3997 2616 4050 l2:
2649 4014 2666 4044 ι
2695 3995 2866 4049 Filius
2903 3995 2997 4048 Dei
3028 4002 3188 4049 natus
3217 3995 3488 4054 cst,Dcus

1905 4095 2144 4149 Verbum
2169 4101 2226 4146 et
2262 4091 2428 4143 homo
2453 4107 2465 4140 :
2493 4102 2624 4156 ergo
2654 4102 2776 4154 quae
2802 4086 3020 4155 peperit
3063 4095 3290 4154 propter
3323 4083 3488 4136 unio-

1903 4199 2051 4246 nem,
2077 4184 2293 4236 dicatur
2319 4178 2611 4242 Θεοτόκος,
2647 4195 2663 4226 ›
2700 4186 2807 4231 etc.
2846 4176 3028 4230 Serm.
3070 4177 3176 4228 15:
3222 4195 3240 4226 ι
3280 4174 3486 4228 Eadem

1905 4274 2068 4328 modo
2095 4270 2438 4332 deﬁnitione,
2475 4284 2581 4337 qua
2605 4266 2762 4337 prius
2800 4266 3045 4322 breviter
3075 4266 3143 4320 de
3203 4266 3294 4320 illa
3322 4265 3484 4318 beata

3181 4355 3486 4410 etiamnum

1899 4450 2243 4507 evidentiore
2277 4463 2554 4510 sermone,
2589 4464 2801 4502 summa
2844 4463 2974 4502 voce
3005 4448 3310 4518 proclamo,
3349 4460 3487 4515 quo-

1900 4547 2047 4600 niam
2077 4541 2242 4618 464
2261 4550 2448 4598 sancta
2475 4541 2641 4612 Virgo
2669 4553 2725 4598 et
2752 4541 2844 4596 Dei
2874 4550 3032 4596 estet
3061 4541 3300 4596 hominis
3323 4538 3486 4594 Geni-

1904 4639 2032 4694 trix.
2082 4657 2099 4687 ι
2163 4634 2290 4690 Haec
2313 4634 2622 4689 Nestorius.

1975 4728 2082 4783 Sed
2113 4726 2513 4791 Theodoretus,
2541 4726 2690 4795 quod
2727 4741 2836 4781 non
2871 4725 3002 4782 fecit
3033 4725 3339 4788 Nestorius,
3387 4739 3486 4777 ex-

1905 4819 2116 4891 pressis
2133 4817 2321 4872 verbis
2352 4816 2612 4871 unionem
2655 4817 3054 4888 hypostaticam
3093 4815 3304 4885 reiecit,
3336 4813 3484 4865 velut

1905 4927 2106 4967 novam
2143 4919 2200 4965 et
2221 4908 2456 4964 alienam
2493 4924 2522 4962 a
2548 4907 2754 4962 divinis
2783 4907 3084 4976 Scripturis
3111 4921 3174 4961 ac
3208 4903 3486 4968 Patrihus,

1905 5005 2002 5076 qui
2050 5019 2147 5060 eas
2189 5000 2537 5070 interpretati
2575 5007 2746 5056 sunt:
2784 4998 2894 5069 Τὴν
2929 4999 2988 5051 δὲ
3021 4996 3143 5052 καθ’
3189 4995 3487 5049 ὑπόστασιν

1905 5100 2100 5158 ἕνωσιν
2127 5094 2469 5152 παντάπασιν
2501 5091 2829 5162 ἀγνοοῦμεν,
2860 5091 2934 5154 ὡς
2963 5089 3118 5159 ξένην
3184 5087 3280 5142 καὶ
3335 5085 3494 5140 ἀλλό-

1908 5190 2072 5261 φυλον
2109 5188 2216 5240 τῶν
2255 5185 2414 5240 θείων
2442 5184 2695 5256 Γραφῶν,
2727 5183 2821 5238 καὶ
2846 5181 2955 5236 τῶν
2983 5179 3190 5243 ταύτας
3213 5181 3481 5251 ἡρμηνευ-

1909 5284 2084 5340 verum
2119 5280 2260 5334 Πατὲ
2268 5296 2376 5352 ρων
2401 5278 2468 5330 ³⁵.

1565 5397 1882 5454 SCHULZIi
1909 5390 2134 5455 NOTAE.

293 5480 467 5559 "Tot
514 5485 927 5540 accusatoribus
954 5501 1216 5559 sanenon
1244 5503 1382 5557 opus
1417 5490 1589 5559 estad
1621 5491 1988 5550 dirimendam
2039 5492 2210 5556 litem,
2236 5504 2399 5558 quam
2446 5490 2560 5559 ipse
2601 5486 3160 5559 Theodoretus__post
3197 5480 3487 5559 concilium

221 5549 690 5633 Chalcedonense
714 5558 1086 5633 composuisse
1113 5549 1350 5610 videtur.
1399 5561 1471 5633 _“
1490 5558 1726 5615 Omnino
1754 5564 2021 5633 temporis
2042 5549 2293 5633 habenda
2318 5549 2588 5633 est_r_a_ti_o.
2617 5559 2735 5611 Non
2776 5566 2860 5612 est
2909 5549 3104 5633 moli—or
3147 5568 3215 5606 ex

225 5621 476 5696 tatibus,_
495 5638 633 5690 quas
652 5621 953 5696 Garnerius
984 5636 1182 5694 praeter
1203 5628 1583 5681 necessitatem
1639 5631 1810 5696 auxit,
1861 5621 2116 5687 elabendi
2165 5631 2272 5684 via.

226 5690 386 5757 eccl.,
419 5690 518 5744 lib.
561 5709 612 5745 ν.
691 5695 735 5725 ⁸⁵
771 5694 893 5749 Vid.
916 5690 1101 5765 supra,
1139 5711 1189 5764 p.
1218 5696 1301 5760 10,
1330 5706 1462 5766 etp.
1497 5699 1618 5753 459.

2378 5631 2422 5661 ³³
2448 5629 2581 5683 Vide
2617 5643 2802 5696 supra,
2857 5643 2910 5696 p.
2942 5625 3045 5680 387
3075 5638 3192 5692 seq.
3273 5621 3318 5653 ’λ
3344 5619 3487 5675 Hist.
