3956 6298
399 240 494 306 Ml

1526 230 1878 292 GAIiNEfill
1945 230 2442 291 DISSERTATIO
2476 234 2543 290 lll
2591 278 2603 290 .

3553 234 3670 299 li!

472 355 653 422 Quid?
685 352 834 424 quod
865 349 1224 424 pertinaciter
1248 345 1466 417 negavit
1493 321 1732 415 semper,
1763 345 1977 400 licitum
2011 349 2052 405 A
2082 361 2211 400 reus
2241 361 2271 399 a
2301 359 2360 401 se
2394 351 2633 414 scriptos
2657 341 2945 410 fateretur,
2973 341 3280 399 exercitum
3306 343 3418 412 sit;
3449 352 3513 400 ut
3573 345 3665 402 de.

401 461 524 500 esse
556 444 740 498 dicere
801 443 974 496 Deum
1000 453 1254 510 passum,
1301 445 1433 502 etc.,
1485 436 1701 506 aliaque
1740 436 1980 506 hominis

403 537 608 606 φυσικὰ
646 534 913 603 ἰδιώματα
963 531 1137 586 tribui
1179 545 1340 600 posse
1374 529 1558 586 Verbo
1616 528 1979 600 ἑνανθρωπήο

406 647 470 681 σα
487 645 577 684 m.
612 627 669 682 Id
692 634 871 680 autem
901 622 1375 678 evidentissimum
1407 629 1491 675 est
1549 619 1790 674 hominis
1818 619 1979 673 unio—

407 735 530 777 ncin
549 719 779 788 φυσικὴν
805 725 860 770 et
887 715 1007 769 καθ’
1031 716 1326 768 ὑπόστασιν
1345 711 1663 782 recipientis
1684 711 1977 765 indicium:

404 825 530 864 nam
561 807 960 879 ejusdcmmodi
995 807 1304 874 ἰδιωμάτων
1349 805 1408 857 ﬁt
1441 803 1867 858 communicatio
1897 818 1983 856 re-

405 911 641 964 upruca,
674 895 812 950 duas
846 895 992 948 inter
1019 903 1247 947 naturas
1271 894 1617 963 conjunctas,
1674 892 1981 963 cujusmodi

406 988 535 1040 lllliO
567 994 668 1040 est.
698 985 1193 1039 Communicantur
1233 986 1445 1039 scilicet
1477 985 1718 1055 physica,
1756 993 1816 1038 ut
1847 984 1979 1053 pati,

407 1075 576 1140 nasci,
605 1075 880 1139 laborare,
907 1075 1067 1139 mori,
1117 1084 1246 1140 etc.,
1278 1075 1322 1127 si
1356 1075 1577 1145 physica
1609 1074 1775 1128 fuerit
1807 1075 1937 1127 unio
1967 1092 1980 1127 :

403 1166 516 1220 sola
553 1166 879 1219 tribuuntur
908 1167 1158 1231 moralia,
1192 1175 1252 1219 ut
1281 1166 1407 1232 coli,
1437 1166 1730 1231 dominari,
1762 1166 1852 1235 jus
1884 1165 1984 1218 ha-

403 1259 558 1322 bere,
593 1265 725 1320 etc.,
746 1257 789 1311 si
811 1258 1038 1312 moralis
1069 1257 1333 1310 duntaxat
1371 1258 1502 1311 unio
1529 1258 1823 1311 exstiterit.
1860 1258 1986 1312 Haec

406 1365 537 1404 vero
567 1349 887 1412 ἀντιδόσεως
935 1350 1042 1414 lex,
1076 1366 1196 1418 quae
1235 1366 1266 1402 a
1293 1350 1510 1403 nemine
1553 1351 1806 1420 theologo
1834 1351 1987 1419 igno-

409 1449 583 1507 ratur,
621 1441 666 1494 si
703 1441 1114 1494 Theodoretum
1155 1439 1313 1509 fugit,
1342 1455 1448 1508 qua
1480 1441 1696 1494 ratione
1748 1440 1987 1494 Orientis

407 1531 760 1585 doctissimus
784 1530 1043 1585 dicatur?
1068 1529 1112 1582 si
1137 1544 1246 1582 non
1274 1529 1433 1598 fugit,
1482 1529 1759 1598 quomodo
1795 1537 1986 1599 aperte

405 1623 902 1678 Nestorianismum
932 1622 1259 1691 praedicasse
1294 1622 1564 1692 negetur?
1586 1622 1797 1677 Viderit
1827 1638 1892 1678 ea
1919 1622 1988 1678 de

406 1729 466 1769 re
499 1713 772 1783 interpres
799 1713 888 1766 ille
927 1727 1090 1781 quem
1117 1711 1248 1765 dixi.

584 1847 744 1903 ΛΒΤ.
776 1847 841 1901 ΙΙ.
865 1877 936 1886 -
961 1844 1091 1911 Qua:
1121 1863 1217 1918 pro
1242 1845 1556 1903 Theodoreto
1591 1849 1810 1918 faciant.

477 1977 593 2033 XII.
621 1977 752 2043 Qua:
794 1977 1063 2032 adversus
1098 1978 1509 2034 Theodorctum
1560 1988 1825 2050 pugnant,
1863 1968 1988 2050 gra-

407 2070 629 2123 vissima
648 2077 776 2123 sunt
800 2070 1045 2139 quidem,
1072 2069 1188 2124 sive
1223 2071 1523 2125 auctoritas
1584 2080 1988 2139 accusatorum,

407 2162 521 2216 sive
555 2161 992 2215 testimoniorum
1021 2160 1298 2215 certitudo
1325 2169 1380 2214 et
1409 2161 1651 2226 claritas,
1697 2162 1812 2216 sive
1838 2171 1992 2225 utro,-

409 2267 641 2321 rumque
670 2252 1001 2318 multitudo;
1039 2267 1149 2306 non
1181 2252 1484 2306 detrahunt
1531 2261 1713 2306 tamen
1743 2268 1988 2308 momen-

409 2351 548 2406 tum,
576 2343 767 2396 saltem
795 2350 991 2408 totum,
1012 2341 1100 2408 iis,
1133 2356 1255 2411 quae
1279 2357 1382 2396 nec
1403 2356 1596 2410 pauca,
1627 2358 1732 2397 nec
1761 2343 1901 2397 levia
1933 2343 1990 2398 in

409 2431 751 2486 contrarium
774 2431 1001 2484 faciunt.

481 2521 634 2575 Facit
656 2521 803 2574 enim
842 2523 1012 2590 primo
1052 2529 1244 2575 tantus
1307 2521 1400 2575 ille
1437 2520 1590 2575 favor
1642 2529 1698 2576 et
1743 2523 1988 2592 plausus,

410 2627 521 2682 quo
555 2611 941 2665 Theodoretus
990 2611 1296 2666 Antiochize
1371 2611 1717 2677 audiebatur,
1769 2628 1893 2666 cum
1924 2613 1992 2668 de

412 2702 518 2756 fide
562 2715 874 2756 sermonem
926 2702 1176 2768 haberet,
1233 2703 1289 2756 in
1331 2703 1628 2757 multarum
1687 2706 1993 2776 myriadum

410 2797 675 2848 concione
709 2812 719 2846 :
745 2794 1021 2863 quomodo
1051 2795 1198 2848 enim
1229 2795 1285 2847 in
1316 2795 1561 2849 Ecclesia
1593 2805 1700 2850 tam
1751 2799 1990 2866 erudita,

410 2900 533 2954 quae.
560 2885 894 2940 Theodoreti
922 2885 1151 2940 verbum
1174 2893 1381 2941 temere
1417 2889 1690 2956 prolatum
1716 2889 1861 2946 ferre
1883 2906 1993 2946 non

411 2977 612 3046 potuit,
645 2993 869 3031 errores
894 2978 1184 3046 sparsisset
1207 2980 1325 3034 sine
1365 2981 1847 3048 reprehensione?
1899 2991 1994 3037 aut

410 3067 687 3134 quomodo
713 3083 823 3122 non
855 3068 1148 3137 sparsisset
1189 3084 1432 3135 errores,
1485 3071 1531 3124 si
1577 3087 1699 3140 quae
1749 3072 1989 3127 sensisse

411 3172 538 3212 mox
565 3159 852 3213 dicebatur
875 3162 1022 3214 circa
1058 3160 1491 3215 incarnationem
1549 3163 1736 3227 Verbi,
1795 3171 1989 3232 protu-

411 3249 600 3305 lisset?
626 3259 723 3304 aut
744 3252 1027 3320 quomodo
1063 3267 1092 3305 a
1125 3254 1400 3306 sententia
1431 3268 1530 3306 sua
1559 3253 1795 3308 dicenda
1814 3255 1986 3309 absti-

411 3347 643 3410 nuisset,
669 3352 778 3413 quo
805 3357 1053 3414 tempore
1078 3347 1292 3400 nullum
1325 3357 1732 3416 argumentum,
1760 3357 1855 3402 aut
1882 3350 1993 3405 fre-

411 3437 692 3505 quentius,
729 3443 824 3489 aut
855 3437 1256 3491 contentiosius
1295 3440 1606 3493 tractetur?

485 3528 1086 3598 Facitsecundo,quod,
1116 3546 1239 3584 cum
1265 3546 1392 3586 reus
1417 3529 1574 3586 fieret
1597 3533 1665 3587 de
1694 3534 1914 3593 Christo
1935 3535 1992 3590 in

413 3618 553 3674 duos
590 3620 758 3674 Filios
786 3620 983 3686 diviso,
1021 3621 1380 3691 detractoque
1423 3623 1597 3678 beata:
1631 3625 1840 3696 Virgini
1865 3626 1992 3682 Dei-

413 3725 560 3780 parte
600 3711 847 3777 nomine,
875 3712 944 3766 de
993 3713 1268 3767 calumnia
1326 3714 1432 3768 sibi
1465 3714 1604 3770 facta
1636 3717 1992 3773 vehementer

413 3808 643 3868 questus
672 3809 795 3866 est;
857 3817 962 3857 nec
1014 3813 1243 3873 questus
1277 3813 1509 3874 tantum,
1542 3808 1638 3863 sed
1689 3809 1992 3865 confessio-

413 3907 539 3946 nem
567 3890 693 3945 fidei
719 3895 1025 3962 oppositam
1056 3897 1488 3964 expressissimis
1530 3899 1718 3954 verbis
1763 3901 1940 3955 edidit
1976 3919 1988 3954 :

422 4000 440 4030 ‹
475 3982 530 4036 Si
564 3983 688 4050 quis
716 3993 960 4038 sanctam
992 3986 1275 4056 Virginem
1320 3988 1611 4058 Deiparam
1667 4006 1778 4044 non
1829 3991 1987 4056 dicit,

412 4081 727 4142 autpurum
753 4075 1032 4132 hominem
1073 4086 1240 4133 vocat
1278 4080 1570 4134 Dominum
1605 4090 1855 4136 nostrum
1901 4083 1993 4137 Je-

413 4179 534 4217 sum
565 4165 870 4232 Christum,
915 4169 1001 4222 vel
1054 4169 1108 4222 in
1161 4170 1301 4224 duos
1350 4171 1519 4227 Filios
1561 4172 1762 4227 dividit
1821 4189 1992 4227 unum

412 4256 764 4326 Unigenitum
808 4275 872 4314 ac
921 4261 1347 4331 primogenitum
1403 4265 1585 4318 omnis
1628 4276 1916 4330 creaturae,
1961 4283 1992 4321 a

2081 436 2372 507 positionis
2395 436 2667 491 sententia
2690 477 2704 502 ,
2737 450 2900 505 quam
2932 435 3398 506 magnajsynodus
3437 435 3663 502 tulerat,

2082 543 2113 582 a
2135 541 2350 582 summo
2379 527 2640 597 pontiﬁce
2661 525 3062 595 abrogaretur;
3093 532 3151 579 ut
3177 525 3487 594 Imperator
3518 524 3664 580 Mar-

2083 616 2294 685 cianus,
2325 619 2500 673 sancti
2523 617 2725 672 Leonis
2759 618 3088 671 sententiam
3120 624 3365 682 secutus,
3401 616 3570 670 latam
3609 615 3665 671 in

2083 711 2422 766 Theodoreti
2466 711 2639 766 libros
2670 725 2701 764 a
2763 708 3077 763 Theodosio
3119 710 3296 778 legem
3328 708 3664 774 resciderit;

2083 811 2144 857 ut
2171 803 2623 859 Chalcedonense
2647 801 2945 856 concilium
2998 800 3436 863 Theodoretum,
3494 799 3666 854 etiam

2085 905 2210 951 ante
2233 911 2454 950 causam
2502 896 2759 965 agitatam
2810 892 3101 963 receperit,
3166 892 3561 960 admiseritque
3598 890 3668 946 ad

2085 997 2404 1038 CODSCSSUID
2416 1025 2427 1035 .

2157 1074 2308 1128 Facit
2362 1075 2564 1144 quinto,
2625 1072 2772 1141 quod
2833 1072 2903 1126 de
2959 1071 3356 1127 incarnationis
3399 1071 3672 1143 mysterio

2087 1164 2372 1234 scripsisse
2397 1163 2652 1217 videatur
2683 1162 2899 1228 eadem,
2925 1180 3047 1233 quae
3075 1172 3132 1217 et
3153 1161 3451 1216 Orientalis
3476 1163 3672 1217 Eccle-

2087 1257 2188 1322 sia,
2220 1266 2276 1310 ct
2304 1255 2529 1326 quidem
2559 1255 2960 1310 celebrioribus
2989 1256 3221 1320 litteris,
3246 1271 3371 1309 cum
3430 1271 3536 1324 pax
3567 1255 3674 1309 ini-

2088 1357 2276 1415 retur;
2304 1363 2425 1417 quae
2451 1356 2506 1401 ct
2532 1346 2911 1401 sanctissimus
2953 1336 3164 1402 Christi
3214 1354 3427 1417 martyr
3456 1345 3675 1400 Flavia-

2089 1455 2214 1504 nus,
2245 1454 2370 1492 cum
2397 1437 2464 1491 de
2494 1437 2603 1500 fide,
2624 1452 2724 1492 sua
2771 1437 3240 1506 interrogaretur;
3287 1451 3409 1505 quae
3447 1444 3523 1489 et.
3557 1435 3674 1490 Leo

2089 1530 2335 1600 Magnus,
2363 1545 2486 1584 cum
2516 1528 2643 1584 fidei
2673 1527 2962 1582 formulam
2998 1528 3054 1582 in
3081 1528 3313 1596 epistola
3343 1527 3410 1580 ad
3452 1526 3674 1580 Flavia-

2090 1637 2223 1675 num
2256 1621 2671 1691 przescriberet:
2707 1620 2750 1674 si
2804 1621 2951 1674 enim
2984 1628 3099 1674 tres
3138 1617 3243 1673 illa:
3295 1617 3678 1673 confessiones

2089 1713 2200 1766 sint
2234 1712 2536 1777 catholicae,
2601 1717 2663 1764 ut
2711 1726 2903 1764 revera
2954 1717 3105 1775 sunt,
3154 1723 3263 1777 qua
3320 1707 3539 1762 ratione
3561 1721 3678 1760 non

2089 1812 2383 1860 censeatur
2420 1802 2746 1865 catholicus,
2798 1800 2893 1870 qui
2942 1799 3023 1855 eis
3075 1798 3388 1854 consentit?
3430 1797 3678 1852 Consen-

2090 1896 2226 1951 sisse
2254 1911 2385 1950 vero
2413 1893 2826 1948 Theodoretum
2862 1891 2988 1945 inde
3016 1889 3236 1959 probari
3261 1896 3446 1958 potest
3477 1906 3492 1940 :

2165 1986 2523 2043 Orientalium
2553 1984 2714 2039 ﬁdem
2739 1985 2794 2038 in
2823 1981 3214 2051 compendium
3263 1981 3508 2052 Cyrillus
3533 1995 3677 2035 con-

2092 2080 2278 2142 traxit,
2303 2076 2827 2147 probavitque,imo
2861 2082 2918 2130 et
2972 2073 3217 2128 defendit
3251 2072 3306 2126 in
3347 2071 3583 2141 epistola
3607 2070 3682 2124 ad

2091 2171 2444 2226 Valerianum
2477 2187 2489 2222 :
2522 2187 2539 2219 ‹
2575 2167 2810 2237 Scripta,
2836 2166 3036 2235 inquit,
3061 2164 3676 2233 dilucidaquevconfes-

2093 2263 2248 2317 sione
2283 2261 2542 2315 omnibus
2573 2261 2756 2329 palam
2778 2259 3052 2323 fecerunt,
3087 2273 3145 2311 se
3171 2255 3488 2326 evangelica
3547 2269 3678 2324 apo-

2094 2354 2396 2423 stolicaque
2419 2352 2674 2421 dogmata
2704 2358 2924 2404 secutos
2949 2364 3092 2408 esse,
3115 2354 3550 2415 sanctorumque
3577 2346 3682 2400 Pas-

2094 2454 2242 2500 trum
2294 2442 2631 2499 confessioni
2684 2441 2838 2496 nullo
2865 2441 3030 2495 modo
3082 2438 3382 2494 adversari.
3435 2436 3680 2492 Professi

2095 2541 2224 2589 sunt
2254 2533 2423 2598 enim,
2457 2531 2688 2602 perinde
2724 2546 2788 2584 ac
2819 2545 2941 2593 nos,
2972 2537 3218 2584 sanctam
3245 2526 3527 2596 Virginem
3580 2524 3678 2580 Dei

2093 2615 2430 2675 Genitricem
2461 2636 2614 2685 esse;
2648 2633 2750 2672 nec
2777 2619 3121 2688 adjecerunt,
3157 2616 3301 2686 quod
3329 2615 3538 2670 Christi
3569 2614 3681 2669 Ge-

2093 2711 2263 2764 nitrix
2289 2710 2378 2775 sit,
2415 2716 2511 2764 aut
2534 2707 3053 2778 hominisgenitrix,
3090 2704 3559 2775 quemadmodum
3589 2703 3679 2757 di-

2095 2811 2245 2866 cunt,
2282 2802 2376 2870 qui
2401 2800 2647 2854 infelices
2669 2798 3143 2866 exsccrandasque
3188 2795 3429 2850 Nestorii
3459 2794 3681 2864 opinio-

2095 2909 2194 2948 nes
2231 2902 2498 2948 tuentur:
2537 2896 2895 2946 asseruerunt
2945 2889 3150 2958 quippe
3197 2887 3420 2942 disertis
3470 2887 3679 2951 verbis,

2097 3001 2268 3044 unum
2303 3002 2423 3040 esse
2455 2985 2677 3048 Filium,
2727 2998 2903 3037 unum
2932 2982 3247 3043 Dominum,
3301 2995 3473 3033 unum
3513 2979 3681 3034 Chri-

2095 3088 2261 3143 stum,
2299 3078 2394 3147 qui
2419 3085 2546 3130 ante
2570 3091 2731 3129 omne
2758 3074 3020 3128 sarculum
3060 3071 3342 3126 ineffabili
3389 3070 3557 3125 modo
3613 3085 3684 3124 ex

2090 3169 2203 3223 Deo
2233 3169 2396 3223 Patre
2420 3167 2636 3237 genitus
2664 3172 2749 3219 est
2781 3165 2928 3218 Deus
2974 3163 3238 3226 Verbum,
3263 3170 3318 3216 et
3351 3161 3448 3230 qui
3491 3159 3680 3214 novis-

2092 3260 2247 3314 simis
2283 3259 2624 3330 temporibus
2645 3256 2950 3313 secundum
2984 3269 3205 3308 carnem
3234 3267 3301 3308 ex
3335 3261 3516 3307 matre
3580 3266 3680 3305 na-

2095 3359 2215 3418 tus;
2242 3353 2316 3406 ita
2343 3360 2405 3406 ut
2425 3353 2568 3405 idem
2603 3353 2675 3405 sit
2704 3351 2722 3373 ‘
2751 3350 2900 3402 Deus
2922 3353 2979 3401 et
3001 3347 3191 3413 homo,
3221 3346 3368 3400 idem
3399 3345 3686 3414 perfectus

2091 3442 2149 3497 in
2170 3443 2395 3507 deitate,
2438 3441 2716 3512 perfectus
2739 3441 2794 3495 in
2823 3441 3169 3497 humanitate
3200 3457 3213 3493 ε
3247 3438 3483 3493 credunt
3527 3436 3684 3491 deni-

2092 3550 2200 3605 que
2225 3549 2389 3588 unam
2423 3534 2572 3588 illius
2603 3549 2722 3588 esse
2747 3549 3064 3604 personam,
3089 3542 3195 3586 nec
3242 3532 3352 3585 ulla
3379 3530 3599 3584 ratione
3625 3529 3681 3582 in

2094 3627 2234 3682 duos
2259 3626 2450 3693 Filios,
2479 3635 2574 3681 aut
2604 3626 2747 3681 duos
2785 3625 3059 3692 Christos,
3115 3635 3209 3681 aut
3240 3624 3380 3680 duos
3416 3623 3682 3677 Dominos

2093 3718 2514 3788 dispertiuntur.
2551 3737 2570 3770 ι

2165 3808 2413 3874 Quatuor
2447 3809 2616 3879 igitur
2662 3808 2754 3863 illa
2794 3808 2931 3863 fides
2965 3806 3444 3877 propositionibus
3497 3804 3683 3859 conti—

2093 3910 2276 3965 netur,
2303 3918 2440 3972 quas
2459 3902 2552 3972 qui
2580 3903 2900 3967 asseruerit,
2956 3901 3322 3964 orthodoxus,
3349 3899 3435 3954 vel
3487 3907 3684 3952 sancto

2094 3991 2299 4061 Cyrillo
2344 3992 2550 4061 judice,
2583 3992 2798 4046 censeri
2848 3991 3031 4046 debet.
3082 3993 3135 4044 1ο
3182 3991 3348 4044 Beata
3398 3987 3566 4058 Virgo
3597 3993 3685 4041 est

2096 4083 2348 4152 Deipara.
2373 4083 2430 4136 2°
2458 4084 2612 4138 Unus
2646 4092 2731 4138 est
2779 4084 2971 4148 Filius,
3010 4097 3153 4136 unus
3184 4081 3471 4143 Dominus,
3533 4094 3683 4133 unus

2096 4171 2351 4227 Christus
2385 4172 2529 4226 Deus
2563 4172 2824 4226 Verbum.
2861 4171 2920 4224 ’5⁸
2975 4171 3105 4224 Duae
3133 4178 3264 4223 sunt
3287 4167 3455 4224 Verbi
3515 4180 3685 4236 gene-

2097 4263 2360 4328 rationes,
2410 4271 2614 4318 a'terna
2658 4279 2788 4328 una,
2821 4279 2888 4318 ex
2935 4264 3097 4318 Patre
3137 4262 3290 4325 Deo;
3358 4257 3682 4327 temporalis

414 4361 509 4416 spe
537 4349 590 4401 in
621 4349 904 4404 Christum
925 4352 1162 4417 excidat,
1190 4361 1247 4408 et
1308 4354 1456 4409 dicet
1513 4357 1699 4412 omnis
1732 4359 1990 4429 populus,
2027 4387 2069 4440 υ
2098 4353 2269 4406 altera
2295 4368 2363 4406 ex
2391 4361 2566 4406 matre
2599 4352 2833 4422 virgine.
2877 4353 2933 4405 4°
2962 4352 3134 4406 Unica
3175 4359 3258 4404 est
3288 4348 3495 4404 Christi
3556 4362 3683 4416 per-

415 4437 553 4502 Fiat,
585 4441 705 4494 Fiat
724 4443 788 4495 ".
826 4461 844 4493 ι

483 4529 630 4582 Facit
660 4533 834 4594 tertio,
858 4533 1005 4600 quod
1037 4533 1104 4586 ab
1140 4535 1500 4604 Eutycbianis
1524 4537 1819 4592 durissima
1841 4554 1992 4608 quae-

413 4633 519 4687 que
551 4635 744 4687 passus
773 4622 876 4674 sit:
919 4623 1220 4679 domestico
1277 4627 1540 4680 nimirum
1583 4627 1711 4698 Cyri
1772 4645 1992 4684 carcere

411 4708 575 4779 465
601 4709 864 4775 inclusus,
890 4713 1234 4770 Alexandriae
1279 4716 1415 4771 diris
1439 4718 1691 4783 devotus,
1717 4720 1774 4774 in
1821 4721 1992 4774 latro-

413 4797 576 4852 cinali
609 4799 889 4869 Epliesino
924 4805 1158 4859 concilio
1195 4806 1444 4875 dejectus
1473 4809 1541 4862 de
1564 4810 1712 4875 sede,
1765 4810 1989 4867 civitate

411 4887 536 4960 Cyri
571 4893 852 4960 expulsus,
889 4895 1007 4948 sine
1036 4895 1164 4950 ullis
1196 4896 1523 4965 adjumentis
1571 4899 1716 4966 vitae,
1766 4901 1889 4973 igne
1933 4913 1989 4959 et

411 4993 552 5049 aqua
587 4981 936 5048 interdictus,
963 4984 1121 5040 libris
1143 4986 1378 5043 ﬂammae
1432 4990 1648 5046 traditis
1703 4995 1990 5052 traductus

413 5080 673 5143 tanquam
723 5077 1109 5133 haeresiarcha.
1151 5080 1350 5136 Annon
1407 5083 1476 5137 ab
1551 5085 1822 5144 haereticis
1876 5090 1991 5159 pati

414 5165 794 5220 testimonium
835 5169 1113 5236 quoddam
1137 5183 1223 5228 est
1252 5177 1515 5245 Opposita:
1537 5177 1707 5233 ﬁdei?

482 5256 636 5312 Facit
661 5269 850 5329 quarto
915 5263 1063 5318 sedis
1113 5268 1446 5336 apostolicze,
1499 5286 1663 5340 quam
1719 5272 1989 5329 adversus

409 5345 660 5402 Dioscori
691 5351 957 5420 synodum
993 5356 1384 5425 appellaverat,
1413 5367 1520 5414 tam
1549 5368 1824 5416 maturum
1853 5370 1990 5417 tam-

415 5451 524 5509 que
559 5440 799 5512 amplum
825 5451 884 5500 et
907 5442 1094 5502 efﬁcax
1120 5447 1410 5519 judicium,
1446 5459 1593 5506 utex
1626 5451 1801 5516 libris,
1851 5468 1990 5522 quos

2100 4457 2253 4507 sona,
2278 4458 2380 4496 nec
2403 4446 2459 4496 in
2483 4443 2622 4497 duos
2651 4443 2794 4498 filios
2815 4443 3068 4498 Christus
3093 4443 3377 4496 dividitur.
3437 4438 3549 4492 Has
3581 4453 3683 4492 au-

2103 4542 2213 4590 tem
2247 4536 2651 4604 propositiones
2679 4547 2917 4605 quatuor
2951 4536 3116 4590 unico
3154 4531 3471 4589 testimonio
3499 4531 3685 4584 Theo-

2100 4624 2326 4679 doretus
2355 4626 2640 4681 confessus
2654 4636 2756 4680 est.
2784 4625 2948 4696 466
2971 4645 2988 4676 ‹
3015 4625 3342 4680 Sanctorum
3364 4624 3592 4678 Patrum
3613 4622 3681 4684 ",

2098 4716 2298 4788 inquit,
2320 4718 2550 4787 vestigia
2575 4718 2727 4786 sequi
2748 4718 2911 4786 cupio
2947 4725 3002 4770 et
3028 4725 3178 4786 Opto,
3208 4723 3264 4769 et
3289 4713 3678 4783 Evangelicam

2096 4810 2426 4874 doctrinam,
2454 4827 2616 4880 quam
2643 4810 2972 4879 compendio
2999 4809 3160 4862 nobis
3182 4808 3552 4868 tradiderunt,
3581 4804 3678 4876 qui

2098 4905 2242 4975 apud
2265 4905 2498 4960 Nicaeam
2529 4920 2837 4961 convenere
2867 4904 3198 4959 sanctissimi
3225 4905 3440 4966 Patres,
3487 4903 3675 4960 illiba-

2097 5005 2209 5052 tam
2238 5001 2434 5052 studeo
2461 5013 2788 5054 conservare
2822 5016 2835 5052 :
2869 5008 2926 5054 et
2948 4999 3094 5054 sicut
3122 5012 3295 5051 unum
3345 5010 3471 5050 esse
3507 4997 3679 5052 credo

2090 5089 2264 5143 Deum
2295 5091 2533 5156 Patrem,
2562 5099 2619 5146 et
2644 5107 2814 5145 unum
2845 5091 3110 5161 Spiritum
3141 5097 3391 5144 sanctum
3422 5104 3491 5142 ex
3516 5090 3678 5144 Patre

2091 5179 2503 5248 procedentem,
2528 5183 2608 5237 sic
2637 5197 2809 5237 unum
2837 5182 3133 5236 Dominum
3177 5181 3365 5238 Jesum
3393 5180 3676 5236 Christum

2091 5273 2295 5328 Filium
2322 5273 2420 5328 Dei
2448 5275 2813 5345 unigenitum,
2844 5284 2970 5330 ante
2993 5273 3180 5329 omnia
3208 5271 3404 5329 secula
3425 5272 3673 5342 genitum

2090 5377 2121 5416 a
2146 5362 2328 5429 Patre,
2355 5365 2705 5435 splendorem
2726 5363 2912 5435 gloriae
2938 5372 2998 5418 et
3027 5363 3409 5419 characterem
3427 5371 3674 5432 paternae

2091 5456 2433 5522 substantiae,
2460 5466 2686 5530 propter
2733 5457 3018 5516 hominum
3063 5459 3293 5517 salutem
3323 5455 3674 5513 incarnatum

1751 5587 2067 5646 SCl‘lUllll
2097 5590 2326 5648 NOTAE.

417 5650 453 5684 .~
490 5643 535 5676 ιο
551 5645 724 5716 Epist.
742 5646 828 5708 εδ.
907 5652 948 5683 ιτ
981 5650 1120 5706 ibid.
