3956 6298
281 229 392 298 413

1469 241 1583 301 ΒΕ·
1614 239 1784 301 FIDE
1816 240 1862 299 Τ
1866 237 2324 300 HEODORETI.

3424 229 3533 295 414

282 358 344 404 et
375 347 654 404 hominem
681 352 908 416 factum,
964 361 1024 406 et
1055 349 1356 406 secundum
1403 365 1624 405 carnem
1667 359 1855 404 natum
1887 357 1932 414 Α
1963 358 2108 406 tuam
2142 347 2426 416 admirati;
2464 345 2704 417 Spiritus
2743 347 2917 403 sancti
2969 344 3225 416 gratiam,
3269 359 3390 414 qua
3429 357 3531 414 per

285 455 355 495 ex
381 439 549 494 Maria
589 439 808 511 Virgine
834 459 847 496 :
875 443 954 498 sic
975 443 1124 498 enim
1161 457 1266 498 nos
1299 442 1488 498 docuit
1513 443 1860 513 sapientissi-

286 548 410 589 mus
434 535 659 598 Paulus,
709 554 728 586 ι
764 545 872 590 etc.
898 535 966 589 Et
985 541 1110 606 post
1139 534 1373 589 adducta
1405 533 1560 588 Pauli
1611 533 1858 588 testimo-

285 625 386 680 nia
429 643 447 679 :
502 643 522 678 ε
568 626 866 695 Propterea
917 627 1206 696 Deiparam
1253 627 1594 696 appellamus
1619 636 1861 682 sanetam

287 715 588 786 Virginem,
617 726 673 770 et
700 731 817 781 eos,
841 717 934 786 qui
965 733 1163 770 nomen
1189 717 1296 771 hoc
1317 718 1630 788 repudiant,
1655 719 1862 773 alienos

287 820 315 859 a
349 805 555 874 pietate
589 820 876 860 censemus
910 823 922 858 :
951 805 1204 860 similiter
1235 815 1292 861 et
1345 823 1470 873 eos,
1499 807 1593 876 qui
1641 807 1697 863 in
1726 808 1862 862 duas

286 910 570 964 personas,
598 895 685 950 vel
710 895 851 950 duos
873 895 1061 958 Filios,
1089 896 1175 950 vel
1213 895 1352 950 duos
1394 897 1676 959 Dominos,
1717 897 1861 951 divi-

283 987 425 1042 dunt
450 1002 620 1041 unum
646 987 936 1042 Dominum
953 997 1200 1042 nostrum
1221 988 1408 1043 Iesum
1429 987 1730 1052 Christum,
1751 1003 1858 1041 non

284 1077 537 1132 sinceros
558 1078 815 1143 dicimus,
848 1087 954 1132 cta
984 1078 1425 1133 Christianorum
1480 1088 1625 1133 cmtu
1676 1095 1860 1148 segre-

284 1180 499 1235 gamus.
526 1186 543 1216 ι
586 1166 652 1220 Et
682 1176 891 1236 postea,
919 1185 936 1217 ι
958 1166 1169 1221 Clamat
1190 1166 1431 1236 Baptista
1457 1167 1644 1222 dicens
1673 1185 1686 1220 :
1734 1169 1860 1221 Post

287 1271 370 1308 me
390 1258 530 1310 venit
561 1258 660 1321 vir,
689 1259 776 1327 qui
809 1263 932 1310 ante
963 1273 1044 1310 me
1075 1257 1243 1326 factus
1277 1267 1372 1322 est,
1421 1259 1546 1328 quia
1585 1259 1730 1328 prior
1780 1275 1861 1312 me

286 1355 427 1400 erat.
482 1347 549 1402 Et
594 1363 717 1402 cum
765 1363 929 1401 unam
979 1349 1312 1403 ostendisset
1361 1364 1673 1418 personam,
1712 1357 1860 1405 utra-

287 1451 396 1506 que
438 1438 644 1506 posuit,
679 1437 866 1492 divina
905 1438 1115 1495 scilicet
1143 1448 1199 1494 et
1227 1440 1504 1494 humana:
1556 1440 1856 1494 humanum

287 1543 522 1598 namque
554 1537 657 1592 est,
691 1539 747 1584 et
770 1531 867 1594 vir,
901 1539 958 1583 et
997 1532 1136 1583 venit
1167 1548 1187 1596 ,-
1219 1531 1462 1586 divinum
1505 1547 1666 1598 vero,
1713 1533 1858 1602 prior

289 1637 370 1675 me
402 1632 520 1677 erat
547 1641 566 1678 :
598 1635 838 1680 attamen
885 1642 997 1680 non
1041 1626 1206 1680 alium
1229 1627 1382 1680 novit
1419 1641 1576 1689 eum,
1608 1625 1700 1694 qui
1737 1631 1859 1693 post

1962 459 2060 499 vos
2084 443 2267 498 locuta
2290 449 2394 505 est,
2425 439 2682 495 laudibus
2709 439 3024 495 extulimus.
3057 457 3076 490 ›

2033 535 2220 605 Neque
2250 534 2492 590 laudavit
2521 543 2751 597 tantum,
2779 531 2874 587 sed
2901 546 2968 585 ex
2989 545 3054 584 ea
3091 530 3323 584 formam
3363 529 3506 604 ﬁdei,
3582 563 3590 578 -ο

1962 640 2127 694 quam
2153 625 2359 678 Renato
2384 622 2640 676 Ecclesiae
2670 622 2924 674 Romanae
2963 619 3285 690 presbytero
3309 618 3528 682 direxit,

1963 715 2266 770 confecisse
2298 712 2519 766 videtur
2559 712 2638 764 ‘°:
2679 730 2696 760 ‹
2720 712 2824 766 Per
2849 711 3147 780 apostolica
3188 711 3415 779 vestigia
3443 710 3529 763 in-

1963 806 2127 869 cessi,
2162 819 2330 858 unum
2363 803 2711 873 praedicando
2765 803 2984 866 Filium,
3039 803 3184 856 sicut
3236 816 3406 854 unum
3431 801 3530 854 Pa-

1965 905 2104 950 trem
2143 904 2198 950 et
2230 911 2396 948 unum
2450 893 2712 963 Spiritum
2744 904 3011 956 sanctum,
3049 908 3212 946 unam
3247 891 3530 946 Trinitatis

1963 987 2332 1049 divinitatem,
2364 1002 2532 1039 illiilli]
2563 1000 2810 1055 regnum,
2839 1001 2999 1038 unam
3027 982 3348 1053 potentiam,
3368 993 3530 1038 teter-

1963 1079 2212 1140 nitatem,
2243 1078 2760 1140 immutabilitatem,
2803 1076 3318 1144 impassibilitatem,
3361 1091 3526 1129 unam

1962 1172 2320 1234 voluntatem,
2366 1169 2662 1240 perfectam
2694 1169 2909 1223 Domini
2942 1169 3115 1221 nostri
3149 1169 3277 1222 Jesu
3322 1167 3528 1221 Christi

1963 1264 2327 1326 divinitatem,
2353 1261 2650 1331 perfectam
2681 1259 3102 1322 humanitatem,
3157 1275 3277 1327 qure
3307 1268 3530 1327 propter

1960 1363 2203 1408 nostram
2259 1352 2490 1405 salutem
2543 1357 2821 1416 assumpta
2877 1356 2995 1402 est.
3055 1355 3111 1401 et
3153 1356 3379 1416 propter
3428 1362 3530 1401 nos

1961 1441 2124 1494 morti
2150 1440 2368 1494 tradita.
2395 1439 2513 1492 Non
2547 1436 2712 1490 alium
2761 1435 2886 1489 novi
2913 1436 3108 1488 Filium
3162 1434 3421 1497 hominis,
3476 1443 3532 1489 et

1961 1533 2128 1587 alium
2167 1532 2364 1588 Filium
2417 1529 2544 1594 Dei;
2603 1527 2698 1582 sed
2746 1527 3024 1590 eumdem,
3076 1527 3273 1580 Filium
3304 1525 3526 1594 quidem

1963 1625 2080 1688 Dei,
2108 1633 2164 1679 et
2200 1625 2370 1678 Deum
2399 1639 2465 1677 ex
2485 1623 2598 1676 Deo
2626 1621 2867 1691 genitum
2892 1635 2906 1683 ;
2931 1618 3130 1671 Filium
3181 1634 3312 1671 vero
3346 1617 3525 1669 homi-

285 1713 458 1776 venit,
487 1723 543 1769 et
572 1715 760 1779 alium,
786 1715 878 1785 qui
923 1724 1049 1770 ante
1079 1716 1258 1784 ipsum
1297 1724 1442 1780 erat;
1479 1715 1573 1769 sed
1602 1715 1856 1769 eumdem
1889 1700 1928 1753 Β
1957 1715 2064 1778 nis',
2089 1724 2314 1784 propter
2337 1725 2670 1784 assumptam
2708 1727 2776 1766 ex
2802 1708 3009 1766 semine
3037 1706 3270 1761 Abrahae
3311 1715 3367 1760 et
3418 1707 3527 1760 Da-

286 1803 463 1866 novit,
493 1812 620 1859 ante
648 1807 844 1861 simula
867 1807 1089 1876 quidem
1120 1816 1181 1861 ut
1203 1807 1376 1861 Deum
1402 1823 1417 1872 ;
1449 1806 1730 1862 hominem
1758 1822 1856 1863 ve-

285 1906 350 1945 ro
383 1900 506 1960 post
531 1893 708 1961 ipsum
731 1895 934 1950 factum
965 1911 1031 1950 ex
1053 1895 1295 1966 Virgine.
1321 1915 1340 1948 ι

353 2032 432 2086 De
460 2049 568 2087 una
609 2031 810 2087 Christi
843 2051 1076 2105 persona
1112 2037 1455 2091 luculentum
1489 2045 1573 2091 est
1609 2037 1855 2090 testimo—
1885 2025 1887 2029 ’

284 2123 437 2177 nium
489 2124 914 2193 interrogatione
960 2127 1022 2181 l9
1083 2127 1138 2181 in
1186 2127 1457 2183 Genesin:
1498 2147 1516 2179 α
1553 2127 1698 2181 Deus
1728 2167 1742 2191 ,
1775 2127 1878 2180 in-'

281 2215 615 2285 quit“,qui
675 2217 962 2284 przenoscit
1010 2218 1213 2283 omnia,
1245 2235 1365 2287 qua:
1421 2217 1664 2272 nondum
1714 2215 1852 2272 facta

282 2317 434 2372 sunt,
472 2315 726 2376 tanquam
747 2309 856 2378 jam
884 2309 1055 2374 facta;
1097 2310 1189 2378 qui
1221 2309 1554 2379 prmvidebat
1576 2307 1852 2378 Unigeniti

281 2398 714 2452 incarnationem
740 2407 795 2452 et
826 2399 1354 2462 inhumanationem,
1370 2399 1625 2468 quodque
1646 2414 1711 2452 ex
1729 2397 1853 2452 Vir-

281 2490 408 2560 gine
432 2489 678 2543 eamdem
703 2497 954 2544 naturam
994 2499 1312 2560 sumpturus
1344 2502 1508 2552 esset,
1543 2507 1705 2560 quam
1747 2489 1852 2544 sibi

283 2588 582 2649 coaptaret,
613 2589 667 2633 et
695 2581 895 2646 uniret,
925 2583 1003 2635 sic
1035 2589 1095 2634 ut
1122 2598 1227 2636 una
1259 2597 1491 2651 persona
1522 2583 1618 2636 Dei
1655 2590 1710 2637 et
1754 2581 1854 2637 ho-

282 2669 450 2723 minis
476 2669 828 2740 intelligatur,
862 2680 916 2726 et
950 2688 1056 2726 una
1079 2672 1378 2741 eademque
1418 2673 1493 2726 illi
1514 2674 1759 2728 adoratio
1784 2673 1853 2728 ab

285 2761 542 2815 universa
573 2771 822 2816 creatura
849 2761 1149 2828 deferatur,
1186 2773 1293 2817 etc.
1332 2783 1350 2814 ›

349 2891 823 2958 Quemadmodum
851 2893 1093 2950 Flaviani
1127 2894 1383 2964 martyris
1412 2893 1547 2950 ﬁdes
1569 2896 1638 2950 ab
1661 2896 1854 2951 Orien-

284 2981 477 3037 talium
513 2981 853 3036 confessione
883 2997 993 3034 non
1025 2981 1232 3046 diliert,
1259 2982 1360 3039 nisi
1385 2983 1531 3052 quod
1565 2984 1727 3052 paulo
1760 2999 1854 3038 ex-
1880 3021 1922 3078 ο

283 3071 530 3142 pressior
569 3070 624 3124 in
673 3086 736 3124 ea
769 3071 830 3125 tit
872 3073 1076 3126 mentio
1103 3072 1336 3127 duarum
1378 3081 1696 3127 naturarum
1731 3081 1854 3142 post

285 3161 611 3223 unitionem,
650 3159 914 3216 adversus
941 3161 1243 3232 Eutychen,
1278 3169 1333 3216 et
1372 3162 1539 3216 unius
1586 3177 1850 3232 personae,

284 3259 476 3306 contra
513 3251 862 3317 Nestorium;
892 3252 967 3306 ita
1017 3268 1140 3322 quas
1173 3253 1317 3307 dicta
1355 3263 1483 3308 sunt
1519 3253 1586 3306 de
1625 3267 1855 3308 consen-

283 3341 439 3395 sione
462 3340 791 3395 Theodoreti
824 3356 946 3395 cum
975 3340 1370 3408 Orientalibus,
1399 3343 1630 3414 perinde
1667 3342 1856 3398 valent

283 3431 352 3488 ad
390 3431 872 3487 demonstrandam
915 3449 1041 3487 cum
1080 3433 1338 3488 Flaviano
1387 3435 1850 3489 convenientiam.

283 3522 403 3580 Jam
431 3539 563 3578 vero
605 3523 926 3594 dogmatica:
960 3523 1014 3578 S.
1044 3524 1248 3580 Leonis
1286 3525 1531 3594 epistolae
1557 3526 1855 3580 conformi-

284 3621 370 3669 ter
398 3630 456 3668 se
489 3614 692 3668 sentire
731 3615 936 3684 scripto
970 3617 1248 3686 verboque
1281 3617 1664 3672 Theodoretus
1702 3625 1854 3687 pate-

283 3705 433 3760 fecit.
466 3705 602 3759 Nam
633 3705 689 3759 in
717 3705 916 3761 litteris
939 3706 1005 3759 ad
1048 3706 1103 3762 S.
1130 3708 1366 3766 Leonem
1409 3726 1422 3762 :
1472 3728 1490 3760 ι
1533 3709 1849 3776 lncidimus,

283 3796 462 3866 inquit
491 3796 555 3861 ³³,
593 3795 649 3850 in
712 3795 821 3862 illa,
857 3814 978 3867 quae
1000 3797 1067 3852 de
1093 3799 1187 3852 Dei
1235 3799 1638 3870 Salvatorisque
1678 3801 1851 3856 nostri

283 3887 659 3942 incarnatione
686 3886 956 3943 Sanctitas
1002 3899 1180 3944 vestra
1222 3891 1475 3960 scripsit,
1503 3901 1560 3946 et
1598 3891 1851 3947 admirati

280 3994 471 4034 sumus
512 3986 757 4032 exactam
787 3979 990 4052 Ioperis
1033 3980 1372 4047 diligentiam
1399 3999 1410 4035 :
1444 3991 1674 4051 utraque
1703 3985 1851 4037 enim

282 4068 337 4122 in
367 4066 561 4121 eodem
609 4067 942 4132 declarabat,
973 4077 1232 4124 aeternam
1278 4073 1488 4127 scilicet
1539 4089 1606 4128 ex
1644 4083 1852 4128 :eterno

281 4158 438 4216 Patre
471 4158 744 4229 Unigeniti
777 4159 1138 4228 divinitatem,
1171 4169 1227 4214 et
1252 4163 1496 4232 ejusdem
1522 4178 1589 4216 ex
1619 4164 1854 4218 Abrabm

281 4261 337 4305 et
374 4251 596 4305 Davidis
646 4252 854 4306 semine
894 4251 1314 4319 humanitatem,
1362 4269 1426 4308 ac
1484 4254 1720 4308 similem
1754 4270 1854 4324 per

285 4338 469 4391 omnia
493 4339 653 4394 nobis
693 4339 860 4394 fuisse
903 4349 1237 4410 assumptam
1285 4348 1559 4405 naturam,
1599 4339 1703 4396 hoc
1741 4357 1852 4397 uno

287 4428 626 4495 dissimilem,
657 4430 801 4498 quod
830 4430 1036 4498 peccati
1075 4447 1272 4500 expers
1317 4431 1606 4498 manserit,
1648 4431 1850 4501 quippe

284 4517 434 4589 quod
460 4534 565 4580 non
591 4536 655 4575 ex
677 4529 893 4582 natura,
923 4522 1016 4574 sed
1040 4538 1108 4576 ex
1143 4523 1320 4576 libera
1349 4522 1630 4576 voluntate
1663 4522 1845 4576 nasci-

287 4617 395 4663 tur.
414 4607 572 4680 467
593 4610 655 4664 Et
671 4611 773 4665 hoc
793 4618 1051 4680 praeterea
1071 4613 1266 4666 littera:
1282 4613 1657 4678 continebant,
1681 4629 1850 4666 unum

280 4712 404 4754 esse
441 4700 779 4769 unigenitum
802 4702 896 4755 Dei
919 4702 1140 4767 Filium,
1167 4713 1220 4757 et
1239 4704 1594 4773 impatibilem
1625 4706 1741 4774 ejus
1764 4705 1851 4758 di-

281 4791 589 4855 vinitatem,
630 4807 750 4861 quae
784 4807 887 4846 nec
915 4793 1053 4846 verti
1086 4805 1268 4862 queat,
1297 4810 1398 4848 nec
1443 4795 1666 4859 mutari,
1708 4795 1850 4849 sicut

281 4889 338 4936 et
383 4881 478 4950 qui
519 4881 695 4951 ipsum
744 4882 931 4952 genuit
980 4883 1140 4939 Pater
1191 4894 1245 4939 et
1292 4885 1529 4954 Spiritus
1588 4897 1848 4952 sanctus;

283 4971 522 5040 ideoque
545 4971 828 5041 patibilem
872 4975 1122 5025 naturam
1168 4974 1487 5043 sumpsisse,
1507 4976 1635 5043 quia
1668 4976 1853 5030 divina

280 5063 800 5132 natura'passionem
820 5078 928 5117 non
945 5062 1212 5132 capiebat,
1232 5073 1290 5118 ut
1315 5081 1411 5134 per
1427 5067 1603 5120 carnis
1618 5067 1852 5136 propriae

279 5153 595 5222 passionem
626 5152 1125 5222 impassibilitatem
1155 5154 1222 5208 iis
1249 5156 1342 5222 qui
1364 5155 1417 5208 in
1452 5155 1630 5224 ipsum
1655 5157 1849 5211 crede-

283 5247 428 5303 rent,
463 5241 794 5312 largiretur;
831 5257 934 5296 nos
969 5258 1100 5296 vero
1146 5243 1482 5311 spiritualem
1533 5247 1851 5315 sapientiam

1956 1805 2098 1860 vidis
2128 1805 2270 1858 servi
2299 1804 2548 1858 formam.
2573 1822 2591 1853 ι

2026 1897 2140 1951 lmo
2167 1895 2416 1950 eamdem
2438 1895 2589 1948 velut
2617 1902 2823 1949 certam
2847 1892 2974 1947 fidei
3005 1892 3250 1960 regulam
3302 1891 3357 1944 in
3396 1903 3526 1943 con-
3561 1903 3568 1909 ·

1956 1988 2084 2043 cilio
2119 1987 2571 2048 Chalcedonensi,
2597 1984 2920 2055 lllyricianis
2945 1993 3002 2039 et
3037 1981 3342 2037 Palaestinis
3381 1994 3523 2032 non-

1957 2079 2163 2133 nullam
2185 2078 2526 2147 patientibus
2546 2076 2940 2140 didieultatem,
2963 2074 3234 2143 exposuit,
3260 2071 3532 2126 adducto‘

1955 2185 2063 2238 que
2128 2168 2316 2239 Cyrilli
2349 2169 2665 2224 testimonio
2707 2167 3072 2222 conﬁrmavit.
3121 2163 3522 2218 Testimonium

1954 2273 2142 2328 porro,
2172 2257 2319 2326 quod
2368 2257 2571 2322 attulit,
2613 2272 2787 2311 unum
2819 2265 2905 2310 est
2958 2269 3171 2318 eorum,
3225 2268 3344 2322 quae
3385 2253 3524 2322 jam-

1955 2347 2159 2403 dudum
2186 2348 2242 2402 in
2271 2348 2530 2404 Eranista-
2555 2347 2880 2417 protulerat,
2911 2359 3141 2414 qumque
3163 2343 3248 2396 vel
3287 2343 3521 2413 subjun—

1953 2438 2033 2492 xit
2077 2439 2193 2508 ipse
2255 2440 2456 2495 Leonis
2509 2440 2784 2509 epistolze,
2841 2438 2927 2492 vel
2974 2435 3354 2507 subjungenda
3403 2435 3530 2489 aliis

1955 2531 2344 2599 suppeditavit.

2023 2624 2041 2642 ‘
2065 2622 2340 2692 lnterpres
2357 2621 2597 2677 Gailicus
2625 2620 2872 2675 historiae
2891 2618 3276 2674 ecclesiasticm
3303 2615 3528 2672 adducit

1953 2714 2329 2778 manifestum,
2371 2723 2432 2768 ut
2485 2715 2601 2783 ipse
2656 2714 2878 2782 quidem
2925 2721 3102 2782 putat,
3151 2711 3523 2766 testimonium

1955 2819 2054 2874 pro
2083 2803 2188 2858 (ide
2216 2805 2545 2859 Theodoreti
2581 2805 2648 2859 de
2680 2805 3094 2867 incarnatione;
3129 2817 3325 2870 nempe
3357 2808 3525 2870 caput

1955 2884 2452 2947 undecimum-ﬁeri
2470 2895 2652 2962 quarti
2670 2894 3049 2946 hmreticarum
3080 2891 3408 2952 fabularum.
3429 2891 3530 2944 ubi.

1957 2982 2338 3039 Theodoretus
2353 2982 2663 3036 Nestorium
2680 2997 2786 3035 non
2807 2989 3018 3036 tantum
3038 2979 3242 3034 diaboli
3261 2994 3522 3048 organum

1957 3085 2136 3142 vocat,
2169 3083 2333 3142 atque
2357 3073 2425 3126 ab
2450 3072 2744 3142 Ephesinis
2771 3070 3052 3135 Patribus,
3101 3069 3366 3124 instinctu
3398 3069 3523 3138 Spi-

1962 3171 2102 3224 ritus
2127 3167 2321 3232 sancti,
2348 3167 2546 3221 merito
2575 3165 2914 3228 damnatum,
2962 3178 3177 3217 necnon
3201 3177 3232 3216 a
3284 3163 3394 3216 Deo
3422 3177 3528 3230 pro

1961 3260 2239 3330 impietate
2286 3258 2540 3328 punitum
2589 3263 2800 3321 narrat,
2851 3254 2946 3309 sed
2998 3255 3163 3308 etiam
3212 3252 3525 3306 vehementi

1959 3352 2209 3406 oratione
2241 3349 2477 3404 refellit:
2505 3346 2842 3427 quod'caput
2869 3345 2964 3399 ubi
2995 3344 3267 3413 integrum
3309 3341 3422 3396 fere
3443 3342 3528 3395 in-

1960 3451 2170 3511 terpres
2201 3441 2449 3511 protulit,
2483 3454 2662 3508 opera:
2701 3438 2940 3507 pretium
2971 3436 3194 3505 negavit
3235 3449 3357 3488 esse
3390 3432 3540 3486 illud»

1957 3533 2350 3588 commentario
2378 3532 2678 3596 illustrare,
2715 3545 2840 3584 cum
2863 3527 3074 3592 lectori,
3111 3525 3277 3580 etiam
3321 3523 3521 3578 medio.

1959 3625 2124 3680 criter
2152 3631 2380 3688 attento,
2412 3620 2759 3692 persuadeat,
2803 3617 3002 3687 capitis
3053 3617 3279 3685 hujusce
3333 3621 3530 3668 aucto-

1959 3730 2073 3769 rem
2100 3713 2326 3768 sinceraa
2345 3728 2466 3768 esse
2517 3711 2643 3766 ﬁdei
2674 3719 2728 3763 et
2755 3709 2952 3764 eximie
2983 3706 3312 3762 catholicum
3332 3704 3397 3758 δι.

2025 3804 2227 3859 Verum
2269 3803 2524 3872 excipere
2588 3808 2773 3871 posset
2837 3798 3106 3869 quispiam
3157 3796 3224 3850 de
3281 3804 3526 3864 tempore

1957 3895 2178 3958 horum,
2209 3910 2331 3963 quae
2351 3909 2452 3962 pro
2481 3892 2836 3946 Theodoreto
2870 3889 3106 3943 adducta
3133 3895 3281 3951 sunt,
3327 3900 3522 3940 causa-

1958 3993 2047 4038 tus
2076 3985 2279 4053 scripta
2307 3998 2427 4038 esse
2468 3989 2524 4035 et
2570 3981 2639 4034 ab
2678 3979 2899 4033 homine
2931 3979 3118 4031 attrito
3154 3975 3334 4037 malis,
3363 3983 3419 4027 et
3467 3974 3524 4027 in

1957 4075 2221 4143 patientia
2273 4073 2647 4128 calamitatum
2692 4071 2917 4126 invitam
2978 4065 3376 4121 confessionem
3426 4081 3522 4119 ex-

1958 4173 2271 4233 torquente.
2332 4163 2496 4218 Dedit
2541 4163 2690 4216 enim
2751 4161 3003 4224 litteras,
3044 4157 3190 4211 unde
3265 4163 3523 4224 excerpta

1959 4264 2086 4310 sunt
2117 4253 2431 4309 testimonia
2476 4259 2601 4322 post
2654 4266 2858 4305 annum
2883 4249 2984 4303 447
3029 4246 3096 4310 δ’,
3129 4262 3237 4316 quo
3281 4255 3523 4315 tempore

1890 4368 1929 4419 υ
1961 4345 2281 4414 resipiscere
2301 4342 2630 4413 incipiebat:
2663 4340 2934 4410 siquidem
2959 4338 3025 4393 ad
3051 4337 3370 4392 Dioscorum
3392 4335 3524 4390 scri-

1955 4435 2085 4505 psit,
2152 4442 2439 4504 postquam
2501 4432 2556 4487 in
2613 4447 2733 4498 suo,
2787 4446 2951 4501 quem
3000 4437 3178 4493 vocat,
3221 4426 3524 4481 domestico

1956 4541 2174 4580 carcere
2220 4533 2331 4579 tres
2381 4540 2554 4579 annos
2594 4524 2854 4578 detentus
2897 4530 3064 4582 esset,
3115 4519 3265 4573 etde
3295 4516 3398 4571 ﬁde
3455 4516 3522 4570 ab

1959 4613 2211 4670 Armenis
2258 4615 2540 4668 monachis
2584 4614 2925 4683 postulatus,
2971 4610 3136 4681 468
3184 4606 3525 4662 Alexandria:

1961 4705 2281 4759 solemniter
2303 4704 2357 4757 in
2387 4705 2622 4758 ecclesia
2644 4703 2781 4757 diris
2809 4702 3038 4756 devotus
3058 4701 3269 4752 fuisset.
3295 4697 3528 4766 Scripsit

1960 4797 2138 4851 serius
2169 4795 2330 4850 etiam
2358 4795 2424 4849 ad
2452 4803 2696 4849 sanctum
2736 4794 2995 4857 Leonem,
3021 4805 3218 4858 nempe
3241 4798 3524 4857 postquam

1959 4887 2167 4956 Ephesi
2198 4886 2479 4956 depositus
2507 4893 2609 4948 est,
2636 4900 2785 4937 anno
2805 4884 2909 4938 449
2937 4881 3003 4934 ⁸³.
3053 4879 3370 4950 Composuit
3394 4892 3524 4932 vero

1960 4977 2132 5032 libros
2163 4977 2540 5031 liarreticarum
2590 4975 2899 5028 fabularum
2929 4972 3110 5026 adhuc
3144 4970 3373 5033 tardius,
3424 4985 3524 5024 an-

1959 5084 2033 5123 no
2062 5069 2166 5123 152
2190 5067 2254 5121 ii.
2279 5067 2456 5134 Quare
2483 5081 2622 5136 opus
2652 5073 2738 5120 est
2763 5062 3075 5125 ostendere,
3123 5076 3287 5130 quam
3319 5060 3524 5129 priori-

1961 5159 2064 5214 bus
2089 5159 2430 5228 temporibus
2457 5155 2786 5211 sententiam
2824 5153 2891 5208 de
2932 5167 3011 5216 re,
3065 5167 3172 5222 qua
3217 5151 3284 5205 de
3320 5151 3523 5220 agitur,

1961 5257 2154 5320 sponte
2176 5265 2270 5304 sua
2303 5247 2520 5303 dixerit.

1620 5398 1930 5456 SCHULZII
1960 5399 2186 5459 ΝΟΤᾸΞ).

359 5487 404 5520 ιι
433 5487 556 5541 Vid.
581 5494 621 5540 t.
655 5487 695 5551 1,
728 5489 901 5570 p.35.
981 5490 1023 5522 ιθ
1049 5491 1182 5570 Vid.
1212 5491 1392 5570 epise-
1429 5493 1544 5560 “3,
1577 5495 1743 5570 etv,

283 5571 507 5625 quoque
532 5566 870 5625 argumentis
920 5573 1049 5613 05118
1106 5569 1190 5614 851,

285 5639 478 5695 supra,
513 5640 568 5694 ι).
597 5626 702 5681 sto
823 5627 863 5658 ιι
893 5627 1013 5680 Vid.
1037 5644 1092 5698 ι).
1128 5629 1231 5682 eoo
1265 5635 1318 5683 et
1340 5629 1464 5685 est.

1278 5499 1371 5544 ist.
1429 5499 1544 5560 H3,
1577 5504 1614 5549 ε.
1657 5499 1743 5561 ιν,
1790 5513 1843 5566 p.
1895 5499 2031 5553 1188
2061 5514 2174 5568 seq.
2256 5499 2298 5529 ⁸ο
2323 5499 2386 5550 V.
2421 5499 2582 5564 epist.
2627 5499 2745 5560 116,
2782 5503 2818 5548 ι.
2855 5499 2918 5558 γ,
2951 5510 3006 5563 p.
3045 5499 3199 5546 “98.

1278 5562 1520 5639 ousinus.
1577 5564 1697 5618 Viti.
1761 5566 1873 5622 Art.
1893 5585 1943 5632 v,
1980 5569 2007 5639 δ
2033 5571 2084 5623 9.
2160 5570 2203 5600 “
2229 5567 2336 5622 Sed
2397 5566 2521 5620 vide
2549 5581 2734 5635 supra,
2762 5580 2814 5635 p.
2847 5563 2971 5628 3'50,
3002 5561 3174 5617 schol.
3203 5560 3254 5614 1.

3282 5490 3324 5521 δ’
3391 5490 3526 5544 Ai'is

2256 5497 2298 5529 ⁸ο
2323 5496 2386 5550 V.
2421 5497 2582 5564 epist.
2627 5495 2745 5560 116,
2782 5503 2818 5548 ι.
2855 5495 2918 5558 V,
2951 5510 3006 5563 p.
3045 5495 3199 5546 H98.
3282 5495 3324 5521 "
3391 5495 3522 5544 Alit:

2256 5567 2334 5613 ἱρά
2397 5566 2521 5613 vide
2549 5581 2734 5613 suum.
2762 5580 2814 5613 n.
2847 5563 2971 5613 3'50.
3002 5561 3174 5613 schol.
3203 5560 3254 5613 ‘l.
3336 5559 3380 5590 ⁸³
3406 5559 3522 5613 Viti.

2951 5510 3006 5563 p.
3045 5492 3199 5563 H98.
