3956 6298
408 228 512 295 4ὶό

1537 226 1917 289 GAHNERII
1956 223 2459 287 DISSERTATIO
2499 224 2593 284 111

3574 220 3691 287 ιιι

478 346 641 409 Anno
686 345 829 411 450,
872 344 936 399 in
993 342 1222 414 epistola
1277 340 1506 399 Joannis
1548 341 1619 397 ad
1648 341 1986 405 Nestorium,
2020 349 2067 403 Α
2165 337 2251 395 Ad
2281 337 2400 394 hanc
2429 332 3101 399 accedentemcscissima
3147 334 3475 391 testiinonia
3494 336 3684 391 sancti

409 448 576 507 quam
597 434 949 505 conscripsit,
983 441 1079 488 aut
1101 432 1297 488 saltem
1319 432 1681 488 consensione
1710 430 1988 502 probavit,

411 537 705 599 postquam
723 525 793 582 de
813 540 945 580 voce
969 524 1213 592 Deiparw
1237 523 1447 580 dictum
1512 532 1616 591 est,
1660 525 1911 595 pergitur
1934 524 1991 578 in

411 618 527 671 lucc
551 616 723 671 verba
756 615 835 667 “z
869 634 887 666 ι
913 614 968 669 Si
1000 614 1078 680 id,
1124 615 1274 685 quod
1307 616 1553 671 nominis
1591 616 1992 686 signiﬁcatione

413 710 659 772 oﬂ'ertur,
690 723 799 762 non
828 708 1145 778 recipimus,
1177 715 1347 764 restat
1410 709 1553 765 utin
1601 709 1991 780 gravissimum

411 815 652 854 errorem
679 800 1070 869 prolabamur;
1110 800 1222 855 imo
1246 816 1380 857 vero
1430 811 1492 857 ut
1544 801 1993 871 inexplicabilem

411 890 557 944 illam
578 891 845 961 unigeniti
878 890 999 945 Filii
1043 892 1141 946 Dei
1201 892 1565 948 oeconomiam
1621 892 1990 961 abuegemus:

409 980 876 1050 quandoquidem,
907 981 1012 1037 hoc
1041 983 1266 1038 nomine
1308 984 1547 1048 sublato,
1575 984 1663 1039 vel
1698 983 1865 1054 hujus
1897 999 1997 1052 po-

410 1074 519 1128 tius
546 1076 788 1130 nominis
843 1077 1072 1132 notione
1104 1077 1411 1148 repudiata,
1477 1078 1730 1148 sequitur
1768 1093 1896 1131 mox
1925 1078 1994 1132 il-

408 1167 522 1220 lum
557 1182 666 1219 non
703 1182 824 1222 esse
854 1168 1051 1233 Deum,
1076 1170 1170 1239 qui
1201 1169 1586 1226 admirabilem
1627 1170 2017 1240 dispensatioy

408 1273 536 1313 nem
581 1259 776 1313 salutis
842 1270 1042 1316 nostne
1094 1277 1262 1317 causa
1306 1263 1551 1332 suscepit
1596 1280 1609 1316 :
1673 1270 1790 1317 tum
1822 1263 1994 1317 Deum

417 1348 661 1402 Verbum
707 1364 889 1419 neque
950 1366 1010 1405 se
1059 1352 1452 1417 exlnanivisse,
1510 1367 1705 1422 neque
1744 1354 1799 1407 in
1838 1354 1993 1409 servi

409 1438 644 1493 formam
683 1455 741 1495 se
770 1439 1092 1505 demittens,
1130 1442 1462 1498 ineffabilem
1507 1445 1803 1514 quamdam
1838 1445 1997 1499 beni-

412 1532 649 1601 gnitatis
678 1533 1117 1603 magnitudinem
1144 1534 1386 1597 humano
1400 1536 1585 1606 generi
1608 1531 1924 1592 exhibuisse
1943 1555 1990 1603 ;o

411 1630 519 1676 etc.
552 1621 707 1677 Hanc
725 1638 890 1692 porro
917 1624 1231 1694 epistolam,
1269 1634 1330 1681 ut
1356 1627 1491 1691 dixi,
1522 1628 1606 1681 vel
1639 1629 1858 1699 scripsit
1881 1631 1995 1699 ipse

2096 432 2303 488 Leonis
2339 430 2551 487 mni
2573 427 2874 500 pontiﬁcis,
2899 428 3167 485 Marciani
3218 427 3578 498 imperatoris
3616 437 3687 483 et

2097 525 2405 581 Pulcheria:
2447 524 2729 594 Augustae,
2771 529 2986 593 quarta:
3038 521 3238 594 synodi
3287 521 3681 587 meumeniczer.

2096 615 2312 674 Maximi
2354 613 2686 671 Antiocheni
2715 613 3006 678 antistitis,
3041 609 3288 667 Facundi
3310 610 3684 667 Hermianen-

2096 708 2176 764 sis
2196 708 2468 778 episcopi,
2510 707 2694 763 Photii
2718 704 3333 775 Constantinepolitani
3376 704 3637 773 praesulis
3666 745 3679 765 ,

2069 844 2073 847 .
2094 800 2323 857 Joannis
2348 800 2632 855 Euehaitte
2650 797 3013 854 eruditissimi
3032 795 3337 865 scriptoris.

2170 893 2404 949 Sanctus
2440 891 2637 946 Leode
2687 889 3040 944 Theodoreto
3062 903 3132 943 ex
3184 887 3347 942 libris
3406 884 3681 958 judicium

2096 985 2367 1048 exercuit,
2389 982 2822 1056 judicatumque‘
2860 994 2974 1035 sum
3016 978 3448 1042 communionis,
3483 975 3681 1045 utique

2096 1076 2402 1141 catholicae,
2458 1075 2784 1145 participem
2839 1072 3063 1139 eil‘ecit;
3108 1071 3241 1137 imo,
3290 1070 3437 1126 datis
3477 1069 3683 1124 htteris

2097 1166 2476 1238 amplissimis,
2510 1175 2740 1236 propter
2781 1164 2947 1219 ﬁdem
2992 1163 3267 1228 laudavit,
3309 1170 3476 1231 atque
3508 1161 3678 1216 etiam

2097 1260 2169 1314 ob
2199 1273 2354 1313 suam
2389 1257 2700 1329 epistulam,
2724 1271 2850 1327 quae
2885 1262 3037 1310 certa
3076 1254 3204 1309 ﬁdei
3247 1253 3456 1323 regula,
3490 1251 3682 1311 defen-

2099 1365 2236 1416 sam,
2271 1350 2476 1420 gratias
2533 1348 2664 1420 egit,
2712 1349 2904 1417 reique
2950 1346 3235 1403 catholicae
3286 1343 3680 1414 promovenda

2098 1440 2356 1495 mndata
2381 1448 2641 1510 tanquam
2670 1438 2932 1508 episcopo
2962 1435 3238 1492 catholico
3258 1434 3449 1489 dedit:

2170 1529 2475 1601 Imperator
2524 1528 2865 1590 Marcianus,
2930 1525 3199 1583 suadente
3251 1524 3500 1594 Augusta
3548 1522 3681 1577 Pul-

2100 1621 2307 1685 eheria,
2331 1619 2560 1675 rescidit
2607 1618 2789 1674 edicta
2829 1616 3145 1672 Theodosii
3180 1615 3450 1670 adversus
3496 1614 3682 1669 Thec-

414 1682 814 1780 Theodoretus,
851 1682 999 1785 quod
1024 1682 1349 1774 credibilius
1384 1718 1430 1751 “
1451 1682 1581 1774 :Ivel
1635 1682 1829 1775 saltem
1858 1682 1995 1777 con-

2107 1682 2377 1776 domum,
2409 1719 2467 1766 et
2501 1711 2570 1766 iis
2608 1709 2800 1765 verbis
2828 1709 3074 1774 rescidit,
3118 1724 3244 1778 quae
3270 1723 3475 1779 purum
3508 1707 3682 1762 haere-

412 1801 539 1856 silio
571 1804 907 1873 scribean
936 1808 1101 1878 jurit,
1134 1808 1282 1878 quod
1331 1824 1496 1865 nemo
1535 1812 1819 1886 negaverit
1868 1827 1994 1868 cum

413 1893 469 1946 id
502 1893 620 1963 ipsa
649 1896 884 1964 epistola
920 1904 1176 1953 testetur.

480 1984 641 2039 Anno
669 1987 795 2054 451,
830 1998 1077 2043 sanctam
1113 1990 1397 2060 Virginem
1420 1992 1725 2048 confessus
1762 2001 1848 2048 est
1885 1993 1993 2049 dici

411 2076 614 2130 merito
652 2078 982 2149 Deiparam:
1018 2096 1147 2136 nam
1179 2082 1224 2114 ’⁸⁷
1256 2083 1311 2136 in
1349 2084 1782 2153 reprehensione
1829 2085 1997 2155 primi

411 2167 637 2236 capituli
660 2168 970 2241 Cyrilliani,
1013 2188 1139 2228 cum
1174 2173 1408 2230 dixisset
1437 2176 1681 2231 Verbum
1716 2177 1825 2232 sibi
1854 2187 1995 2232 tem-

410 2257 562 2326 plum
608 2259 872 2316 formasse
939 2263 996 2316 in
1054 2273 1214 2319 utero
1261 2265 1523 2335 Virginis,
1577 2267 1740 2336 eique
1790 2268 1997 2337 templo

410 2348 728 2412 adhzesisse,
759 2354 1040 2408 concludit
1065 2373 1078 2407 :
1116 2354 1236 2420 Qua
1268 2355 1333 2409 de
1352 2366 1517 2411 causa
1543 2359 1705 2411 etiam
1730 2356 1996 2428 Virginem

412 2436 677 2492 Θεοτόκον
707 2455 955 2497 vocemus
996 2440 1062 2506 ⁸⁸,
1095 2451 1204 2498 etc.

482 2528 641 2583 Anno
684 2531 811 2596 455,
858 2540 1049 2602 aperte
1112 2533 1412 2590 conﬁtetur
1471 2535 1753 2591 Christum
1812 2536 1999 2592 Domi-

411 2634 546 2673 num
577 2635 702 2677 esse
743 2621 908 2678 simul
942 2625 1117 2679 Deum
1140 2634 1194 2679 et
1216 2626 1519 2681 hominem.
1564 2627 1624 2681 In
1661 2638 1998 2684 commenta-

412 2710 512 2766 riis
544 2712 806 2783 Epistolas
840 2715 909 2770 ad
938 2716 1217 2773 Romanos
1279 2734 1399 2789 cap.
1423 2735 1458 2774 v
1494 2719 1559 2773 δ’.
1615 2721 1823 2774 Iterum
1873 2734 1998 2791 ergo

408 2801 608 2860 Filium
631 2818 780 2863 vocat
811 2808 1082 2866 Christum
1113 2809 1422 2877 Domi-num,
1469 2813 1561 2882 qui
1599 2819 1675 2865 est
1690 2811 1827 2866 idem
1854 2811 1997 2866 Deus

410 2908 463 2954 et
503 2904 679 2956 homo.

482 2994 693 3092 Eodem
739 2992 854 3049 fere
909 2994 956 3027 '°
1002 3001 1251 3065 tempore
1295 2994 1433 3049 duas
1464 2996 1647 3051 Verbi
1675 2997 1997 3053 natiwtates
2025 3030 2070 3092 ο

408 3085 597 3140 docuit
619 3085 675 3139 in
704 3086 1050 3155 expositione
1097 3086 1299 3141 Psalmi
1328 3102 1453 3140 um
1477 3088 1545 3141 εί.
1602 3107 1621 3139 ι
1647 3088 1997 3144 Erubescant

407 3177 655 3233 haeretici
726 3177 895 3247 impie
950 3185 1199 3248 agentes,
1256 3186 1313 3232 et
1377 3178 1606 3233 minime
1666 3179 1995 3235 conﬁtentes

408 3268 589 3338 ipsum
643 3267 817 3321 Deum
867 3283 937 3322 ex
993 3268 1107 3322 Deo
1162 3269 1509 3338 unigenitum
1569 3268 1752 3323 Patris
1795 3269 1995 3325 Filium

407 3368 535 3414 ante
565 3358 784 3424 szecula,
821 3358 917 3428 qui
958 3358 1283 3413 novissimis
1335 3358 1536 3414 diebus
1591 3356 1710 3428 ipse
1750 3359 1997 3416 hominis

408 3450 583 3506 Filius
640 3450 823 3505 factus
870 3458 957 3505 est
1009 3448 1450 3518 immutabiliter,
1510 3460 1571 3506 ut
1621 3450 1880 3520 dicimus,
1925 3455 1996 3525 ob

407 3542 697 3597 hominum
733 3542 990 3597 salutem.
1033 3560 1053 3593 ι
1336 3558 1341 3561 -

483 3633 562 3688 De
589 3649 696 3687 una
721 3633 1049 3688 nominatim
1084 3648 1321 3704 persona
1344 3634 1563 3692 Christi
1594 3639 1782 3705 nescio
1803 3653 1875 3694 an
1903 3653 1993 3695 re-

406 3724 579 3794 periri
601 3731 769 3793 queat
792 3722 942 3779 ullus
985 3723 1141 3781 locus
1185 3725 1241 3780 in
1271 3725 1430 3782 libris
1477 3733 1604 3782 ante
1652 3743 1857 3783 annum
1890 3728 1997 3783 445

404 3815 730 3886 compositis
778 3814 825 3848 τ’
868 3855 882 3881 ,
938 3829 1050 3886 quo
1109 3824 1360 3887 tempore
1411 3817 1796 3874 Theodoretus
1849 3818 1994 3890 Cyro

404 3907 701 3962 conclusus
722 3907 993 3963 Eranistxe
1026 3909 1271 3980 dialogos
1292 3911 1647 3982 conscripsit.
1689 3912 1996 3983 Reperitur

403 4005 587 4053 autem
603 4013 861 4069 expressa
885 4001 1093 4056 mentio
1109 4001 1325 4074 dialogo
1346 4002 1402 4068 3,
1435 4003 1532 4059 ubi
1565 3988 1749 4075 agitur
1761 4000 1830 4058 de
1851 4003 1997 4059 lsaa-‘

402 4103 472 4143 co
495 4096 551 4144 et
583 4089 756 4145 ariete
798 4100 847 4155 ι,
872 4091 966 4160 qui
994 4090 1224 4163 ﬁguram
1265 4093 1463 4149 mortis
1484 4101 1539 4148 et
1570 4091 1997 4149 resurrectionis

412 4178 621 4236 Christi
647 4180 987 4238 exhibebant
1013 4201 1025 4238 :
1054 4183 1103 4218 ⁸³
1134 4202 1152 4236 ι
1172 4185 1324 4241 Isaac
1342 4184 1509 4258 569
1534 4195 1591 4241 et
1637 4187 1808 4249 aries,
1844 4185 1994 4257 quod

403 4271 475 4326 ad
498 4272 826 4327 naturarum
874 4275 1100 4346 quidem
1154 4276 1524 4333 diﬁ'erentiam
1582 4279 1802 4344 attinet,
1859 4293 1998 4335 con-

2100 1802 2195 1868 sis,
2227 1803 2392 1858 etiam
2415 1801 2695 1872 prioribus
2716 1800 3081 1870 temporibus,
3109 1799 3281 1857 fuisse
3295 1799 3679 1855 ostenderent.

2107 1896 2380 1952 «Cessent
2438 1894 2494 1949 in
2536 1903 2711 1949 totum
2768 1909 2854 1958 ea,
2903 1906 3141 1963 quorum
3176 1893 3398 1948 initium
3426 1893 3543 1948 fuit
3566 1894 3684 1948 ini-

2098 2003 2305 2057 quum;
2347 1996 2402 2041 et
2423 1987 2625 2056 injusta
2660 1986 2936 2041 sententia
2965 1985 3105 2039 nihil
3133 1985 3475 2055 obsitneque
3506 1985 3685 2043 Euse-

2098 2081 2211 2142 bio,
2256 2094 2433 2149 neque
2463 2078 2839 2143 Theodoreto,
2890 2077 3164 2149 religiosis
3217 2077 3517 2148 episcOpis,
3547 2094 3687 2151 quo-

2097 2171 2244 2225 niam
2273 2186 2382 2225 non
2410 2177 2644 2240 possunt
2691 2171 3009 2225 sacerdotes
3048 2171 3065 2191 ¹
3100 2169 3502 2243 constitutione
3523 2169 3683 2224 dam-

2098 2262 2244 2327 nari,
2305 2277 2444 2332 quos
2488 2261 2812 2333 synodicum
2855 2269 3016 2317 ornat
3065 2262 3133 2319 de
3170 2272 3499 2320 conservata
3549 2266 3685 2321 reli-

2102 2352 2264 2424 gione
2292 2352 2599 2407 decretum.
2625 2372 2644 2404 ι
3586 2344 3593 2351 ’

2169 2443 2421 2515 Synodus
2454 2442 2918 2500 Chalcedonensis
2943 2444 3218 2516 judicium
3252 2446 3403 2503 sedis
3452 2456 3681 2520 aposto-

2097 2535 2216 2591 lica:
2250 2543 2440 2590 secuta
2474 2544 2591 2603 est;
2619 2536 2675 2590 in
2701 2550 2767 2590 ea
2794 2522 2943 2591 enim
2994 2532 3398 2605 Theodoretus,
3434 2541 3685 2603 nondum

2099 2626 2316 2698 cognita
2339 2642 2525 2693 causa,
2544 2635 2797 2697 receptus
2817 2635 2935 2695 est;
2962 2628 3210 2684 consedit
3231 2644 3358 2683 cum
3382 2630 3680 2701 Patribus;

2098 2717 2476 2773 deﬁnitionem
2537 2717 2664 2774 ﬁdei
2718 2718 3084 2789 subscripsit,
3147 2720 3439 2791 epistolam
3503 2724 3685 2780 sancti

2099 2809 2300 2866 Leonis
2318 2810 2605 2880 exposuit:
2631 2809 2872 2880 denique
2928 2827 3118 2866 coram
3147 2813 3411 2869 immensa
3442 2815 3536 2869 illa
3572 2815 3687 2886 epi-

2098 2914 2391 2970 scoporum
2419 2901 2775 2956 multitudine
2791 2901 2860 2968 “,
2882 2921 2901 2954 ‹
2922 2903 3214 2959 anathema
3237 2905 3377 2960 dixit
3402 2904 3683 2971 Nestorio,

2098 2992 2258 3057 etei,
2283 2993 2379 3062 qui
2400 3008 2512 3046 non
2541 2993 2674 3048 dicit
2708 2994 2805 3051 Dei
2828 2993 3165 3051 Genitricem
3198 2979 3489 3068 Virginem
3522 3013 3684 3053 sanc-

2105 3090 2236 3149 tam,
2266 3093 2324 3138 et
2375 3084 2469 3154 qui
2510 3084 2566 3138 in
2598 3084 2739 3141 duos
2791 3084 2934 3141 ﬁlios
2982 3087 3222 3159 partitur
3253 3104 3426 3143 unum
3480 3089 3688 3145 Filium

2102 3173 2473 3246 unigenitum.
2487 3194 2506 3228 ι

2165 3265 2434 3321 Maximus
2455 3267 2835 3323 Antiochenus
2854 3309 2868 3333 ,
2900 3282 3026 3324 cum
3055 3268 3125 3325 de
3154 3267 3528 3337 Theodorcto,
3564 3276 3689 3341 post

2097 3357 2389 3412 anathema
2439 3356 2649 3412 dictum
2707 3358 2986 3424 Nestorio,
3034 3361 3364 3417 sententiam
3425 3360 3682 3417 diceret:

2104 3448 2391 3515 rDudum.
2450 3449 2651 3520 in‘quit,
2697 3458 2754 3506 et
2783 3467 2813 3505 a
2839 3452 3114 3523 principio
3160 3452 3685 3531 reverendissimum

2098 3541 2421 3612 episcopum
2444 3540 2857 3598 Theodoretum
2887 3545 3015 3600 novi
3046 3544 3399 3614 catholicum,
3453 3547 3686 3602 audiens

2096 3631 2379 3687 doctrinas
2411 3633 2532 3704 ejus
2558 3633 2617 3688 in
2648 3635 2996 3692 sanctissima
3039 3637 3316 3693 ecclesia:
3362 3637 3540 3694 multo
3588 3654 3683 3693 au-

2097 3730 2208 3777 tem
2234 3722 2410 3794 magis
2436 3736 2586 3779 nunc
2605 3725 2727 3797 ejus
2758 3725 2968 3797 recipio
2993 3728 3364 3792 sanctitatem,
3395 3745 3415 3778 ι
3444 3735 3555 3782 etc.

2166 3818 2248 3874 Eo
2269 3819 2492 3890 gravius
2519 3826 2606 3874 est
2630 3818 2849 3874 Maximi
2884 3819 3290 3885 testimonium,
3311 3817 3460 3889 quod
3490 3819 3549 3872 in
3580 3818 3684 3874 Ec-

2095 3911 2264 3967 clesia
2286 3910 2630 3966 Antiochena
2665 3910 2996 3976 innutritus,
3031 3909 3444 3966 Theodoretum
3476 3909 3685 3971 docen-

2097 4012 2206 4060 tem
2228 4000 2431 4075 saepius
2465 4003 2725 4072 audierit,
2758 4000 2921 4075 quod
2954 4020 2986 4059 a
3033 4004 3300 4059 Dioscoro
3340 4003 3684 4059 Theodoreti

2100 4097 2326 4153 inimico
2350 4097 2705 4168 praesulatum
2732 4096 3030 4167 acceperit,
3052 4096 3199 4168 quod
3218 4104 3274 4152 et
3293 4096 3409 4168 ipse
3432 4096 3689 4154 Theodo-

2101 4197 2222 4245 reto
2245 4189 2402 4260 prius
2430 4188 2679 4244 infensus
2721 4188 2910 4253 fuerit,
2942 4196 3105 4259 atque
3158 4189 3234 4243 ita
3266 4191 3381 4244 sola
3434 4189 3690 4246 veritatis

2097 4282 2152 4335 vi
2178 4281 2450 4352 impulsus
2489 4296 2642 4336 nunc
2679 4280 2936 4336 videatur
2959 4279 3026 4335 ad
3072 4282 3406 4338 sententiam
3461 4282 3688 4353 publice

402 4370 611 4434 gruunt
639 4379 765 4418 cum
791 4364 1064 4436 imagine:
1092 4367 1399 4421 secundum
1425 4367 1755 4425 divisionem
1804 4379 1987 4426 autem
2022 4376 2067 4431 Ι)
2097 4371 2422 4439 dicendam;
2449 4370 2595 4442 quod
2628 4370 2868 4442 denique
2898 4370 2966 4426 de
3008 4372 3373 4427 concionibus
3399 4372 3509 4428 illis
3529 4372 3688 4428 Iocu-

403 4460 784 4520 separatarum
833 4453 1219 4524 hypostascwn
1266 4468 1379 4509 non
1437 4457 1802 4513 conveniunt.
1874 4458 1988 4514 Nos

404 4541 555 4595 enim
590 4542 899 4599 divinitatis
928 4552 985 4599 et
1008 4544 1372 4600 humanitatis
1403 4535 1569 4600 talem
1623 4548 1990 4618 praedicamus

404 4633 688 4699 unionem,
707 4642 763 4690 et
779 4650 945 4689 unam
961 4648 1255 4704 personam
1274 4635 1567 4691 indivisam
1587 4639 1982 4711 intelligamus,

401 4724 773 4796 eumdemque
808 4727 983 4781 Deum
1011 4735 1071 4782 et
1097 4726 1379 4782 hominem
1429 4742 1816 4798 agnoscamus,
1843 4731 1984 4789 visi-

404 4813 572 4869 bilem
597 4824 653 4871 et
680 4816 1038 4882 invisibilem,
1064 4817 1549 4888 circumscriptum
1583 4829 1640 4876 et
1688 4822 1990 4881 incircum-

401 4908 688 4979 scriptum,
716 4916 778 4963 ut
806 4909 915 4963 alia
952 4908 1159 4975 omnia,
1209 4924 1332 4978 quae
1390 4910 1738 4971 divinitatem
1787 4926 1844 4973 et
1882 4917 1986 4976 hu-

403 4998 725 5054 manitatem
775 4999 1088 5067 desianant,
1139 4999 1239 5054 uni
1297 5012 1549 5071 persona:
1596 5010 1984 5069 accommoda-

402 5103 590 5147 mus»

479 5230 505 5262 ο
536 5220 673 5275 Cen.
710 5236 843 5289 xxu,
878 5224 901 5278 l
948 5239 1102 5299 seqq.

2101 4471 2189 4519 tus
2214 4464 2307 4530 sit,
2334 4479 2458 4535 quae
2507 4473 2634 4519 ante
2688 4478 2895 4519 annum
2959 4463 3065 4518 ul
3110 4463 3313 4519 habitas
3352 4463 3484 4530 sint,
3521 4472 3686 4534 atque

2097 4555 2236 4612 adeo
2258 4570 2369 4609 non
2396 4563 2611 4610 tantum
2638 4554 3000 4624 calamitates,
3029 4554 3233 4625 quibus
3259 4553 3423 4627 470
3442 4553 3681 4611 alnictus

2095 4655 2200 4712 cst,
2238 4646 2642 4717 praecesserint,
2676 4645 2773 4702 sed
2814 4645 2881 4700 ad
2909 4662 2974 4701 ea
3000 4655 3249 4717 tempora
3287 4645 3681 4718 pertinuerint,

2097 4738 2304 4811 quibus
2328 4738 2576 4793 irritatus
2617 4737 2835 4794 animus
2873 4737 3108 4794 liberius
3139 4738 3195 4792 in
3221 4736 3390 4793 verba
3421 4752 3682 4808 erumpe-

2096 4831 2209 4887 bat.
2765 4888 2768 4891 .

2165 4922 2286 4979 Iluc
2313 4920 2479 4977 etiam
2506 4919 2706 4975 adduci
2729 4925 2956 4991 possent
2984 4916 3318 4989 posterioris
3369 4916 3553 4973 aetatis
3583 4917 3680 4974 ho-

2094 5013 2408 5084 mines,qui
2443 5011 2859 5067 Theodoretum
2886 5009 2974 5065 vel
2999 5024 3259 5080 expresse
3288 5007 3678 5076 defenderunt,

2099 5117 2159 5164 ut
2186 5103 2517 5171 Facundus;
2572 5103 2659 5159 vel
2709 5101 2920 5174 magnis
2947 5099 3207 5157 laudibus
3255 5100 3594 5169 extulerunt,
3624 5112 3677 5156 ut

1737 5349 2053 5409 SCIIULZII
2082 5352 2315 5411 ΝΟΤλΕ.

466 5448 735 5538 ξξῖνίᾱλ.
769 5452 857 5521 IV,
890 5470 945 5538 p.
979 5456 1135 5538 ιεξξδτ

770 5459 857 5521 IV,
890 5470 945 5538 p.
979 5459 1162 5541 12556.“
1238 5459 1287 5541 δέ
1319 5459 1691 5541 Quoaffredilg.
1712 5464 1819 5519 Sed
1841 5466 1967 5521 vide
1997 5482 2184 5541 supra,
2219 5465 2642 5541 p.pl:‘53_,_schol.
2675 5467 2744 5541 4,
2764 5475 2911 5541 ρει).
2934 5467 3058 5541 ἕϐι.

399 5520 603 5608 libriin)
636 5520 1239 5608 compoSuisseudicitur
1274 5520 1563 5608 ’an'nlgl.
1592 5534 1727 5608 V_id_._
1750 5520 2026 5608 supragp.

3162 5468 3210 5500 ⁸⁷
3261 5465 3420 5521 Hunc
3470 5464 3679 5521 scilicet

2289 5536 2335 5569 ⁸⁸
2360 5535 2485 5608 Vid.
2519 5552 2571 5607 p.
2602 5539 2685 5608 4η
2714 5530 2780 5608 ξ⁴⁹
2805 5530 2965 5608 cem.
2986 5553 3043 5608 p.
3070 5536 3195 5608 276,
3223 5547 3281 5608 et
3308 5545 3355 5608 t1
3366 5534 3476 5608 111,
3508 5551 3565 5605 p.
3589 5530 3677 5591 55.

400 5590 831 5680 primum.
908 5598 1243 5669 "Vid.t.I,
1280 5602 1526 5671 p.1055.
1605 5590 1992 5675 "vadisuliri

2131 5590 2234 5661 906
2261 5614 2314 5661 et
2356 5590 2476 5662 390.
2519 5590 2751 5662 Ἷίνίίι.
2779 5590 3195 5680 alim—75.727033
3231 5590 3292 5641 ἶι
3312 5590 3670 5676 νίᾶ.ἐἷιρηέ

402 5675 461 5731 p.
496 5661 617 5720 198.
