3956 6298
214 309 322 374 U7

1427 313 1524 372 DE
1565 311 1740 371 FIDE
1777 309 2266 374 THEODOllETI

3391 314 3494 379 4i?

225 426 492 488 Photius;
529 426 670 479 inter
691 425 978 492 magistros
1006 426 1242 495 optimos
1270 425 1504 495 fideique
1528 426 1814 480 columnas
1843 427 1888 482 Α
1917 425 2081 479 etiam
2114 437 2230 496 post
2259 429 2568 482 absolutum
2631 430 2924 484 concilium
2984 427 3366 483 Alexandriam
3411 444 3496 482 re—

225 517 542 572 immoliilcs
577 526 999 576 recensueruut,
1036 527 1096 570 ut
1127 517 1412 571 Euchaita.

294 607 529 661 Possem
574 605 742 661 etiam
797 616 1001 660 nostra-
1059 617 1152 660 aut
1202 609 1421 662 Patrum
1469 608 1651 662 :etatis
1707 607 1810 661 viri

215 698 529 754 doctissimi
566 697 819 766 produci,
879 699 1029 752 velut
1087 698 1392 763 llervetus,
1455 699 1807 767 Espencaaus,

221 789 514 852 Baronius,
556 788 938 850 Bellarminus,
968 797 1021 842 et
1045 789 1389 854 Sirmondus,
1411 789 1506 859 qui
1537 790 1653 844 suis
1674 803 1813 859 prte-

221 881 401 937 coniis
423 880 684 936 vidwtur
713 880 1260 947 dctersisseomnent
1307 883 1674 936 accusationis
1721 881 1808 936 fu-

223 974 488 1045 liginem:
521 971 788 1026 Batonius
811 981 960 1026 certe
990 982 1046 1026 et
1076 971 1404 1026 Sirmondus
1430 972 1554 1026 fidei
1590 988 1809 1043 quoque

219 1065 592 1136 patrocinium
618 1071 983 1133 susceperunt
1003 1066 1070 1116 ⁵³.

223 1182 531 1236 An‘ttcuu's
558 1179 646 1234 III.
671 1210 740 1217 —
786 1176 926 1243 Quid
954 1179 1221 1249 excipiant
1287 1179 1592 1231 Theodoreti
1633 1179 1811 1243 defrit-

287 1268 433 1304 δον-εδ
453 1250 713 1332 adversus
746 1253 1132 1302 accusationem
1164 1251 1336 1302 sancti
1364 1249 1568 1315 (ἔρῃ-ἕω,
1594 1249 1812 1301 M..-ller—

290 1329 510 1383 ceteris,
547 1329 656 1376 etc.

294 1435 434 1489 Xlll.
463 1433 875 1500 Quihistoriam
910 1431 1340 1486 ecclesiasticam
1385 1431 1720 1485 Theodoreti
1756 1431 1809 1484 in

214 1529 488 1585 Gallicam
520 1527 762 1594 linguam
808 1524 1106 1584 transtulit,
1133 1523 1184 1576 in
1219 1523 1447 1592 prolixa,
1475 1539 1635 1592 quam
1659 1523 1810 1592 operi

223 1618 554 1690 praeposuit,
614 1616 863 1687 apologia
917 1631 1020 1685 pro
1064 1615 1395 1670 Theodoreti
1430 1616 1555 1678 tide,
1600 1613 1808 1685 Cyrilli,

222 1712 317 1781 qui
357 1719 538 1763 tamen
588 1723 729 1761 unus
756 1716 840 1761 est
863 1707 1109 1760 omnium
1167 1708 1358 1770 instar,
1407 1707 1809 1761 accusationem

1915 514 2193 579 vertisset,
2228 516 2484 585 pacisque
2512 519 2857 574 conditiones
2885 518 2952 573 ad
2983 533 3211 572 examen
3253 529 3493 582 voearet,

1914 604 2125 659 litteras
2154 622 2274 659 esse
2296 610 2548 678 scriptas,
2573 611 2774 681 quibus
2803 619 3120 664 moneretur
3153 611 3218 664 de
3247 610 3365 665 suis
3411 626 3497 664 re-

1915 694 2020 750 bus
2044 712 2152 750 non
2185 698 2259 752 ita
2294 697 2528 754 sollicite
2585 702 2867 766 curandis,
2917 711 2976 754 ιιι
3034 701 3224 754 turbas
3264 701 3493 761 foveret,

1915 803 2215 859 pacemque
2267 793 2600 860 repelleret;
2672 794 2768 848 sed
2815 793 2902 847 vir
2963 801 3129 848 tantae
3192 793 3497 848 sanctitatis

1915 883 2136 952 tamque
2170 882 2377 938 incensi
2418 886 2518 940 zeli
2561 886 2754 941 illusus
2792 886 2968 942 fuerat
2999 887 3067 940 ab
3117 885 3497 942 Alexandrinis

1914 972 2245 1040 quibusdam
2268 975 2886 1038 clericis,0rientalium
2911 978 3205 1031 calliditate
3231 978 3493 1035 seductis.

1915 1063 2040 1117 Haec
2057 1065 2339 1134 excipiunt
2362 1068 2630 1124 adversus
2658 1079 2909 1124 sanctum
2935 1069 3223 1140 Cyrillum.

1983 1155 2186 1210 Contra
2222 1157 2576 1214 Mercatorem
2611 1161 2987 1216 attulitmulta
3017 1176 3192 1229 nuper
3227 1162 3498 1228 interpres

1916 1247 2008 1300 ille
2048 1247 2312 1316 Gallicus,
2349 1251 2442 1319 qui
2479 1267 2604 1306 mox
2635 1253 2844 1318 dictus;
2878 1251 3338 1306 revocaritamen
3373 1266 3494 1318 pos-

1915 1349 2042 1394 sunt
2063 1342 2130 1395 ad
2165 1342 2288 1408 tria,
2327 1348 2390 1400 de
2421 1347 2642 1413 quibus,
2667 1347 2795 1414 quia
2823 1345 3124 1414 prolixiore
3171 1342 3495 1395 tractatione

1915 1448 2053 1502 opus
2081 1443 2182 1499 est,
2233 1435 2596 1490 dillerendum
2628 1446 2712 1490 est
2745 1452 2905 1506 agere
2937 1437 2991 1489 in
3022 1451 3180 1489 suum
3212 1433 3495 1504 proprium

1914 1521 2096 1576 locum
2124 1541 2138 1576 :
2165 1539 2314 1578 nunc
2367 1523 2598 1578 sullieiat
2628 1524 2896 1579 adversus
2927 1525 3102 1594 ipsum
3137 1523 3390 1592 excipere
3428 1522 3496 1576 de

1914 1612 2073 1677 falso,
2107 1621 2162 1669 et
2193 1616 2330 1669 mala
2364 1614 2488 1669 fide.
2548 1617 2682 1670 Nam
2725 1617 2902 1687 primo
2942 1617 3123 1670 omnia
3161 1615 3276 1670 fere
3338 1614 3495 1667 Marii

1915 1704 2236 1760 Mercatoris
2287 1708 2602 1762 testimonia
2651 1709 2930 1776 corrupit;
2987 1706 3184 1761 deinde
3230 1721 3362 1759 usus
3413 1713 3498 1758 est

221 1800 450 1855 silentio
469 1799 747 1863 obruit",
800 1799 1126 1867 prohibente
1169 1800 1358 1868 utique
1396 1800 1808 1868 responsionem
1843 1779 1884 1836 Β
1915 1795 2173 1856 testibus,
2205 1813 2345 1865 quos
2380 1797 2523 1853 Scire
2569 1799 2747 1868 pttluit
2802 1814 2922 1850 €559
2949 1795 3368 1860 SChiStnallCOS;
3403 1795 3498 1848 ἀθ-

219 1909 335 1947 non
372 1901 584 1946 tantum
621 1890 873 1952 verit-ate,
919 1890 1012 1944 sed
1044 1890 1208 1944 etiam
1241 1891 1414 1944 sancti
1450 1891 1692 1945 doctoris
1720 1907 1809 1946 re-

221 1985 702 2041 verentiaNerum
732 1982 876 2052 apud
925 1983 1176 2037 homines
1227 1983 1598 2054 intelligentes
1632 1985 1808 2039 videri

220 2085 406 2148 potest
435 2076 539 2131 hoc
565 2075 787 2130 silentio
817 2091 924 2128 non
946 2075 1178 2129 obscure
1201 2091 1422 2128 causam
1446 2076 1719 2138 deserere,
1756 2088 1811 2130 et

218 2169 479 2226 conﬁteri
531 2168 661 2222 duo.
718 2167 986 2230 Alterum,
1048 2166 1462 2222 Thcodoretum
1515 2169 1691 2221 teneri
1743 2167 1810 2221 de

218 2263 478 2327 crimine,
513 2261 581 2315 de
606 2277 717 2329 quo
751 2259 1136 2330 postulabatur
1169 2275 1179 2310 :
1233 2259 1490 2323 alterum,
1541 2259 1809 2328 proiixam

226 2357 371 2412 hanc
400 2354 706 2424 apologiam
739 2367 807 2405 eo
839 2351 957 2406 solo
979 2351 1210 2405 consilio
1239 2351 1517 2420 scriptam,
1554 2359 1615 2405 nt
1650 2351 1808 2405 Marii

223 2447 548 2503 Mer-caloris
577 2445 876 2499 auctoritas
915 2443 1260 2498 minueretur
1282 2486 1294 2508 ,
1328 2454 1385 2498 et
1430 2443 1812 2498 Theodoretus

221 2542 372 2612 apud
404 2541 620 2609 vulgus,
641 2535 1029 2592 reconditioris
1053 2535 1376 2590 litteraturae
1397 2536 1702 2612 negligens,
1728 2536 1809 2590 fa-

225 2650 372 2688 mam
396 2631 678 2693 retineret,
707 2643 871 2698 quam
905 2627 1047 2698 apud
1073 2627 1322 2682 eruditos
1353 2627 1536 2683 amisit
1562 2629 1626 2681 '".

299 2722 667 2780 Nihilominus
692 2718 1183 2790 possetquispiam,
1209 2720 1299 2789 qui
1329 2719 1629 2782 Socratem,
1651 2720 1810 2775 Libe-

222 2826 432 2878 ratum,
456 2813 706 2882 duosque
742 2825 907 2866 secta:
935 2810 1274 2864 Calviniana:
1304 2811 1587 2866 ministros
1619 2813 1810 2866 audire

227 2908 439 2970 mallet,
482 2921 646 2974 quam
703 2903 1038 2967 Catholicos,
1072 2902 1336 2974 Cyrillum
1390 2903 1693 2967 criminari,
1751 2910 1812 2956 ut

223 3001 323 3070 qui
364 2997 591 3069 perinde
639 2995 870 3049 affectus
917 2993 1118 3057 fuerit,
1170 3009 1338 3062 seque
1401 2993 1631 3063 gesserit
1683 3008 1811 3062 erga

221 3092 636 3148 Theodorctum
662 3086 902 3142 Nestorii
927 3087 1163 3141 amicum
1187 3103 1249 3140 ac
1262 3085 1628 3148 defensorem,
1650 3091 1812 3153 atque

225 3198 359 3255 erga
417 3183 717 3252 ipsummet
764 3178 1111 3242 Nestorium;
1167 3191 1292 3230 cum
1328 3191 1437 3244 quo
1495 3175 1813 3229 inimicitias

226 3278 419 3350 gessit,
457 3285 517 3328 ut
561 3276 818 3327 Socrates
855 3287 916 3325 ac
951 3270 1241 3325 Liberatus
1283 3269 1539 3323 scribunt
1569 3287 1579 3322 :
1612 3267 1697 3320 "cui
1722 3281 1815 3335 ap-

225 3370 408 3440 prime
437 3366 729 3425 eatholieo,
763 3363 987 3418 haeresis
1033 3363 1264 3424 crimen,
1295 3361 1380 3413 vel
1419 3374 1516 3429 per
1559 3359 1815 3428 ignoran-

230 3465 386 3526 tiam,
417 3461 501 3514 vcl
536 3459 769 3528 maligne
801 3455 1147 3526 imposuerit,
1180 3462 1241 3507 ut
1260 3451 1579 3506 Albertinus
1603 3451 1812 3515 innuit;

227 3567 396 3624 quem
425 3549 801 3621 Eutycbianus
832 3547 947 3617 ipse
971 3561 1098 3601 eum
1150 3554 1316 3609 esset,
1363 3544 1647 3598 catholica:
1689 3543 1816 3596 ﬁdei

228 3644 601 3707 defensorem,
625 3650 986 3709 sanctumque
1007 3637 1216 3693 Christi
1242 3645 1565 3708 martyrem,
1590 3636 1816 3689 insecu-

231 3749 327 3795 tus
356 3737 451 3802 sit,
477 3743 538 3789 ut
561 3735 701 3789 alter
730 3732 1063 3789 Calviniana:
1100 3738 1262 3784 sect'e
1303 3729 1556 3782 minister
1600 3726 1818 3781 effutire

228 3843 344 3884 non
376 3827 619 3882 erubuit.

304 3921 534 3981 Verum,
577 3932 741 3987 quam
773 3914 937 3969 faciat
983 3913 1146 3968 ﬁdem
1183 3910 1438 3965 Socrates
1488 3908 1822 3963 Novatianus

231 4011 555 4074 haereticus,
612 4009 828 4063 aulicus
878 4006 1134 4075 scriptor,
1181 4004 1472 4073 theologite
1509 4002 1819 4070 imperitus,

231 4119 414 4174 coque
442 4103 656 4157 alllatus
675 4115 910 4163 veneno,
944 4098 1088 4168 quod
1135 4097 1190 4150 in
1225 4097 1348 4149 aula
1403 4094 1674 4149 theodosii
1715 4093 1824 4144 Nc-

235 4196 412 4253 storio
476 4193 699 4248 addicta
731 4187 1079 4243 invalu’erat?
1124 4201 1288 4255 quam
1310 4184 1628 4243 Liberatus,
1660 4181 1824 4233 trium

235 4285 609 4355 capitulorum
643 4282 937 4350 impotens,
957 4287 1019 4331 ut
1041 4276 1189 4339 Afer,
1212 4273 1616 4328 schismatlcam
1655 4284 1826 4337 usque

234 4377 696 4436 obstinationem,
733 4372 892 4443 47],
940 4370 1243 4439 patronus?
1285 4381 1447 4435 quam
1509 4365 1692 4427 homo,
1733 4363 1827 4431 qui

1917 1884 2086 1953 nique
2132 1886 2300 1938 verba
2343 1884 2473 1940 fecit
2505 1903 2614 1940 non
2663 1886 2832 1941 semel
2878 1885 2944 1940 ad
3001 1899 3118 1940 rem
3170 1899 3279 1938 non
3325 1881 3498 1954 perti-

1917 1976 2121 2030 nentia.

1987 2069 2266 2122 Adversus
2311 2067 2565 2139 Vigilium
2613 2070 2750 2123 nihil
2805 2069 3009 2138 excipit
3041 2067 3374 2123 Theodoreti
3399 2065 3500 2120 de-

1919 2158 2141 2224 fensor;
2172 2161 2283 2214 imo
2309 2174 2410 2230 pro
2442 2175 2539 2215 sua
2574 2160 2752 2230 ipsum
2783 2177 2947 2215 causa
2973 2159 3152 2215 facere
3179 2156 3498 2222 contendit,

1919 2251 2071 2321 quasi
2100 2253 2414 2308 Constituto
2441 2268 2539 2307 suo
2589 2253 2793 2321 scripta
2841 2251 3116 2306 Theodori
3169 2249 3497 2305 defenderit.

1918 2343 2121 2396 Verum
2171 2343 2224 2396 id
2261 2345 2468 2413 majore
2505 2343 2836 2397 confidentia
2867 2343 2997 2405 dici,
3031 2359 3193 2413 quam
3225 2344 3502 2398 verisimi-

1917 2434 2170 2498 litudine,
2191 2435 2483 2505 judicabit,
2509 2434 2724 2503 opinor,
2753 2434 3002 2503 quisquis
3050 2436 3240 2490 oculos
3268 2437 3353 2490 vel
3377 2435 3499 2490 obi-

1920 2536 2002 2580 ter
2019 2529 2337 2597 eonjecerit,
2359 2527 2557 2597 partim
2583 2526 2636 2579 in
2659 2525 2988 2580 Theodoreti
3017 2528 3498 2596 reprehensiones,

1919 2620 2118 2690 partim
2149 2620 2196 2649 ⁵⁸
2247 2619 2302 2672 in
2334 2620 2578 2690 quinque
2606 2617 2791 2688 Vigilii
2824 2617 3314 2672 anathematismos
3341 2635 3502 2673 occa-

1919 2715 2073 2768 sione
2097 2712 2430 2766 Theodoreti
2464 2711 2720 2779 scriptos,
2771 2709 2972 2776 partim
3015 2709 3253 2776 denique
3289 2709 3342 2762 in
3385 2707 3503 2763 haec

1918 2805 2214 2860 Constituti
2241 2804 2443 2857 verba:
2487 2821 2503 2852 ι
2542 2801 2826 2856 Custodita
2871 2800 2922 2852 in
2958 2800 3218 2853 omnibus
3249 2816 3501 2868 personae

1919 2899 2038 2967 ejus
2073 2897 2378 2949 reverentia
2410 2935 2422 2958 ,
2471 2907 2811 2962 qmeeunque
2845 2891 3046 2959 scripta
3085 2891 3338 2960 dogmata
3383 2891 3503 2959 ejus

1920 2987 2215 3059 cujuslibet
2253 2985 2474 3038 nomine
2525 2984 2756 3052 prolata,
2816 2981 3207 3034 sceleratorum
3263 2981 3504 3035 Nestorii

1921 3092 1975 3134 ct
2030 3077 2354 3149 Eutychetis
2386 3075 2809 3129 manifestantur
2841 3071 3127 3125 erroribus
3175 3085 3501 3137 consonare,

1918 3169 2450 3226 anathematizamus
2476 3175 2639 3233 atque
2665 3163 3007 3217 damnamus.
3053 3178 3069 3209 ι

1990 3262 2263 3317 Henricus
2310 3259 2465 3314 Naris
2507 3254 2909 3325 0;:positioncm
2963 3252 3126 3305 aliam
3168 3250 3502 3320 suppeditat.

1919 3356 2114 3423 Arguit
2137 3355 2283 3410 enim
2310 3366 2583 3407 summum
2640 3347 2950 3418 pontificem
3002 3345 3366 3400 ineonstantis
3388 3345 3510 3399 ani-

1922 3446 2040 3509 mi,
2106 3444 2262 3513 quasi
2317 3440 2534 3511 primo,
2597 3447 2656 3491 ut
2718 3447 2969 3489 summus
3033 3434 3280 3504 pontifex
3329 3435 3502 3496 tieret,

1922 3519 2226 3590 Theodorei:
2243 3532 2499 3600 Augustae
2515 3525 2853 3598 promiserit,
2876 3540 2933 3579 se
2956 3524 3055 3577 tria
3077 3525 3317 3593 capitula
3345 3523 3506 3576 dam-

1924 3636 2216 3689 naturum;
2251 3623 2449 3676 deinde
2483 3631 2664 3675 tamen
2715 3617 2773 3672 in
2821 3615 3008 3672 Sicilia
3069 3624 3234 3686 atque
3260 3616 3500 3687 Illyrico.

1923 3738 2050 3778 eum
2101 3715 2616 3784 Constantinopolin
2665 3719 2902 3782 peteret,
2962 3710 3303 3764 contrarium
3358 3708 3506 3762 Afris

1923 3811 2352 3887 lllyrieianisque
2369 3805 2816 3877 eﬂlagitantibus,
2841 3810 3028 3872 postea
3046 3800 3509 3869 Constantinopo-

1925 3909 2002 3961 lin
2033 3907 2313 3976 ingrcssus
2360 3901 2613 3955 Il‘lennam
2658 3897 2831 3952 sacris
2868 3894 3238 3957 interdixerit,
3281 3902 3508 3962 propter

1926 4000 2179 4054 damnata
2222 3993 2481 4064 capitula,
2507 4006 2628 4060 qua:
2656 3997 2834 4042 tamen
2865 3985 3251 4040 reconciliatus
3280 3983 3508 4046 Menum,

1929 4092 2135 4160 scripto
2159 4087 2303 4156 quod
2329 4084 2642 4138 Judicatum
2693 4079 2915 4139 dicitur,
2948 4077 3060 4144 ipse
3086 4073 3467 4143 proscripserit
3494 4091 3510 4138 ;

1931 4190 2045 4234 tum
2082 4179 2392 4233 .ludicatum
2429 4178 2756 4230 retractans,
2786 4167 2993 4234 scripto
3024 4165 3152 4225 alio,
3188 4164 3273 4216 cui
3298 4163 3514 4216 Consti-

1932 4271 2035 4325 tuti
2069 4285 2267 4322 nomen
2297 4265 2446 4327 fecit,
2478 4260 2715 4329 capitula
2741 4273 2899 4328 posse
2923 4256 3172 4309 damnari
3205 4255 3508 4324 negaverit,

1932 4371 1988 4416 et
2029 4362 2206 4429 ipsum
2252 4357 2432 4411 adhuc
2488 4363 2666 4406 tamen
2695 4350 3067 4404 Constilutum
3108 4346 3510 4406 retractaverit,

241 4482 360 4523 non
379 4475 589 4520 tantum
613 4439 1027 4518 inimicitiarum
1056 4475 1233 4523 reum,
1265 4457 1358 4510 sed
1389 4457 1553 4508 etiam
1604 4454 1827 4510 seditio-
1863 4468 1903 4522 ῃ
1932 4456 2056 4510 data
2105 4452 2170 4505 ad
2204 4447 2530 4518 Eutyehium
2563 4442 2796 4512 epistola
2831 4442 3036 4510 quintae
3086 4439 3277 4510 synodi
3317 4453 3514 4508 appro-

243 4559 332 4615 nis
353 4568 655 4620 auctorem,
685 4555 943 4609 vindictte
967 4551 1252 4620 cupidum,
1308 4557 1362 4601 ct
1402 4547 1693 4616 palinodize
1744 4562 1832 4598 re-

239 4661 606 4715 cantatorem,
641 4646 858 4702 innuit?

317 4746 437 4800 Jam
461 4758 593 4797 vero
619 4741 763 4811 quod
791 4740 858 4793 de
887 4737 1141 4792 Nestorio
1172 4734 1399 4789 haeresis
1434 4748 1570 4802 puro
1593 4731 1834 4785 Allierti-

243 4854 378 4902 nus,
407 4835 662 4905 quodque
687 4835 992 4888 sceleratus
1023 4833 1115 4886 ille
1176 4828 1498 4900 Symmistes
1533 4825 1599 4878 de
1628 4823 1833 4894 Cyrillo

243 4927 583 5000 Eutycbiaai
638 4924 848 4980 erroris
879 4923 1194 4984 defensore,
1238 4917 1483 4972 scribere
1537 4928 1703 4967 ausus
1729 4921 1832 4980 est,

243 5023 386 5079 adeo
411 5017 749 5074 horrendum
782 5021 951 5071 estut
993 5008 1425 5067 exsecrationem
1455 5005 1624 5070 magis
1668 5018 1831 5072 quam

246 5113 664 5186 responsionem
697 5115 1002 5165 mereatur.

316 5208 438 5262 Non
465 5221 554 5260 me
588 5203 728 5274 fugit
774 5202 843 5255 ab
874 5199 1087 5254 Isidoro
1136 5195 1436 5255 Pelusiota,
1488 5202 1836 5245 sanetrssrmo

244 5299 540 5363 monacho,
573 5295 642 5351 ad
677 5293 968 5366 Cyrillum,
992 5305 1117 5344 cum
1148 5286 1350 5358 Ephesi
1381 5291 1714 5350 versaretur,
1745 5289 1840 5335 aut

1935 4545 2162 4601 batrice.
2208 4542 2363 4601 Nam,
2396 4554 2516 4607 quzc
2540 4535 2756 4589 tandem
2787 4533 2949 4604 472
2978 4531 3150 4601 possit
3179 4545 3298 4584 esse
3329 4538 3520 4584 aucto-

1934 4640 2067 4692 ritas
2101 4630 2419 4692 Constituti,
2454 4627 2595 4697 quod
2626 4623 2816 4680 auctor
2841 4625 2954 4693 ipse
2978 4640 3074 4692 per
3104 4634 3348 4677 errorem
3383 4619 3517 4674 scri-

1935 4732 2111 4802 psisse
2187 4743 2242 4780 se
2306 4721 2535 4777 solemni
2611 4720 2835 4773 decreto
2909 4715 3200 4770 testctur?
3263 4714 3516 4768 Attamen

1939 4821 2132 4894 agendi
2161 4826 2320 4878 ratio,
2353 4832 2519 4885 quam
2546 4814 2776 4882 Vigilius
2813 4810 2866 4863 in
2899 4810 3002 4862 hac
3024 4824 3083 4860 re
3133 4806 3331 4870 tenuit,
3367 4804 3516 4874 quod

1939 4913 2111 4969 sensit
2149 4907 2528 4977 imprudenter
2552 4904 2728 4966 Neris,
2763 4898 3132 4954 inconstantia
3175 4911 3284 4948 non
3311 4895 3416 4947 fuit
3445 4895 3514 4958 ⁸³,

1941 5007 2038 5062 sed
2065 5003 2309 5074 prudens
2363 4995 2724 5068 dispensatio,
2773 5003 3194 5059 temporumque
3249 4997 3306 5040 et
3331 5001 3514 5039 rerum

1940 5072 2285 5152 considerata
2363 5085 2662 5156 expensio,
2709 5087 2772 5134 ut
2849 5084 3037 5130 monet
3113 5072 3519 5126 illustrissimus

1941 5187 2163 5241 Marea:
2200 5179 2399 5236 deinde
2441 5171 2790 5246 supposititia
2845 5175 2928 5223 est
2963 5165 3192 5235 epistola
3238 5163 3306 5217 ad
3351 5162 3520 5232 Euty-

1943 5279 2152 5340 chium,
2215 5289 2322 5344 qua
2362 5273 2692 5325 retractatur
2720 5259 3119 5322 Constitutum,
3170 5255 3335 5326 idque
3382 5252 3520 5309 alias

425 5480 462 5506 ο
1609 5441 1921 5501 SCIIUI.ZII
1950 5437 2180 5496 NOTAE.

344 5579 393 5609 "
421 5577 547 5631 llaec
601 5591 786 5630 omina
832 5581 1175 5644 argumenta,
1242 5584 1362 5644 quin
1408 5581 1508 5636 pro
1558 5564 1816 5644 Theodori

1953 5559 2182 5618 faciunt,
2233 5561 2496 5623 sequente
2549 5541 2782 5601 articqu
2817 5544 3048 5612 quarto,_
3075 5533 3118 5588 si
3165 5531 3277 5612 fieri
3316 5530 3522 5610 posset,

2107 5628 2121 5644 ι
2207 5626 2349 5644 LW-
2409 5617 2814 5644 TLAannnlnm
2936 5606 2981 5638 50
3008 5606 3122 5644 Nnn
3159 5602 3376 5644 cilnnltn
3402 5610 3522 5644 eam

347 5606 388 5609 ’⁷
421 5606 547 5631 ιιίευ
601 5606 786 5630 υΙΙΙΙΙΙίΙ
832 5606 1175 5644 ιιιδιιιιιῑῑιιιιι,
1242 5606 1362 5640 qum
1411 5606 1508 5636 II'V
1568 5606 1902 5620 LIIU"\IV-\vv
1954 5606 2182 5618 ·’·ν-“---“γ
2235 5606 2327 5623 -ήΊ
2839 5606 2851 5609 -
2936 5606 2981 5638 ac
3037 5606 3048 5622 τ
3165 5606 3219 5628 ‘.,
3325 5606 3335 5610 -

247 5658 505 5704 evertere
539 5647 750 5701 studuit
774 5645 1093 5707 Garnerius,
1128 5656 1250 5696 cum
1294 5640 1561 5696 damnare,
1615 5636 1801 5707 mallet
1859 5645 2023 5701 quam
2074 5626 2359 5707 absoluere
2394 5606 3523 5707 'Zl‘hcodcrgltiflj;nmmiﬁ‘lnﬁ'i’fni‘gﬁm

252 5664 505 5704 CVCI‘ICI‘C
539 5664 750 5701 SlUUIlll
774 5664 1093 5707 uarnertus,
1128 5664 1250 5696 Clllll
1294 5664 1561 5696 uuutnzu‘r,
1616 5664 1801 5690 IIIHIHSL
1859 5664 2023 5701 ιιιιαιη
2074 5664 2356 5682 ουσυινιιν
2394 5664 2438 5701 ,ς’
2460 5664 2716 5694 “""""."
2757 5682 2766 5693 ι
2953 5696 2959 5706 Ι
3200 5671 3209 5680 .
3287 5669 3328 5724 Α
3369 5667 3403 5719 ι.

252 5720 465 5783 obruit,
500 5717 595 5770 sed
631 5716 785 5785 quasi
821 5714 970 5768 aliud
1011 5708 1594 5785 agomto_refutant._
1634 5708 1676 5738 ³⁷
1715 5706 1838 5757 llzrc
1891 5695 2366 5785 inurgespgugcgl
2396 5707 2461 5745 ns
2495 5702 2614 5758 (ιιιιῡ
2650 5701 2702 5739 In
2741 5684 2845 5735 ίιιιο
2884 5674 3244 5748 lmecedmus
3339 5685 3362 5722 ι’
3392 5681 3476 5722 ιευ

636 5764 1107 5851 Ἤ-Ῠίἆδῆεῖιρὶδέι,
1141 5797 1195 5850 p.
1229 5778 1352 5833 211.
1432 5777 1474 5803 δ”
1500 5776 1629 5830 Vide
1658 5789 1816 5842 supra

1953 5768 2075 5822 9.16.
2109 5765 2291 5821 Schol.
2320 5764 2372 5815 ‘2.
