3956 6298
233 258 338 328 iii

1392 267 1488 327 DE
1527 266 1703 328 FIDE
1741 265 2043 326 ΤΗΕοΒο
2052 263 2250 324 RETI.

3393 263 3499 327 ω

240 377 428 448 (lectis
454 375 784 436 Theodoreti
810 377 1073 450 scriptis),
1099 394 1166 434 ex
1190 380 1276 434 nis
1303 394 1424 448 qua:
1450 380 1828 434 Theodoretus
1857 384 1900 440 Α
1930 379 2137 433 erranti
2183 376 2360 431 amico
2388 376 2728 430 consensisse
2774 390 2906 429 voce
2934 383 3114 436 tenus,
3149 376 3348 429 mentis
3375 391 3496 430 sen-

229 467 407 536 -impie
426 468 772 537 conscripsit,
796 469 1043 524 miranda
1060 481 1146 524 est
1166 471 1440 525 subtilitas
1459 472 1633 526 sancti
1657 472 1820 526 Chal-

241 557 570 612 cedonensis
594 559 811 613 concilii
846 578 856 611 :
899 561 1080 616 sciens
1099 561 1245 616 enim
1275 564 1392 633 ejus
1429 562 1816 631 blasphemias,

227 645 393 714 .prius
427 646 646 714 quidem
671 649 859 702 multis
893 649 1092 717 sacpius
1123 666 1220 703 usa
1249 659 1332 704 est
1359 660 1546 704 contra
1569 666 1693 705 eum
1728 666 1792 704 ex
1816 681 1823 689 -

235 738 692 802 clamationibus;
727 749 915 807 postea
957 756 1090 793 vero
1138 757 1245 794 non
1279 743 1439 796 aliter
1463 758 1589 797 eum
1635 758 1820 796 susce-

227 828 430 896 pisset,
485 827 591 881 nisi
638 828 790 896 prius
849 828 1363 883 anathematizasset
1406 831 1715 885 Nestorium
1767 839 1820 885 et

235 919 356 988 ejus
383 917 770 986 blasphemias,
811 935 909 988 pro
933 920 1134 989 quibus
1163 930 1320 976 antea
1347 923 1599 991 scripsit,
1633 922 1821 978 defen-

235 1009 374 1063 dens
408 1025 522 1064 eas.
561 1028 578 1059 ι
614 1010 756 1063 Proh
789 1010 947 1063 ﬁdem
979 1011 1282 1066 defensoris
1305 1022 1359 1067 ct
1392 1014 1646 1068 lectoris!
1684 1013 1821 1068 Hoe-

233 1098 358 1152 cine
389 1109 474 1152 est
503 1099 844 1153 indemnatos
876 1101 1210 1169 relinquere,
1239 1118 1334 1155 eos
1378 1102 1544 1171 impie
1575 1103 1821 1156 conscri-

231 1197 360 1258 ptos
381 1189 586 1253 dicere,
608 1198 666 1244 et
684 1191 1145 1260 blasphemiarum
1180 1193 1399 1247 nomine
1431 1195 1703 1263 appellare
1727 1195 1750 1247 ?

273 1282 378 1334 ’At
405 1295 473 1332 eo
503 1281 632 1344 loci,
682 1280 893 1350 inquiet
931 1283 1069 1336 forte
1119 1283 1398 1347 defensor,
1437 1295 1669 1358 nontest
1709 1285 1817 1340 lata

231 1371 716 1426 condemnationis
755 1374 1043 1427 sententia.
1078 1375 1272 1428 Fateor
1302 1391 1430 1430 sane
1451 1416 1465 1439 ,
1516 1378 1608 1430 sed
1640 1392 1816 1446 neque

237 1467 373 1515 tunc
409 1462 620 1526 debuit,
657 1479 780 1518 cum
805 1465 1049 1519 nondum
1087 1467 1302 1535 cognita
1342 1479 1485 1521 esset
1507 1468 1609 1522 lba:
1630 1484 1812 1531 causa,

231 1551 450 1608 differri
492 1554 546 1607 iu
576 1563 824 1608 octavam
877 1557 1245 1621 collationem,
1284 1558 1377 1612 ubi
1433 1574 1640 1612 canone
1701 1575 1811 1622 xui,

234 1658 401 1711 quem
434 1643 688 1698 defensor
718 1645 1104 1710 dissimulavit,
1138 1649 1340 1717 scripta
1390 1649 1718 1704 Theodoreti
1748 1650 1814 1704 iis

1922 469 2093 522 tentia
2139 465 2508 530 dissensisse;
2563 464 2966 518 Theodoretum
3013 461 3284 516 catholico
3334 479 3496 517 sensu

1921 560 2186 621 locutum,
2219 557 2530 611 Nestorium
2558 556 2846 620 hmretico;
2881 555 3097 609 incaute
3129 555 3304 618 illum,
3333 555 3494 608 istum

1921 649 2154 718 maligne
2188 664 2350 702 voces
2378 647 2640 716 quasdam
2674 647 2956 716 ambiguas
2999 647 3291 716 protulisse
3327 665 3339 699 :
3373 648 3503 716 qui-

1920 741 2024 794 bus
2054 752 2284 808 uterque
2316 739 2544 792 vocibus
2572 739 2936 792 communiter
2966 753 3098 790 usus
3123 747 3226 800 est,
3261 738 3356 790 has
3372 752 3495 790 eum

1922 831 2268 886 Theodoreto
2294 830 2637 892 exciderunt,
2658 845 2837 898 posse,
2863 828 3023 880 modo
3045 828 3283 881 charitas
3311 827 3499 880 audia-

1919 932 2029 986 tur,
2056 924 2289 992 benigna
2327 922 2779 990 interpretatione
2808 922 3041 988 exponi;
3068 936 3173 973 non
3203 921 3420 981 debere,
3451 920 3496 974 si

1919 1013 2104 1082 pietati
2138 1019 2410 1080 pareatur,
2432 1028 2555 1065 cum
2574 1027 2602 1064 a
2625 1010 2877 1065 Nestorio
2901 1009 3249 1064 adhibentur.
3269 1011 3498 1064 Verum.

1917 1106 2200 1158 enimvero
2226 1104 2462 1172 idipsum
2495 1112 2578 1156 est
2609 1102 2753 1169 quod
2798 1102 2852 1154 in
2883 1101 3310 1154 controversiam
3339 1117 3499 1154 voca-

1918 1202 2029 1259 tur,
2059 1211 2126 1248 an
2158 1195 2458 1263 prudenter
2479 1193 2546 1246 de
2565 1193 2674 1246 alio
2690 1193 2849 1245 aliter
2873 1191 3140 1262 judicium
3169 1190 3285 1243 ﬁeri
3310 1200 3494 1258 queat,

1916 1289 2358 1358 quandoquidem
2417 1296 2649 1356 uterque
2695 1287 2902 1340 eisdem
2948 1286 3134 1340 verbis
3191 1301 3320 1338 usus
3379 1295 3492 1351 est;

1917 1389 2149 1449 uterque
2183 1379 2435 1436 eumdem
2482 1379 2674 1432 habuit
2723 1378 3046 1446 magistrum
3087 1375 3492 1430 Theodoretum

1915 1472 2381 1540 Mopsuestenum;
2420 1477 2652 1538 uterque
2687 1469 2946 1522 unionem
2994 1466 3384 1536 hypostatieam
3413 1482 3496 1520 re-

1907 1560 2069 1631 jecit;
2103 1570 2335 1629 uterque
2359 1560 2497 1614 duos
2516 1559 2573 1613 in
2598 1558 2819 1612 Christo
2852 1557 2994 1611 ﬁlios
3020 1558 3195 1626 reipsa
3223 1559 3491 1625 posuisse,

1914 1669 1944 1706 a
1987 1653 2123 1706 viris
2166 1653 2522 1708 sanctissimis
2557 1661 2612 1706 et
2661 1650 2995 1706 doctissimis
3045 1649 3332 1704 convictus
3375 1659 3490 1715 est;

233 1733 419 1788 verbis
442 1737 747 1804 proscripta
777 1745 924 1803 sunt,
963 1739 1164 1808 quibus
1189 1740 1278 1792 vix
1313 1756 1552 1811 unquam
1586 1741 1814 1796 alterius
1847 1726 1882 1779 Β
1915 1753 2146 1812 uterque
2202 1742 2329 1798 inde
2369 1743 2474 1797 sibi
2533 1741 2651 1796 ﬁeri
2706 1741 3032 1794 calumniam
3090 1749 3316 1808 questus
3373 1748 3490 1800 est;

233 1827 532 1894 cujuslibet
561 1827 826 1884 haretiei.

277 1916 478 1971 ’Νεωο
508 1917 821 1974 Catholicus
862 1920 919 1975 in
949 1922 1096 1977 hunc
1127 1939 1301 1994 usque
1340 1925 1486 1980 oiem
1532 1934 1810 1992 senserat,

235 2005 405 2076 objici
435 2023 594 2076 posse
613 2010 818 2079 aliquid
847 2012 1108 2069 adversus
1130 2016 1506 2072 auctoritatem
1525 2017 1725 2088 Pelagii
1747 2017 1810 2082 ll,

223 2099 438 2154 summi
465 2101 760 2170 pontiﬁcis,
816 2114 910 2158 aut
941 2103 1188 2176 Gregorii
1225 2107 1293 2162 Μ.
1322 2111 1503 2178 potius
1533 2108 1625 2177 qui
1661 2109 1815 2164 Pela-

234 2190 313 2259 gii
349 2192 569 2247 nomine
610 2193 940 2252 decretalem
978 2198 1283 2266 epistolam,
1317 2200 1370 2253 in
1398 2201 1625 2266 materia
1663 2200 1810 2267 ﬁdei,

221 2281 511 2352 episcopis
553 2283 744 2349 lstriae,
791 2286 1123 2342 doctissimis
1157 2290 1317 2345 simul
1345 2300 1400 2344 et
1439 2292 1811 2360 pertinacissi-

235 2373 344 2427 mis
370 2375 535 2428 trium
570 2377 812 2446 capitum
842 2382 1338 2451 propugnatoribus
1360 2383 1598 2452 scripsit.
1625 2383 1812 2437 Visum

222 2471 320 2518 est
362 2479 538 2534 nuper
588 2465 861 2520 defensori
893 2468 1241 2533 Theodoreti,
1290 2473 1489 2525 elevari
1521 2488 1680 2541 posse
1713 2473 1815 2527 hac

227 2554 294 2608 in
313 2570 476 2609 causa
509 2565 715 2610 tantum
736 2560 967 2629 pondus,
998 2561 1295 2631 Magnoque
1316 2564 1598 2634 Gregorio,
1618 2582 1811 2635 quam-

235 2646 323 2700 vis
367 2648 625 2702 Ecclesia:
671 2649 902 2714 doctori,
939 2651 1149 2705 detrahi
1179 2653 1361 2716 ﬁdem,
1400 2670 1508 2708 non
1542 2655 1812 2724 appellato

227 2737 460 2806 quidem
489 2740 623 2793 tanti
649 2741 750 2794 viri
777 2743 1001 2810 pmprio
1020 2743 1262 2805 nomine,
1288 2744 1412 2814 quis
1435 2746 1581 2799 enim
1615 2745 1813 2800 ferret?

237 2828 337 2882 sed
394 2828 450 2880 in
503 2845 704 2899 genere
755 2831 986 2900 loquens
1049 2833 1116 2888 de
1151 2836 1563 2890 successoribus
1607 2837 1809 2906 Vigilii,

233 2934 470 2988 quorum
497 2917 740 2988 quintus,
766 2921 1065 2992 Gregorius
1107 2925 1174 2978 Μ.
1214 2928 1567 2995 pronuntiare
1605 2944 1711 2980 non
1748 2928 1813 2980 ti-

233 3011 395 3071 muit,
444 3025 563 3064 esse
611 3011 767 3066 bona:
805 3015 1036 3077 mentis,
1073 3031 1418 3070 successores
1453 3017 1656 3088 Vigilii,
1687 3034 1810 3071 cum
1840 3052 1880 3108 ο

232 3116 402 3170 opera
434 3101 764 3155 Theodoreti
797 3103 1165 3172 proscribunt,
1203 3121 1312 3173 pra:
1343 3105 1541 3175 Vigilio
1574 3122 1682 3159 non
1713 3105 1813 3158 im-

219 3192 528 3262 probante,
563 3193 749 3261 sequi,
780 3194 980 3263 quippe
1016 3195 1111 3263 qui
1145 3209 1244 3248 nec
1274 3195 1586 3264 diligentius
1625 3196 1811 3250 istbwc

233 3298 404 3351 opera
434 3282 814 3353 perlegissent,
850 3299 951 3337 nec
992 3285 1114 3353 plus
1144 3285 1462 3338 habuissent
1493 3295 1584 3338 aut
1613 3286 1812 3338 intelli-

217 3374 431 3444 gentia
454 3373 521 3426 ad
547 3373 940 3442 assequendam
969 3375 1208 3428 auctoris
1233 3377 1578 3437 sententiam,
1601 3386 1692 3429 aut
1729 3376 1809 3430 fa-

240 3462 464 3517 cultatis
489 3463 555 3517 ad
576 3478 702 3516 vera
730 3472 784 3516 et
808 3463 1155 3532 supposititia
1178 3464 1558 3518 discernenda.
1576 3465 1812 3530 Quomo-

227 3552 334 3617 do,
360 3553 554 3622 inquit,
573 3553 888 3623 diligentius
912 3555 1268 3624 perlegissent
1290 3595 1303 3621 ,
1342 3571 1463 3609 cum
1493 3555 1679 3610 Gl‘LBCC
1707 3555 1809 3608 mi-

233 3659 338 3696 nus
357 3644 586 3697 scirent?
609 3650 702 3696 aut
723 3645 994 3712 quomodo
1016 3647 1382 3714 perspicacius
1397 3646 1806 3717 dijudicassent,

231 3745 358 3785 cum
406 3731 622 3801 longius
651 3747 682 3783 a
712 3731 1043 3785 Theodoreti
1087 3741 1243 3786 aetate
1280 3733 1630 3786 recederent?
1658 3733 1809 3786 Adde

229 3821 401 3891 quod,
429 3822 606 3891 pergit
632 3821 742 3886 ille,
771 3838 1114 3877 successores
1142 3823 1321 3892 Vigilii
1351 3839 1631 3892 nunquam
1660 3823 1810 3876 dixe-

230 3910 364 3973 rint,
397 3925 454 3964 se
486 3909 818 3964 Theodoreti
850 3926 1015 3981 opera
1034 3912 1102 3966 ad
1129 3927 1356 3966 examen
1377 3928 1622 3978 vocasse,
1647 3912 1807 3984 475

218 4002 553 4071 ,priusquam
583 4003 923 4068 damnarent,
949 4011 1112 4073 atque
1136 4005 1207 4057 ita
1234 4003 1506 4057 fateantur
1534 4020 1590 4059 se
1621 4005 1808 4058 tulisse

231 4092 585 4156 sententiam,
604 4109 712 4147 non
735 4094 860 4162 quia
883 4095 1264 4164 cognovissent
1283 4110 1521 4158 causam,
1545 4097 1638 4149 sed
1663 4095 1807 4164 quod
1846 4161 1850 4165 ,

232 4181 399 4236 ﬁdem
443 4184 767 4239 tribuissent
798 4185 948 4240 Actis
994 4185 1198 4254 quintae
1241 4186 1467 4256 synodi,
1501 4187 1556 4239 in
1607 4187 1808 4254 quibus

232 4281 356 4328 acta
401 4273 748 4330 Chalcedone
784 4291 909 4331 cum
941 4275 1288 4331 Theodoreto
1344 4292 1519 4345 neque
1555 4275 1808 4330 similiter

1916 1845 2147 1903 uterque
2165 1833 2273 1888 dici
2307 1849 2467 1903 posse
2501 1833 2670 1887 Deum
2701 1847 2920 1902 passum
2950 1831 3207 1901 negavit;
3256 1840 3492 1898 uterque

1915 1925 2231 1981 Catholieos
2265 1926 2459 1988 irrisit,
2483 1925 2629 1994 quod
2659 1925 2980 1979 cruciﬁxum
3016 1939 3114 1993 pro
3144 1922 3303 1977 nobis
3329 1931 3490 1976 aeter-

1914 2032 2046 2070 num
2070 2017 2165 2070 Dei
2192 2016 2386 2070 Filium
2407 2023 2772 2079 assererem;
2808 2025 3036 2081 uterque
3067 2011 3269 2081 Cyrillo
3295 2027 3493 2080 expro-

1915 2104 2112 2168 bravit,
2143 2103 2288 2173 quod
2312 2119 2435 2157 cum
2463 2103 2612 2164 Ario,
2643 2101 2980 2154 Eunomioet
2999 2097 3295 2176 Apollinari
3319 2097 3490 2150 senti-

1915 2205 2019 2259 ret,
2055 2205 2184 2250 tunc
2213 2211 2337 2250 cum
2375 2196 2591 2265 regulas
2622 2202 2782 2247 recta:
2813 2193 2940 2246 lidei
2965 2191 3234 2255 traderet;
3262 2199 3491 2258 uterque

1913 2288 2159 2360 ejusdem
2216 2288 2570 2359 blasphemiae
2599 2293 2884 2340 accusatus
2935 2292 3040 2347 est,
3075 2293 3131 2336 et
3168 2281 3388 2350 quidem
3420 2280 3490 2334 ab

1913 2381 2105 2436 eodem
2137 2380 2357 2451 Cyrillo,
2389 2394 2500 2448 quo
2525 2378 2709 2431 nullus
2740 2376 2842 2429 fuit
2873 2376 2928 2429 in
2972 2373 3216 2428 Ecclesia
3243 2371 3484 2442 mysterii

1915 2471 2307 2524 incarnationis
2354 2470 2646 2534 scientior;
2675 2476 2904 2536 uterque
2935 2464 3005 2518 ab
3035 2465 3228 2519 eadem
3278 2461 3488 2534 synodo

1914 2563 2252 2621 meumenica
2283 2563 2646 2631 proscriptus.

1985 2654 2138 2720 Quod
2170 2653 2215 2706 si
2259 2651 2478 2720 aliquod
2520 2650 2814 2705 discrimen
2846 2646 3187 2702 intercedere
3220 2645 3488 2715 quispiam

1914 2744 2229 2809 contendat,
2261 2743 2473 2797 fatebor
2522 2741 2749 2806 lubens;
2803 2739 2897 2793 sed
2929 2737 3257 2792 contendam
3303 2737 3486 2800 simul,

1914 2834 2251 2890 discriminis
2301 2831 2565 2902 quidquid
2621 2841 2724 2892 est,
2780 2828 3126 2882 Theodoreto
3161 2827 3489 2880 invidiosum

1920 2942 2080 2980 esse:
2114 2940 2238 2978 nam
2273 2924 2531 2977 unionem
2571 2919 2966 2992 hypostaticam
3005 2933 3259 2986 expresse
3290 2919 3486 2986 rejieil,

1914 3016 2200 3070 Nestorius
2215 3031 2280 3067 ex
2303 3011 2659 3080 consequenti
2682 3020 2911 3063 tantum.
2930 3008 3278 3062 Theodorum
3306 3007 3492 3063 laudat

1915 3107 2064 3162 velut
2086 3105 2340 3159 Ecclesiae
2375 3104 2540 3156 totius
2574 3101 2916 3171 magistrum,
2945 3099 3037 3168 qui
3066 3098 3202 3152 nihil
3226 3099 3490 3154 doctrinm

1913 3197 2016 3250 nisi
2049 3196 2269 3264 Optima:
2302 3192 2627 3257 tradiderit;
2656 3207 2722 3245 ne
2757 3191 2924 3244 verbo
2945 3189 3165 3258 quidem
3197 3190 3492 3260 appellavit

1911 3267 2210 3342 Nestorius.
2241 3285 2500 3356 Cyrillum
2521 3291 2762 3346 accusat,
2795 3282 2938 3351 quod
2975 3281 3208 3335 limresin
3241 3290 3487 3345 renovet.

1911 3372 2166 3441 quodque
2195 3372 2324 3425 feris
2359 3371 2554 3425 bestiis
2584 3371 2801 3433 srevius,
2837 3385 2961 3422 cum
2992 3378 3176 3439 pastor
3211 3370 3313 3433 sit,
3359 3385 3492 3424 oves

1913 3463 2113 3522 Christi
2161 3462 2454 3530 discerpat,
2511 3477 2573 3515 ac
2603 3461 2824 3530 pietatis
2859 3461 3040 3529 specie
3098 3460 3152 3514 in
3202 3461 3490 3516 lmreticas

1911 3552 2279 3620 blasphemias
2311 3560 2567 3619 erumpat
2602 3569 2614 3604 :
2648 3551 2930 3604 Nestorius
2961 3550 3109 3603 velut
3138 3565 3258 3603 cum
3291 3550 3490 3604 adver-

1911 3643 2054 3698 sario
2091 3659 2250 3712 agere
2279 3652 2570 3696 contentus
2604 3641 2725 3693 fuit.
2768 3640 2956 3711 Cyrilli
2991 3641 3229 3709 capitula
3284 3640 3491 3695 duode-

1911 3737 2016 3786 cim
2048 3735 2197 3788 velut
2233 3735 2397 3802 impia
2433 3743 2487 3786 et
2518 3733 2835 3800 blasphema
2862 3733 3258 3786 contumeliose
3293 3731 3488 3786 redar-

1910 3827 2060 3897 guit;
2105 3827 2406 3881 modestius
2430 3825 2595 3897 476
2639 3825 2946 3886 Nestorius,
2994 3825 3124 3877 satis
3171 3840 3291 3878 esse
3336 3831 3489 3878 ratus

1911 3918 2309 3972 contradicere.
2333 3917 2470 3982 Quid
2491 3919 2644 3985 plura
2667 3918 2689 3968 ?
2716 3915 3084 3970 debacchatus
3108 3922 3192 3967 est
3220 3914 3490 3982 impoten-

1911 4019 1993 4064 ter
2015 4009 2394 4063 Theodoretus
2411 4008 2464 4060 in
2495 4016 2735 4061 sanctam
2765 4005 3030 4075 synodum
3049 4003 3400 4071 Ephesinam,
3419 4004 3487 4058 de

1909 4116 1971 4154 ea
1999 4109 2208 4154 tantum
2235 4107 2462 4167 questus
2481 4105 2563 4150 est
2595 4095 2900 4149 Nestorius.

1910 4215 2210 4268 ARTICULUS
2253 4212 2340 4265 lV.
2377 4241 2446 4248 —
2483 4209 2620 4273 Quid
2663 4218 2995 4261 accusatores
3046 4206 3348 4261 Theodoreti
3398 4208 3487 4261 de-

2258 4281 2548 4349 fensoribus
2588 4278 2896 4348 respondere
2923 4277 3138 4347 possint.

233 4379 392 4431 vero,
433 4381 614 4436 neque
664 4367 900 4423 ﬁdeliter
941 4377 1254 4422 narrantur.
1293 4367 1419 4422 limo
1466 4377 1522 4420 et
1566 4367 1670 4420 alia
1715 4367 1804 4420 ille
1842 4377 1882 4432 ι)
1974 4371 2111 4426 XIV.
2148 4371 2395 4433 Plausus,
2429 4369 2707 4439 inquiunt,
2749 4367 3157 4423 Catholicorum
3185 4367 3487 4423 Antiochiae

237 4462 484 4510 tortuose
516 4466 574 4511 et
617 4472 717 4526 per
747 4458 1012 4512 circuitus
1043 4473 1262 4521 vocum,
1293 4472 1359 4511 ex
1389 4457 1591 4526 quibus
1625 4457 1668 4511 si
1695 4457 1806 4510 sin-

233 4557 363 4600 cere
397 4545 544 4616 loqui
573 4548 757 4613 vellet,
785 4558 971 4619 aperte
1000 4549 1208 4604 diceret
1234 4565 1248 4602 :
1273 4549 1567 4619 Gregorius
1596 4548 1666 4602 Μ.
1696 4564 1806 4602 non

227 4635 361 4692 suis
411 4639 606 4704 oculis,
667 4639 760 4694 sed
813 4641 1027 4707 alienis,
1062 4642 1236 4712 iisque
1290 4641 1594 4705 fallacibus,
1641 4657 1807 4710 opera

244 4727 580 4783 Theodoreti
613 4730 772 4800 legit,
804 4733 920 4786 sine
949 4733 1198 4788 examine
1241 4733 1487 4788 exercuit
1519 4732 1804 4804 judicium,

240 4820 414 4874 verba
451 4821 554 4874 sibi
581 4823 692 4876 dari
729 4839 920 4894 passus
960 4832 1064 4889 est,
1114 4825 1244 4880 falsa
1292 4841 1394 4896 pro
1438 4826 1584 4880 veris
1627 4825 1808 4878 oblata

231 4910 555 4966 discernere
582 4930 686 4968 non
733 4917 930 4982 valuit,
964 4918 1237 4986 excerptis
1278 4917 1632 4971 mendacibus
1675 4917 1806 4970 sime

239 4999 459 5070 pliciter
482 5003 733 5065 credidit,
759 5021 943 5060 errore
975 5005 1098 5060 facti
1123 5007 1292 5061 libros
1318 5007 1558 5076 alioquin
1581 5005 1812 5060 catholi-

243 5107 338 5147 cos
363 5093 589 5148 heresis
623 5095 917 5150 damnavit.
954 5097 1060 5151 Sed
1099 5114 1220 5166 qua:
1261 5099 1350 5151 illa
1376 5116 1501 5162 vox,
1529 5109 1584 5153 et
1626 5097 1810 5152 unde?

228 5184 451 5238 Diluere
481 5201 590 5238 non
617 5195 700 5240 est
731 5202 887 5256 opus,
912 5204 1033 5256 qua:
1053 5188 1397 5242 sehismatice
1417 5191 1695 5243 dicuntur.

295 5274 371 5329 De
395 5277 756 5330 consensione
773 5278 1105 5332 Theodoreti
1136 5294 1258 5331 cum
1279 5279 1527 5332 Nestorio
1554 5280 1605 5332 id
1632 5295 1799 5332 unum

224 5381 256 5421 a
288 5366 674 5423 defensoribus
723 5369 830 5423 diei
869 5384 1028 5439 posse
1083 5370 1302 5424 video“
1397 5371 1798 5424 Thcodoretum

1912 4464 2050 4519 nihil
2070 4463 2361 4518 admodum
2389 4462 2584 4530 probat
2611 4479 2622 4513 :
2652 4461 2851 4531 majore
2875 4460 3142 4529 siquidem
3165 4459 3486 4516 Theodorus

1913 4555 2135 4610 auditus
2165 4562 2266 4617 est,
2293 4568 2395 4606 nec
2425 4551 2632 4606 idcirco
2666 4559 2845 4604 tamen
2867 4549 3182 4604 Catholicus
3208 4556 3480 4603 censetur.

1912 4646 2120 4700 Deinde
2156 4659 2275 4713 qua:
2304 4641 2468 4696 fuerit
2497 4651 2626 4695 tunc
2651 4640 2911 4709 temporis
2934 4640 3001 4694 de
3027 4640 3281 4693 Ecclesia:
3306 4639 3487 4694 orien-

1914 4737 2040 4790 talis
2063 4743 2208 4790 statu
2240 4733 2294 4788 S.
2320 4732 2507 4803 Cyrilli
2537 4733 2745 4800 opinio,
2782 4731 3090 4800 intelligere
3121 4731 3246 4784 licet
3271 4745 3337 4783 ex
3365 4731 3485 4799 epi-
3549 4787 3557 4802 π
3579 4717 3600 4786 ’Ῠ

1915 4827 2051 4880 stola
2091 4825 2157 4878 ad
2184 4823 2443 4878 Acacium
2475 4823 2810 4885 Melitenum,
2843 4821 2934 4874 ubi
2957 4820 3294 4873 demonstrat
3325 4822 3458 4875 .loan
3551 4810 3569 4862 ἔτ

1909 4918 1996 4970 nis
2019 4913 2261 4985 episcopi
2291 4923 2348 4966 et
2392 4913 2559 4966 totius
2583 4912 2780 4980 plebis,
2811 4912 2974 4964 etiam
3002 4921 3123 4979 post
3162 4911 3348 4963 initam
3381 4912 3483 4965 Ec-

1909 5007 2199 5060 clesiarum
2258 5019 2444 5074 pacem
2495 5002 2818 5056 incredibile
2867 5004 2921 5054 in
2950 5001 3297 5054 Theodorum
3337 5001 3485 5070 Μομ-

1911 5107 2251 5158 suestenum,
2281 5096 2664 5163 Theodorique
2698 5093 3002 5148 doctrinam
3051 5093 3316 5154 studium,
3347 5093 3483 5146 adeo

1913 5191 2054 5246 utin
2084 5189 2313 5244 ecclesia
2353 5187 2759 5241 exclamaretur
2804 5185 3164 5254 populariter,
3201 5203 3218 5232 ι
3262 5183 3486 5237 Crescat

1911 5281 2186 5335 Theodori
2229 5280 2395 5343 ﬁdes;
2427 5279 2507 5332 sic
2535 5277 2842 5341 credimus,
2893 5277 3033 5330 sicut
3082 5276 3420 5329 Theodorus.
3458 5293 3474 5324 ι

1908 5371 2195 5440 Egregiam
2225 5383 2374 5433 vero,
2416 5369 2692 5436 inquiunt,
2724 5367 2976 5436 discipuli
3025 5366 3264 5431 laudem,
3304 5366 3480 5420 audiri

1572 5523 1886 5578 δωυιλιι
1917 5521 2142 5576 NOTAE.

307 5684 353 5715 “
384 5683 446 5739 lu
500 5681 643 5736 hanc
664 5680 940 5736 mitiorem
973 5680 1298 5736 sententiam
1339 5680 1680 5751 propendere
1713 5681 1863 5736 visus
1889 5688 1971 5735 est
2009 5678 2324 5746 Garnerius,
2350 5695 2404 5749 p.
2444 5678 2566 5734 l50.
