3956 6298
478 280 584 344 423

1612 281 1707 337 GA
1720 278 1991 337 RNERIE
2030 278 2526 341 DISSERTATIO
2562 280 2681 339 ill.

3654 273 3769 338 iii

476 396 714 451 libenter
745 394 814 448 ab
868 391 936 448 iis
968 410 998 447 a
1050 393 1251 462 quibus
1291 389 1560 461 rjusniodi
1621 390 1879 459 magister
1926 389 2062 444 tanti
2098 399 2137 452 Α
2172 390 2318 445 clum
2360 392 2588 447 lum-esis
2619 390 2965 453 damnantcs,
2994 398 3050 445 et
3092 389 3327 445 miriﬁco
3346 388 3526 459 ctogio
3551 389 3608 442 in
3655 389 3769 444 fine

480 488 632 541 fieret
656 489 668 541 ε
1692 536 1695 541 η

550 578 667 635 Iam
702 594 830 633 vero
853 576 998 646 quod
1043 591 1168 630 cum
1199 586 1555 630 accusaretur
1598 574 1810 631 Christi
1836 575 1891 630 in
1919 576 2061 630 duos

480 669 621 723 filios
650 667 837 729 divisi,
886 665 954 720 de
980 665 1253 720 caiunmia
1294 664 1593 736 exceperit,
1636 665 1688 719 id
1723 675 1783 719 ut
1812 665 2065 734 exemplo

479 760 712 815 Nestorii
738 760 962 823 factum,
991 758 1064 812 ita
1090 759 1242 829 parvi
1263 758 1527 813 momenti
1553 768 1658 814 cst.
1683 758 1872 829 Neque
1899 759 2065 812 etiam

478 848 719 919 majoris,
748 846 895 917 quod
926 847 994 900 ab
1024 845 1385 917 Eutychianis
1420 845 1557 899 dura
1591 859 1822 915 quisque
1874 859 2069 914 passus

475 945 568 1003 sit,
600 954 727 995 cum
772 939 999 994 duriora
1022 938 1335 1013 Nestorius,
1360 938 1433 992 ab
1457 940 1577 1008 ipso
1601 937 1768 991 etiam
1796 936 2066 1007 Eutyche,

475 1033 791 1107 pertulerit,
824 1046 931 1087 nec
948 1039 1131 1085 tamen
1172 1030 1385 1085 idcirco
1422 1044 1598 1100 purus
1629 1028 1700 1084 sit
1728 1029 1956 1083 erroris.

547 1125 860 1197 Appellavit
922 1114 1147 1194 quidem
1203 1121 1352 1176 sedis
1404 1119 1718 1191 aposmlic'e
1762 1120 2064 1190 judicium;

475 1235 587 1275 non
618 1228 800 1273 tamen
827 1215 1094 1271 continuo
1122 1212 1233 1269 dici
1264 1213 1430 1269 debet
1449 1211 1789 1268 Catholicae.
1813 1212 1949 1266 Nam
1998 1211 2069 1267 ad
2094 1262 2097 1267 .

475 1312 621 1366 idem
668 1307 941 1381 judicium
985 1294 1234 1375 cenfu‘git
1280 1319 1394 1359 uno
1422 1312 1550 1359 ante
1598 1317 1743 1358 anno
1770 1303 2067 1373 Eutycbes,

475 1417 601 1458 cum
628 1417 659 1456 a
694 1398 955 1454 Flaviano
989 1396 1281 1451 damnatus
1299 1402 1482 1460 esset;
1517 1408 1623 1450 nec
1653 1394 1863 1450 ideirco
1884 1395 2070 1451 minus

474 1507 602 1546 rcus
626 1490 729 1544 fuit
753 1487 978 1545 erroris.

450 1564 458 1571 “
544 1580 950 1643 Thcodoretus,
977 1577 1175 1643 fateor,
1196 1576 1466 1648 judicium
1498 1576 1660 1647 petiit
1690 1591 1756 1631 ex
1786 1574 2075 1632 suislibris

474 1672 747 1737 exerceri,
776 1671 929 1742 quasi
969 1679 1156 1727 certus
1198 1669 1344 1725 foret
1374 1676 1648 1725 contentae
1678 1668 1735 1723 in
1780 1669 1848 1723 iis
1876 1668 2072 1723 ortho-

2169 483 2558 539 eccicsiastica
2610 482 2856 538 historiae
2882 482 3151 548 adeecrit,
3204 493 3465 554 tanquam
3506 482 3771 538 Ecclesia

2169 574 2510 645 incuipatum
2543 576 2886 647 magistrum.

2229 665 2433 720 Verum
2464 665 2689 736 quidem
2726 673 2832 728 est,
2878 664 3031 735 quod
3079 664 3137 720 S.
3192 664 3304 722 Leo
3348 660 3770 725 Theodoretum

2169 765 2297 811 ante
2326 758 2523 829 synodi
2547 755 3015 813 Chalcedonensis
3041 756 3314 827 judicium
3354 758 3669 814 restituerit
3708 759 3772 815 in

2170 848 2379 915 sedem,
2409 862 2632 918 suaeque
2657 846 3064 915 communionis
3086 847 3410 918 participem
3432 861 3557 903 esse
3578 847 3773 905 volue-

2171 939 2262 993 rit.
2293 939 2499 996 Verum
2530 939 2757 1010 pariter,
2783 937 2935 1009 quod
2956 934 3213 994 eumdem
3242 945 3437 1007 postea
3462 940 3774 1010 gratulato-

2172 1032 2281 1087 riis’
2318 1031 2523 1088 litteris
2570 1031 2917 1096 salutaverit,
2951 1029 3240 1102 egeritque
3286 1030 3489 1100 gratias
3532 1030 3605 1086 ob
3649 1047 3771 1088 rem

2169 1124 2227 1179 in
2260 1123 2472 1196 synodo
2500 1124 2642 1180 bene
2654 1130 2896 1194 gestam.
2928 1122 3154 1186 Verum,
3192 1120 3440 1191 inquam,
3467 1121 3617 1177 istud
3638 1131 3727 1178 ea
3752 1140 3771 1176 :

2170 1218 2266 1273 sed
2291 1216 2346 1272 S.
2377 1215 2489 1271 Leo
2522 1229 2651 1270 eum
2689 1214 2833 1269 forte
2860 1211 3123 1277 restituit,
3152 1212 3437 1266 communi
3472 1225 3599 1268 cum
3632 1214 3771 1268 reli-

2171 1308 2297 1378 quis
2315 1305 2607 1371 beneﬁclo,
2629 1302 2954 1359 rescindens
2972 1301 3167 1357 omnia
3185 1300 3527 1363 latrocinalis
3544 1302 3770 1356 concilii

2171 1401 2306 1457 Acta
2344 1416 2358 1452 :
2390 1396 2804 1469 gratulatus'est
2824 1394 3050 1459 litteris,
3091 1391 3189 1450 sed
3215 1393 3421 1462 quibus
3442 1406 3510 1447 ex
3538 1392 3773 1463 obliquo

2171 1489 2350 1561 carpit
2372 1486 2618 1551 modum,
2651 1501 2763 1557 quo
2792 1484 3112 1540 Nestorium
3141 1484 3453 1555 ejeraserat
3479 1484 3524 1516 ⁸⁸
3558 1501 3573 1538 :
3603 1502 3626 1533 ο
3654 1484 3773 1539 Hoc

2172 1595 2393 1654 quoque
2426 1594 2533 1635 nos
2566 1586 2756 1634 contra
2798 1578 2988 1632 hostes
3018 1576 3282 1633 Ecclesiae
3306 1576 3602 1645 providere
3635 1590 3771 1631 eon-

2174 1676 2401 1746 dignum
2428 1683 2533 1740 est,
2560 1682 2620 1727 ut
2644 1671 2727 1727 eis
2755 1670 2967 1725 nullam
2993 1667 3366 1723 caiuumiandi
3393 1667 3769 1732 occasionem,

475 1770 631 1823 doxze
667 1765 793 1822 fidei
818 1783 831 1820 :
855 1778 1050 1820 verum
1084 1765 1227 1819 inter
1258 1763 1314 1819 id
1340 1756 1659 1833 petendum,
1695 1760 1902 1826 omisit,
1928 1775 2064 1831 pru-
2099 1773 2138 1827 ι]
2168 1766 2315 1836 quod
2343 1766 2411 1821 ad
2442 1781 2546 1820 nos
2583 1764 2814 1827 attinet,
2840 1760 3065 1834 penitus
3096 1760 3495 1830 relinquamus,
3532 1775 3639 1815 nec
3669 1774 3773 1814 πο-

475 1860 691 1924 denter,
717 1856 1024 1913 autcallide
1056 1857 1263 1928 potius,
1286 1854 1479 1921 libros,
1510 1866 1746 1926 quorum
1771 1863 1963 1922 aperto
1990 1860 2071 1906 te-

474 1952 736 2009 stimonio
764 1952 950 2006 Roma:
974 1959 1106 2005 tunc
1122 1966 1152 2005 a
1173 1949 1354 2004 Leone
1383 1946 1637 2004 convinci
1658 1946 1859 2017 potuit,
1879 1959 2074 2015 quem-

474 2045 771 2102 admodum
813 2044 1041 2108 ibidem,
1092 2050 1467 2112 consequente
1514 2040 1752 2104 siccnlo,
1805 2055 1835 2094 a
1879 2046 2070 2094 saneto

472 2134 736 2207 Gregorio
753 2176 767 2204 ,
800 2134 1062 2191 haeretice
1094 2133 1333 2189 sensisse
1356 2138 1613 2188 ostensus
1637 2137 1741 2197 est,
1767 2140 1824 2185 ct
1846 2136 2068 2183 centum

472 2239 598 2299 post
615 2228 829 2284 obitum
850 2230 867 2247 ⁹
889 2226 1050 2282 annis
1075 2241 1104 2280 a
1127 2225 1319 2295 quinta
1349 2223 1560 2296 synodo
1589 2222 1900 2277 damnatus.
1928 2219 2071 2276 Sunt

472 2330 655 2376 autem
696 2319 825 2373 libri
856 2317 957 2385 illi,
1004 2313 1489 2386 Reprehensiones
1520 2312 1893 2381 capitulorum
1914 2324 1945 2363 a
1965 2308 2072 2379 Cy-

473 2411 598 2465 rillo
649 2409 980 2480 scriptorum
1012 2405 1296 2463 C(elcstini
1344 2404 1615 2476 jussione,
1667 2401 2067 2472 Pentalogium,

471 2501 773 2566 Eranistes,
804 2500 1053 2555 defensio
1089 2498 1314 2555 Diodori
1344 2507 1402 2551 et
1431 2493 1734 2559 Theodori,
1768 2506 1881 2549 etc.

542 2594 942 2664 Argumentum
995 2592 1351 2660 desumptum
1404 2604 1472 2643 ex
1528 2587 1892 2643 consensione
1940 2598 2068 2641 cum

473 2685 600 2742 fidei
626 2683 1068 2740 confessionibus
1095 2680 1296 2747 tribus,
1322 2694 1444 2751 quae
1473 2678 1663 2749 procul
1687 2677 1857 2732 dubio
1874 2676 2068 2732 catho-

470 2777 591 2831 lica:
614 2784 763 2841 sunt,
801 2775 988 2829 minus
1016 2772 1228 2829 idcirco
1260 2771 1481 2843 pondus
1511 2770 1698 2834 habet,
1727 2770 1876 2841 quod
1905 2786 1975 2825 ex
1998 2770 2069 2828 iis

470 2880 689 2941 petatur
743 2869 1043 2941 operibus,
1101 2884 1224 2940 quze
1278 2874 1403 2938 post
1465 2878 1668 2921 annum
1718 2867 1828 2921 M7
1895 2866 2071 2922 edidit

470 2960 638 3017 homo
657 2961 883 3017 attritus
913 2957 1094 3024 malis,
1142 2963 1200 3013 et
1227 2963 1515 3028 postquam
1556 2954 1778 3010 vexatio
1824 2953 2070 3010 dedisset

471 3052 830 3109 intellectum.
1118 3120 1121 3123 Α

536 3145 669 3213 Qua:
716 3162 849 3202 vero
899 3155 1026 3201 ante
1069 3144 1178 3200 hoc
1226 3150 1446 3213 tempus
1492 3142 1842 3213 composuit,
1894 3141 2071 3196 nihilo

468 3237 595 3308 plus
619 3237 835 3307 juvant.
861 3235 941 3289 Ad
972 3234 1029 3289 id
1061 3234 1232 3295 enim,
1260 3232 1406 3303 quod
1429 3232 1725 3287 adducitur
1750 3247 1818 3286 ex
1840 3232 2071 3301 epistola

468 3328 698 3383 Joannis
737 3325 1069 3381 Antiocheni
1121 3326 1189 3379 ad
1215 3324 1534 3378 Nestorium
1583 3323 1651 3377 de
1682 3323 1906 3393 Virgine
1937 3323 2070 3376 Θεο-

469 3420 637 3490 τόκῳ,
667 3417 878 3473 diceret
906 3416 1153 3485 aliquis:
1188 3417 1420 3486 primum
1453 3430 1562 3469 non
1594 3414 1766 3469 fuisse
1796 3414 2073 3469 indubita-

472 3524 588 3569 tum
618 3511 909 3574 hactenus,
934 3509 1083 3579 quod
1104 3506 1487 3562 Theodoretus
1503 3505 1800 3577 ipsam,vel
1822 3507 2069 3573 omnino,

471 3604 562 3659 vel
585 3617 688 3660 suo
714 3617 903 3667 sensu,
923 3600 1211 3670 scripserit
1231 3618 1243 3653 :
1264 3600 1452 3654 deinde
1471 3598 1846 3671 utscripserit,
1861 3609 1917 3656 ct
1945 3601 2071 3671 qui-

472 3696 599 3751 dem
634 3711 736 3750 suo
771 3708 935 3749 sensu
962 3694 1030 3759 ‘5,
1060 3691 1208 3762 quod
1233 3692 1392 3765 longe
1410 3691 1616 3755 verius,
1644 3700 1792 3747 certe
1824 3693 1952 3747 data
1985 3701 2070 3748 est

468 3788 632 3862 477
670 3788 847 3842 tribus
870 3787 984 3841 fere
1040 3785 1325 3840 mensibus
1363 3791 1656 3854 antequam
1694 3783 1881 3855 Cyriiii
1914 3783 2068 3855 capi-

471 3882 586 3935 tula
614 3878 1069 3949 reprehenderet,
1101 3886 1268 3946 atque
1299 3875 1355 3930 in
1385 3891 1627 3931 errorem
1653 3874 1944 3931 incideret.

533 3973 591 4029 ld
631 3987 805 4038 vero,
855 3970 1004 4042 quod
1041 3986 1109 4025 ex
1141 3968 1574 4039 reprehensione
1623 3967 1785 4039 primi
1837 3967 2065 4038 capituli

469 4066 774 4138 profertur,
802 4063 870 4119 de
899 4063 1246 4119 confessione
1268 4061 1507 4132 Virginis
1538 4061 1824 4121 Θεοτόκου,
1849 4057 2064 4130 gemina

470 4157 800 4213 auctoritate
846 4156 1190 4225 infringitur,
1216 4153 1423 4224 quinta:
1464 4151 1655 4223 synodi
1688 4150 1974 4217 nimirum,
2008 4158 2066 4204 ct

2096 3113 2140 3169 C

2174 1874 2339 1929 quam
2365 1866 2558 1913 contra
2586 1855 2948 1911 Nestorianos
2975 1860 3072 1907 aut
3107 1850 3482 1923 Eutychianos
3511 1860 3764 1923 agentes,

2173 1950 2333 2004 alteri
2361 1963 2554 2004 eorum
2580 1947 2871 2002 videamur
2893 1954 3041 2015 terga
3075 1944 3340 2009 vertisse;
3377 1943 3472 1998 sed
3499 1952 3771 2014 utrosque

2170 2041 2382 2097 Christi
2411 2041 2608 2097 bestes
2627 2054 2783 2111 :equa
2798 2038 2955 2093 lance
2974 2036 3218 2091 vitemus
3240 2034 3769 2107 atquedamncmus,

2172 2134 2247 2189 ita
2276 2141 2492 2199 uteos,
2529 2132 2747 2204 quoties
2799 2129 3145 2185 audientium
3196 2127 3545 2199 quantalibet
3587 2127 3773 2197 poscit

2171 2225 2405 2291 utilitas,
2433 2239 2560 2280 cum
2587 2221 2939 2296 dogmatibus
2980 2234 3176 2275 eorum
3220 2219 3388 2291 digno
3418 2219 3773 2275 anathemate

2170 2315 2577 2393 promptissime
2613 2323 2776 2385 atque
2802 2311 3220 2369 evidentissima
3262 2311 3559 2377 feriamus,
3598 2325 3696 2376 ne,
3723 2311 3772 2365 si

2172 2407 2278 2463 hoc
2298 2425 2327 2462 a
2357 2406 2519 2463 nobis
2540 2416 2637 2462 aut
2656 2408 2951 2462 obscurius
2973 2402 3095 2458 fieri
3115 2402 3390 2469 videatur,
3415 2411 3513 2457 aut
3536 2402 3770 2466 tardius,

2170 2508 2398 2570 putetur
2439 2500 2705 2566 invitum;
2738 2497 2884 2569 quod
2920 2495 3174 2569 quamvis
3226 2493 3580 2566 prudentiam
3622 2501 3772 2549 tuam

2172 2601 2263 2648 res
2288 2595 2420 2664 ipsae
2449 2592 2748 2653 admonere
2780 2590 3076 2657 sufficiant,
3098 2589 3213 2660 jam
3257 2595 3441 2643 tamen
3467 2593 3524 2640 et
3548 2586 3772 2648 emeri-

2171 2694 2357 2742 menta
2385 2686 2714 2741 docuerunt.
2748 2704 2766 2736 ι

2239 2777 2363 2850 Egit
2385 2780 2587 2849 gratias
2609 2777 2682 2832 ob
2703 2793 2821 2832 rem
2844 2774 2988 2831 bene
3014 2783 3245 2846 gestam,
3272 2771 3367 2829 sed
3386 2780 3618 2844 paterna
3639 2786 3771 2843 pru-

2170 2870 2378 2936 dentia,
2408 2880 2529 2941 quae
2565 2866 2850 2926 nutantem
2890 2867 2959 2923 ad
2988 2882 3211 2922 causam
3254 2864 3382 2933 fidei
3422 2866 3687 2920 tuendam
3717 2873 3775 2922 et

2171 2964 2416 3035 apertius
2438 2970 2494 3019 et
2513 2963 2964 3032 καθολικωτέρως
2983 2958 3273 3031 obligaret.
3299 2957 3406 3014 Sed
3422 2958 3611 3014 omnia
3629 2958 3770 3024 haec,

2171 3052 2292 3127 qua:
2321 3054 2379 3109 S.
2402 3054 2642 3109 Leonem
2677 3059 2949 3124 spectant,
2971 3050 3276 3122 posteriora
3300 3056 3429 3105 sunt
3445 3048 3771 3105 conversio-

2178 3163 2271 3213 ne,
2313 3163 2435 3218 qua:
2460 3163 2602 3202 anno
2628 3144 2732 3202 447
2761 3136 3013 3215 contigit,
3036 3153 3131 3199 aut
3160 3143 3353 3198 saltem
3373 3142 3631 3197 inchoata
3659 3153 3766 3198 est.

2239 3236 2493 3295 Edictum
2524 3236 2786 3293 Marciani
2814 3235 3165 3291 Theodorcto
3191 3235 3383 3305 procul
3409 3233 3579 3289 dubio
3602 3228 3767 3298 favet,

2173 3345 2235 3385 ea
2260 3336 2437 3402 parte,
2468 3345 2575 3401 qua
2602 3328 2755 3382 illum
2785 3326 3050 3399 synodico
3072 3326 3296 3381 decreto
3324 3324 3511 3379 ornari
3536 3323 3606 3381 de
3640 3338 3770 3379 eon-

2180 3432 2398 3477 scrvata
2423 3421 2685 3492 religione
2715 3427 2977 3487 testatur;
3007 3418 3103 3474 scd
3127 3434 3191 3474 ca
3216 3418 3334 3489 ipsa
3360 3427 3517 3488 parte
3537 3414 3771 3471 difficul-

2178 3520 2344 3566 tatem
2377 3510 2714 3566 crcat:latct
2729 3507 2877 3564 enim
2900 3525 3009 3579 quo
3033 3508 3100 3563 de
3123 3506 3317 3580 synodi
3344 3505 3573 3562 decreto
3589 3521 3769 3561 sermo

2171 3602 2265 3659 sit.
2305 3602 2443 3656 Nam
2484 3600 2581 3679 ubi
2618 3599 2837 3655 tandem
2882 3600 3091 3655 mentio
3124 3596 3291 3672 478
3320 3597 3405 3667 vel
3436 3598 3665 3653 minima
3700 3598 3769 3653 de

2170 3702 2498 3749 conservata
2558 3690 2867 3763 religione,
2921 3698 3291 3761 praeterquam
3351 3688 3409 3743 in
3487 3689 3766 3744 sententia

2169 3786 2386 3840 Maximi
2406 3784 2770 3846 Antiocheni,
2807 3785 2964 3855 cujus
3001 3780 3305 3841 testimonii
3344 3795 3469 3835 mox
3503 3781 3769 3836 institue-

2152 3886 2260 3932 .tur
2284 3876 2554 3932 examen?
2577 3875 3077 3955 Deindeintcrprcs
3103 3871 3333 3927 Latinus
3361 3869 3583 3926 Graecas
3601 3870 3770 3927 edicti

2170 3984 2334 4024 voces
2360 3984 2471 4023 non
2503 3968 2637 4024 satis
2665 3967 2919 4039 religiose
2940 3963 3137 4020 vertit:
3159 3964 3238 4019 sic
3255 3963 3403 4043 enim
3431 3978 3490 4018 se
3518 3962 3725 4018 habent
3753 3981 3769 4018 :

2171 4061 2243 4115 Ἥ
2271 4077 2330 4115 τε
2359 4060 2542 4125 ἄδικος
2587 4062 2859 4130 ἀπόφασις
2892 4056 3056 4131 μηδὲν
3096 4056 3383 4128 βλαπτέτω
3430 4056 3570 4127 μηδὲ
3600 4052 3772 4111 Εὐσέ-

2167 4153 2302 4219 ϐιον,
2354 4153 2487 4225 μηδὲ
2536 4152 2900 4224 Θεοδώρητον,
2956 4149 3090 4221 μηδὲ
3135 4151 3261 4212 τοὺς
3312 4147 3769 4220 Θεοφιλεςτάτους

468 4254 715 4326 Gregorii
754 4252 825 4309 M.
858 4255 1081 4317 :locum
1127 4250 1273 4306 enim
1309 4249 1461 4304 hunc
1503 4246 1572 4302 de
1618 4255 1807 4302 sancta
1835 4246 2061 4316 Virgine

2175 4245 2521 4323 ἐπισκόπους,
2549 4243 2642 4308 οὓς
2671 4246 2698 4297 ὁ
2728 4245 2850 4315 ὄρος
2885 4246 2911 4297 ὀ
2946 4240 3107 4306 αὐτὸς
3154 4236 3423 4313 πὲριέχει,
3462 4242 3773 4313 ἐπειδήπερ

469 4347 752 4403 damnavit
796 4346 1147 4400 anathemate
1193 4339 1471 4410 synodus,
1509 4336 1806 4409 Gregorius
1836 4337 2060 4406 plenum

468 4439 765 4511 impietatis
794 4448 848 4493 ct
877 4435 1232 4506 blasphemiae
1261 4432 1517 4488 asseruit.

534 4532 666 4597 Qua:
689 4529 1048 4599 proferuntur
1065 4542 1132 4581 ex
1164 4523 1576 4580 commentariis
1606 4522 1661 4577 in
1686 4521 1972 4593 epistolam
1995 4504 2062 4574 ad

466 4625 768 4687 Romanos,
794 4631 957 4690 atque
982 4620 1151 4675 etiam
1172 4635 1238 4674 cx
1270 4617 1471 4672 Psalmi
1503 4617 1572 4671 66
1597 4615 1968 4686 expositione,
1999 4629 2065 4669 ac

470 4715 691 4784 dialogo
727 4712 892 4767 tertio
926 4710 1214 4774 Eranistat,
1255 4707 1435 4762 videri
1485 4716 1712 4776 possent
1747 4705 2064 4761 Theodore-

471 4812 588 4857 tum
616 4801 843 4857 omnino
872 4800 1180 4862 absolvere,
1226 4795 1333 4850 nisi
1365 4794 1557 4848 eadem
1601 4794 1913 4865 scripsisset
1952 4795 2062 4848 Bio-

469 4904 832 4968 psuestenus;
870 4909 972 4949 nec
996 4891 1121 4945 ideo
1153 4899 1330 4944 tamen
1356 4888 1676 4945 Callioiicus
1709 4888 1777 4942 ab
1817 4888 2060 4943 Ecclesia

471 4987 545 5043 sit
568 4986 812 5041 habitus.
851 4982 1053 5053 Opinio
1075 4980 1223 5035 enim
1258 4978 1628 5052 Mopsucstcni
1657 4978 1936 5033 Christum
1964 4978 2062 5033 de-

472 5076 716 5133 finientis
744 5072 1454 5145 ἄνθρωπονένεργοΰμενον
1481 5071 1615 5124 Θεοῦ
1633 5111 1648 5133 ,
1672 5070 1827 5126 facile
1859 5071 2066 5141 patitur

471 5168 689 5230 omnia,
748 5182 871 5236 quae
921 5164 1132 5236 prolata
1188 5173 1353 5230 sunt,
1412 5172 1474 5219 ut
1523 5163 1832 5219 communis
1880 5179 2067 5221 sermo

472 5260 686 5331 probat.
712 5257 1121 5314 Theodorctum
1151 5272 1317 5327 porro
1344 5255 1616 5311 Theodori
1648 5254 1938 5310 sententia:
1968 5254 2064 5307 ad-

470 5349 720 5414 bresisse,
745 5350 831 5405 vel
868 5365 934 5405 ex
964 5364 1033 5404 eo
1061 5348 1371 5404 clarissime
1415 5354 1652 5409 constat,
1703 5344 1850 5415 quod
1882 5344 2065 5398 Theo-

469 5442 668 5499 dorum
690 5450 753 5497 ct
770 5440 1081 5497 defenderit
1105 5439 1370 5496 adversus
1406 5438 1503 5494 SS.
1550 5438 1815 5509 Cyrillum
1846 5445 1902 5491 et
1929 5436 2061 5489 Pro.

2164 4338 2224 4391 οὐ
2259 4336 2515 4391 δύνανται
2546 4339 2610 4390 ὲκ
2636 4335 2937 4401 διατάξεως
2978 4334 3276 4389 ἐπίσκοποι
3312 4328 3766 4405 κατακρίνεσῦαι,

2096 4454 2139 4507 ι)
2167 4429 2260 4494 οὓς
2293 4430 2386 4483 ἐπὶ
2414 4432 2479 4501 τῇ
2518 4430 2756 4500 φυλακῇ,
2788 4432 2854 4499 τῇ
2883 4427 2979 4499 τῆς
3012 4424 3269 4493 πὶστεως,
3306 4425 3561 4495 συνοδικὴ
3591 4425 3769 4496 apage;

2170 4522 2498 4595 ἐκόσμησεν.
2528 4521 2609 4595 _ld
2654 4529 2783 4575 cst:
2822 4540 2839 4571 ι
2882 4519 3075 4589 Iniqua
3126 4518 3399 4573 sententia
3449 4518 3770 4573 nullatenus

2169 4621 2386 4677 noceat,
2429 4627 2611 4682 neque
2651 4609 2915 4683 Eusebio,
2956 4618 3138 4679 neque
3167 4604 3541 4675 Theodorcto,
3586 4624 3770 4681 neque

2171 4703 2601 4776 religiosissimis
2633 4700 2931 4772 episcopis,
2957 4716 3096 4771 quos
3118 4699 3308 4755 eadem
3339 4698 3593 4755 definitio
3622 4716 3771 4756 com~

2168 4795 2493 4868 prehendit;
2545 4792 2994 4866 quandoquidem
3047 4792 3308 4862 prrcsuics
3366 4792 3768 4848 constitutione

2170 4888 2417 4945 damnari
2437 4901 2548 4941 non
2589 4892 2838 4955 possunt,
2873 4899 3015 4953 quos
3034 4883 3104 4938 ob
3131 4881 3258 4936 fidei
3287 4874 3598 4936 custodiam
3633 4898 3770 4953 syn-

2171 4980 2393 5037 odicnm
2423 4977 2710 5033 decretum
2763 4975 3029 5030 laudavit.
3075 4994 3093 5026 ι
3139 4972 3287 5029 Fidri
3315 4990 3479 5044 porro
3504 4976 3767 5039 custodia,

2173 5078 2397 5140 propter
2420 5084 2582 5139 quam
2629 5067 2946 5126 laudantur,
2975 5080 3084 5120 non
3116 5063 3322 5133 absque
3347 5065 3565 5120 ratione
3590 5065 3764 5119 videri

2168 5172 2349 5232 potest
2377 5161 2495 5233 ipsa
2524 5177 2648 5216 esse
2695 5158 2967 5215 confessio
3001 5157 3234 5212 duarum
3287 5167 3616 5212 naturarum
3664 5156 3767 5211 ad-

2166 5270 2361 5310 versus
2393 5255 2555 5309 unius
2579 5261 2903 5318 assertores,
2933 5259 3163 5322 propter
3191 5265 3331 5321 quos
3367 5248 3603 5304 maxime
3639 5264 3770 5319 syn-

2167 5344 2307 5398 odus
2332 5341 2801 5399 Chalcedonensis
2831 5349 3020 5397 coacta
3043 5349 3146 5395 cst.

2237 5436 2356 5492 Jam
2374 5450 2505 5492 vero
2528 5435 2647 5490 laus
2674 5434 2893 5491 Maximi
2929 5430 3254 5490 Autiochrni
3282 5433 3490 5490 idcirco
3524 5436 3763 5493 diuitum

1820 5589 2138 5647 SCilULZil
2173 5588 2394 5646 ΝΟΤίΕ.

526 5738 568 5770 ⁸³
602 5738 698 5798 Vid
757 5754 810 5812 ρ.
852 5737 971 5795 468.
1048 5736 1095 5770 ⁸ο
1128 5735 1240 5793 Vid.
1270 5742 1307 5789 ι.
1334 5734 1419 5800 1v,
1460 5750 1511 5805 ρ.
1554 5732 1707 5789 nos.

2208 5775 2274 5811 i"
2296 5774 2311 5787 ”
2364 5768 2403 5816 ⁵κ,
