3956 6298
146 292 251 354 425

1378 292 1476 352 DE
1510 291 1686 352 FIDE
1719 289 2201 350 THEODORETI

3288 294 3390 355 426

149 407 217 458 de.
249 418 351 456 suo
388 403 630 472 pondere
668 403 896 466 amittit,
937 404 1080 472 quod
1121 418 1227 457 non
1267 414 1348 458 est
1380 421 1409 458 a
1438 404 1558 457 viro
1601 418 1727 456 con-
1757 406 1798 460 Α
1828 411 1969 454 ctam
2005 402 2269 472 synodum
2303 401 2628 470 Ephesinam
2657 400 2908 468 primam,
2944 408 3190 453 sanctum
3215 401 3389 472 Cyril-

149 495 502 548 stantissimac
533 493 656 546 ﬁdei
685 512 698 545 :
728 494 817 562 qui
839 494 984 546 enim
1015 511 1156 548 nunc
1191 503 1418 548 testatur
1454 510 1510 547 se
1551 493 1727 546 Theo-

149 588 402 640 doretum
436 586 565 638 olim
588 595 643 639 et
663 602 692 639 a
723 585 991 655 principio
1017 602 1115 654 pro
1142 585 1419 639 Catholico
1450 585 1722 644 habuisse,

150 693 276 729 eum
311 675 365 728 in
389 676 628 730 Ecclesia
651 677 989 730 Antiochena
1019 677 1309 730 conciones
1349 676 1592 738 haberet,
1639 676 1725 729 ille

152 777 308 829 tunc,
339 774 471 821 teste
495 765 562 836 Ο)
577 767 719 828 rillo,
757 787 772 815 ι
809 767 1074 820 accedens
1095 767 1470 820 Alexandriam
1496 767 1726 836 plurima

152 857 470 912 inclamavit
497 858 551 910 in
580 856 885 912 Orientales
904 898 918 920 ,
947 859 1134 912 (licens
1165 859 1495 912 orthodoxos
1517 858 1726 912 nullum

154 946 233 998 ibi
264 946 469 1001 habere
502 948 704 1008 locum,
757 961 860 1000 nec
896 945 1149 1000 ﬁduciam
1183 946 1440 1016 loquendi
1476 947 1543 1001 de
1582 957 1727 1002 recta

153 1034 283 1088 ﬁde.
322 1054 341 1085 ι
377 1035 512 1100 Quae
544 1039 559 1054 '
592 1035 757 1088 verba
785 1045 1032 1103 spectare
1064 1035 1551 1090 Theodoretumex
1582 1037 1726 1106 ipsa-

152 1135 265 1180 met
289 1126 522 1195 epistola
565 1134 622 1179 et
659 1125 884 1179 historia
922 1126 1181 1195 temporis
1211 1142 1372 1180 nemo
1404 1135 1582 1197 potest
1619 1144 1726 1182 non

154 1219 486 1290 intelligere.

221 1306 519 1360 Facundus
539 1322 646 1360 non
671 1307 1167 1370 laudavittantnm,
1199 1309 1292 1363 sed
1323 1309 1486 1363 etiam
1513 1326 1580 1364 ex
1610 1312 1726 1365 ani-

157 1414 248 1450 mo
277 1398 686 1453 Theodoretum
716 1399 996 1464 defendit;
1027 1414 1136 1453 non
1171 1401 1279 1454 alio
1314 1408 1491 1454 tamen
1525 1402 1727 1466 animo,

159 1505 264 1543 nec
313 1489 438 1543 aliis
478 1490 754 1555 laudibus,
798 1507 960 1560 quam
990 1490 1192 1560 quibus
1228 1490 1574 1546 Theodorum
1622 1494 1731 1546 Mo-

161 1589 542 1648 psuestenum,
578 1581 726 1634 velut
750 1581 1044 1634 Athanasio
1075 1579 1463 1651 Gregorioque,
1484 1594 1540 1638 et
1563 1579 1739 1638 maxi-'

159 1671 264 1724 mis
294 1669 551 1724 Ecclesiae
578 1670 896 1725 doctoribus
935 1686 1139 1740 parem.

227 1761 460 1816 Photius
517 1777 795 1830 nunquam
853 1763 1184 1818 Theodoreti
1239 1763 1306 1818 de
1361 1764 1730 1820 incarnatione

161 1855 326 1910 ﬁdem
351 1854 693 1924 approbavit,
723 1853 821 1908 sed
851 1855 1128 1908 accusavit
1152 1854 1325 1924 magis
1354 1873 1366 1906 :
1397 1855 1542 1924 quod
1567 1856 1734 1910 etiam

163 1945 228 1998 de
259 1943 526 1998 Euchaita
561 1941 882 2002 dicendum,
917 1958 946 1996 a
974 1958 1082 2012 quo
1112 1943 1256 1997 inter
1277 1943 1534 1999 Ecclesiae
1567 1945 1736 2016 magi-

162 2043 304 2086 stros
333 2032 407 2085 ita
423 2031 666 2085 censitus
690 2038 793 2094 est,
817 2039 876 2085 ut
897 2030 1057 2085 simul
1079 2031 1354 2087 diceretur
1377 2033 1535 2086 venia
1551 2049 1732 2103 egere,

161 2123 308 2193 quod
334 2123 484 2176 velut
512 2121 676 2175 homo
696 2121 878 2191 lapsus
907 2123 997 2177 sit.

230 2213 620 2268 Reeentiorum
641 2211 930 2282 judicium,
955 2214 1204 2283 quamvis
1230 2231 1297 2269 ex
1328 2229 1386 2269 se
1417 2231 1580 2285 grave
1624 2233 1736 2270 ma-

163 2305 367 2374 gnique
405 2304 687 2373 ponderis,
709 2319 817 2358 non
848 2304 1016 2360 vincit
1049 2315 1228 2360 tamen
1265 2315 1343 2361 tot
1365 2317 1611 2362 veterum
1638 2310 1738 2364 Pa-

166 2405 335 2459 trum,
362 2404 550 2464 totque
587 2395 944 2450 conciliorum
974 2407 1029 2450 et
1055 2413 1390 2453 summorum
1418 2399 1737 2471 pontiﬁcum

161 2487 566 2541 auctoritatem.

517 2621 813 2676 Armenes
846 2621 908 2676 V.
939 2653 1005 2663 —-
1051 2624 1370 2695 Ἐπίκρισις.

229 2759 345 2813 XV.
363 2759 422 2812 In
448 2767 594 2812 tanta
622 2766 892 2812 tantorum
926 2757 1164 2811 virorum
1181 2761 1551 2814 controversia
1571 2761 1738 2815 nolim

159 2866 266 2920 ego
301 2865 484 2904 meum
523 2849 872 2918 interponere
895 2849 1159 2919 judicium
1199 2868 1211 2902 :
1244 2849 1381 2905 ferat
1416 2853 1739 2907 sententiam

161 2941 414 3012 prudens
448 2941 642 3005 lector,
677 2956 838 3013 quam
862 2941 1156 3008 aequiorem
1201 2943 1515 2998 crediderit.
1550 2943 1738 2999 Profe-

1828 493 1978 557 lum,
2031 504 2086 546 et
2124 496 2240 564 (jus
2271 493 2559 548 duodecim
2595 492 2792 560 capita,
2835 491 3107 560 exposuit,
3135 501 3190 545 et
3209 494 3392 544 omnia

1828 602 1946 653 quae
1994 585 2320 653 conscripsit
2354 600 2463 654 pro
2503 585 2794 642 Theodoro
2826 593 2881 638 et
2910 584 3160 637 Nestorio
3190 584 3390 652 impiis.

1826 686 1881 729 et
1909 692 2010 745 pro
2035 676 2177 740 aliis,
2221 676 2316 745 qui
2343 675 2534 730 eadem
2571 691 2695 729 cum
2723 675 2996 744 praedictis
3024 675 3312 730 Theodoro
3341 687 3395 729 ct

1829 767 2080 821 Nestorio
2108 775 2442 836 sapuerunt,
2493 767 2790 824 defendens
2816 782 2942 829 eos,
2994 776 3049 821 et
3073 782 3266 821 eorum
3290 768 3392 821 im-

1828 857 2136 924 pietatem,»
2164 865 2274 912 etc.

1899 946 1952 998 5.
1999 947 2195 1001 Nullus
2223 946 2388 1000 etiam
2433 944 2787 1013 antiquorum
2818 945 3057 1008 Patrum,
3088 944 3243 1014 cujus
3270 944 3394 1013 qui-

1831 1035 1953 1088 dem
1995 1045 2208 1091 exstent
2234 1050 2420 1104 opera,
2468 1049 2601 1087 usus
2619 1041 2704 1087 est
2730 1033 3042 1088 testimonio
3064 1033 3394 1087 Theodoreti

1831 1128 1897 1180 ad
1945 1127 2332 1182 stabiliendum
2381 1126 2575 1196 dogma
2618 1124 2766 1178 ﬁdei.
2819 1124 2954 1179 Nam
3001 1124 3147 1194 quod
3176 1134 3396 1178 sanctus

1831 1218 2125 1287 Gregorius
2151 1218 2204 1272 in
2226 1219 2455 1287 epistola
2479 1218 2679 1288 Pelagii
2701 1217 2745 1271 ll
2778 1217 2843 1269 ad
2871 1216 3056 1270 lstrios
3078 1215 3233 1278 dixit,
3251 1216 3393 1274 aliis.

1831 1324 1992 1376 quam
2037 1324 2158 1378 qua:
2201 1309 2455 1361 damnata
2494 1317 2652 1370 sunt,
2711 1304 3040 1358 Theodoreti
3065 1304 3284 1372 scriptis
3317 1305 3395 1355 uti

1834 1415 1890 1453 se
1938 1410 2128 1454 contra
2156 1399 2526 1460 adversarios,
2581 1397 2836 1466 quodque
2863 1395 3125 1448 continuo
3151 1395 3397 1446 meminit

1837 1491 2350 1544 commentariorum
2421 1491 2473 1542 in
2526 1489 2772 1552 Cantica,
2824 1487 3026 1557 quibus
3079 1486 3398 1541 Theodorus

1834 1581 2250 1651 Mopsuestenns
2283 1582 2446 1635 tacito
2466 1581 2686 1635 nomine
2711 1580 3128 1649 perstringitur,
3157 1579 3293 1633 nihil
3317 1596 3400 1633 as-

1836 1671 2063 1724 sertioni
2096 1681 2275 1734 nocet,
2329 1683 2619 1742 propterea
2645 1669 2791 1741 quod
2824 1686 3000 1740 neque
3029 1680 3204 1725 exstat
3227 1672 3397 1724 ullum

1834 1763 2035 1834 Pelagii
2059 1763 2103 1818 ll
2158 1774 2250 1818 aut
2274 1761 2519 1834 Gregorii
2549 1764 2723 1833 Magni
2755 1779 2922 1832 Opus,
2979 1762 3031 1815 in
3063 1780 3170 1832 quo
3198 1763 3399 1832 scripta

1834 1853 2103 1923 ejusmodi
2133 1854 2398 1922 producta
2426 1855 2533 1908 sint
2560 1895 2573 1918 ,
2613 1870 2790 1922 neque
2820 1853 2961 1907 alius
2985 1854 3128 1907 ullus
3157 1854 3399 1923 cogitan-

1835 1944 1937 1998 dus
1955 1954 2038 1999 est
2058 1944 2423 2008 adversarius,
2451 1955 2637 1999 contra
2655 1961 2817 2014 quem
2844 1944 3401 1998 testiinoniuinTlieo—

1821 2035 2012 2106 ‘doreti
2039 2036 2332 2091 adductum
2361 2036 2451 2102 sit,
2483 2053 2645 2107 quam
2674 2039 2998 2093 Theodorus
3025 2039 3160 2107 ipse.

1903 2126 1955 2179 6.
1991 2125 2177 2195 Neque
2207 2135 2399 2180 auctor
2427 2126 2568 2182 ullus
2598 2136 2728 2181 ante
2749 2136 3024 2183 trecentos
3046 2143 3240 2191 annos,
3268 2144 3404 2197 prac-

1837 2223 1919 2270 ter
1944 2216 2318 2288 Agobardum,
2365 2217 2641 2282 Photium,
2683 2217 2945 2272 Joannem
2968 2217 3311 2280 Euchaitam,
3349 2229 3403 2273 et

1835 2305 2162 2362 Catenarum
2215 2307 2556 2363 confectores
2579 2349 2594 2372 ,
2654 2307 2986 2364 Theodoreti
3015 2311 3219 2380 aliquid
3247 2310 3400 2364 exhi—

1837 2398 1979 2462 buit,
2012 2408 2072 2453 ut
2097 2399 2373 2466 laudaret;
2427 2416 2529 2454 nec
2561 2399 2788 2455 istorum
2813 2417 3006 2472 magna
3030 2401 3192 2456 debet
3215 2401 3407 2470 haberi

1838 2492 1998 2547 ratio.
2048 2491 2181 2548 Nam
2211 2491 2534 2564 Agobardus
2559 2494 2807 2548 meminit
2829 2493 3158 2548 Theodoreti
3190 2494 3404 2560 leviter,

1837 2590 1893 2635 et
1917 2580 2030 2636 fere
2059 2589 2290 2649 tantum,
2321 2591 2382 2636 ut
2403 2582 2738 2648 ostenderet,
2760 2598 3031 2655 pugnasse
3059 2585 3234 2653 ipsum
3259 2585 3408 2639 clau-

1851 2672 1927 2728 sis
1989 2675 2164 2729 oculis
2201 2673 2606 2730 Andabatarum
2655 2690 2804 2729 more
2831 2716 2843 2739 ,
2895 2676 3097 2745 quippe
3135 2676 3402 2739 nescium,

1839 2778 1963 2816 cum
2014 2779 2123 2832 quo
2171 2763 2477 2818 dimicaret.
2541 2761 2768 2818 Photius
2804 2778 2863 2818 ut
2891 2763 3296 2827 hazrcticorum,
3334 2765 3407 2818 ita

1841 2851 2173 2908 Theodoreti
2224 2869 2410 2922 opera,
2475 2854 2694 2908 aliunde
2739 2869 2901 2922 quam
2950 2854 3017 2907 ab
3059 2851 3404 2915 orthodoxia,

1840 2943 2102 2999 laudavit.
2158 2945 2440 3000 Euchaitze
2478 2946 2613 2998 nihil
2651 2945 2918 2999 habemus
2950 2955 3147 3014 przeter
3175 2947 3404 3009 iambos,

166 3050 288 3088 ram
321 3042 532 3086 tantum
568 3031 1069 3086 animadversiones
1109 3048 1334 3097 novem,
1367 3050 1507 3103 quae,
1551 3034 1595 3089 si
1631 3043 1736 3088 tam
1765 3069 1810 3129 ο
1843 3036 1896 3089 in
1939 3034 2141 3105 quibus
2197 3035 2410 3089 laudem
2450 3035 2798 3090 Theodoreto
2843 3036 3142 3105 impensam
3180 3037 3408 3106 castigat

164 3134 384 3180 mature
433 3123 861 3194 perpendantur,
908 3138 1069 3192 quam
1111 3123 1324 3179 sincere
1364 3124 1733 3194 proferuntur,

157 3216 434 3286 iuvabunt
463 3214 602 3269 forte
628 3213 694 3268 ad
717 3213 1035 3268 solvendum
1064 3229 1238 3270 causaa
1265 3216 1737 3286 perplexissimum

164 3307 396 3363 nodum.

226 3398 283 3450 1.
321 3396 479 3450 Nulla
500 3411 737 3465 unquam
770 3395 1029 3466 synodus,
1056 3395 1354 3464 praesertim
1380 3395 1735 3457 cecumenica,

163 3487 342 3541 libros
397 3486 725 3541 Theodoreti
785 3486 1127 3555 approbavit,
1181 3501 1249 3540 ne
1281 3485 1740 3540 Chalcedonensis

163 3577 416 3648 quidem,
449 3577 696 3646 quamvis
744 3591 1032 3646 personam
1087 3575 1374 3644 receperit.
1422 3575 1546 3630 Fuit
1593 3575 1739 3630 enim

166 3669 290 3722 hanc
343 3669 577 3737 maligna
633 3667 1094 3737 Eutychianorum
1142 3667 1432 3730 calumnia,
1463 3659 1740 3721 silentium

161 3757 338 3830 479
372 3757 562 3828 synodi
601 3758 1010 3828 approbationis
1047 3759 1216 3812 instar
1249 3773 1389 3812 esse.

238 3852 298 3904 2.
336 3851 494 3904 Nulla
519 3868 758 3921 unquam
783 3853 1024 3922 synodus
1047 3867 1143 3906 usa
1164 3861 1249 3906 est
1268 3851 1594 3906 testimoniis
1615 3853 1740 3907 inde

163 3943 415 4010 acceptis
459 3942 528 3996 ad
579 3943 736 3997 ﬁdem
785 3944 1048 3998 adversus
1088 3942 1373 3996 hwreticos
1399 3941 1740 3997 ﬁrmandam.

166 4034 309 4087 Nam
340 4033 488 4101 quod
535 4036 762 4102 septima
797 4033 1037 4104 synodus
1070 4033 1124 4086 in
1153 4033 1317 4086 editis
1348 4032 1629 4087 codicibus
1662 4033 1741 4086 le-

165 4123 324 4192 gitur
368 4123 690 4192 produxisse
731 4124 935 4193 aliquid
988 4139 1054 4177 ex
1103 4122 1332 4177 historia
1376 4123 1739 4188 Theodoreti,

167 4223 540 4284 przeterquam
583 4215 728 4284 quod
765 4215 1139 4270 testimonium
1190 4229 1299 4268 non
1328 4213 1595 4284 dogmatis
1621 4215 1740 4276 fuit,

165 4305 267 4360 sed
299 4305 424 4359 facti
455 4306 599 4374 puri,
636 4306 954 4360 manifestus
974 4315 1079 4369 est,
1115 4315 1175 4359 ut
1200 4304 1398 4359 eruditi
1422 4305 1625 4374 quique
1647 4318 1746 4357 no-

1841 3127 2358 3181 commemorationc
2393 3126 2596 3196 lapsus.
2658 3125 2986 3180 Catenarum
3017 3127 3240 3195 opiﬁces
3269 3127 3408 3180 nihil

1841 3217 2131 3272 admodum
2180 3215 2483 3289 pracjudicii
2525 3216 2765 3282 faciunt,
2815 3218 3292 3288 quandoquidem,
3349 3232 3408 3272 ut

1842 3323 2002 3362 nemo
2046 3310 2254 3374 nescit,
2311 3311 2619 3378 promiscue
2661 3326 2725 3364 ex
2754 3311 3072 3365 orthodoxis
3110 3322 3164 3366 et
3189 3313 3406 3368 hetero-

1842 3404 1996 3459 doxis
2021 3405 2306 3475 colligunt,
2334 3405 2600 3474 quidquid
2627 3406 2971 3460 conducibile
2994 3406 3095 3460 sibi
3125 3415 3318 3477 putant
3340 3409 3407 3461 ad

1842 3495 2240 3564 explanandnm
2272 3495 2792 3564 Scriptumlocum,
2849 3497 2902 3550 in
2948 3513 3057 3567 quo
3096 3509 3405 3554 versantur.

1913 3581 1963 3635 7.
2002 3581 2180 3638 Aitate
2209 3601 2304 3638 sua
2339 3583 2719 3640 Theodoretus
2749 3586 2958 3640 nullum
2986 3596 3180 3642 nactus
3207 3598 3287 3643 est
3325 3591 3408 3642 sui

1843 3670 2185 3727 defensorem
2229 3693 2240 3727 :
2288 3674 2478 3728 habuit
2510 3689 2638 3728 vero
2671 3687 3018 3731 accusatores
3062 3677 3324 3748 Cyrillum
3352 3692 3406 3734 et

1843 3760 2068 3817 Marium
2095 3763 2472 3828 Mercatorem,
2503 3766 2648 3819 viros
2672 3767 2849 3836 magni
2878 3766 3042 3837 480
3067 3776 3288 3836 preptcr
3311 3768 3409 3822 do-

1845 3853 2073 3908 ctrinam
2099 3855 2360 3909 nominis.
2395 3855 2552 3921 Quod
2583 3855 2649 3910 de
2677 3865 2864 3912 sancto
2893 3856 3072 3911 Leone
3099 3867 3153 3912 et
3180 3859 3412 3915 Maximo

1843 3945 2186 4000 Antiocheno
2218 3953 2401 4014 posset
2432 3945 2618 4015 objici,
2652 3945 2918 4001 hactenus
2945 3949 3205 4017 rejectum
3234 3948 3410 4002 abun-

1845 4035 1912 4089 de
1934 4045 2016 4090 est
2031 4034 2095 4089 ⁵⁷.

1916 4127 1965 4180 8.
2021 4127 2214 4182 Nullus
2262 4135 2413 4181 sexto
2447 4125 2643 4179 smculo
2685 4123 3018 4179 Theodoreti
3049 4127 3410 4194 patrocinium

1846 4219 2104 4286 suscepit,
2138 4227 2334 4286 praeter
2355 4215 2750 4280 schismaticos,
2782 4217 2978 4284 partim
3003 4215 3180 4280 Afros,
3204 4219 3400 4288 partim

1845 4309 2032 4363 lstrios
2060 4328 2072 4361 :
2100 4309 2193 4362 sed
2225 4307 2276 4362 id
2304 4305 2590 4378 patrocinii
2619 4305 2753 4361 nihil
2780 4307 2951 4360 valuit
2973 4307 3237 4365 adversus
3254 4311 3414 4380 quin-

166 4404 340 4458 rnnt,
394 4411 551 4449 error
589 4396 803 4450 librarii
850 4396 1254 4450 Theodoretum
1286 4411 1384 4453 pro
1430 4395 1739 4459 Theodoro,
1777 4392 1818 4445 ἰ)
1851 4411 1955 4455 iam
1987 4400 2251 4472 synodum
2277 4398 2606 4469 generalem,
2631 4397 2683 4452 id
2725 4410 2827 4462 ρει,
2876 4406 3039 4454 totam
3073 4400 3274 4456 Christi
3314 4402 3416 4456 Ec-

163 4487 268 4556 qui
297 4485 492 4540 Lector
519 4487 741 4548 dicitur,
771 4487 1083 4541 scribentis.

240 4577 297 4630 3.
337 4575 536 4648 Synodi
559 4587 670 4632 tres
694 4579 1048 4632 mcumenica:
1073 4578 1273 4648 scripta
1293 4576 1538 4646 quaedam
1564 4577 1741 4631 Theo-

161 4668 353 4723 doreti
377 4668 698 4722 nominatim
728 4668 1059 4723 damnarunt
1087 4688 1100 4722 :
1130 4669 1318 4738 quinta
1340 4667 1568 4729 scilicet,
1592 4678 1742 4722 sexta

159 4771 221 4817 et
251 4761 521 4830 septima;
574 4777 750 4831 neque
781 4779 1016 4831 unquam
1049 4762 1316 4824 Ecclesia,
1353 4777 1475 4815 cum
1503 4761 1738 4832 synodo-

163 4867 296 4906 rum
331 4865 571 4904 canones
598 4853 884 4921 reciperet,
939 4853 1100 4906 ullam
1128 4853 1454 4922 scriptorum
1476 4851 1741 4905 eiusmodi

163 4943 448 4998 rationem
476 4942 682 4998 habuit.

239 5035 298 5087 4.
329 5033 463 5099 Quae
491 5033 820 5090 Theodoreti
854 5037 1053 5104 scripta
1085 5035 1335 5089 damnata
1365 5039 1535 5090 voluit
1556 5039 1746 5106 quinta

157 5124 438 5194 synodus,
489 5141 552 5180 ea
576 5127 860 5195 speciatim
886 5129 1175 5195 expressit,
1225 5137 1279 5180 et
1310 5128 1363 5181 in
1388 5129 1504 5197 ipso
1526 5131 1745 5198 quidem

158 5232 404 5280 canone,
456 5217 602 5286 quod
633 5218 915 5272 insolitum
966 5237 978 5271 :
1036 5237 1053 5268 ι
1082 5218 1136 5272 Si
1164 5219 1287 5287 quis
1314 5219 1557 5274 defendit
1584 5221 1749 5289 impia

155 5307 395 5376 scripta,
437 5323 559 5377 quae
591 5309 856 5364 adversus
890 5319 1092 5363 rectam
1123 5309 1304 5373 ﬁdem,
1336 5310 1600 5364 adversus
1625 5325 1750 5364 san-

1845 4493 2084 4554 clesiam,
2139 4507 2256 4560 qua)
2312 4490 2378 4543 de
2430 4489 2810 4554 schismaticis,
2851 4491 3078 4547 veritate
3135 4493 3408 4556 vincente,

1849 4582 2224 4652 triumphavit.
3079 4567 3083 4578 ’
3109 4591 3113 4594 ’

1915 4677 1967 4728 tl.
2020 4674 2148 4741 Qum
2196 4673 2459 4727 adversus
2505 4673 2832 4727 Theodoreti
2870 4674 3027 4729 ﬁdem
3076 4676 3236 4730 allata
3265 4689 3412 4738 sunt.

1851 4782 2101 4837 maguum
2129 4779 2224 4835 per
2245 4780 2300 4818 se
2327 4773 2658 4818 momentum
2683 4764 2904 4828 habent,
2931 4773 3156 4834 propter
3173 4777 3413 4835 apertam

1851 4856 2132 4911 veritatem
2157 4897 2169 4917 ,
2222 4864 2277 4909 ct
2308 4861 2321 4874 ⁶
2354 4855 2724 4925 gravissimam
2764 4855 3144 4910 auctoritatem
3171 4858 3410 4911 testium.

1851 4947 1980 5012 Quae
2008 4946 2359 5015 excipiuntur
2391 4946 2444 4998 in
2468 4945 2886 5009 contrarium",
2935 4945 3047 5000 fere
3078 4956 3286 5002 tantum
3318 4966 3414 5003 nc-

1849 5038 2024 5107 gativa
2079 5046 2207 5090 sunt
2254 5052 2315 5090 ac
2363 5037 2615 5099 obscura,
2653 5047 2975 5108 sumptaque
3005 5054 3070 5093 ex
3096 5039 3288 5095 alienis
3313 5040 3416 5094 fal-

1851 5129 2034 5197 sisque
2065 5126 2218 5181 locis.
2283 5127 2534 5195 Nuperns
2562 5134 2709 5180 certe
2734 5126 3009 5191 defensor,
3065 5127 3148 5181 vir
3174 5128 3415 5200 alioquin

1853 5217 2185 5274 Theodoreti
2233 5217 2542 5280 studiosus,
2594 5225 2648 5270 et
2703 5216 2755 5270 in
2801 5218 3193 5287 conquirendis
3242 5235 3418 5276 causa»

1853 5324 2014 5378 quam
2061 5307 2297 5376 suscepit
2339 5305 2608 5376 praesidiis
2637 5307 2854 5360 curiose
2881 5306 3134 5378 diligens,
3168 5309 3419 5378 proferre

1507 5460 1818 5516 SCHULZII
1849 5459 2077 5515 NOTAE.

235 5575 286 5604 ⁸⁷
320 5574 452 5646 Quae
482 5572 922 5646 adversariorum
954 5573 1174 5646 nomine
1209 5584 1363 5628 antea
1383 5573 1604 5646 dixerat
1629 5574 1944 5646 Garnerius,
1974 5591 2072 5646 suo
2103 5590 2247 5646 nunc
2274 5573 2466 5643 probat
2512 5573 2741 5646 judicio,
2789 5575 2892 5628 etsi
2931 5576 2991 5628 in-
3041 5577 3422 5646 superioribus

160 5645 365 5725 magni
417 5644 849 5725 fecerat‘l.eonis
894 5643 1297 5697 auctoritatem.
1375 5643 1419 5674 °“
1447 5644 1702 5725 Iniquum
1747 5644 1985 5712 judiccm
2038 5643 2192 5698 facile
2223 5654 2480 5713 agnoscet
2529 5644 2778 5715 quisquis
2840 5646 2953 5700 haec
2987 5643 3123 5700 cum
3159 5648 3266 5701 illis
3302 5663 3421 5725 qua:

159 5714 406 5769 articulo
451 5713 693 5767 secundo
725 5721 1120 5782 praecesserant
1160 5727 1475 5781 comparare
1511 5715 1662 5766 velit.

505 5805 778 5866 ΡΑσι-ιιοι..
810 5803 926 5864 (in.
967 5802 1286 5863 LXXXIV.

3023 5811 3091 5872 14
