3956 6298
579 295 684 358 ὄΞἾ

1711 291 2086 351 GARNERII
2125 291 2620 353 DISSERTATIO
2657 292 2750 354 III

3727 304 3828 369 4⁵28

586 405 808 461 tandem
841 401 977 456 nihil
1007 400 1206 470 potuit,
1259 399 1366 454 nisi
1406 399 1750 470 suppositum
1788 401 2048 471 quiddam
2086 417 2152 455 ex
2184 408 2224 461 Α
2253 403 2356 457 sub
2388 405 2647 475 symbolis
2676 405 3057 460 eucharisticis
3088 411 3344 474 senserit,
3397 412 3588 466 nullus
3615 413 3821 472 dubito.

582 498 726 552 libro
756 503 951 566 quarto
979 493 1361 548 Htereticarum
1394 491 1720 562 fabularum,
1752 502 1806 547 et
1837 493 2148 549 testimonia

581 587 1058 644 schismaticorum
1078 583 1268 638 trium.

651 680 709 734 ln
761 686 910 732 tanta
958 674 1321 746 pugnantium
1359 676 1598 745 partium
1630 675 1975 731 dissensione
2008 677 2146 730 nihil

577 768 901 840 prudentius
929 767 1039 822 dici
1069 781 1229 836 posse
1256 781 1413 832 reor,
1465 767 1604 821 nihil
1631 767 1955 831 modestius,
1986 783 2148 836 quam

577 860 722 932 quod
743 858 1040 929 Gregorius
1064 857 1308 927 Magnus,
1329 873 1453 912 cum
1481 868 1865 928 argumentum
1891 859 2037 913 idem
2056 874 2149 912 ac-

577 959 762 1008 curate
787 958 1080 1005 tractaret:
1108 968 1125 1000 c
1143 951 1439 1005 Personam
1461 950 1794 1005 Theodoreti
1820 968 1943 1006 cum
1963 961 2150 1007 sancta

576 1045 784 1118 synodo
809 1041 1243 1099 Chalcedonensi
1283 1043 1602 1112 recipimus,
1634 1058 1800 1112 prava
1827 1045 2031 1114 scripta
2061 1059 2149 1098 re-

575 1139 902 1210 probamus;
956 1149 1081 1190 cum
1115 1145 1302 1189 sancta
1331 1135 1540 1205 synodo
1579 1135 1985 1189 Theodoretum
2016 1150 2146 1204 pro-

565 1230 818 1284 ﬁtentem
848 1233 998 1280 recta
1024 1239 1404 1278 veneramur.»

1195 1329 1419 1386 CAPUT
1448 1331 1536 1384 Ill.

563 1421 648 1479 ."De
691 1421 796 1490 ﬁde
839 1419 1141 1475 Theodoreti
1175 1421 1314 1472 circa
1348 1419 1698 1474 Eucharistia:
1728 1432 2142 1478 sacramentum.

640 1531 1155 1588 Controversiarum
1183 1537 1525 1595 tractatores,
1552 1547 1675 1585 cum
1700 1531 1766 1586 de
1788 1533 2147 1589 Eucharistiae

572 1626 915 1674 sacramento
936 1617 1236 1687 disputant,
1268 1616 1323 1670 in
1347 1633 1474 1671 suas
1495 1618 1726 1688 quisque
1750 1628 1952 1689 partes,
1973 1638 2147 1691 quan-

572 1708 775 1762 tumvis
817 1707 1104 1771 adversas,
1164 1705 1571 1761 Theodoretum
1603 1708 1815 1764 trahere
1843 1711 2097 1765 nituntur
2128 1729 2141 1765 :
2176 1737 2216 1792 Β

572 1799 857 1869 proferunt
902 1813 965 1852 ea
1005 1798 1179 1868 ipsius
1207 1797 1338 1852 hinc
1363 1797 1489 1852 inde
1517 1800 1856 1865 testimonia,
1905 1817 2026 1870 qua:
2053 1819 2142 1856 se-

559 1898 757 1960 parata
780 1890 868 1944 vix
885 1887 1260 1943 difficultatem
1278 1898 1486 1952 creent,
1506 1891 1698 1945 collata
1717 1901 1908 1946 mutuo
1921 1892 2142 1946 dubiam

564 1981 974 2050 ancipitemque
1022 1977 1228 2034 faciant
1272 1979 1608 2049 opinionem.
1668 1981 1726 2034 Id
1771 1998 1872 2052 ego
1917 1981 2140 2052 quidem

566 2090 634 2127 ex
659 2088 726 2128 eo
756 2071 874 2126 fieri
906 2079 1060 2140 puto,
1089 2068 1236 2138 quod
1262 2070 1493 2138 quaestio
1521 2086 1643 2139 qua:
1666 2072 1814 2126 velut
1847 2087 1953 2125 una
1977 2078 2142 2141 atque

565 2164 793 2235 simplex
821 2162 1171 2233 preponitur,
1199 2161 1415 2216 duabus
1435 2161 1683 2230 partibus
1707 2163 1884 2232 reipsa
1905 2171 2138 2217 constat.

632 2255 769 2311 Cum
798 2255 942 2309 enim
970 2253 1236 2322 quaeritur
1265 2251 1333 2306 de
1357 2252 1648 2320 prresentia
1671 2253 1919 2321 corporis
1934 2250 2140 2306 Christi

563 2348 666 2403 sub
693 2345 1079 2401 eucharisticis
1107 2343 1390 2414 symbolis,
1422 2343 1620 2396 merito
1647 2351 1915 2398 vocantur
1935 2342 1988 2395 in
2012 2357 2142 2396 con-

555 2435 884 2489 troversiam
928 2433 1038 2487 duo
1076 2449 1089 2485 :
1133 2433 1387 2497 alterum,
1439 2449 1506 2486 an
1534 2431 1737 2486 Christi
1765 2449 1965 2504 corpus
1994 2448 2139 2504 sym-

559 2527 704 2583 bolis
729 2540 966 2598 praesens
988 2524 1059 2578 sit
1080 2525 1278 2594 reipsa,
1303 2531 1398 2576 aut
1423 2522 1592 2592 ﬁgura
1619 2531 1857 2589 tantum;
1881 2525 2136 2589 alterum,

559 2620 607 2675 si
648 2633 889 2690 praesens
928 2616 1000 2672 sit
1033 2631 1224 2672 revera
1245 2655 1260 2680 ,
1311 2615 1585 2684 quomodo
1617 2615 1842 2670 sistatur
1874 2632 2136 2686 praesens,

554 2727 628 2767 an
665 2725 764 2780 per
796 2708 1233 2774 conversionem,
1277 2722 1436 2777 quam
1474 2707 2136 2762 transsubstantiationcm

559 2798 807 2855 Ecclesia
851 2798 1119 2868 appellat,
1168 2812 1379 2866 anper
1422 2797 1774 2851 συνουσίωεςιν
1821 2797 2134 2867 quamdam,

558 2891 647 2946 cui
694 2905 892 2945 nomen
947 2888 1336 2958 impanationis
1383 2889 1569 2943 schola
1617 2887 1769 2943 fecit.
1820 2889 1956 2943 Nam
2004 2889 2134 2959 quid

558 2999 734 3038 causa:
762 2981 972 3044 obstat,
1010 2979 1306 3050 quominus
1335 2978 1388 3032 in
1414 2996 1521 3032 una
1545 2987 1699 3049 parte
1727 2981 1996 3050 quispiam
2029 2981 2134 3036 Ec-

557 3075 736 3130 clesiae
773 3071 1107 3126 assentiatur
1127 3111 1140 3135 ,
1194 3070 1483 3124 dissentiat
1514 3070 1569 3124 in
1599 3070 1804 3138 altera;
1861 3080 2027 3141 atque
2059 3072 2133 3126 ita
2161 3062 2202 3118 (ἶ

556 3163 837 3226 videatur,
889 3161 932 3215 si
962 3170 1198 3230 ponatur
1224 3161 1454 3230 quaestio
1483 3162 1634 3216 velut
1658 3163 1892 3232 simplex
1942 3179 2132 3219 secum

556 3253 833 3326 pugnare?

630 3346 792 3416 5.81
819 3343 990 3398 Nobis
1013 3343 1180 3414 igitur
1203 3343 1573 3412 exploraturis
1618 3360 1738 3412 qua:
1766 3345 1932 3399 fuerit
1955 3346 2132 3403 Theo-

557 3434 739 3490 doreti
789 3432 976 3503 opinio
1041 3433 1110 3486 de
1158 3433 1450 3501 praasentia
1496 3433 1739 3502 corporis
1779 3434 1983 3490 Christi
2031 3439 2131 3493 sub

557 3521 860 3590 symbolis,
934 3520 1228 3576 dividenda
1294 3531 1378 3576 est
1442 3523 1712 3591 quaestio;
1784 3525 2130 3596 primumque

556 3613 935 3677 scrutandum,
966 3612 1098 3682 quid
1125 3612 1359 3666 senserit
1387 3612 1454 3668 de
1476 3615 1605 3667 reali
1631 3617 1954 3685 praesentia;
2015 3627 2128 3673 tum

555 3705 626 3760 de
659 3703 844 3767 modo,
898 3713 1007 3772 quo
1056 3701 1204 3756 velut
1239 3701 1530 3758 adducitur
1561 3719 1762 3774 corpus
1780 3707 2006 3770 Christi,
2050 3710 2128 3764 si-

550 3792 828 3862 stiturque
859 3805 1095 3861 praesens
1123 3790 1383 3862 symbolis
1411 3811 1424 3846 :
1452 3808 1576 3847 nam
1608 3793 1836 3850 fortasse
1866 3813 1974 3851 non
2000 3814 2126 3868 per-

548 3884 686 3940 inde
715 3880 982 3938 catholice
1015 3881 1083 3937 de
1107 3889 1342 3952 utroque
1369 3883 1560 3938 sensit.

623 3970 1015 4029 Admonendus
1045 3986 1211 4040 porro
1239 3971 1411 4026 lector
1438 3972 1617 4039 initio,
1651 3977 1900 4045 nuspiam
1923 3977 1978 4030 in
1998 3992 2128 4047 ope-

546 4065 728 4130 ribus,
760 4079 882 4136 qute
907 4063 1198 4128 habentur,
1250 4063 1658 4120 Theodoretum
1689 4067 1759 4122 de
1781 4068 2126 4124 Eucharistia

544 4157 860 4230 _scripsisse,
911 4155 1020 4211 nisi
1070 4171 1137 4210 ex
1177 4155 1466 4233 occasione
1515 4166 1572 4212 et
1608 4159 1798 4226 paucis
1827 4159 2123 4215 admodum

540 4247 753 4304 averbis.
809 4241 990 4304 Credo
1017 4246 1292 4316 equidem,
1327 4247 1395 4300 ab
1420 4247 1542 4315 ipso
1574 4246 1628 4300 in
1659 4248 1815 4302 libris
1856 4249 2119 4318 mysticis,

549 4339 641 4410 qui
667 4338 976 4410 perierunt,
1000 4345 1383 4405 argumentum
1409 4337 1512 4389 hoc
1535 4352 1634 4406 pro
1650 4337 2124 4408 dignitatetracta-

540 4441 664 4487 tum
693 4447 706 4483 :
731 4427 829 4484 sed
855 4427 1028 4481 miror
1049 4427 1426 4489 vehementer,
1458 4426 1513 4479 in
1538 4428 1887 4482 sermonibus
1905 4428 1970 4482 de
1991 4429 2124 4485 Pro-

547 4521 790 4576 videntia
821 4516 960 4572 nihil
986 4515 1215 4579 dictum,
1256 4530 1380 4568 cum
1413 4516 1556 4569 foret
1578 4527 1918 4586 opportunus
1944 4519 2116 4576 locus.

543 4611 668 4667 Non
719 4607 948 4678 perinde
997 4606 1202 4668 miror,
1263 4621 1364 4659 cur
1413 4606 1469 4658 in
1504 4607 1695 4661 librov
1738 4608 2119 4665 ereticarum

546 4697 872 4772 fabularum,
890 4695 986 4750 ubi
1005 4694 1129 4748 fidei
1145 4693 1466 4748 Christianae
1481 4694 1730 4764 dogmata
1747 4709 2113 4768 exponuntur,

545 4799 794 4847 servetur
820 4787 990 4841 altum
1017 4782 1301 4839 silentium
1341 4799 1355 4835 :
1399 4799 1501 4838 nec
1522 4783 1668 4838 enim
1697 4786 1803 4839 alia
1829 4803 2116 4858 exponun-

545 4887 636 4935 tur
664 4879 939 4948 dogmata,
973 4889 1137 4943 quam
1168 4889 1289 4942 qua:
1311 4873 1585 4927 haereticis
1610 4881 1770 4929 antea
1797 4877 1983 4932 relatis
2013 4896 2112 4950 0p-

542 4977 854 5042 ponuntur;
883 4980 1046 5020 nemo
1066 4979 1198 5017 vero
1223 4963 1532 5026 haereticus,
1558 4966 1685 5019 totis
1707 4966 1861 5022 libris
1881 4978 2116 5038 quatuor

543 5056 852 5122 recensitis,
887 5053 954 5107 de
973 5051 1316 5106 Eucharistia
1338 5051 1696 5121 quaestionem
1719 5055 1976 5111 Ecclesia:
1997 5073 2113 5113 mo-

543 5153 716 5201 verat.

542 5279 572 5350 §
601 5280 642 5334 1.
679 5278 755 5332 De
779 5275 886 5346 ﬁde
915 5277 1217 5350 Theodoreti
1245 5278 1609 5350 circagreatem
1629 5282 1969 5350 iprwsentium
1991 5299 2109 5334 cor-

941 5349 1080 5418 poris
1105 5346 1294 5401 Christi
1321 5347 1414 5401 sub
1435 5346 1702 5418 symbolis.

611 5465 752 5533 Quin
779 5465 1158 5521 Theodoretus
1183 5479 1381 5534 corpus
1403 5463 1611 5519 Christi
1640 5464 1818 5532 reipsa
1841 5464 2113 5517 contineri

615 5561 659 5596 "
683 5557 870 5612 Matth.
909 5571 1050 5620 mw,
1087 5554 1175 5609 26.

2250 494 2384 548 Nam
2415 506 2778 567 prazterquam
2819 498 2963 566 quod
2987 514 3049 552 ca
3082 500 3416 567 vixitmtate,
3443 520 3552 573 qua
3575 518 3825 562 constans

2255 584 2358 638 fuit
2393 585 2650 640 Ecclesia:
2676 585 2970 641 Orientalis
3004 587 3073 642 de
3105 590 3234 642 reali
3263 594 3558 659 prmsentia
3596 594 3748 656 fides,
3795 614 3822 650 a

2251 691 2357 744 qua
2386 677 2579 744 procul
2627 677 2796 730 dubio
2847 694 2957 731 non
3001 681 3248 740 recessit,
3301 682 3559 750 pluribus
3604 686 3820 756 insuper

2251 766 2589 835 argumentis
2639 767 2979 833 ostenditur;
3018 769 3113 822 sed
3164 770 3274 824 illis
3321 775 3560 828 maxime
3589 775 3818 838 duolus,

2251 857 2452 924 quibus
2477 857 2747 911 catholica
2776 858 2980 912 veritas
3009 859 3230 928 probari
3263 861 3423 924 solet,
3455 879 3656 934 nempe
3683 867 3817 934 quod

2249 946 2596 1000 Eucharistia
2665 947 2964 1010 adoretur,
3026 950 3284 1018 quodque
3352 967 3555 1021 corpus
3626 955 3818 1008 Christi

2249 1052 2379 1091 vere
2426 1038 2494 1091 ad
2535 1053 2746 1092 sacram
2789 1054 3031 1093 mensam
3079 1041 3443 1096 manducetur
3492 1061 3504 1096 :
3555 1061 3678 1112 qum
3719 1047 3820 1098 duo

2250 1140 2358 1178 non
2383 1125 2636 1179 obscuris
2660 1127 2844 1182 verbis
2867 1128 3247 1185 Theodoretus
3271 1133 3555 1201 professus
3579 1148 3664 1189 est
3683 1138 3767 1188 ⁸⁶⁶.

2320 1217 2655 1286 Exponenda
2685 1226 2814 1272 sunt
2848 1219 3014 1288 igitur
3045 1222 3150 1274 tria
3180 1243 3192 1274 :
3223 1239 3344 1291 qum
3370 1225 3538 1278 fuerit
3562 1228 3694 1281 fides
3720 1229 3818 1283 Ec-

2247 1307 2427 1361 clesiae
2468 1307 2768 1362 Orientalis
2806 1309 2873 1364 de
2895 1311 3241 1367 Eucharistia
3269 1315 3605 1371 Theodoreti
3632 1327 3817 1385 relate;

2246 1398 2448 1467 quibus
2487 1399 2624 1454 locis
2669 1400 3001 1455 adorandam
3028 1419 3147 1458 esse
3178 1405 3583 1461 Eucharistiam
3614 1412 3813 1474 tradat;

2245 1489 2446 1557 quibus
2486 1489 2617 1544 item
2663 1491 2980 1546 manducari
3021 1508 3240 1549 carnem
3267 1497 3470 1552 Christi
3519 1500 3586 1553 ad
3616 1518 3814 1555 sacram

2246 1594 2490 1634 mensam
2514 1589 2738 1635 asserat.

2315 1668 2384 1723 Ut
2418 1669 2657 1737 primum
2694 1669 3049 1738 conficiatur,
3105 1674 3366 1729 laudandi
3400 1677 3665 1733 videntur
3689 1681 3813 1734 mihi

2245 1774 2356 1827 prae
2388 1760 2600 1814 creteris
2628 1760 2769 1816 bene
2802 1765 2990 1818 multis
3020 1765 3318 1835 scriptores
3350 1767 3460 1831 illi,
3511 1771 3605 1839 qui
3645 1772 3813 1825 Then-

2243 1851 2495 1904 dorctum
2543 1852 2771 1920 propius
2817 1855 3162 1920 attinebant,
3225 1873 3364 1926 quos
3396 1876 3598 1929 nempe
3633 1862 3815 1917 habuit

2222 1949 2336 1995 aut
2358 1942 2666 2011 magistros,
2691 1952 2753 1997 ut
2771 1943 3250 2016 Chrysostomum;
3275 1959 3371 2002 aut
3391 1954 3811 2022 condiscipulos.

2243 2033 2675 2099 utNestorium;
2723 2035 3202 2101 autadversarios,
3244 2040 3724 2112 veluliCyrillum.
3759 2046 3813 2100 ld

2241 2123 2410 2188 enim,
2431 2126 2647 2193 opinor,
2663 2125 2917 2189 credidit,
2935 2128 3079 2195 quod
3097 2144 3126 2182 a
3143 2130 3416 2198 magistris
3436 2131 3652 2198 didicit,
3678 2138 3813 2206 quod

2240 2231 2365 2270 cum
2392 2215 2784 2286 condiscipulis
2809 2217 3016 2283 docuit,
3039 2221 3184 2288 quod
3209 2237 3388 2290 neque
3411 2223 3528 2293 ipse
3551 2230 3808 2282 adversa-

2242 2303 2364 2367 riis,
2388 2319 2567 2373 neque
2593 2305 3028 2361 adversariorum
3057 2309 3200 2363 ullus
3227 2309 3329 2378 ipsi
3358 2312 3585 2381 objecit.

2309 2396 2734 2467 Chrysostomus
2753 2398 2984 2454 infinitis
3005 2416 3174 2470 prope
3192 2401 3329 2457 locis
3352 2405 3555 2459 realem
3571 2409 3814 2477 corporis

2238 2487 2439 2543 Christi
2469 2490 2812 2559 prtesentiam
2843 2489 2896 2544 in
2924 2491 3266 2546 Eucharistia
3287 2493 3506 2557 docuit;
3536 2497 3684 2564 quod
3705 2497 3812 2551 elli-

2239 2579 2522 2633 cacissime
2543 2581 2807 2634 adversus
2823 2581 3205 2635 haereticorum
3227 2584 3534 2653 praestigias
3569 2587 3813 2640 cardina-

2238 2669 2317 2723 les
2352 2669 2481 2734 duo,
2527 2671 2889 2726 Bellarminus
2911 2680 2968 2726 et
2990 2673 3306 2736 Perronius,
3357 2675 3564 2744 aliique
3592 2685 3806 2730 contro-

2237 2761 2540 2815 versiarum
2589 2769 2916 2817 tractatores
2953 2762 3420 2818 demonstrarunt.
3473 2767 3674 2836 Aliqua
3706 2767 3809 2821 huc

2237 2851 2515 2927 afferenda
2557 2853 2871 2907 testimonia
2897 2893 2910 2917 ,
2965 2853 3058 2907 sed
3100 2869 3167 2907 ex
3194 2854 3264 2908 iis
3287 2863 3500 2909 tantum
3524 2856 3808 2926 operibus,

2237 2961 2358 3014 qua:
2403 2961 2527 2999 cum
2570 2945 2834 2999 attentius
2864 2945 3026 3017 482
3058 2946 3442 3002 Theodoretus
3466 2949 3809 3018 perlegissct,

2238 3035 2293 3089 in
2342 3035 2571 3104 dialogis
2620 3052 2742 3089 cum
2792 3036 3043 3090 Eranista
3092 3037 3354 3092 laudavit.
3419 3037 3711 3090 Humilia?
3756 3038 3808 3090 in

2234 3128 2250 3147 ‘
2282 3126 2591 3180 Matthaaum
2648 3143 2662 3178 :
2723 3146 2740 3176 c
2775 3127 2974 3181 Sancta
3021 3128 3224 3181 sanctis
3262 3127 3356 3181 dat
3380 3127 3632 3182 Christus
3656 3144 3671 3180 :
3699 3144 3806 3180 non

2231 3215 2380 3267 enim
2402 3229 2597 3282 aquam
2623 3212 2690 3268 de
2708 3214 2813 3267 hoc
2829 3215 2978 3268 fonte
2994 3214 3238 3283 (calicem
3262 3215 3694 3270 eucharisticum
3725 3216 3806 3268 in-

2235 3301 2617 3373 telligit)vobis
2638 3302 2863 3372 praebet,
2889 3301 2982 3356 sed
3005 3304 3323 3372 sanguinem
3339 3305 3540 3365 vivum,
3564 3304 3657 3372 qui
3678 3304 3808 3357 licet

2233 3395 2427 3448 mortis
2468 3394 2776 3464 symbolum
2824 3394 2918 3459 sit,
2962 3395 3140 3448 factus
3179 3403 3262 3449 est
3312 3411 3474 3450 causa
3508 3398 3652 3449 vitae.
3682 3415 3704 3446 ι
3745 3395 3809 3449 Et

2232 3483 2422 3537 homil.
2458 3483 2550 3548 85,
2590 3499 2712 3552 quae
2758 3491 2842 3538 est
2889 3485 2959 3538 de
3001 3485 3357 3540 Eucharistia:
3396 3486 3749 3540 institutione
3792 3503 3806 3538 :

2238 3592 2256 3624 ι
2294 3571 2626 3643 Sanguinem
2667 3589 2827 3626 suum
2873 3573 3126 3629 Christus
3176 3575 3337 3628 bibit.
3369 3594 3387 3626 ι
3453 3576 3519 3629 Ει
3559 3587 3806 3644 postea:

2237 3683 2254 3714 ι
2299 3661 2602 3717 Credamus
2643 3663 2845 3731 ubique
2886 3665 3032 3728 Deo,
3091 3679 3190 3718 nec
3235 3664 3678 3720 contradicamus
3726 3666 3806 3728 ei,

2228 3754 2443 3809 etiamsi
2473 3754 2526 3807 id
2550 3754 2698 3823 quod
2723 3755 2856 3810 dicit
2881 3757 3218 3810 contrarium
3242 3769 3365 3812 esse
3388 3756 3636 3811 videatur
3651 3760 3810 3828 cogi-

2228 3840 2423 3894 tationi
2472 3847 2530 3894 et
2582 3841 2756 3895 oculis
2798 3843 3022 3897 nostris.
3057 3843 3234 3913 Ipsius
3272 3859 3451 3898 sermo
3481 3857 3714 3913 superet
3758 3855 3811 3900 et

2227 3929 2610 3999 cogitationem
2652 3939 2896 3986 nostram
2945 3941 3001 3986 et
3031 3933 3240 3987 oculos.
3280 3933 3469 3988 Sermo
3493 3935 3612 4003 ejus
3638 3936 3807 3993 deci-

2226 4034 2354 4090 pere
2378 4021 2602 4090 nequit;
2631 4038 2824 4077 sensus
2844 4023 3000 4078 facile
3021 4024 3296 4094 decipitur
3320 4043 3333 4078 :
3357 4025 3808 4096 quandoquidem

2225 4111 2392 4181 igitur
2421 4113 2663 4167 Verbum
2691 4114 2786 4178 ait,
2813 4114 2925 4168 Hoc
2950 4125 3025 4169 est
3045 4132 3232 4185 corpus
3257 4132 3428 4169 meum
3447 4120 3513 4178 9‘,
3543 4117 3808 4185 persuasi

2227 4201 2420 4264 simus,
2446 4209 2502 4255 et
2520 4202 2862 4267 credamus,»
2889 4213 2997 4258 etc.
3034 4203 3174 4270 Quid
3191 4205 3386 4260 attinet
3405 4221 3468 4259 ex
3486 4205 3722 4262 homilia
3740 4209 3809 4263 45

2226 4295 2282 4348 in
2303 4294 2566 4349 Joannem
2589 4295 2918 4364 producere,
2950 4311 3071 4364 quae
3093 4297 3216 4351 luce
3240 4298 3534 4352 meridiana
3555 4299 3804 4355 clariora

2153 4387 2197 4442 D
2226 4385 2388 4440 sunt?
2425 4386 2494 4442 Ut
2526 4385 2672 4454 quod
2709 4385 2964 4442 Christus
2989 4403 3189 4457 corpus
3211 4403 3370 4443 suum
3405 4390 3456 4442 in
3478 4405 3579 4443 nos
3616 4391 3801 4446 immio

2227 4474 2399 4537 seuit,
2433 4489 2585 4528 more
2609 4474 2966 4529 vehementer
2995 4478 3294 4532 amantium
3330 4495 3342 4532 :
3376 4479 3517 4549 quod
3548 4495 3660 4536 nos
3688 4483 3805 4537 suis

2225 4565 2486 4619 carnibus
2511 4565 2742 4630 nutriat,
2779 4564 2832 4618 in
2862 4565 3123 4620 invidiam
3151 4582 3410 4633 matrum,
3439 4586 3557 4638 qua:
3585 4587 3722 4628 suos
3743 4573 3804 4626 ti-

2221 4653 2328 4708 lios
2360 4655 2558 4709 alienis
2579 4656 2892 4711 nutricibus
2918 4657 3142 4711 alendos
3167 4659 3410 4722 tradunt,
3439 4668 3543 4713 etc.

2293 4747 2496 4800 Praeter
2541 4747 2883 4810 testimonia,
2932 4763 3053 4815 quae
3097 4762 3164 4800 eo
3205 4748 3310 4802 loci
3357 4749 3622 4818 producta
3649 4759 3800 4813 sunt,

2219 4836 2432 4905 insigne
2478 4836 2628 4889 aliud
2671 4846 2755 4890 est
2792 4837 2847 4890 in
2885 4836 3353 4902 Commonitorio,
3386 4841 3531 4908 quod
3559 4840 3801 4912 Cyrillus

2220 4925 2514 4980 Posidonio
2556 4925 2786 4980 diacono
2831 4927 3056 4980 Romam
3101 4929 3470 4996 proficiscenti
3499 4931 3674 4985 dedit.
3711 4934 3802 4986 Ait

2218 5016 2404 5078 enim,
2463 5015 2774 5069 Nestorium
2823 5017 3084 5082 dicere“,
3134 5020 3214 5072 ὅτι
3268 5021 3560 5093 ἀνθρώπω
3606 5027 3800 5090 γέγενε

2216 5106 2275 5157 τὸ
2319 5103 2508 5167 πάθος,
2560 5106 2650 5157 καὶ
2693 5104 2979 5175 ἀνθρώπου
3029 5109 3061 5176 ἡ
3102 5107 3424 5172 ἀνάστασις.
3473 5111 3568 5164 καὶ
3598 5113 3810 5173 ἐντοῖς-

2220 5197 2538 5266 μυστηρίοις
2556 5195 2714 5265 σῶμά
2734 5198 2881 5249 ἐστιν
2903 5197 3189 5267 ἀνθρώπου
3212 5199 3274 5252 τὸ
3291 5192 3816 5282 προκείμενον,ρισ.ξ

2286 5287 2363 5340 De
2393 5286 2646 5341 Nestorio
2672 5288 2784 5341 dixi
2810 5288 3028 5356 cupiose
3054 5289 3110 5342 in
3135 5289 3360 5345 dissert.
3389 5294 3412 5346 l
3439 5293 3507 5346 ad
3529 5295 3801 5363 posterio-

2217 5395 2331 5434 rem
2350 5389 2562 5449 partem
2576 5380 2731 5433 Marii
2750 5381 3092 5445 Mercatoris,
3109 5381 3602 5456 demonstravique
3621 5387 3801 5455 ipsum

2212 5483 2314 5535 pro
2341 5467 2474 5521 reali
2501 5471 2786 5537 praesentia
2810 5477 2994 5536 aperte
3018 5472 3351 5525 sententiam
3375 5473 3804 5544 dixissemqu

1862 5619 2177 5678 SCllU-LZII
2210 5621 2434 5678 ΝΟΤιΕ.

609 5699 672 5729 ⁸⁸⁵
696 5696 889 5752 0131.2
915 5696 1054 5750 913.
1129 5694 1172 5724 ⁸³
1199 5692 1318 5746 Vid.
1350 5701 1386 5744 t.
1415 5693 1501 5756 lV,
1535 5689 1757 5759 p,l9.80.
