  <div class='ocr_page' id='page_1' title='image "/cluster/home/n/w/nwhite01/storage/ocr_20150623/84/pst.000005712830/222.png"; bbox 0 0 3956 6298; ppageno 0'>
   <div class='ocr_carea' id='block_1_1' title="bbox 163 324 264 387">
    <p class='ocr_par' dir='ltr' id='par_1_1' title="bbox 163 324 264 387">
     <span class='ocr_line' id='line_1_1' title="bbox 163 324 264 387; baseline -0.059 0"><span class='ocrx_word' id='word_1_1' title='bbox 163 324 264 387; x_wconf 68' lang='grc' dir='ltr'><strong>(ΞΊ</strong></span> 
     </span>
    </p>
   </div>
   <div class='ocr_carea' id='block_1_2' title="bbox 1378 301 2228 374">
    <p class='ocr_par' dir='ltr' id='par_1_2' title="bbox 1378 301 2228 374">
     <span class='ocr_line' id='line_1_2' title="bbox 1378 301 2228 374; baseline 0.001 -2"><span class='ocrx_word' id='word_1_2' title='bbox 1378 303 1471 372; x_wconf 79' lang='lat' dir='ltr'><strong>DE</strong></span> <span class='ocrx_word' id='word_1_3' title='bbox 1509 305 1684 372; x_wconf 82' lang='lat' dir='ltr'><strong>FIDE</strong></span> <span class='ocrx_word' id='word_1_4' title='bbox 1723 301 2206 372; x_wconf 78' lang='grc' dir='ltr'><strong>’ῙἩΕΟΒΟΗΕἸἾ</strong></span> <span class='ocrx_word' id='word_1_5' title='bbox 2217 361 2228 374; x_wconf 94' lang='grc'>.</span> 
     </span>
    </p>
   </div>
   <div class='ocr_carea' id='block_1_3' title="bbox 3321 319 3423 384">
    <p class='ocr_par' dir='ltr' id='par_1_3' title="bbox 3321 319 3423 384">
     <span class='ocr_line' id='line_1_3' title="bbox 3321 319 3423 384; baseline 0.01 -1"><span class='ocrx_word' id='word_1_6' title='bbox 3321 319 3423 384; x_wconf 69' lang='grc'><strong>430</strong></span> 
     </span>
    </p>
   </div>
   <div class='ocr_carea' id='block_1_4' title="bbox 173 419 3426 499">
    <p class='ocr_par' dir='ltr' id='par_1_4' title="bbox 173 419 3426 499">
     <span class='ocr_line' id='line_1_4' title="bbox 173 419 3426 499; baseline 0.001 -17"><span class='ocrx_word' id='word_1_7' title='bbox 173 443 202 482; x_wconf 80' lang='lat' dir='ltr'><strong>a</strong></span> <span class='ocrx_word' id='word_1_8' title='bbox 233 425 438 499; x_wconf 84' lang='lat' dir='ltr'><strong>Cyrillo</strong></span> <span class='ocrx_word' id='word_1_9' title='bbox 491 425 884 496; x_wconf 86' lang='lat' dir='ltr'><strong>reprehensum</strong></span> <span class='ocrx_word' id='word_1_10' title='bbox 905 463 919 489; x_wconf 89' lang='lat'><strong>,</strong></span> <span class='ocrx_word' id='word_1_11' title='bbox 979 420 1128 493; x_wconf 89' lang='lat' dir='ltr'><strong>quod</strong></span> <span class='ocrx_word' id='word_1_12' title='bbox 1177 420 1375 474; x_wconf 84' lang='lat' dir='ltr'><strong>realem</strong></span> <span class='ocrx_word' id='word_1_13' title='bbox 1410 419 1753 489; x_wconf 66' lang='lat' dir='ltr'><strong>praesentiam</strong></span> <span class='ocrx_word' id='word_1_14' title='bbox 1783 422 1825 474; x_wconf 81' lang='grc' dir='ltr'><strong>Α</strong></span> <span class='ocrx_word' id='word_1_15' title='bbox 1858 431 1980 471; x_wconf 89' lang='lat' dir='ltr'><strong>nem</strong></span> <span class='ocrx_word' id='word_1_16' title='bbox 2009 419 2388 492; x_wconf 85' lang='lat' dir='ltr'><strong>intelliguntur</strong></span> <span class='ocrx_word' id='word_1_17' title='bbox 2413 439 2477 478; x_wconf 88' lang='lat' dir='ltr'><strong>ea</strong></span> <span class='ocrx_word' id='word_1_18' title='bbox 2499 439 2618 479; x_wconf 82' lang='lat' dir='ltr'><strong>esse</strong></span> <span class='ocrx_word' id='word_1_19' title='bbox 2644 466 2655 488; x_wconf 92' lang='lat'><strong>,</strong></span> <span class='ocrx_word' id='word_1_20' title='bbox 2711 440 2830 494; x_wconf 69' lang='lat' dir='ltr'><strong>qua:</strong></span> <span class='ocrx_word' id='word_1_21' title='bbox 2857 425 2995 480; x_wconf 80' lang='lat' dir='ltr'><strong>facta</strong></span> <span class='ocrx_word' id='word_1_22' title='bbox 3023 435 3178 490; x_wconf 87' lang='lat' dir='ltr'><strong>sunt,</strong></span> <span class='ocrx_word' id='word_1_23' title='bbox 3229 438 3282 481; x_wconf 87' lang='lat' dir='ltr'><strong>et</strong></span> <span class='ocrx_word' id='word_1_24' title='bbox 3304 444 3426 484; x_wconf 81' lang='lat' dir='ltr'><strong>cre-</strong></span> 
     </span>
    </p>
   </div>
   <div class='ocr_carea' id='block_1_5' title="bbox 171 510 1754 592">
    <p class='ocr_par' dir='ltr' id='par_1_5' title="bbox 171 510 1754 592">
     <span class='ocr_line' id='line_1_5' title="bbox 171 510 1754 592; baseline -0.008 -18"><span class='ocrx_word' id='word_1_25' title='bbox 171 529 432 592; x_wconf 85' lang='lat' dir='ltr'><strong>negaret;</strong></span> <span class='ocrx_word' id='word_1_26' title='bbox 494 517 589 573; x_wconf 90' lang='lat' dir='ltr'><strong>sed</strong></span> <span class='ocrx_word' id='word_1_27' title='bbox 642 517 788 587; x_wconf 91' lang='lat' dir='ltr'><strong>quod</strong></span> <span class='ocrx_word' id='word_1_28' title='bbox 840 516 1162 586; x_wconf 78' lang='lat' dir='ltr'><strong>infringeret</strong></span> <span class='ocrx_word' id='word_1_29' title='bbox 1205 513 1314 566; x_wconf 79' lang='lat' dir='ltr'><strong>vim</strong></span> <span class='ocrx_word' id='word_1_30' title='bbox 1364 519 1420 566; x_wconf 85' lang='lat' dir='ltr'><strong>et</strong></span> <span class='ocrx_word' id='word_1_31' title='bbox 1462 510 1754 565; x_wconf 84' lang='lat' dir='ltr'><strong>efﬁcaciam</strong></span> 
     </span>
    </p>
   </div>
   <div class='ocr_carea' id='block_1_6' title="bbox 169 604 1753 674">
    <p class='ocr_par' dir='ltr' id='par_1_6' title="bbox 169 604 1753 674">
     <span class='ocr_line' id='line_1_6' title="bbox 169 604 1753 674; baseline -0.006 -9"><span class='ocrx_word' id='word_1_32' title='bbox 169 610 532 672; x_wconf 78' lang='lat' dir='ltr'><strong>sacramenti,</strong></span> <span class='ocrx_word' id='word_1_33' title='bbox 583 609 898 663; x_wconf 75' lang='lat' dir='ltr'><strong>convellens</strong></span> <span class='ocrx_word' id='word_1_34' title='bbox 923 608 1182 663; x_wconf 89' lang='lat' dir='ltr'><strong>unionem</strong></span> <span class='ocrx_word' id='word_1_35' title='bbox 1220 604 1613 674; x_wconf 74' lang='lat' dir='ltr'><strong>hypostaticam</strong></span> <span class='ocrx_word' id='word_1_36' title='bbox 1633 615 1753 656; x_wconf 91' lang='lat' dir='ltr'><strong>car-</strong></span> 
     </span>
    </p>
   </div>
   <div class='ocr_carea' id='block_1_7' title="bbox 171 693 1756 766">
    <p class='ocr_par' dir='ltr' id='par_1_7' title="bbox 171 693 1756 766">
     <span class='ocr_line' id='line_1_7' title="bbox 171 693 1756 766; baseline -0.006 -14"><span class='ocrx_word' id='word_1_37' title='bbox 171 700 260 754; x_wconf 85' lang='lat' dir='ltr'><strong>nis</strong></span> <span class='ocrx_word' id='word_1_38' title='bbox 291 709 348 755; x_wconf 93' lang='lat' dir='ltr'><strong>et</strong></span> <span class='ocrx_word' id='word_1_39' title='bbox 375 700 536 753; x_wconf 87' lang='lat' dir='ltr'><strong>Verbi</strong></span> <span class='ocrx_word' id='word_1_40' title='bbox 569 716 584 751; x_wconf 85' lang='lat'><strong>:</strong></span> <span class='ocrx_word' id='word_1_41' title='bbox 620 713 796 766; x_wconf 89' lang='lat' dir='ltr'><strong>neque</strong></span> <span class='ocrx_word' id='word_1_42' title='bbox 816 697 963 751; x_wconf 88' lang='lat' dir='ltr'><strong>enim</strong></span> <span class='ocrx_word' id='word_1_43' title='bbox 1009 710 1138 751; x_wconf 88' lang='lat' dir='ltr'><strong>caro</strong></span> <span class='ocrx_word' id='word_1_44' title='bbox 1166 695 1289 764; x_wconf 90' lang='lat' dir='ltr'><strong>puri</strong></span> <span class='ocrx_word' id='word_1_45' title='bbox 1314 693 1551 746; x_wconf 90' lang='lat' dir='ltr'><strong>hominis</strong></span> <span class='ocrx_word' id='word_1_46' title='bbox 1579 698 1756 761; x_wconf 80' lang='lat' dir='ltr'><strong>potest</strong></span> 
     </span>
    </p>
   </div>
   <div class='ocr_carea' id='block_1_8' title="bbox 167 784 1754 857">
    <p class='ocr_par' dir='ltr' id='par_1_8' title="bbox 167 784 1754 857">
     <span class='ocr_line' id='line_1_8' title="bbox 167 784 1754 857; baseline -0.005 -13"><span class='ocrx_word' id='word_1_47' title='bbox 167 807 293 847; x_wconf 87' lang='lat' dir='ltr'><strong>esse</strong></span> <span class='ocrx_word' id='word_1_48' title='bbox 331 792 624 856; x_wconf 75' lang='grc' dir='ltr'><strong>ζωοποιός,</strong></span> <span class='ocrx_word' id='word_1_49' title='bbox 660 790 755 844; x_wconf 87' lang='lat' dir='ltr'><strong>sed</strong></span> <span class='ocrx_word' id='word_1_50' title='bbox 789 805 852 842; x_wconf 90' lang='lat' dir='ltr'><strong>ea</strong></span> <span class='ocrx_word' id='word_1_51' title='bbox 886 798 1135 852; x_wconf 90' lang='lat' dir='ltr'><strong>tantum,</strong></span> <span class='ocrx_word' id='word_1_52' title='bbox 1193 801 1316 857; x_wconf 69' lang='lat' dir='ltr'><strong>quae</strong></span> <span class='ocrx_word' id='word_1_53' title='bbox 1344 784 1508 840; x_wconf 90' lang='lat' dir='ltr'><strong>Verbi</strong></span> <span class='ocrx_word' id='word_1_54' title='bbox 1559 790 1754 838; x_wconf 85' lang='lat' dir='ltr'><strong>cuncta</strong></span> 
     </span>
    </p>
   </div>
   <div class='ocr_carea' id='block_1_9' title="bbox 169 882 873 952">
    <p class='ocr_par' dir='ltr' id='par_1_9' title="bbox 169 882 873 952">
     <span class='ocr_line' id='line_1_9' title="bbox 169 882 873 952; baseline -0.006 -14"><span class='ocrx_word' id='word_1_55' title='bbox 169 883 503 938; x_wconf 81' lang='lat' dir='ltr'><strong>vivificantis</strong></span> <span class='ocrx_word' id='word_1_56' title='bbox 533 882 752 952; x_wconf 91' lang='lat' dir='ltr'><strong>propria</strong></span> <span class='ocrx_word' id='word_1_57' title='bbox 783 883 873 936; x_wconf 87' lang='lat' dir='ltr'><strong>sit.</strong></span> 
     </span>
    </p>
   </div>
   <div class='ocr_carea' id='block_1_10' title="bbox 238 963 1754 1042">
    <p class='ocr_par' dir='ltr' id='par_1_10' title="bbox 238 963 1754 1042">
     <span class='ocr_line' id='line_1_10' title="bbox 238 963 1754 1042; baseline -0.008 -16"><span class='ocrx_word' id='word_1_58' title='bbox 238 974 358 1028; x_wconf 79' lang='lat' dir='ltr'><strong>Jam</strong></span> <span class='ocrx_word' id='word_1_59' title='bbox 402 989 533 1028; x_wconf 89' lang='lat' dir='ltr'><strong>vero</strong></span> <span class='ocrx_word' id='word_1_60' title='bbox 580 973 851 1042; x_wconf 85' lang='lat' dir='ltr'><strong>Cyrillus,</strong></span> <span class='ocrx_word' id='word_1_61' title='bbox 904 981 964 1025; x_wconf 89' lang='lat' dir='ltr'><strong>ut</strong></span> <span class='ocrx_word' id='word_1_62' title='bbox 1020 970 1268 1024; x_wconf 91' lang='lat' dir='ltr'><strong>omittam</strong></span> <span class='ocrx_word' id='word_1_63' title='bbox 1303 968 1442 1032; x_wconf 86' lang='lat' dir='ltr'><strong>loca,</strong></span> <span class='ocrx_word' id='word_1_64' title='bbox 1474 980 1596 1034; x_wconf 79' lang='lat' dir='ltr'><strong>qua:</strong></span> <span class='ocrx_word' id='word_1_65' title='bbox 1626 963 1754 1016; x_wconf 88' lang='lat' dir='ltr'><strong>hinc</strong></span> 
     </span>
    </p>
   </div>
   <div class='ocr_carea' id='block_1_11' title="bbox 169 1057 1750 1130">
    <p class='ocr_par' dir='ltr' id='par_1_11' title="bbox 169 1057 1750 1130">
     <span class='ocr_line' id='line_1_11' title="bbox 169 1057 1750 1130; baseline -0.008 -12"><span class='ocrx_word' id='word_1_66' title='bbox 169 1073 228 1118; x_wconf 86' lang='lat' dir='ltr'><strong>et</strong></span> <span class='ocrx_word' id='word_1_67' title='bbox 260 1065 392 1118; x_wconf 84' lang='lat' dir='ltr'><strong>inde</strong></span> <span class='ocrx_word' id='word_1_68' title='bbox 427 1063 684 1117; x_wconf 88' lang='lat' dir='ltr'><strong>advocari</strong></span> <span class='ocrx_word' id='word_1_69' title='bbox 713 1064 913 1123; x_wconf 88' lang='lat' dir='ltr'><strong>solent,</strong></span> <span class='ocrx_word' id='word_1_70' title='bbox 946 1076 1175 1130; x_wconf 70' lang='lat' dir='ltr'><strong>qumque</strong></span> <span class='ocrx_word' id='word_1_71' title='bbox 1204 1060 1490 1113; x_wconf 78' lang='lat' dir='ltr'><strong>veritatem</strong></span> <span class='ocrx_word' id='word_1_72' title='bbox 1523 1057 1750 1110; x_wconf 90' lang='lat' dir='ltr'><strong>demon-</strong></span> 
     </span>
    </p>
   </div>
   <div class='ocr_carea' id='block_1_12' title="bbox 169 1147 1753 1225">
    <p class='ocr_par' dir='ltr' id='par_1_12' title="bbox 169 1147 1753 1225">
     <span class='ocr_line' id='line_1_12' title="bbox 169 1147 1753 1225; baseline -0.008 -14"><span class='ocrx_word' id='word_1_73' title='bbox 169 1164 351 1211; x_wconf 82' lang='lat' dir='ltr'><strong>strant</strong></span> <span class='ocrx_word' id='word_1_74' title='bbox 375 1155 618 1225; x_wconf 80' lang='lat' dir='ltr'><strong>quidem,</strong></span> <span class='ocrx_word' id='word_1_75' title='bbox 669 1153 765 1208; x_wconf 89' lang='lat' dir='ltr'><strong>sed</strong></span> <span class='ocrx_word' id='word_1_76' title='bbox 802 1161 881 1207; x_wconf 90' lang='lat' dir='ltr'><strong>tot</strong></span> <span class='ocrx_word' id='word_1_77' title='bbox 904 1151 1342 1206; x_wconf 78' lang='lat' dir='ltr'><strong>cavillationibus</strong></span> <span class='ocrx_word' id='word_1_78' title='bbox 1369 1147 1753 1203; x_wconf 69' lang='lat' dir='ltr'><strong>hmreticorum</strong></span> 
     </span>
    </p>
   </div>
   <div class='ocr_carea' id='block_1_13' title="bbox 167 1235 1753 1314">
    <p class='ocr_par' dir='ltr' id='par_1_13' title="bbox 167 1235 1753 1314">
     <span class='ocr_line' id='line_1_13' title="bbox 167 1235 1753 1314; baseline -0.006 -14"><span class='ocrx_word' id='word_1_79' title='bbox 167 1249 545 1300; x_wconf 83' lang='lat' dir='ltr'><strong>obscurantur</strong></span> <span class='ocrx_word' id='word_1_80' title='bbox 567 1286 582 1308; x_wconf 87' lang='lat'><strong>,</strong></span> <span class='ocrx_word' id='word_1_81' title='bbox 638 1253 697 1298; x_wconf 89' lang='lat' dir='ltr'><strong>ut</strong></span> <span class='ocrx_word' id='word_1_82' title='bbox 748 1244 893 1314; x_wconf 90' lang='lat' dir='ltr'><strong>apud</strong></span> <span class='ocrx_word' id='word_1_83' title='bbox 925 1243 1106 1297; x_wconf 88' lang='lat' dir='ltr'><strong>minus</strong></span> <span class='ocrx_word' id='word_1_84' title='bbox 1129 1242 1380 1297; x_wconf 89' lang='lat' dir='ltr'><strong>eruditos</strong></span> <span class='ocrx_word' id='word_1_85' title='bbox 1427 1247 1634 1310; x_wconf 88' lang='lat' dir='ltr'><strong>partem</strong></span> <span class='ocrx_word' id='word_1_86' title='bbox 1668 1235 1753 1292; x_wconf 90' lang='lat' dir='ltr'><strong>sui</strong></span> 
     </span>
    </p>
   </div>
   <div class='ocr_carea' id='block_1_14' title="bbox 169 1330 1751 1406">
    <p class='ocr_par' dir='ltr' id='par_1_14' title="bbox 169 1330 1751 1406">
     <span class='ocr_line' id='line_1_14' title="bbox 169 1330 1751 1406; baseline -0.008 -14"><span class='ocrx_word' id='word_1_87' title='bbox 169 1339 391 1392; x_wconf 87' lang='lat' dir='ltr'><strong>roboris</strong></span> <span class='ocrx_word' id='word_1_88' title='bbox 439 1336 741 1406; x_wconf 81' lang='lat' dir='ltr'><strong>deperdere</strong></span> <span class='ocrx_word' id='word_1_89' title='bbox 792 1334 1104 1398; x_wconf 82' lang='lat' dir='ltr'><strong>videantur,</strong></span> <span class='ocrx_word' id='word_1_90' title='bbox 1156 1332 1425 1402; x_wconf 74' lang='lat' dir='ltr'><strong>Cyrillns,</strong></span> <span class='ocrx_word' id='word_1_91' title='bbox 1496 1330 1751 1397; x_wconf 90' lang='lat' dir='ltr'><strong>inquam,</strong></span> 
     </span>
    </p>
   </div>
   <div class='ocr_carea' id='block_1_15' title="bbox 169 1419 1754 1494">
    <p class='ocr_par' dir='ltr' id='par_1_15' title="bbox 169 1419 1754 1494">
     <span class='ocr_line' id='line_1_15' title="bbox 169 1419 1754 1494; baseline -0.008 -11"><span class='ocrx_word' id='word_1_92' title='bbox 169 1430 270 1484; x_wconf 85' lang='lat' dir='ltr'><strong>lib.</strong></span> <span class='ocrx_word' id='word_1_93' title='bbox 320 1446 373 1485; x_wconf 82' lang='lat' dir='ltr'><strong>Iv</strong></span> <span class='ocrx_word' id='word_1_94' title='bbox 417 1430 680 1484; x_wconf 74' lang='lat' dir='ltr'><strong>Adversus</strong></span> <span class='ocrx_word' id='word_1_95' title='bbox 716 1428 1034 1491; x_wconf 76' lang='lat' dir='ltr'><strong>Nestorium,</strong></span> <span class='ocrx_word' id='word_1_96' title='bbox 1069 1425 1260 1494; x_wconf 71' lang='lat' dir='ltr'><strong>cap.2,</strong></span> <span class='ocrx_word' id='word_1_97' title='bbox 1318 1423 1448 1477; x_wconf 89' lang='lat' dir='ltr'><strong>dum</strong></span> <span class='ocrx_word' id='word_1_98' title='bbox 1480 1419 1754 1474; x_wconf 79' lang='lat' dir='ltr'><strong>examinat</strong></span> 
     </span>
    </p>
   </div>
   <div class='ocr_carea' id='block_1_16' title="bbox 169 1512 1752 1589">
    <p class='ocr_par' dir='ltr' id='par_1_16' title="bbox 169 1512 1752 1589">
     <span class='ocr_line' id='line_1_16' title="bbox 169 1512 1752 1589; baseline -0.008 -15"><span class='ocrx_word' id='word_1_99' title='bbox 169 1521 419 1576; x_wconf 69' lang='lat' dir='ltr'><strong>lueretici</strong></span> <span class='ocrx_word' id='word_1_100' title='bbox 445 1521 627 1580; x_wconf 88' lang='lat' dir='ltr'><strong>verba,</strong></span> <span class='ocrx_word' id='word_1_101' title='bbox 659 1520 890 1589; x_wconf 87' lang='lat' dir='ltr'><strong>probare</strong></span> <span class='ocrx_word' id='word_1_102' title='bbox 910 1516 1231 1578; x_wconf 88' lang='lat' dir='ltr'><strong>annitentis,</strong></span> <span class='ocrx_word' id='word_1_103' title='bbox 1252 1512 1490 1567; x_wconf 85' lang='lat' dir='ltr'><strong>Verbum</strong></span> <span class='ocrx_word' id='word_1_104' title='bbox 1529 1523 1752 1564; x_wconf 88' lang='lat' dir='ltr'><strong>carnem</strong></span> 
     </span>
    </p>
   </div>
   <div class='ocr_carea' id='block_1_17' title="bbox 170 1604 1752 1680">
    <p class='ocr_par' dir='ltr' id='par_1_17' title="bbox 170 1604 1752 1680">
     <span class='ocr_line' id='line_1_17' title="bbox 170 1604 1752 1680; baseline -0.008 -14"><span class='ocrx_word' id='word_1_105' title='bbox 170 1629 281 1666; x_wconf 92' lang='lat' dir='ltr'><strong>non</strong></span> <span class='ocrx_word' id='word_1_106' title='bbox 315 1628 438 1667; x_wconf 86' lang='lat' dir='ltr'><strong>esse</strong></span> <span class='ocrx_word' id='word_1_107' title='bbox 463 1613 686 1675; x_wconf 81' lang='lat' dir='ltr'><strong>factum,</strong></span> <span class='ocrx_word' id='word_1_108' title='bbox 744 1612 871 1680; x_wconf 91' lang='lat' dir='ltr'><strong>quia</strong></span> <span class='ocrx_word' id='word_1_109' title='bbox 900 1625 1028 1664; x_wconf 89' lang='lat' dir='ltr'><strong>caro</strong></span> <span class='ocrx_word' id='word_1_110' title='bbox 1060 1606 1420 1661; x_wconf 87' lang='lat' dir='ltr'><strong>manducatur</strong></span> <span class='ocrx_word' id='word_1_111' title='bbox 1452 1604 1518 1656; x_wconf 88' lang='lat' dir='ltr'><strong>ad</strong></span> <span class='ocrx_word' id='word_1_112' title='bbox 1543 1617 1752 1657; x_wconf 86' lang='lat' dir='ltr'><strong>sacram</strong></span> 
     </span>
    </p>
   </div>
   <div class='ocr_carea' id='block_1_18' title="bbox 172 1695 1750 1769">
    <p class='ocr_par' dir='ltr' id='par_1_18' title="bbox 172 1695 1750 1769">
     <span class='ocr_line' id='line_1_18' title="bbox 172 1695 1750 1769; baseline -0.008 -10"><span class='ocrx_word' id='word_1_113' title='bbox 172 1719 448 1766; x_wconf 80' lang='lat' dir='ltr'><strong>mensam,</strong></span> <span class='ocrx_word' id='word_1_114' title='bbox 475 1720 584 1757; x_wconf 89' lang='lat' dir='ltr'><strong>non</strong></span> <span class='ocrx_word' id='word_1_115' title='bbox 623 1705 750 1756; x_wconf 85' lang='lat' dir='ltr'><strong>item</strong></span> <span class='ocrx_word' id='word_1_116' title='bbox 774 1702 1052 1760; x_wconf 85' lang='lat' dir='ltr'><strong>divinitas.</strong></span> <span class='ocrx_word' id='word_1_117' title='bbox 1075 1699 1290 1769; x_wconf 81' lang='lat' dir='ltr'><strong>longam</strong></span> <span class='ocrx_word' id='word_1_118' title='bbox 1325 1695 1750 1765; x_wconf 84' lang='lat' dir='ltr'><strong>disputationem</strong></span> 
     </span>
    </p>
   </div>
   <div class='ocr_carea' id='block_1_19' title="bbox 1857 509 3426 576">
    <p class='ocr_par' dir='ltr' id='par_1_19' title="bbox 1857 509 3426 576">
     <span class='ocr_line' id='line_1_19' title="bbox 1857 509 3426 576; baseline 0.01 -15"><span class='ocrx_word' id='word_1_119' title='bbox 1857 509 2085 572; x_wconf 86' lang='lat' dir='ltr'><strong>duntur.</strong></span> <span class='ocrx_word' id='word_1_120' title='bbox 2132 523 2189 566; x_wconf 90' lang='lat' dir='ltr'><strong>ct</strong></span> <span class='ocrx_word' id='word_1_121' title='bbox 2231 515 2610 571; x_wconf 66' lang='lat' dir='ltr'><strong>adorantur.»</strong></span> <span class='ocrx_word' id='word_1_122' title='bbox 2672 518 2748 572; x_wconf 85' lang='lat' dir='ltr'><strong>De</strong></span> <span class='ocrx_word' id='word_1_123' title='bbox 2801 519 2901 573; x_wconf 90' lang='lat' dir='ltr'><strong>hac</strong></span> <span class='ocrx_word' id='word_1_124' title='bbox 2952 533 3082 572; x_wconf 77' lang='lat' dir='ltr'><strong>vero</strong></span> <span class='ocrx_word' id='word_1_125' title='bbox 3109 518 3426 576; x_wconf 78' lang='lat' dir='ltr'><strong>adorationo</strong></span> 
     </span>
    </p>
   </div>
   <div class='ocr_carea' id='block_1_20' title="bbox 1859 598 3428 676">
    <p class='ocr_par' dir='ltr' id='par_1_20' title="bbox 1859 598 3428 676">
     <span class='ocr_line' id='line_1_20' title="bbox 1859 598 3428 676; baseline 0.008 -24"><span class='ocrx_word' id='word_1_126' title='bbox 1859 598 2120 669; x_wconf 85' lang='lat' dir='ltr'><strong>loquitur,</strong></span> <span class='ocrx_word' id='word_1_127' title='bbox 2157 619 2262 672; x_wconf 88' lang='lat' dir='ltr'><strong>qua</strong></span> <span class='ocrx_word' id='word_1_128' title='bbox 2289 606 2468 674; x_wconf 91' lang='lat' dir='ltr'><strong>ipsum</strong></span> <span class='ocrx_word' id='word_1_129' title='bbox 2492 624 2690 676; x_wconf 85' lang='lat' dir='ltr'><strong>corpus</strong></span> <span class='ocrx_word' id='word_1_130' title='bbox 2721 608 2921 664; x_wconf 89' lang='lat' dir='ltr'><strong>Christi</strong></span> <span class='ocrx_word' id='word_1_131' title='bbox 2954 609 3136 663; x_wconf 85' lang='lat' dir='ltr'><strong>sedem</strong></span> <span class='ocrx_word' id='word_1_132' title='bbox 3168 626 3196 664; x_wconf 89' lang='lat' dir='ltr'><strong>a</strong></span> <span class='ocrx_word' id='word_1_133' title='bbox 3221 611 3428 665; x_wconf 77' lang='lat' dir='ltr'><strong>dextris</strong></span> 
     </span>
    </p>
   </div>
   <div class='ocr_carea' id='block_1_21' title="bbox 1857 691 3428 773">
    <p class='ocr_par' dir='ltr' id='par_1_21' title="bbox 1857 691 3428 773">
     <span class='ocr_line' id='line_1_21' title="bbox 1857 691 3428 773; baseline 0.009 -30"><span class='ocrx_word' id='word_1_134' title='bbox 1857 691 2136 760; x_wconf 84' lang='lat' dir='ltr'><strong>adeptum,</strong></span> <span class='ocrx_word' id='word_1_135' title='bbox 2163 695 2232 748; x_wconf 90' lang='lat' dir='ltr'><strong>ab</strong></span> <span class='ocrx_word' id='word_1_136' title='bbox 2255 698 2403 751; x_wconf 87' lang='lat' dir='ltr'><strong>omni</strong></span> <span class='ocrx_word' id='word_1_137' title='bbox 2425 709 2672 755; x_wconf 83' lang='lat' dir='ltr'><strong>creatura</strong></span> <span class='ocrx_word' id='word_1_138' title='bbox 2689 702 2970 766; x_wconf 87' lang='lat' dir='ltr'><strong>adoratur,</strong></span> <span class='ocrx_word' id='word_1_139' title='bbox 2989 702 3115 771; x_wconf 87' lang='lat' dir='ltr'><strong>quia</strong></span> <span class='ocrx_word' id='word_1_140' title='bbox 3135 719 3334 773; x_wconf 85' lang='lat' dir='ltr'><strong>corpus</strong></span> <span class='ocrx_word' id='word_1_141' title='bbox 3346 712 3428 759; x_wconf 79' lang='lat' dir='ltr'><strong>est</strong></span> 
     </span>
    </p>
   </div>
   <div class='ocr_carea' id='block_1_22' title="bbox 1856 782 3424 864">
    <p class='ocr_par' dir='ltr' id='par_1_22' title="bbox 1856 782 3424 864">
     <span class='ocr_line' id='line_1_22' title="bbox 1856 782 3424 864; baseline 0.009 -29"><span class='ocrx_word' id='word_1_142' title='bbox 1856 782 2072 838; x_wconf 90' lang='lat' dir='ltr'><strong>Domini</strong></span> <span class='ocrx_word' id='word_1_143' title='bbox 2098 796 2324 842; x_wconf 64' lang='lat' dir='ltr'><strong>naturaa</strong></span> <span class='ocrx_word' id='word_1_144' title='bbox 2360 790 2428 844; x_wconf 85' lang='lat' dir='ltr'><strong>Et</strong></span> <span class='ocrx_word' id='word_1_145' title='bbox 2452 791 2665 863; x_wconf 76' lang='lat' dir='ltr'><strong>dialogo</strong></span> <span class='ocrx_word' id='word_1_146' title='bbox 2689 794 2722 848; x_wconf 83' lang='grc'>5</span> <span class='ocrx_word' id='word_1_147' title='bbox 2761 794 3024 849; x_wconf 73' lang='lat' dir='ltr'><strong>Eranistaa</strong></span> <span class='ocrx_word' id='word_1_148' title='bbox 3047 795 3326 864; x_wconf 81' lang='lat' dir='ltr'><strong>objicienti</strong></span> <span class='ocrx_word' id='word_1_149' title='bbox 3346 799 3386 828; x_wconf 75' lang='grc'>⁷⁸</span> <span class='ocrx_word' id='word_1_150' title='bbox 3412 815 3424 849; x_wconf 88' lang='lat'><strong>:</strong></span> 
     </span>
    </p>
   </div>
   <div class='ocr_carea' id='block_1_23' title="bbox 1863 873 3432 958">
    <p class='ocr_par' dir='ltr' id='par_1_23' title="bbox 1863 873 3432 958">
     <span class='ocr_line' id='line_1_23' title="bbox 1863 873 3432 958; baseline 0.012 -33"><span class='ocrx_word' id='word_1_151' title='bbox 1863 893 1882 924; x_wconf 85' lang='grc'><strong><em>‹</em></strong></span> <span class='ocrx_word' id='word_1_152' title='bbox 1905 873 2118 944; x_wconf 90' lang='lat' dir='ltr'><strong>Corpus</strong></span> <span class='ocrx_word' id='word_1_153' title='bbox 2140 893 2273 946; x_wconf 78' lang='lat' dir='ltr'><strong>ergo</strong></span> <span class='ocrx_word' id='word_1_154' title='bbox 2296 880 2456 934; x_wconf 92' lang='lat' dir='ltr'><strong>nobis</strong></span> <span class='ocrx_word' id='word_1_155' title='bbox 2475 883 2704 938; x_wconf 87' lang='lat' dir='ltr'><strong>salutem</strong></span> <span class='ocrx_word' id='word_1_156' title='bbox 2726 887 3099 954; x_wconf 70' lang='lat' dir='ltr'><strong>procuravit?»</strong></span> <span class='ocrx_word' id='word_1_157' title='bbox 3135 889 3432 958; x_wconf 86' lang='lat' dir='ltr'><strong>respondet</strong></span> 
     </span>
    </p>
   </div>
   <div class='ocr_carea' id='block_1_24' title="bbox 1855 964 3430 1047">
    <p class='ocr_par' dir='ltr' id='par_1_24' title="bbox 1855 964 3430 1047">
     <span class='ocr_line' id='line_1_24' title="bbox 1855 964 3430 1047; baseline 0.012 -29"><span class='ocrx_word' id='word_1_158' title='bbox 1855 964 2204 1024; x_wconf 83' lang='lat' dir='ltr'><strong>Orthodoxus</strong></span> <span class='ocrx_word' id='word_1_159' title='bbox 2258 988 2270 1024; x_wconf 91' lang='lat'><strong>:</strong></span> <span class='ocrx_word' id='word_1_160' title='bbox 2329 991 2346 1022; x_wconf 71' lang='grc' dir='ltr'><strong><em>ι</em></strong></span> <span class='ocrx_word' id='word_1_161' title='bbox 2370 974 2486 1028; x_wconf 83' lang='grc' dir='ltr'><strong>Νοη</strong></span> <span class='ocrx_word' id='word_1_162' title='bbox 2515 977 2651 1030; x_wconf 92' lang='lat' dir='ltr'><strong>nudi</strong></span> <span class='ocrx_word' id='word_1_163' title='bbox 2683 977 2923 1032; x_wconf 89' lang='lat' dir='ltr'><strong>hominis</strong></span> <span class='ocrx_word' id='word_1_164' title='bbox 2946 993 3166 1047; x_wconf 85' lang='lat' dir='ltr'><strong>corpus,</strong></span> <span class='ocrx_word' id='word_1_165' title='bbox 3197 981 3291 1035; x_wconf 91' lang='lat' dir='ltr'><strong>sed</strong></span> <span class='ocrx_word' id='word_1_166' title='bbox 3320 983 3430 1036; x_wconf 78' lang='lat' dir='ltr'><strong>Do-</strong></span> 
     </span>
    </p>
   </div>
   <div class='ocr_carea' id='block_1_25' title="bbox 1855 1057 3429 1142">
    <p class='ocr_par' dir='ltr' id='par_1_25' title="bbox 1855 1057 3429 1142">
     <span class='ocr_line' id='line_1_25' title="bbox 1855 1057 3429 1142; baseline 0.012 -33"><span class='ocrx_word' id='word_1_167' title='bbox 1855 1057 1991 1111; x_wconf 88' lang='lat' dir='ltr'><strong>mini</strong></span> <span class='ocrx_word' id='word_1_168' title='bbox 2017 1062 2188 1115; x_wconf 87' lang='lat' dir='ltr'><strong>nostri</strong></span> <span class='ocrx_word' id='word_1_169' title='bbox 2215 1063 2342 1118; x_wconf 85' lang='lat' dir='ltr'><strong>.lesu</strong></span> <span class='ocrx_word' id='word_1_170' title='bbox 2366 1065 2591 1133; x_wconf 86' lang='lat' dir='ltr'><strong>Christi,</strong></span> <span class='ocrx_word' id='word_1_171' title='bbox 2649 1070 2915 1140; x_wconf 87' lang='lat' dir='ltr'><strong>unigeniti</strong></span> <span class='ocrx_word' id='word_1_172' title='bbox 2942 1071 3061 1125; x_wconf 87' lang='lat' dir='ltr'><strong>Filii</strong></span> <span class='ocrx_word' id='word_1_173' title='bbox 3105 1072 3198 1126; x_wconf 89' lang='lat' dir='ltr'><strong>Dei</strong></span> <span class='ocrx_word' id='word_1_174' title='bbox 3229 1090 3243 1135; x_wconf 89' lang='lat'><strong>;</strong></span> <span class='ocrx_word' id='word_1_175' title='bbox 3285 1073 3429 1142; x_wconf 84' lang='lat' dir='ltr'><strong>quod</strong></span> 
     </span>
    </p>
   </div>
   <div class='ocr_carea' id='block_1_26' title="bbox 1854 1148 3430 1235">
    <p class='ocr_par' dir='ltr' id='par_1_26' title="bbox 1854 1148 3430 1235">
     <span class='ocr_line' id='line_1_26' title="bbox 1854 1148 3430 1235; baseline 0.011 -34"><span class='ocrx_word' id='word_1_176' title='bbox 1854 1148 1901 1202; x_wconf 89' lang='lat' dir='ltr'><strong>si</strong></span> <span class='ocrx_word' id='word_1_177' title='bbox 1928 1165 2156 1220; x_wconf 88' lang='lat' dir='ltr'><strong>parvum</strong></span> <span class='ocrx_word' id='word_1_178' title='bbox 2191 1154 2288 1208; x_wconf 86' lang='lat' dir='ltr'><strong>tibi</strong></span> <span class='ocrx_word' id='word_1_179' title='bbox 2319 1171 2382 1210; x_wconf 90' lang='lat' dir='ltr'><strong>ac</strong></span> <span class='ocrx_word' id='word_1_180' title='bbox 2404 1159 2511 1213; x_wconf 84' lang='lat' dir='ltr'><strong>vile</strong></span> <span class='ocrx_word' id='word_1_181' title='bbox 2531 1160 2770 1225; x_wconf 87' lang='lat' dir='ltr'><strong>videtur,</strong></span> <span class='ocrx_word' id='word_1_182' title='bbox 2804 1164 3080 1231; x_wconf 88' lang='lat' dir='ltr'><strong>quomodo</strong></span> <span class='ocrx_word' id='word_1_183' title='bbox 3103 1165 3220 1233; x_wconf 87' lang='lat' dir='ltr'><strong>ejus</strong></span> <span class='ocrx_word' id='word_1_184' title='bbox 3244 1174 3430 1235; x_wconf 87' lang='lat' dir='ltr'><strong>typum</strong></span> 
     </span>
    </p>
   </div>
   <div class='ocr_carea' id='block_1_27' title="bbox 1856 1245 3432 1328">
    <p class='ocr_par' dir='ltr' id='par_1_27' title="bbox 1856 1245 3432 1328">
     <span class='ocr_line' id='line_1_27' title="bbox 1856 1245 3432 1328; baseline 0.011 -34"><span class='ocrx_word' id='word_1_185' title='bbox 1856 1245 2228 1299; x_wconf 87' lang='lat' dir='ltr'><strong>venerabilem</strong></span> <span class='ocrx_word' id='word_1_186' title='bbox 2253 1259 2413 1317; x_wconf 91' lang='lat' dir='ltr'><strong>putas</strong></span> <span class='ocrx_word' id='word_1_187' title='bbox 2435 1259 2491 1305; x_wconf 91' lang='lat' dir='ltr'><strong>et</strong></span> <span class='ocrx_word' id='word_1_188' title='bbox 2509 1253 2846 1307; x_wconf 89' lang='lat' dir='ltr'><strong>salutarem?</strong></span> <span class='ocrx_word' id='word_1_189' title='bbox 2875 1253 3044 1325; x_wconf 89' lang='lat' dir='ltr'><strong>Cujus</strong></span> <span class='ocrx_word' id='word_1_190' title='bbox 3065 1265 3246 1309; x_wconf 86' lang='lat' dir='ltr'><strong>autem</strong></span> <span class='ocrx_word' id='word_1_191' title='bbox 3272 1268 3432 1328; x_wconf 82' lang='lat' dir='ltr'><strong>typus</strong></span> 
     </span>
    </p>
   </div>
   <div class='ocr_carea' id='block_1_28' title="bbox 1855 1335 3430 1420">
    <p class='ocr_par' dir='ltr' id='par_1_28' title="bbox 1855 1335 3430 1420">
     <span class='ocr_line' id='line_1_28' title="bbox 1855 1335 3430 1420; baseline 0.01 -33"><span class='ocrx_word' id='word_1_192' title='bbox 1855 1335 2167 1392; x_wconf 89' lang='lat' dir='ltr'><strong>adorandus</strong></span> <span class='ocrx_word' id='word_1_193' title='bbox 2201 1351 2286 1395; x_wconf 85' lang='lat' dir='ltr'><strong>est</strong></span> <span class='ocrx_word' id='word_1_194' title='bbox 2328 1351 2383 1396; x_wconf 89' lang='lat' dir='ltr'><strong>et</strong></span> <span class='ocrx_word' id='word_1_195' title='bbox 2410 1344 2695 1409; x_wconf 89' lang='lat' dir='ltr'><strong>salutaris,</strong></span> <span class='ocrx_word' id='word_1_196' title='bbox 2750 1347 2843 1415; x_wconf 87' lang='lat' dir='ltr'><strong>qui</strong></span> <span class='ocrx_word' id='word_1_197' title='bbox 2873 1355 3051 1416; x_wconf 86' lang='lat' dir='ltr'><strong>potest</strong></span> <span class='ocrx_word' id='word_1_198' title='bbox 3076 1349 3430 1420; x_wconf 84' lang='lat' dir='ltr'><strong>archetypum</strong></span> 
     </span>
    </p>
   </div>
   <div class='ocr_carea' id='block_1_29' title="bbox 1857 1425 2772 1511">
    <p class='ocr_par' dir='ltr' id='par_1_29' title="bbox 1857 1425 2772 1511">
     <span class='ocr_line' id='line_1_29' title="bbox 1857 1425 2772 1511; baseline 0.013 -32"><span class='ocrx_word' id='word_1_199' title='bbox 1857 1425 2034 1496; x_wconf 90' lang='lat' dir='ltr'><strong>ipsum</strong></span> <span class='ocrx_word' id='word_1_200' title='bbox 2063 1429 2270 1500; x_wconf 79' lang='lat' dir='ltr'><strong>dc5pici</strong></span> <span class='ocrx_word' id='word_1_201' title='bbox 2303 1443 2359 1487; x_wconf 91' lang='lat' dir='ltr'><strong>et</strong></span> <span class='ocrx_word' id='word_1_202' title='bbox 2380 1437 2663 1490; x_wconf 83' lang='lat' dir='ltr'><strong>extenuari</strong></span> <span class='ocrx_word' id='word_1_203' title='bbox 2688 1438 2711 1489; x_wconf 85' lang='lat'><strong>‘!</strong></span> <span class='ocrx_word' id='word_1_204' title='bbox 2736 1455 2772 1511; x_wconf 66' lang='grc' dir='ltr'><strong>ι</strong></span> 
     </span>
    </p>
   </div>
   <div class='ocr_carea' id='block_1_30' title="bbox 1855 1578 3435 1666">
    <p class='ocr_par' dir='ltr' id='par_1_30' title="bbox 1855 1578 3435 1666">
     <span class='ocr_line' id='line_1_30' title="bbox 1855 1578 3435 1666; baseline 0.013 -36"><span class='ocrx_word' id='word_1_205' title='bbox 1855 1580 1873 1599; x_wconf 86' lang='grc'><strong>⁹</strong></span> <span class='ocrx_word' id='word_1_206' title='bbox 1903 1578 1929 1649; x_wconf 87' lang='lat'>§</span> <span class='ocrx_word' id='word_1_207' title='bbox 1959 1579 2018 1632; x_wconf 93' lang='grc'><strong>11.</strong></span> <span class='ocrx_word' id='word_1_208' title='bbox 2059 1580 2135 1666; x_wconf 67' lang='grc' dir='ltr'><strong>ρο</strong></span> <span class='ocrx_word' id='word_1_209' title='bbox 2159 1583 2264 1650; x_wconf 77' lang='lat' dir='ltr'><strong>ﬁde</strong></span> <span class='ocrx_word' id='word_1_210' title='bbox 2291 1584 2595 1666; x_wconf 61' lang='lat' dir='ltr'><strong>Theudoreti</strong></span> <span class='ocrx_word' id='word_1_211' title='bbox 2617 1589 2760 1666; x_wconf 64' lang='lat' dir='ltr'><strong>circa</strong></span> <span class='ocrx_word' id='word_1_212' title='bbox 2781 1592 3020 1666; x_wconf 68' lang='lat' dir='ltr'><strong>modum,</strong></span> <span class='ocrx_word' id='word_1_213' title='bbox 3044 1611 3144 1662; x_wconf 82' lang='lat' dir='ltr'><strong>quo</strong></span> <span class='ocrx_word' id='word_1_214' title='bbox 3165 1598 3435 1666; x_wconf 80' lang='lat' dir='ltr'><strong>peragitur</strong></span> 
     </span>
    </p>
   </div>
   <div class='ocr_carea' id='block_1_31' title="bbox 1963 1651 3322 1734">
    <p class='ocr_par' dir='ltr' id='par_1_31' title="bbox 1963 1651 3322 1734">
     <span class='ocr_line' id='line_1_31' title="bbox 1963 1651 3322 1734; baseline 0.011 -32"><span class='ocrx_word' id='word_1_215' title='bbox 1963 1651 2124 1704; x_wconf 78' lang='lat' dir='ltr'><strong>realis</strong></span> <span class='ocrx_word' id='word_1_216' title='bbox 2156 1657 2438 1722; x_wconf 67' lang='lat' dir='ltr'><strong>praesentia</strong></span> <span class='ocrx_word' id='word_1_217' title='bbox 2466 1662 2699 1729; x_wconf 84' lang='lat' dir='ltr'><strong>corporis</strong></span> <span class='ocrx_word' id='word_1_218' title='bbox 2721 1659 2913 1715; x_wconf 80' lang='lat' dir='ltr'><strong>Christi</strong></span> <span class='ocrx_word' id='word_1_219' title='bbox 2939 1651 3031 1716; x_wconf 80' lang='lat' dir='ltr'><strong>sub</strong></span> <span class='ocrx_word' id='word_1_220' title='bbox 3055 1651 3322 1734; x_wconf 43' lang='lat' dir='ltr'><strong>sym&#39;bolisv.</strong></span> 
     </span>
    </p>
   </div>
   <div class='ocr_carea' id='block_1_32' title="bbox 168 1767 3432 1866">
    <p class='ocr_par' dir='ltr' id='par_1_32' title="bbox 168 1767 3432 1866">
     <span class='ocr_line' id='line_1_32' title="bbox 168 1767 3432 1866; baseline 0.003 -17"><span class='ocrx_word' id='word_1_221' title='bbox 168 1797 237 1851; x_wconf 88' lang='lat' dir='ltr'><strong>de</strong></span> <span class='ocrx_word' id='word_1_222' title='bbox 290 1797 480 1850; x_wconf 78' lang='lat' dir='ltr'><strong>verbis</strong></span> <span class='ocrx_word' id='word_1_223' title='bbox 528 1795 730 1850; x_wconf 84' lang='lat' dir='ltr'><strong>Christi</strong></span> <span class='ocrx_word' id='word_1_224' title='bbox 771 1795 928 1848; x_wconf 82' lang='lat' dir='ltr'><strong>Joau.</strong></span> <span class='ocrx_word' id='word_1_225' title='bbox 966 1808 1038 1855; x_wconf 78' lang='lat' dir='ltr'><strong>vi,</strong></span> <span class='ocrx_word' id='word_1_226' title='bbox 1070 1801 1126 1845; x_wconf 90' lang='lat' dir='ltr'><strong>et</strong></span> <span class='ocrx_word' id='word_1_227' title='bbox 1174 1791 1242 1844; x_wconf 91' lang='lat' dir='ltr'><strong>de</strong></span> <span class='ocrx_word' id='word_1_228' title='bbox 1291 1802 1455 1841; x_wconf 89' lang='lat' dir='ltr'><strong>carne</strong></span> <span class='ocrx_word' id='word_1_229' title='bbox 1513 1785 1747 1849; x_wconf 86' lang='lat' dir='ltr'><strong>vivifica,</strong></span> <span class='ocrx_word' id='word_1_230' title='bbox 1781 1767 1822 1827; x_wconf 72' lang='grc' dir='ltr'><strong>Β</strong></span> <span class='ocrx_word' id='word_1_231' title='bbox 1926 1785 2042 1839; x_wconf 86' lang='grc' dir='ltr'><strong>Νοη</strong></span> <span class='ocrx_word' id='word_1_232' title='bbox 2073 1802 2286 1853; x_wconf 88' lang='lat' dir='ltr'><strong>omnes,</strong></span> <span class='ocrx_word' id='word_1_233' title='bbox 2323 1791 2418 1859; x_wconf 86' lang='lat' dir='ltr'><strong>qui</strong></span> <span class='ocrx_word' id='word_1_234' title='bbox 2465 1793 2668 1847; x_wconf 89' lang='lat' dir='ltr'><strong>realem</strong></span> <span class='ocrx_word' id='word_1_235' title='bbox 2695 1798 3043 1865; x_wconf 74' lang='lat' dir='ltr'><strong>prtesentiam</strong></span> <span class='ocrx_word' id='word_1_236' title='bbox 3070 1799 3335 1866; x_wconf 80' lang='lat' dir='ltr'><strong>fatentur,</strong></span> <span class='ocrx_word' id='word_1_237' title='bbox 3377 1803 3432 1858; x_wconf 89' lang='lat' dir='ltr'><strong>in</strong></span> 
     </span>
    </p>
   </div>
   <div class='ocr_carea' id='block_1_33' title="bbox 168 1878 1754 1958">
    <p class='ocr_par' dir='ltr' id='par_1_33' title="bbox 168 1878 1754 1958">
     <span class='ocr_line' id='line_1_33' title="bbox 168 1878 1754 1958; baseline -0.007 -16"><span class='ocrx_word' id='word_1_238' title='bbox 168 1888 450 1958; x_wconf 87' lang='lat' dir='ltr'><strong>modoque</strong></span> <span class='ocrx_word' id='word_1_239' title='bbox 481 1900 536 1942; x_wconf 86' lang='lat' dir='ltr'><strong>et</strong></span> <span class='ocrx_word' id='word_1_240' title='bbox 566 1888 768 1941; x_wconf 85' lang='lat' dir='ltr'><strong>virtute</strong></span> <span class='ocrx_word' id='word_1_241' title='bbox 792 1883 1260 1942; x_wconf 71' lang='lat' dir='ltr'><strong>communicanda:</strong></span> <span class='ocrx_word' id='word_1_242' title='bbox 1285 1882 1429 1942; x_wconf 66' lang='lat' dir='ltr'><strong>vitae,</strong></span> <span class='ocrx_word' id='word_1_243' title='bbox 1473 1878 1754 1934; x_wconf 89' lang='lat' dir='ltr'><strong>concludit</strong></span> 
     </span>
    </p>
   </div>
   <div class='ocr_carea' id='block_1_34' title="bbox 169 1969 1753 2044">
    <p class='ocr_par' dir='ltr' id='par_1_34' title="bbox 169 1969 1753 2044">
     <span class='ocr_line' id='line_1_34' title="bbox 169 1969 1753 2044; baseline -0.007 -10"><span class='ocrx_word' id='word_1_244' title='bbox 169 1982 398 2034; x_wconf 86' lang='lat' dir='ltr'><strong>tandem</strong></span> <span class='ocrx_word' id='word_1_245' title='bbox 434 1981 489 2034; x_wconf 93' lang='lat' dir='ltr'><strong>in</strong></span> <span class='ocrx_word' id='word_1_246' title='bbox 524 1980 640 2034; x_wconf 65' lang='lat' dir='ltr'><strong>haec</strong></span> <span class='ocrx_word' id='word_1_247' title='bbox 668 1979 837 2034; x_wconf 85' lang='lat' dir='ltr'><strong>verba</strong></span> <span class='ocrx_word' id='word_1_248' title='bbox 886 1997 899 2032; x_wconf 91' lang='lat'>:</span> <span class='ocrx_word' id='word_1_249' title='bbox 949 1998 966 2029; x_wconf 76' lang='grc' dir='ltr'>ι</span> <span class='ocrx_word' id='word_1_250' title='bbox 1002 1977 1135 2031; x_wconf 83' lang='lat' dir='ltr'><strong>Vide</strong></span> <span class='ocrx_word' id='word_1_251' title='bbox 1168 1974 1355 2044; x_wconf 83' lang='lat' dir='ltr'><strong>igitur,</strong></span> <span class='ocrx_word' id='word_1_252' title='bbox 1390 1969 1666 2041; x_wconf 91' lang='lat' dir='ltr'><strong>quomodo</strong></span> <span class='ocrx_word' id='word_1_253' title='bbox 1697 1969 1753 2023; x_wconf 91' lang='lat' dir='ltr'><strong>in</strong></span> 
     </span>
    </p>
   </div>
   <div class='ocr_carea' id='block_1_35' title="bbox 167 2058 1753 2137">
    <p class='ocr_par' dir='ltr' id='par_1_35' title="bbox 167 2058 1753 2137">
     <span class='ocr_line' id='line_1_35' title="bbox 167 2058 1753 2137; baseline -0.008 -15"><span class='ocrx_word' id='word_1_254' title='bbox 167 2069 336 2124; x_wconf 89' lang='lat' dir='ltr'><strong>nobis</strong></span> <span class='ocrx_word' id='word_1_255' title='bbox 363 2078 586 2132; x_wconf 89' lang='lat' dir='ltr'><strong>manet,</strong></span> <span class='ocrx_word' id='word_1_256' title='bbox 641 2078 698 2122; x_wconf 89' lang='lat' dir='ltr'><strong>et</strong></span> <span class='ocrx_word' id='word_1_257' title='bbox 726 2066 1096 2137; x_wconf 90' lang='lat' dir='ltr'><strong>corruptionis</strong></span> <span class='ocrx_word' id='word_1_258' title='bbox 1127 2064 1368 2117; x_wconf 86' lang='lat' dir='ltr'><strong>victores</strong></span> <span class='ocrx_word' id='word_1_259' title='bbox 1395 2059 1579 2124; x_wconf 90' lang='lat' dir='ltr'><strong>efﬁcit,</strong></span> <span class='ocrx_word' id='word_1_260' title='bbox 1624 2058 1753 2112; x_wconf 90' lang='lat' dir='ltr'><strong>dum</strong></span> 
     </span>
    </p>
   </div>
   <div class='ocr_carea' id='block_1_36' title="bbox 166 2152 1754 2228">
    <p class='ocr_par' dir='ltr' id='par_1_36' title="bbox 166 2152 1754 2228">
     <span class='ocr_line' id='line_1_36' title="bbox 166 2152 1754 2228; baseline -0.008 -12"><span class='ocrx_word' id='word_1_261' title='bbox 166 2176 226 2216; x_wconf 88' lang='lat' dir='ltr'><strong>se</strong></span> <span class='ocrx_word' id='word_1_262' title='bbox 274 2162 334 2215; x_wconf 91' lang='lat' dir='ltr'><strong>in</strong></span> <span class='ocrx_word' id='word_1_263' title='bbox 386 2170 576 2215; x_wconf 91' lang='lat' dir='ltr'><strong>nostra</strong></span> <span class='ocrx_word' id='word_1_264' title='bbox 625 2160 868 2215; x_wconf 90' lang='lat' dir='ltr'><strong>demittit</strong></span> <span class='ocrx_word' id='word_1_265' title='bbox 896 2173 1147 2228; x_wconf 89' lang='lat' dir='ltr'><strong>corpora.</strong></span> <span class='ocrx_word' id='word_1_266' title='bbox 1189 2164 1250 2208; x_wconf 90' lang='lat' dir='ltr'><strong>ut</strong></span> <span class='ocrx_word' id='word_1_267' title='bbox 1278 2154 1411 2217; x_wconf 79' lang='lat' dir='ltr'><strong>dixi,</strong></span> <span class='ocrx_word' id='word_1_268' title='bbox 1459 2152 1621 2207; x_wconf 88' lang='lat' dir='ltr'><strong>etiam</strong></span> <span class='ocrx_word' id='word_1_269' title='bbox 1653 2165 1754 2220; x_wconf 91' lang='lat' dir='ltr'><strong>per</strong></span> 
     </span>
    </p>
   </div>
   <div class='ocr_carea' id='block_1_37' title="bbox 168 2243 1754 2322">
    <p class='ocr_par' dir='ltr' id='par_1_37' title="bbox 168 2243 1754 2322">
     <span class='ocr_line' id='line_1_37' title="bbox 168 2243 1754 2322; baseline -0.006 -16"><span class='ocrx_word' id='word_1_270' title='bbox 168 2270 328 2308; x_wconf 87' lang='lat' dir='ltr'><strong>suam</strong></span> <span class='ocrx_word' id='word_1_271' title='bbox 363 2269 608 2316; x_wconf 89' lang='lat' dir='ltr'><strong>carnem,</strong></span> <span class='ocrx_word' id='word_1_272' title='bbox 643 2270 764 2322; x_wconf 75' lang='lat' dir='ltr'><strong>quae</strong></span> <span class='ocrx_word' id='word_1_273' title='bbox 792 2268 955 2306; x_wconf 82' lang='lat' dir='ltr'><strong>verus</strong></span> <span class='ocrx_word' id='word_1_274' title='bbox 977 2259 1061 2304; x_wconf 87' lang='lat' dir='ltr'><strong>est</strong></span> <span class='ocrx_word' id='word_1_275' title='bbox 1091 2248 1268 2308; x_wconf 85' lang='lat' dir='ltr'><strong>cibus.</strong></span> <span class='ocrx_word' id='word_1_276' title='bbox 1301 2262 1424 2299; x_wconf 86' lang='lat' dir='ltr'><strong>cum</strong></span> <span class='ocrx_word' id='word_1_277' title='bbox 1452 2246 1540 2298; x_wconf 87' lang='lat' dir='ltr'><strong>illa</strong></span> <span class='ocrx_word' id='word_1_278' title='bbox 1566 2243 1754 2313; x_wconf 80' lang='lat' dir='ltr'><strong>legalis</strong></span> 
     </span>
    </p>
   </div>
   <div class='ocr_carea' id='block_1_38' title="bbox 168 2335 1755 2413">
    <p class='ocr_par' dir='ltr' id='par_1_38' title="bbox 168 2335 1755 2413">
     <span class='ocr_line' id='line_1_38' title="bbox 168 2335 1755 2413; baseline -0.007 -16"><span class='ocrx_word' id='word_1_279' title='bbox 168 2345 371 2399; x_wconf 88' lang='lat' dir='ltr'><strong>umbra</strong></span> <span class='ocrx_word' id='word_1_280' title='bbox 401 2385 414 2408; x_wconf 87' lang='lat'><strong>,</strong></span> <span class='ocrx_word' id='word_1_281' title='bbox 475 2354 532 2398; x_wconf 91' lang='lat' dir='ltr'><strong>et</strong></span> <span class='ocrx_word' id='word_1_282' title='bbox 556 2345 737 2398; x_wconf 90' lang='lat' dir='ltr'><strong>cultus</strong></span> <span class='ocrx_word' id='word_1_283' title='bbox 765 2359 864 2413; x_wconf 91' lang='lat' dir='ltr'><strong>per</strong></span> <span class='ocrx_word' id='word_1_284' title='bbox 902 2343 1071 2410; x_wconf 86' lang='lat' dir='ltr'><strong>ipsam</strong></span> <span class='ocrx_word' id='word_1_285' title='bbox 1104 2339 1388 2393; x_wconf 89' lang='lat' dir='ltr'><strong>institutus</strong></span> <span class='ocrx_word' id='word_1_286' title='bbox 1416 2353 1522 2390; x_wconf 90' lang='lat' dir='ltr'><strong>non</strong></span> <span class='ocrx_word' id='word_1_287' title='bbox 1555 2335 1755 2388; x_wconf 85' lang='lat' dir='ltr'><strong>habent</strong></span> 
     </span>
    </p>
   </div>
   <div class='ocr_carea' id='block_1_39' title="bbox 167 2429 1754 2503">
    <p class='ocr_par' dir='ltr' id='par_1_39' title="bbox 167 2429 1754 2503">
     <span class='ocr_line' id='line_1_39' title="bbox 167 2429 1754 2503; baseline -0.004 -17"><span class='ocrx_word' id='word_1_288' title='bbox 167 2434 488 2490; x_wconf 85' lang='lat' dir='ltr'><strong>veritatem.</strong></span> <span class='ocrx_word' id='word_1_289' title='bbox 530 2434 596 2488; x_wconf 86' lang='lat' dir='ltr'><strong>Et</strong></span> <span class='ocrx_word' id='word_1_290' title='bbox 621 2433 870 2503; x_wconf 87' lang='lat' dir='ltr'><strong>mystcrii</strong></span> <span class='ocrx_word' id='word_1_291' title='bbox 901 2431 1122 2502; x_wconf 91' lang='lat' dir='ltr'><strong>quidem</strong></span> <span class='ocrx_word' id='word_1_292' title='bbox 1148 2429 1288 2483; x_wconf 89' lang='lat' dir='ltr'><strong>ratio</strong></span> <span class='ocrx_word' id='word_1_293' title='bbox 1331 2429 1560 2498; x_wconf 84' lang='lat' dir='ltr'><strong>simplex</strong></span> <span class='ocrx_word' id='word_1_294' title='bbox 1578 2434 1661 2480; x_wconf 87' lang='lat' dir='ltr'><strong>est</strong></span> <span class='ocrx_word' id='word_1_295' title='bbox 1690 2441 1754 2480; x_wconf 90' lang='lat' dir='ltr'><strong>ac</strong></span> 
     </span>
    </p>
   </div>
   <div class='ocr_carea' id='block_1_40' title="bbox 166 2519 1753 2594">
    <p class='ocr_par' dir='ltr' id='par_1_40' title="bbox 166 2519 1753 2594">
     <span class='ocr_line' id='line_1_40' title="bbox 166 2519 1753 2594; baseline -0.004 -16"><span class='ocrx_word' id='word_1_296' title='bbox 166 2543 299 2581; x_wconf 73' lang='lat' dir='ltr'><strong>vera</strong></span> <span class='ocrx_word' id='word_1_297' title='bbox 325 2567 342 2589; x_wconf 90' lang='lat'><strong>,</strong></span> <span class='ocrx_word' id='word_1_298' title='bbox 404 2541 514 2580; x_wconf 92' lang='lat' dir='ltr'><strong>non</strong></span> <span class='ocrx_word' id='word_1_299' title='bbox 565 2527 734 2580; x_wconf 85' lang='lat' dir='ltr'><strong>variis</strong></span> <span class='ocrx_word' id='word_1_300' title='bbox 782 2524 1172 2594; x_wconf 82' lang='lat' dir='ltr'><strong>cogitationum</strong></span> <span class='ocrx_word' id='word_1_301' title='bbox 1199 2520 1526 2576; x_wconf 87' lang='lat' dir='ltr'><strong>commentis</strong></span> <span class='ocrx_word' id='word_1_302' title='bbox 1551 2519 1616 2573; x_wconf 92' lang='lat' dir='ltr'><strong>ad</strong></span> <span class='ocrx_word' id='word_1_303' title='bbox 1648 2519 1753 2571; x_wconf 88' lang='lat' dir='ltr'><strong>im-</strong></span> 
     </span>
    </p>
   </div>
   <div class='ocr_carea' id='block_1_41' title="bbox 167 2611 1749 2688">
    <p class='ocr_par' dir='ltr' id='par_1_41' title="bbox 167 2611 1749 2688">
     <span class='ocr_line' id='line_1_41' title="bbox 167 2611 1749 2688; baseline -0.005 -16"><span class='ocrx_word' id='word_1_304' title='bbox 167 2619 434 2688; x_wconf 86' lang='lat' dir='ltr'><strong>pietatem</strong></span> <span class='ocrx_word' id='word_1_305' title='bbox 465 2617 736 2686; x_wconf 73' lang='lat' dir='ltr'><strong>exquisite</strong></span> <span class='ocrx_word' id='word_1_306' title='bbox 768 2615 1093 2685; x_wconf 85' lang='lat' dir='ltr'><strong>composita,</strong></span> <span class='ocrx_word' id='word_1_307' title='bbox 1120 2613 1238 2676; x_wconf 89' lang='lat' dir='ltr'><strong>sed,</strong></span> <span class='ocrx_word' id='word_1_308' title='bbox 1266 2622 1325 2667; x_wconf 90' lang='lat' dir='ltr'><strong>ut</strong></span> <span class='ocrx_word' id='word_1_309' title='bbox 1345 2611 1479 2676; x_wconf 92' lang='lat' dir='ltr'><strong>dixi,</strong></span> <span class='ocrx_word' id='word_1_310' title='bbox 1501 2611 1749 2680; x_wconf 83' lang='lat' dir='ltr'><strong>simplex.</strong></span> 
     </span>
    </p>
   </div>
   <div class='ocr_carea' id='block_1_42' title="bbox 165 2705 1752 2776">
    <p class='ocr_par' dir='ltr' id='par_1_42' title="bbox 165 2705 1752 2776">
     <span class='ocr_line' id='line_1_42' title="bbox 165 2705 1752 2776; baseline -0.003 -14"><span class='ocrx_word' id='word_1_311' title='bbox 165 2707 470 2762; x_wconf 89' lang='lat' dir='ltr'><strong>Credimus</strong></span> <span class='ocrx_word' id='word_1_312' title='bbox 492 2723 727 2776; x_wconf 88' lang='lat' dir='ltr'><strong>namque</strong></span> <span class='ocrx_word' id='word_1_313' title='bbox 761 2708 892 2761; x_wconf 87' lang='lat' dir='ltr'><strong>illud</strong></span> <span class='ocrx_word' id='word_1_314' title='bbox 924 2723 992 2759; x_wconf 86' lang='lat' dir='ltr'><strong>ex</strong></span> <span class='ocrx_word' id='word_1_315' title='bbox 1022 2706 1132 2761; x_wconf 91' lang='lat' dir='ltr'><strong>Deo</strong></span> <span class='ocrx_word' id='word_1_316' title='bbox 1156 2706 1313 2760; x_wconf 90' lang='lat' dir='ltr'><strong>Patre</strong></span> <span class='ocrx_word' id='word_1_317' title='bbox 1334 2705 1595 2767; x_wconf 77' lang='lat' dir='ltr'><strong>Verbum,</strong></span> <span class='ocrx_word' id='word_1_318' title='bbox 1627 2719 1752 2758; x_wconf 90' lang='lat' dir='ltr'><strong>cum</strong></span> 
     </span>
    </p>
   </div>
   <div class='ocr_carea' id='block_1_43' title="bbox 168 2797 1750 2871">
    <p class='ocr_par' dir='ltr' id='par_1_43' title="bbox 168 2797 1750 2871">
     <span class='ocr_line' id='line_1_43' title="bbox 168 2797 1750 2871; baseline -0.003 -17"><span class='ocrx_word' id='word_1_319' title='bbox 168 2817 226 2854; x_wconf 89' lang='lat' dir='ltr'><strong>se</strong></span> <span class='ocrx_word' id='word_1_320' title='bbox 289 2801 516 2869; x_wconf 87' lang='lat' dir='ltr'><strong>corpori</strong></span> <span class='ocrx_word' id='word_1_321' title='bbox 578 2801 740 2871; x_wconf 63' lang='lat'><strong>[.83</strong></span> <span class='ocrx_word' id='word_1_322' title='bbox 797 2816 895 2869; x_wconf 82' lang='lat' dir='ltr'><strong>per</strong></span> <span class='ocrx_word' id='word_1_323' title='bbox 954 2809 1194 2854; x_wconf 87' lang='lat' dir='ltr'><strong>sanctam</strong></span> <span class='ocrx_word' id='word_1_324' title='bbox 1247 2797 1526 2867; x_wconf 83' lang='lat' dir='ltr'><strong>Virginem</strong></span> <span class='ocrx_word' id='word_1_325' title='bbox 1579 2797 1750 2858; x_wconf 90' lang='lat' dir='ltr'><strong>edito,</strong></span> 
     </span>
    </p>
   </div>
   <div class='ocr_carea' id='block_1_44' title="bbox 168 2886 1753 2958">
    <p class='ocr_par' dir='ltr' id='par_1_44' title="bbox 168 2886 1753 2958">
     <span class='ocr_line' id='line_1_44' title="bbox 168 2886 1753 2958; baseline -0.004 -14"><span class='ocrx_word' id='word_1_326' title='bbox 168 2890 515 2958; x_wconf 82' lang='lat' dir='ltr'><strong>habentique</strong></span> <span class='ocrx_word' id='word_1_327' title='bbox 554 2891 875 2944; x_wconf 88' lang='lat' dir='ltr'><strong>rationalem</strong></span> <span class='ocrx_word' id='word_1_328' title='bbox 903 2889 1160 2947; x_wconf 89' lang='lat' dir='ltr'><strong>animam,</strong></span> <span class='ocrx_word' id='word_1_329' title='bbox 1197 2889 1423 2950; x_wconf 91' lang='lat' dir='ltr'><strong>unissct,</strong></span> <span class='ocrx_word' id='word_1_330' title='bbox 1475 2902 1596 2955; x_wconf 72' lang='lat' dir='ltr'><strong>qua:</strong></span> <span class='ocrx_word' id='word_1_331' title='bbox 1622 2886 1753 2938; x_wconf 91' lang='lat' dir='ltr'><strong>unio</strong></span> 
     </span>
    </p>
   </div>
   <div class='ocr_carea' id='block_1_45' title="bbox 169 2977 1754 3050">
    <p class='ocr_par' dir='ltr' id='par_1_45' title="bbox 169 2977 1754 3050">
     <span class='ocr_line' id='line_1_45' title="bbox 169 2977 1754 3050; baseline -0.006 -14"><span class='ocrx_word' id='word_1_332' title='bbox 169 2981 476 3036; x_wconf 73' lang='lat' dir='ltr'><strong>ineffabilis</strong></span> <span class='ocrx_word' id='word_1_333' title='bbox 521 2997 746 3050; x_wconf 89' lang='lat' dir='ltr'><strong>prorsus</strong></span> <span class='ocrx_word' id='word_1_334' title='bbox 799 2989 856 3034; x_wconf 91' lang='lat' dir='ltr'><strong>et</strong></span> <span class='ocrx_word' id='word_1_335' title='bbox 900 2979 1128 3050; x_wconf 85' lang='lat' dir='ltr'><strong>mystica</strong></span> <span class='ocrx_word' id='word_1_336' title='bbox 1163 2977 1296 3042; x_wconf 84' lang='lat' dir='ltr'><strong>fuit;</strong></span> <span class='ocrx_word' id='word_1_337' title='bbox 1355 2977 1530 3046; x_wconf 89' lang='lat' dir='ltr'><strong>ipsum</strong></span> <span class='ocrx_word' id='word_1_338' title='bbox 1556 2990 1754 3044; x_wconf 89' lang='lat' dir='ltr'><strong>corpus</strong></span> 
     </span>
    </p>
   </div>
   <div class='ocr_carea' id='block_1_46' title="bbox 171 3069 1752 3142">
    <p class='ocr_par' dir='ltr' id='par_1_46' title="bbox 171 3069 1752 3142">
     <span class='ocr_line' id='line_1_46' title="bbox 171 3069 1752 3142; baseline -0.005 -15"><span class='ocrx_word' id='word_1_339' title='bbox 171 3074 488 3130; x_wconf 83' lang='lat' dir='ltr'><strong>reddidisse</strong></span> <span class='ocrx_word' id='word_1_340' title='bbox 519 3074 794 3127; x_wconf 68' lang='lat' dir='ltr'><strong>\‘ivificum</strong></span> <span class='ocrx_word' id='word_1_341' title='bbox 815 3112 829 3136; x_wconf 93' lang='lat'><strong>,</strong></span> <span class='ocrx_word' id='word_1_342' title='bbox 891 3073 1093 3142; x_wconf 91' lang='lat' dir='ltr'><strong>quippe</strong></span> <span class='ocrx_word' id='word_1_343' title='bbox 1124 3086 1248 3124; x_wconf 91' lang='lat' dir='ltr'><strong>eum</strong></span> <span class='ocrx_word' id='word_1_344' title='bbox 1272 3069 1533 3132; x_wconf 88' lang='lat' dir='ltr'><strong>Verbum,</strong></span> <span class='ocrx_word' id='word_1_345' title='bbox 1566 3075 1752 3137; x_wconf 88' lang='lat' dir='ltr'><strong>utpote</strong></span> 
     </span>
    </p>
   </div>
   <div class='ocr_carea' id='block_1_47' title="bbox 168 3157 1754 3230">
    <p class='ocr_par' dir='ltr' id='par_1_47' title="bbox 168 3157 1754 3230">
     <span class='ocr_line' id='line_1_47' title="bbox 168 3157 1754 3230; baseline -0.008 -8"><span class='ocrx_word' id='word_1_346' title='bbox 168 3168 340 3230; x_wconf 87' lang='lat' dir='ltr'><strong>Deus,</strong></span> <span class='ocrx_word' id='word_1_347' title='bbox 380 3167 491 3220; x_wconf 79' lang='lat' dir='ltr'><strong>vita</strong></span> <span class='ocrx_word' id='word_1_348' title='bbox 521 3167 593 3221; x_wconf 89' lang='lat' dir='ltr'><strong>sit</strong></span> <span class='ocrx_word' id='word_1_349' title='bbox 622 3166 923 3220; x_wconf 90' lang='lat' dir='ltr'><strong>secundum</strong></span> <span class='ocrx_word' id='word_1_350' title='bbox 955 3173 1206 3218; x_wconf 89' lang='lat' dir='ltr'><strong>naturam</strong></span> <span class='ocrx_word' id='word_1_351' title='bbox 1230 3203 1243 3226; x_wconf 93' lang='lat'><strong>,</strong></span> <span class='ocrx_word' id='word_1_352' title='bbox 1282 3171 1342 3214; x_wconf 91' lang='lat' dir='ltr'><strong>ut</strong></span> <span class='ocrx_word' id='word_1_353' title='bbox 1369 3177 1471 3214; x_wconf 92' lang='lat' dir='ltr'><strong>nos</strong></span> <span class='ocrx_word' id='word_1_354' title='bbox 1504 3176 1612 3213; x_wconf 93' lang='lat' dir='ltr'><strong>non</strong></span> <span class='ocrx_word' id='word_1_355' title='bbox 1639 3157 1754 3228; x_wconf 61' lang='grc' dir='ltr'><strong>δρία</strong></span> 
     </span>
    </p>
   </div>
   <div class='ocr_carea' id='block_1_48' title="bbox 170 3248 1757 3321">
    <p class='ocr_par' dir='ltr' id='par_1_48' title="bbox 170 3248 1757 3321">
     <span class='ocr_line' id='line_1_48' title="bbox 170 3248 1757 3321; baseline -0.006 -11"><span class='ocrx_word' id='word_1_356' title='bbox 170 3257 365 3311; x_wconf 88' lang='lat' dir='ltr'><strong>rituali</strong></span> <span class='ocrx_word' id='word_1_357' title='bbox 413 3248 659 3317; x_wconf 85' lang='lat' dir='ltr'><strong>tantum,</strong></span> <span class='ocrx_word' id='word_1_358' title='bbox 722 3271 914 3310; x_wconf 88' lang='lat' dir='ltr'><strong>verum</strong></span> <span class='ocrx_word' id='word_1_359' title='bbox 955 3254 1122 3308; x_wconf 88' lang='lat' dir='ltr'><strong>etiam</strong></span> <span class='ocrx_word' id='word_1_360' title='bbox 1175 3252 1445 3321; x_wconf 87' lang='lat' dir='ltr'><strong>corporali</strong></span> <span class='ocrx_word' id='word_1_361' title='bbox 1475 3249 1637 3304; x_wconf 89' lang='lat' dir='ltr'><strong>modo</strong></span> <span class='ocrx_word' id='word_1_362' title='bbox 1671 3248 1757 3303; x_wconf 91' lang='lat' dir='ltr'><strong>sui</strong></span> 
     </span>
    </p>
   </div>
   <div class='ocr_carea' id='block_1_49' title="bbox 168 3339 1754 3418">
    <p class='ocr_par' dir='ltr' id='par_1_49' title="bbox 168 3339 1754 3418">
     <span class='ocr_line' id='line_1_49' title="bbox 168 3339 1754 3418; baseline -0.005 -17"><span class='ocrx_word' id='word_1_363' title='bbox 168 3349 477 3418; x_wconf 87' lang='lat' dir='ltr'><strong>participes</strong></span> <span class='ocrx_word' id='word_1_364' title='bbox 507 3347 754 3408; x_wconf 75' lang='lat' dir='ltr'><strong>effectos,</strong></span> <span class='ocrx_word' id='word_1_365' title='bbox 809 3348 1163 3416; x_wconf 89' lang='lat' dir='ltr'><strong>corruptione</strong></span> <span class='ocrx_word' id='word_1_366' title='bbox 1194 3343 1600 3414; x_wconf 61' lang='lat' dir='ltr'><strong>priestanliores</strong></span> <span class='ocrx_word' id='word_1_367' title='bbox 1630 3339 1754 3394; x_wconf 84' lang='lat' dir='ltr'><strong>red-</strong></span> 
     </span>
    </p>
   </div>
   <div class='ocr_carea' id='block_1_50' title="bbox 168 3431 1758 3505">
    <p class='ocr_par' dir='ltr' id='par_1_50' title="bbox 168 3431 1758 3505">
     <span class='ocr_line' id='line_1_50' title="bbox 168 3431 1758 3505; baseline -0.005 -14"><span class='ocrx_word' id='word_1_368' title='bbox 168 3438 352 3502; x_wconf 91' lang='lat' dir='ltr'><strong>deret,</strong></span> <span class='ocrx_word' id='word_1_369' title='bbox 384 3447 441 3490; x_wconf 91' lang='lat' dir='ltr'><strong>et</strong></span> <span class='ocrx_word' id='word_1_370' title='bbox 467 3445 728 3490; x_wconf 87' lang='lat' dir='ltr'><strong>evacuata</strong></span> <span class='ocrx_word' id='word_1_371' title='bbox 761 3452 859 3505; x_wconf 88' lang='lat' dir='ltr'><strong>per</strong></span> <span class='ocrx_word' id='word_1_372' title='bbox 881 3436 1122 3504; x_wconf 89' lang='lat' dir='ltr'><strong>seipsum</strong></span> <span class='ocrx_word' id='word_1_373' title='bbox 1147 3433 1358 3504; x_wconf 89' lang='lat' dir='ltr'><strong>peccati</strong></span> <span class='ocrx_word' id='word_1_374' title='bbox 1379 3433 1498 3503; x_wconf 84' lang='lat' dir='ltr'><strong>lege</strong></span> <span class='ocrx_word' id='word_1_375' title='bbox 1517 3431 1570 3484; x_wconf 91' lang='lat' dir='ltr'><strong>in</strong></span> <span class='ocrx_word' id='word_1_376' title='bbox 1587 3446 1758 3484; x_wconf 81' lang='lat' dir='ltr'><strong>mem-</strong></span> 
     </span>
    </p>
   </div>
   <div class='ocr_carea' id='block_1_51' title="bbox 168 3526 1754 3597">
    <p class='ocr_par' dir='ltr' id='par_1_51' title="bbox 168 3526 1754 3597">
     <span class='ocr_line' id='line_1_51' title="bbox 168 3526 1754 3597; baseline -0.004 -14"><span class='ocrx_word' id='word_1_377' title='bbox 168 3530 289 3585; x_wconf 86' lang='lat' dir='ltr'><strong>bris</strong></span> <span class='ocrx_word' id='word_1_378' title='bbox 338 3529 527 3584; x_wconf 89' lang='lat' dir='ltr'><strong>carnis</strong></span> <span class='ocrx_word' id='word_1_379' title='bbox 576 3528 752 3597; x_wconf 88' lang='lat' dir='ltr'><strong>posita</strong></span> <span class='ocrx_word' id='word_1_380' title='bbox 775 3569 788 3592; x_wconf 96' lang='lat'><strong>,</strong></span> <span class='ocrx_word' id='word_1_381' title='bbox 851 3528 1137 3582; x_wconf 85' lang='lat' dir='ltr'><strong>damnaret</strong></span> <span class='ocrx_word' id='word_1_382' title='bbox 1171 3536 1458 3596; x_wconf 86' lang='lat' dir='ltr'><strong>peccatum</strong></span> <span class='ocrx_word' id='word_1_383' title='bbox 1492 3526 1546 3579; x_wconf 92' lang='lat' dir='ltr'><strong>in</strong></span> <span class='ocrx_word' id='word_1_384' title='bbox 1570 3539 1754 3589; x_wconf 90' lang='lat' dir='ltr'><strong>carne,</strong></span> 
     </span>
    </p>
   </div>
   <div class='ocr_carea' id='block_1_52' title="bbox 170 3616 1759 3688">
    <p class='ocr_par' dir='ltr' id='par_1_52' title="bbox 170 3616 1759 3688">
     <span class='ocr_line' id='line_1_52' title="bbox 170 3616 1759 3688; baseline -0.002 -17"><span class='ocrx_word' id='word_1_385' title='bbox 170 3621 318 3674; x_wconf 89' lang='lat' dir='ltr'><strong>sicut</strong></span> <span class='ocrx_word' id='word_1_386' title='bbox 349 3618 615 3688; x_wconf 77' lang='lat' dir='ltr'><strong>scriptum</strong></span> <span class='ocrx_word' id='word_1_387' title='bbox 645 3626 747 3672; x_wconf 91' lang='lat' dir='ltr'><strong>est.</strong></span> <span class='ocrx_word' id='word_1_388' title='bbox 781 3616 885 3672; x_wconf 87' lang='lat' dir='ltr'><strong>Sed</strong></span> <span class='ocrx_word' id='word_1_389' title='bbox 903 3618 1038 3678; x_wconf 61' lang='lat' dir='ltr'><strong>haec,</strong></span> <span class='ocrx_word' id='word_1_390' title='bbox 1057 3618 1161 3671; x_wconf 89' lang='lat' dir='ltr'><strong>nisi</strong></span> <span class='ocrx_word' id='word_1_391' title='bbox 1181 3617 1356 3679; x_wconf 85' lang='lat' dir='ltr'><strong>fallor,</strong></span> <span class='ocrx_word' id='word_1_392' title='bbox 1383 3623 1573 3670; x_wconf 89' lang='lat' dir='ltr'><strong>nostro</strong></span> <span class='ocrx_word' id='word_1_393' title='bbox 1590 3630 1759 3669; x_wconf 83' lang='lat' dir='ltr'><strong>novo-</strong></span> 
     </span>
    </p>
   </div>
   <div class='ocr_carea' id='block_1_53' title="bbox 171 3707 1748 3779">
    <p class='ocr_par' dir='ltr' id='par_1_53' title="bbox 171 3707 1748 3779">
     <span class='ocr_line' id='line_1_53' title="bbox 171 3707 1748 3779; baseline -0.003 -15"><span class='ocrx_word' id='word_1_394' title='bbox 171 3725 298 3764; x_wconf 87' lang='lat' dir='ltr'><strong>rum</strong></span> <span class='ocrx_word' id='word_1_395' title='bbox 318 3719 761 3764; x_wconf 86' lang='lat' dir='ltr'><strong>eommentorum</strong></span> <span class='ocrx_word' id='word_1_396' title='bbox 781 3709 1120 3779; x_wconf 63' lang='lat' dir='ltr'><strong>dogmatistze</strong></span> <span class='ocrx_word' id='word_1_397' title='bbox 1135 3708 1288 3762; x_wconf 89' lang='lat' dir='ltr'><strong>nullo</strong></span> <span class='ocrx_word' id='word_1_398' title='bbox 1306 3708 1468 3762; x_wconf 93' lang='lat' dir='ltr'><strong>modo</strong></span> <span class='ocrx_word' id='word_1_399' title='bbox 1482 3707 1717 3776; x_wconf 83' lang='lat' dir='ltr'><strong>placent.</strong></span> <span class='ocrx_word' id='word_1_400' title='bbox 1731 3726 1748 3759; x_wconf 76' lang='grc' dir='ltr'><strong><em>ι</em></strong></span> 
     </span>
    </p>
   </div>
   <div class='ocr_carea' id='block_1_54' title="bbox 245 3799 1755 3869">
    <p class='ocr_par' dir='ltr' id='par_1_54' title="bbox 245 3799 1755 3869">
     <span class='ocr_line' id='line_1_54' title="bbox 245 3799 1755 3869; baseline -0.001 -15"><span class='ocrx_word' id='word_1_401' title='bbox 245 3800 552 3854; x_wconf 82' lang='lat' dir='ltr'><strong>induxerat</strong></span> <span class='ocrx_word' id='word_1_402' title='bbox 582 3808 740 3854; x_wconf 87' lang='lat' dir='ltr'><strong>antea</strong></span> <span class='ocrx_word' id='word_1_403' title='bbox 769 3799 1049 3854; x_wconf 90' lang='lat' dir='ltr'><strong>Christum</strong></span> <span class='ocrx_word' id='word_1_404' title='bbox 1083 3799 1356 3852; x_wconf 88' lang='lat' dir='ltr'><strong>dicentem</strong></span> <span class='ocrx_word' id='word_1_405' title='bbox 1397 3816 1409 3850; x_wconf 94' lang='lat'><strong>:</strong></span> <span class='ocrx_word' id='word_1_406' title='bbox 1451 3817 1468 3849; x_wconf 74' lang='grc' dir='ltr'>ι</span> <span class='ocrx_word' id='word_1_407' title='bbox 1498 3799 1611 3869; x_wconf 87' lang='lat' dir='ltr'><strong>Ego</strong></span> <span class='ocrx_word' id='word_1_408' title='bbox 1635 3814 1755 3853; x_wconf 90' lang='lat' dir='ltr'><strong>sum</strong></span> 
     </span>
    </p>
   </div>
   <div class='ocr_carea' id='block_1_55' title="bbox 170 3888 1756 3960">
    <p class='ocr_par' dir='ltr' id='par_1_55' title="bbox 170 3888 1756 3960">
     <span class='ocr_line' id='line_1_55' title="bbox 170 3888 1756 3960; baseline -0.001 -15"><span class='ocrx_word' id='word_1_409' title='bbox 170 3892 335 3960; x_wconf 82' lang='lat' dir='ltr'><strong>panis</strong></span> <span class='ocrx_word' id='word_1_410' title='bbox 353 3890 501 3954; x_wconf 65' lang='lat' dir='ltr'><strong>vitae,</strong></span> <span class='ocrx_word' id='word_1_411' title='bbox 529 3891 622 3960; x_wconf 89' lang='lat' dir='ltr'><strong>qui</strong></span> <span class='ocrx_word' id='word_1_412' title='bbox 641 3891 708 3945; x_wconf 90' lang='lat' dir='ltr'><strong>de</strong></span> <span class='ocrx_word' id='word_1_413' title='bbox 731 3891 868 3945; x_wconf 71' lang='lat' dir='ltr'><strong>cmlo</strong></span> <span class='ocrx_word' id='word_1_414' title='bbox 892 3889 1172 3954; x_wconf 88' lang='lat' dir='ltr'><strong>descendi,</strong></span> <span class='ocrx_word' id='word_1_415' title='bbox 1198 3891 1292 3960; x_wconf 92' lang='lat' dir='ltr'><strong>qui</strong></span> <span class='ocrx_word' id='word_1_416' title='bbox 1311 3889 1496 3944; x_wconf 88' lang='lat' dir='ltr'><strong>omnia</strong></span> <span class='ocrx_word' id='word_1_417' title='bbox 1518 3888 1756 3955; x_wconf 82' lang='lat' dir='ltr'><strong>viviﬁco,</strong></span> 
     </span>
    </p>
   </div>
   <div class='ocr_carea' id='block_1_56' title="bbox 169 3978 1758 4051">
    <p class='ocr_par' dir='ltr' id='par_1_56' title="bbox 169 3978 1758 4051">
     <span class='ocr_line' id='line_1_56' title="bbox 169 3978 1758 4051; baseline -0.001 -17"><span class='ocrx_word' id='word_1_418' title='bbox 169 3989 227 4035; x_wconf 82' lang='lat' dir='ltr'><strong>et</strong></span> <span class='ocrx_word' id='word_1_419' title='bbox 256 3982 356 4051; x_wconf 88' lang='lat' dir='ltr'><strong>qui</strong></span> <span class='ocrx_word' id='word_1_420' title='bbox 390 3980 446 4036; x_wconf 93' lang='lat' dir='ltr'><strong>in</strong></span> <span class='ocrx_word' id='word_1_421' title='bbox 496 3997 583 4036; x_wconf 87' lang='lat' dir='ltr'><strong>me</strong></span> <span class='ocrx_word' id='word_1_422' title='bbox 613 3979 1027 4043; x_wconf 88' lang='lat' dir='ltr'><strong>manducantes,</strong></span> <span class='ocrx_word' id='word_1_423' title='bbox 1058 3978 1223 4033; x_wconf 91' lang='lat' dir='ltr'><strong>etiam</strong></span> <span class='ocrx_word' id='word_1_424' title='bbox 1255 3995 1354 4049; x_wconf 90' lang='lat' dir='ltr'><strong>per</strong></span> <span class='ocrx_word' id='word_1_425' title='bbox 1384 3979 1591 4034; x_wconf 87' lang='lat' dir='ltr'><strong>unitam</strong></span> <span class='ocrx_word' id='word_1_426' title='bbox 1623 3979 1758 4034; x_wconf 87' lang='lat' dir='ltr'><strong>mihi</strong></span> 
     </span>
    </p>
   </div>
   <div class='ocr_carea' id='block_1_57' title="bbox 167 4071 1757 4142">
    <p class='ocr_par' dir='ltr' id='par_1_57' title="bbox 167 4071 1757 4142">
     <span class='ocr_line' id='line_1_57' title="bbox 167 4071 1757 4142; baseline -0.001 -14"><span class='ocrx_word' id='word_1_427' title='bbox 167 4086 429 4130; x_wconf 88' lang='lat' dir='ltr'><strong>carnem.</strong></span> <span class='ocrx_word' id='word_1_428' title='bbox 497 4071 793 4142; x_wconf 85' lang='lat' dir='ltr'><strong>ingredior,</strong></span> <span class='ocrx_word' id='word_1_429' title='bbox 839 4091 858 4122; x_wconf 76' lang='grc' dir='ltr'><strong><em>ι</em></strong></span> <span class='ocrx_word' id='word_1_430' title='bbox 917 4080 1023 4126; x_wconf 88' lang='lat' dir='ltr'><strong>etc.</strong></span> <span class='ocrx_word' id='word_1_431' title='bbox 1087 4071 1349 4126; x_wconf 65' lang='lat' dir='ltr'><strong>Notandaa</strong></span> <span class='ocrx_word' id='word_1_432' title='bbox 1399 4087 1564 4126; x_wconf 83' lang='lat' dir='ltr'><strong>voces</strong></span> <span class='ocrx_word' id='word_1_433' title='bbox 1618 4071 1757 4135; x_wconf 64' lang='lat' dir='ltr'><strong>istae,</strong></span> 
     </span>
    </p>
   </div>
   <div class='ocr_carea' id='block_1_58' title="bbox 166 4161 1760 4233">
    <p class='ocr_par' dir='ltr' id='par_1_58' title="bbox 166 4161 1760 4233">
     <span class='ocr_line' id='line_1_58' title="bbox 166 4161 1760 4233; baseline -0.002 -16"><span class='ocrx_word' id='word_1_434' title='bbox 166 4179 228 4217; x_wconf 67' lang='lat' dir='ltr'><strong>ac</strong></span> <span class='ocrx_word' id='word_1_435' title='bbox 242 4164 498 4226; x_wconf 78' lang='lat' dir='ltr'><strong>demittit,</strong></span> <span class='ocrx_word' id='word_1_436' title='bbox 532 4163 819 4232; x_wconf 81' lang='lat' dir='ltr'><strong>ingredior,</strong></span> <span class='ocrx_word' id='word_1_437' title='bbox 847 4163 1006 4215; x_wconf 85' lang='lat' dir='ltr'><strong>etiam</strong></span> <span class='ocrx_word' id='word_1_438' title='bbox 1035 4179 1126 4233; x_wconf 85' lang='lat' dir='ltr'><strong>per</strong></span> <span class='ocrx_word' id='word_1_439' title='bbox 1152 4178 1382 4218; x_wconf 79' lang='lat' dir='ltr'><strong>carnem.</strong></span> <span class='ocrx_word' id='word_1_440' title='bbox 1440 4161 1760 4231; x_wconf 83' lang='lat' dir='ltr'><strong>Signiﬁcant</strong></span> 
     </span>
    </p>
   </div>
   <div class='ocr_carea' id='block_1_59' title="bbox 169 4253 1755 4324">
    <p class='ocr_par' dir='ltr' id='par_1_59' title="bbox 169 4253 1755 4324">
     <span class='ocr_line' id='line_1_59' title="bbox 169 4253 1755 4324; baseline -0.001 -17"><span class='ocrx_word' id='word_1_441' title='bbox 169 4253 326 4308; x_wconf 84' lang='lat' dir='ltr'><strong>enim</strong></span> <span class='ocrx_word' id='word_1_442' title='bbox 385 4254 644 4308; x_wconf 85' lang='lat' dir='ltr'><strong>unionem</strong></span> <span class='ocrx_word' id='word_1_443' title='bbox 666 4295 680 4317; x_wconf 93' lang='lat'><strong>,</strong></span> <span class='ocrx_word' id='word_1_444' title='bbox 715 4270 836 4324; x_wconf 78' lang='lat' dir='ltr'><strong>qua:</strong></span> <span class='ocrx_word' id='word_1_445' title='bbox 867 4253 960 4312; x_wconf 84' lang='lat' dir='ltr'><strong>fiat</strong></span> <span class='ocrx_word' id='word_1_446' title='bbox 987 4253 1149 4308; x_wconf 86' lang='lat' dir='ltr'><strong>etiam</strong></span> <span class='ocrx_word' id='word_1_447' title='bbox 1182 4269 1278 4324; x_wconf 90' lang='lat' dir='ltr'><strong>per</strong></span> <span class='ocrx_word' id='word_1_448' title='bbox 1304 4253 1472 4322; x_wconf 91' lang='lat' dir='ltr'><strong>ipsam</strong></span> <span class='ocrx_word' id='word_1_449' title='bbox 1501 4267 1720 4308; x_wconf 87' lang='lat' dir='ltr'><strong>carnem</strong></span> <span class='ocrx_word' id='word_1_450' title='bbox 1741 4292 1755 4317; x_wconf 97' lang='lat'><strong>,</strong></span> 
     </span>
    </p>
   </div>
   <div class='ocr_carea' id='block_1_60' title="bbox 168 4345 1754 4417">
    <p class='ocr_par' dir='ltr' id='par_1_60' title="bbox 168 4345 1754 4417">
     <span class='ocr_line' id='line_1_60' title="bbox 168 4345 1754 4417; baseline -0.002 -17"><span class='ocrx_word' id='word_1_451' title='bbox 168 4361 304 4417; x_wconf 71' lang='lat' dir='ltr'><strong>quze</strong></span> <span class='ocrx_word' id='word_1_452' title='bbox 349 4345 688 4411; x_wconf 90' lang='lat' dir='ltr'><strong>demittatur,</strong></span> <span class='ocrx_word' id='word_1_453' title='bbox 723 4355 780 4400; x_wconf 91' lang='lat' dir='ltr'><strong>et</strong></span> <span class='ocrx_word' id='word_1_454' title='bbox 826 4345 1166 4416; x_wconf 86' lang='lat' dir='ltr'><strong>ingrediatur</strong></span> <span class='ocrx_word' id='word_1_455' title='bbox 1215 4346 1267 4398; x_wconf 92' lang='lat' dir='ltr'><strong>in</strong></span> <span class='ocrx_word' id='word_1_456' title='bbox 1292 4355 1479 4399; x_wconf 89' lang='lat' dir='ltr'><strong>nostra</strong></span> <span class='ocrx_word' id='word_1_457' title='bbox 1505 4359 1754 4414; x_wconf 89' lang='lat' dir='ltr'><strong>corpora.</strong></span> 
     </span>
    </p>
   </div>
   <div class='ocr_carea' id='block_1_61' title="bbox 1857 1883 3430 1962">
    <p class='ocr_par' dir='ltr' id='par_1_61' title="bbox 1857 1883 3430 1962">
     <span class='ocr_line' id='line_1_61' title="bbox 1857 1883 3430 1962; baseline 0.012 -33"><span class='ocrx_word' id='word_1_458' title='bbox 1857 1892 2021 1930; x_wconf 91' lang='lat' dir='ltr'><strong>unam</strong></span> <span class='ocrx_word' id='word_1_459' title='bbox 2071 1883 2398 1937; x_wconf 90' lang='lat' dir='ltr'><strong>sententiam</strong></span> <span class='ocrx_word' id='word_1_460' title='bbox 2443 1887 2780 1941; x_wconf 90' lang='lat' dir='ltr'><strong>conveniunt</strong></span> <span class='ocrx_word' id='word_1_461' title='bbox 2829 1889 2898 1944; x_wconf 90' lang='lat' dir='ltr'><strong>de</strong></span> <span class='ocrx_word' id='word_1_462' title='bbox 2937 1891 3134 1955; x_wconf 90' lang='lat' dir='ltr'><strong>modo,</strong></span> <span class='ocrx_word' id='word_1_463' title='bbox 3187 1908 3296 1962; x_wconf 90' lang='lat' dir='ltr'><strong>quo</strong></span> <span class='ocrx_word' id='word_1_464' title='bbox 3327 1893 3430 1950; x_wconf 83' lang='lat' dir='ltr'><strong>fit:</strong></span> 
     </span>
    </p>
   </div>
   <div class='ocr_carea' id='block_1_62' title="bbox 1855 1967 3433 2052">
    <p class='ocr_par' dir='ltr' id='par_1_62' title="bbox 1855 1967 3433 2052">
     <span class='ocr_line' id='line_1_62' title="bbox 1855 1967 3433 2052; baseline 0.013 -32"><span class='ocrx_word' id='word_1_465' title='bbox 1855 1967 1948 2021; x_wconf 90' lang='lat' dir='ltr'><strong>alii</strong></span> <span class='ocrx_word' id='word_1_466' title='bbox 1973 1969 2119 2024; x_wconf 90' lang='lat' dir='ltr'><strong>enim</strong></span> <span class='ocrx_word' id='word_1_467' title='bbox 2167 1976 2582 2032; x_wconf 89' lang='lat' dir='ltr'><strong>conversionem</strong></span> <span class='ocrx_word' id='word_1_468' title='bbox 2611 1975 2768 2048; x_wconf 84' lang='lat' dir='ltr'><strong>panis</strong></span> <span class='ocrx_word' id='word_1_469' title='bbox 2806 1981 2861 2034; x_wconf 94' lang='lat' dir='ltr'><strong>in</strong></span> <span class='ocrx_word' id='word_1_470' title='bbox 2885 1996 3085 2052; x_wconf 91' lang='lat' dir='ltr'><strong>corpus</strong></span> <span class='ocrx_word' id='word_1_471' title='bbox 3103 1983 3308 2040; x_wconf 88' lang='lat' dir='ltr'><strong>Christi</strong></span> <span class='ocrx_word' id='word_1_472' title='bbox 3333 1986 3433 2040; x_wconf 91' lang='lat' dir='ltr'><strong>ad-</strong></span> 
     </span>
    </p>
   </div>
   <div class='ocr_carea' id='block_1_63' title="bbox 1855 2060 3431 2142">
    <p class='ocr_par' dir='ltr' id='par_1_63' title="bbox 1855 2060 3431 2142">
     <span class='ocr_line' id='line_1_63' title="bbox 1855 2060 3431 2142; baseline 0.011 -30"><span class='ocrx_word' id='word_1_473' title='bbox 1855 2060 2102 2124; x_wconf 88' lang='lat' dir='ltr'><strong>mittunt,</strong></span> <span class='ocrx_word' id='word_1_474' title='bbox 2141 2063 2215 2119; x_wconf 89' lang='lat' dir='ltr'><strong>ita</strong></span> <span class='ocrx_word' id='word_1_475' title='bbox 2244 2075 2304 2120; x_wconf 87' lang='lat' dir='ltr'><strong>ut</strong></span> <span class='ocrx_word' id='word_1_476' title='bbox 2331 2069 2635 2124; x_wconf 88' lang='lat' dir='ltr'><strong>substantia</strong></span> <span class='ocrx_word' id='word_1_477' title='bbox 2661 2071 2814 2139; x_wconf 89' lang='lat' dir='ltr'><strong>panis</strong></span> <span class='ocrx_word' id='word_1_478' title='bbox 2846 2088 2944 2142; x_wconf 90' lang='lat' dir='ltr'><strong>per</strong></span> <span class='ocrx_word' id='word_1_479' title='bbox 2965 2077 3431 2132; x_wconf 88' lang='lat' dir='ltr'><strong>consecrationem</strong></span> 
     </span>
    </p>
   </div>
   <div class='ocr_carea' id='block_1_64' title="bbox 1855 2152 3430 2230">
    <p class='ocr_par' dir='ltr' id='par_1_64' title="bbox 1855 2152 3430 2230">
     <span class='ocr_line' id='line_1_64' title="bbox 1855 2152 3430 2230; baseline 0.012 -24"><span class='ocrx_word' id='word_1_480' title='bbox 1855 2152 2071 2210; x_wconf 89' lang='lat' dir='ltr'><strong>desinat</strong></span> <span class='ocrx_word' id='word_1_481' title='bbox 2096 2172 2255 2222; x_wconf 90' lang='lat' dir='ltr'><strong>esse,</strong></span> <span class='ocrx_word' id='word_1_482' title='bbox 2315 2161 2538 2230; x_wconf 90' lang='lat' dir='ltr'><strong>solaque</strong></span> <span class='ocrx_word' id='word_1_483' title='bbox 2581 2167 3231 2222; x_wconf 85' lang='lat' dir='ltr'><strong>remaneantaccidentia</strong></span> <span class='ocrx_word' id='word_1_484' title='bbox 3283 2187 3294 2222; x_wconf 94' lang='lat'>:</span> <span class='ocrx_word' id='word_1_485' title='bbox 3338 2172 3430 2225; x_wconf 83' lang='lat' dir='ltr'><strong>alii</strong></span> 
     </span>
    </p>
   </div>
   <div class='ocr_carea' id='block_1_65' title="bbox 1857 2252 3432 2328">
    <p class='ocr_par' dir='ltr' id='par_1_65' title="bbox 1857 2252 3432 2328">
     <span class='ocr_line' id='line_1_65' title="bbox 1857 2252 3432 2328; baseline 0.011 -30"><span class='ocrx_word' id='word_1_486' title='bbox 1857 2262 2062 2300; x_wconf 80' lang='lat' dir='ltr'><strong>meram</strong></span> <span class='ocrx_word' id='word_1_487' title='bbox 2105 2252 2549 2319; x_wconf 82' lang='lat' dir='ltr'><strong>conjtmctionem</strong></span> <span class='ocrx_word' id='word_1_488' title='bbox 2597 2254 2715 2308; x_wconf 83' lang='lat' dir='ltr'><strong>fieri</strong></span> <span class='ocrx_word' id='word_1_489' title='bbox 2755 2258 3118 2320; x_wconf 86' lang='lat' dir='ltr'><strong>contendunt,</strong></span> <span class='ocrx_word' id='word_1_490' title='bbox 3169 2277 3275 2328; x_wconf 90' lang='lat' dir='ltr'><strong>qua</strong></span> <span class='ocrx_word' id='word_1_491' title='bbox 3299 2261 3432 2316; x_wconf 80' lang='lat' dir='ltr'><strong>sub-</strong></span> 
     </span>
    </p>
   </div>
   <div class='ocr_carea' id='block_1_66' title="bbox 1855 2339 3433 2422">
    <p class='ocr_par' dir='ltr' id='par_1_66' title="bbox 1855 2339 3433 2422">
     <span class='ocr_line' id='line_1_66' title="bbox 1855 2339 3433 2422; baseline 0.012 -33"><span class='ocrx_word' id='word_1_492' title='bbox 1855 2339 2055 2392; x_wconf 89' lang='lat' dir='ltr'><strong>stantia</strong></span> <span class='ocrx_word' id='word_1_493' title='bbox 2091 2342 2248 2409; x_wconf 86' lang='lat' dir='ltr'><strong>panis</strong></span> <span class='ocrx_word' id='word_1_494' title='bbox 2295 2359 2393 2412; x_wconf 89' lang='lat' dir='ltr'><strong>per</strong></span> <span class='ocrx_word' id='word_1_495' title='bbox 2419 2348 2887 2402; x_wconf 88' lang='lat' dir='ltr'><strong>consecrationem</strong></span> <span class='ocrx_word' id='word_1_496' title='bbox 2913 2352 3279 2422; x_wconf 86' lang='lat' dir='ltr'><strong>conjungatur</strong></span> <span class='ocrx_word' id='word_1_497' title='bbox 3304 2370 3433 2408; x_wconf 88' lang='lat' dir='ltr'><strong>cum</strong></span> 
     </span>
    </p>
   </div>
   <div class='ocr_carea' id='block_1_67' title="bbox 1855 2430 3435 2514">
    <p class='ocr_par' dir='ltr' id='par_1_67' title="bbox 1855 2430 3435 2514">
     <span class='ocr_line' id='line_1_67' title="bbox 1855 2430 3435 2514; baseline 0.011 -30"><span class='ocrx_word' id='word_1_498' title='bbox 1855 2430 2161 2486; x_wconf 87' lang='lat' dir='ltr'><strong>substantia</strong></span> <span class='ocrx_word' id='word_1_499' title='bbox 2185 2437 2434 2504; x_wconf 89' lang='lat' dir='ltr'><strong>corporis</strong></span> <span class='ocrx_word' id='word_1_500' title='bbox 2451 2437 2676 2500; x_wconf 86' lang='lat' dir='ltr'><strong>Christi,</strong></span> <span class='ocrx_word' id='word_1_501' title='bbox 2697 2450 2757 2494; x_wconf 88' lang='lat' dir='ltr'><strong>ut</strong></span> <span class='ocrx_word' id='word_1_502' title='bbox 2780 2458 2845 2495; x_wconf 83' lang='lat' dir='ltr'><strong>ex</strong></span> <span class='ocrx_word' id='word_1_503' title='bbox 2875 2451 3106 2514; x_wconf 90' lang='lat' dir='ltr'><strong>utraque</strong></span> <span class='ocrx_word' id='word_1_504' title='bbox 3131 2447 3435 2503; x_wconf 86' lang='lat' dir='ltr'><strong>substantia</strong></span> 
     </span>
    </p>
   </div>
   <div class='ocr_carea' id='block_1_68' title="bbox 1855 2519 3437 2607">
    <p class='ocr_par' dir='ltr' id='par_1_68' title="bbox 1855 2519 3437 2607">
     <span class='ocr_line' id='line_1_68' title="bbox 1855 2519 3437 2607; baseline 0.012 -34"><span class='ocrx_word' id='word_1_505' title='bbox 1855 2519 2197 2578; x_wconf 84' lang='lat' dir='ltr'><strong>Eucharistia</strong></span> <span class='ocrx_word' id='word_1_506' title='bbox 2222 2538 2601 2596; x_wconf 89' lang='lat' dir='ltr'><strong>componatur.</strong></span> <span class='ocrx_word' id='word_1_507' title='bbox 2641 2531 2904 2586; x_wconf 90' lang='lat' dir='ltr'><strong>Catholici</strong></span> <span class='ocrx_word' id='word_1_508' title='bbox 2929 2543 3077 2597; x_wconf 87' lang='lat' dir='ltr'><strong>sunt,</strong></span> <span class='ocrx_word' id='word_1_509' title='bbox 3122 2538 3217 2605; x_wconf 87' lang='lat' dir='ltr'><strong>qui</strong></span> <span class='ocrx_word' id='word_1_510' title='bbox 3248 2555 3437 2607; x_wconf 78' lang='grc' dir='ltr'><strong>μετου-</strong></span> 
     </span>
    </p>
   </div>
   <div class='ocr_carea' id='block_1_69' title="bbox 1858 2613 3433 2698">
    <p class='ocr_par' dir='ltr' id='par_1_69' title="bbox 1858 2613 3433 2698">
     <span class='ocr_line' id='line_1_69' title="bbox 1858 2613 3433 2698; baseline 0.014 -34"><span class='ocrx_word' id='word_1_511' title='bbox 1858 2613 2042 2666; x_wconf 80' lang='grc' dir='ltr'>σίωσιν</span> <span class='ocrx_word' id='word_1_512' title='bbox 2089 2632 2184 2672; x_wconf 89' lang='lat' dir='ltr'><strong>seu</strong></span> <span class='ocrx_word' id='word_1_513' title='bbox 2213 2617 2379 2692; x_wconf 65' lang='grc'><strong>484</strong></span> <span class='ocrx_word' id='word_1_514' title='bbox 2409 2624 3072 2681; x_wconf 87' lang='lat' dir='ltr'><strong>transsubstantiationem</strong></span> <span class='ocrx_word' id='word_1_515' title='bbox 3097 2629 3433 2698; x_wconf 81' lang='lat' dir='ltr'><strong>defendunt;</strong></span> 
     </span>
    </p>
   </div>
   <div class='ocr_carea' id='block_1_70' title="bbox 1857 2703 3429 2788">
    <p class='ocr_par' dir='ltr' id='par_1_70' title="bbox 1857 2703 3429 2788">
     <span class='ocr_line' id='line_1_70' title="bbox 1857 2703 3429 2788; baseline 0.013 -32"><span class='ocrx_word' id='word_1_516' title='bbox 1857 2703 2184 2769; x_wconf 87' lang='lat' dir='ltr'><strong>Lutherani,</strong></span> <span class='ocrx_word' id='word_1_517' title='bbox 2246 2711 2339 2778; x_wconf 91' lang='lat' dir='ltr'><strong>qui</strong></span> <span class='ocrx_word' id='word_1_518' title='bbox 2397 2714 2747 2767; x_wconf 83' lang='grc' dir='ltr'>συνουσίωσιν</span> <span class='ocrx_word' id='word_1_519' title='bbox 2805 2717 2920 2771; x_wconf 86' lang='lat' dir='ltr'><strong>sive</strong></span> <span class='ocrx_word' id='word_1_520' title='bbox 2972 2718 3429 2788; x_wconf 88' lang='lat' dir='ltr'><strong>impanationem.</strong></span> 
     </span>
    </p>
   </div>
   <div class='ocr_carea' id='block_1_71' title="bbox 1855 2791 3220 2868">
    <p class='ocr_par' dir='ltr' id='par_1_71' title="bbox 1855 2791 3220 2868">
     <span class='ocr_line' id='line_1_71' title="bbox 1855 2791 3220 2868; baseline 0.013 -24"><span class='ocrx_word' id='word_1_521' title='bbox 1855 2791 2164 2858; x_wconf 72' lang='lat' dir='ltr'><strong>Qmeritur,</strong></span> <span class='ocrx_word' id='word_1_522' title='bbox 2200 2798 2286 2852; x_wconf 90' lang='lat' dir='ltr'><strong>cui</strong></span> <span class='ocrx_word' id='word_1_523' title='bbox 2323 2801 2465 2868; x_wconf 90' lang='lat' dir='ltr'><strong>parti</strong></span> <span class='ocrx_word' id='word_1_524' title='bbox 2499 2801 2881 2859; x_wconf 82' lang='lat' dir='ltr'><strong>Theodoretus</strong></span> <span class='ocrx_word' id='word_1_525' title='bbox 2907 2806 3220 2862; x_wconf 69' lang='lat' dir='ltr'><strong>adhaeserit.</strong></span> 
     </span>
    </p>
   </div>
   <div class='ocr_carea' id='block_1_72' title="bbox 1928 2882 3434 2962">
    <p class='ocr_par' dir='ltr' id='par_1_72' title="bbox 1928 2882 3434 2962">
     <span class='ocr_line' id='line_1_72' title="bbox 1928 2882 3434 2962; baseline 0.011 -27"><span class='ocrx_word' id='word_1_526' title='bbox 1928 2882 2103 2952; x_wconf 87' lang='lat' dir='ltr'><strong>Super</strong></span> <span class='ocrx_word' id='word_1_527' title='bbox 2117 2901 2178 2938; x_wconf 87' lang='lat' dir='ltr'><strong>ea</strong></span> <span class='ocrx_word' id='word_1_528' title='bbox 2197 2889 2500 2954; x_wconf 60' lang='lat' dir='ltr'><strong>quiestione</strong></span> <span class='ocrx_word' id='word_1_529' title='bbox 2520 2892 2810 2959; x_wconf 85' lang='lat' dir='ltr'><strong>opiniones</strong></span> <span class='ocrx_word' id='word_1_530' title='bbox 2830 2902 2943 2948; x_wconf 85' lang='lat' dir='ltr'><strong>tres</strong></span> <span class='ocrx_word' id='word_1_531' title='bbox 2960 2907 3056 2949; x_wconf 91' lang='lat' dir='ltr'><strong>aut</strong></span> <span class='ocrx_word' id='word_1_532' title='bbox 3073 2912 3263 2950; x_wconf 83' lang='lat' dir='ltr'><strong>revera</strong></span> <span class='ocrx_word' id='word_1_533' title='bbox 3283 2906 3434 2962; x_wconf 84' lang='lat' dir='ltr'><strong>sunt.</strong></span> 
     </span>
    </p>
   </div>
   <div class='ocr_carea' id='block_1_73' title="bbox 1857 2975 3440 3052">
    <p class='ocr_par' dir='ltr' id='par_1_73' title="bbox 1857 2975 3440 3052">
     <span class='ocr_line' id='line_1_73' title="bbox 1857 2975 3440 3052; baseline 0.011 -27"><span class='ocrx_word' id='word_1_534' title='bbox 1857 2984 1951 3026; x_wconf 86' lang='lat' dir='ltr'><strong>aut</strong></span> <span class='ocrx_word' id='word_1_535' title='bbox 1970 2975 2196 3042; x_wconf 87' lang='lat' dir='ltr'><strong>cogitari</strong></span> <span class='ocrx_word' id='word_1_536' title='bbox 2220 2988 2429 3045; x_wconf 89' lang='lat' dir='ltr'><strong>queunt</strong></span> <span class='ocrx_word' id='word_1_537' title='bbox 2449 2998 2464 3035; x_wconf 74' lang='grc' dir='ltr'><strong>ι</strong></span> <span class='ocrx_word' id='word_1_538' title='bbox 2486 2981 2679 3049; x_wconf 86' lang='lat' dir='ltr'><strong>prima,</strong></span> <span class='ocrx_word' id='word_1_539' title='bbox 2705 2983 2851 3052; x_wconf 89' lang='lat' dir='ltr'><strong>quod</strong></span> <span class='ocrx_word' id='word_1_540' title='bbox 2872 2987 3440 3044; x_wconf 68' lang='lat' dir='ltr'><strong>transsubslantiatio—</strong></span> 
     </span>
    </p>
   </div>
   <div class='ocr_carea' id='block_1_74' title="bbox 1779 3065 3436 3156">
    <p class='ocr_par' dir='ltr' id='par_1_74' title="bbox 1779 3065 3436 3156">
     <span class='ocr_line' id='line_1_74' title="bbox 1779 3065 3436 3156; baseline 0.011 -40"><span class='ocrx_word' id='word_1_541' title='bbox 1779 3099 1822 3156; x_wconf 65' lang='grc' dir='ltr'>ο</span> <span class='ocrx_word' id='word_1_542' title='bbox 1855 3081 1978 3118; x_wconf 87' lang='lat' dir='ltr'><strong>nem</strong></span> <span class='ocrx_word' id='word_1_543' title='bbox 1997 3065 2270 3133; x_wconf 88' lang='lat' dir='ltr'><strong>docuerit;</strong></span> <span class='ocrx_word' id='word_1_544' title='bbox 2291 3071 2548 3135; x_wconf 89' lang='lat' dir='ltr'><strong>secunda,</strong></span> <span class='ocrx_word' id='word_1_545' title='bbox 2569 3075 2713 3141; x_wconf 87' lang='lat' dir='ltr'><strong>quod</strong></span> <span class='ocrx_word' id='word_1_546' title='bbox 2731 3074 3021 3130; x_wconf 80' lang='lat' dir='ltr'><strong>adhaeserit</strong></span> <span class='ocrx_word' id='word_1_547' title='bbox 3044 3077 3396 3147; x_wconf 91' lang='lat' dir='ltr'><strong>impanationi</strong></span> <span class='ocrx_word' id='word_1_548' title='bbox 3417 3090 3436 3146; x_wconf 83' lang='lat'><strong>;</strong></span> 
     </span>
    </p>
   </div>
   <div class='ocr_carea' id='block_1_75' title="bbox 1860 3157 3434 3240">
    <p class='ocr_par' dir='ltr' id='par_1_75' title="bbox 1860 3157 3434 3240">
     <span class='ocr_line' id='line_1_75' title="bbox 1860 3157 3434 3240; baseline 0.012 -33"><span class='ocrx_word' id='word_1_549' title='bbox 1860 3157 2044 3220; x_wconf 90' lang='lat' dir='ltr'><strong>tertia,</strong></span> <span class='ocrx_word' id='word_1_550' title='bbox 2087 3161 2233 3227; x_wconf 92' lang='lat' dir='ltr'><strong>quod</strong></span> <span class='ocrx_word' id='word_1_551' title='bbox 2267 3176 2376 3214; x_wconf 91' lang='lat' dir='ltr'><strong>non</strong></span> <span class='ocrx_word' id='word_1_552' title='bbox 2405 3172 2640 3228; x_wconf 87' lang='lat' dir='ltr'><strong>constet,</strong></span> <span class='ocrx_word' id='word_1_553' title='bbox 2674 3181 2837 3235; x_wconf 89' lang='lat' dir='ltr'><strong>quam</strong></span> <span class='ocrx_word' id='word_1_554' title='bbox 2865 3177 3086 3222; x_wconf 90' lang='lat' dir='ltr'><strong>secutus</strong></span> <span class='ocrx_word' id='word_1_555' title='bbox 3109 3169 3434 3240; x_wconf 86' lang='lat' dir='ltr'><strong>sitpartem.</strong></span> 
     </span>
    </p>
   </div>
   <div class='ocr_carea' id='block_1_76' title="bbox 1857 3246 3257 3324">
    <p class='ocr_par' dir='ltr' id='par_1_76' title="bbox 1857 3246 3257 3324">
     <span class='ocr_line' id='line_1_76' title="bbox 1857 3246 3257 3324; baseline 0.01 -25"><span class='ocrx_word' id='word_1_556' title='bbox 1857 3246 2128 3316; x_wconf 86' lang='lat' dir='ltr'><strong>siquidem</strong></span> <span class='ocrx_word' id='word_1_557' title='bbox 2159 3264 2261 3318; x_wconf 89' lang='lat' dir='ltr'><strong>pro</strong></span> <span class='ocrx_word' id='word_1_558' title='bbox 2289 3259 2486 3306; x_wconf 90' lang='lat' dir='ltr'><strong>neutra</strong></span> <span class='ocrx_word' id='word_1_559' title='bbox 2509 3255 2812 3322; x_wconf 86' lang='lat' dir='ltr'><strong>aperuerit,</strong></span> <span class='ocrx_word' id='word_1_560' title='bbox 2839 3256 2971 3324; x_wconf 91' lang='lat' dir='ltr'><strong>quid</strong></span> <span class='ocrx_word' id='word_1_561' title='bbox 3006 3259 3257 3313; x_wconf 89' lang='lat' dir='ltr'><strong>sentiret.</strong></span> 
     </span>
    </p>
   </div>
   <div class='ocr_carea' id='block_1_77' title="bbox 1930 3337 3438 3414">
    <p class='ocr_par' dir='ltr' id='par_1_77' title="bbox 1930 3337 3438 3414">
     <span class='ocr_line' id='line_1_77' title="bbox 1930 3337 3438 3414; baseline 0.012 -24"><span class='ocrx_word' id='word_1_562' title='bbox 1930 3337 2111 3392; x_wconf 90' lang='lat' dir='ltr'><strong>Prima</strong></span> <span class='ocrx_word' id='word_1_563' title='bbox 2147 3340 2236 3394; x_wconf 89' lang='lat' dir='ltr'><strong>his</strong></span> <span class='ocrx_word' id='word_1_564' title='bbox 2263 3341 2380 3396; x_wconf 80' lang='lat' dir='ltr'><strong>fere</strong></span> <span class='ocrx_word' id='word_1_565' title='bbox 2409 3346 2748 3414; x_wconf 86' lang='lat' dir='ltr'><strong>argumentis</strong></span> <span class='ocrx_word' id='word_1_566' title='bbox 2772 3347 2968 3401; x_wconf 87' lang='lat' dir='ltr'><strong>utitur.</strong></span> <span class='ocrx_word' id='word_1_567' title='bbox 2987 3350 3038 3402; x_wconf 81' lang='grc'><strong>1.</strong></span> <span class='ocrx_word' id='word_1_568' title='bbox 3058 3349 3438 3408; x_wconf 74' lang='lat' dir='ltr'><strong>Thcodoretus</strong></span> 
     </span>
    </p>
   </div>
   <div class='ocr_carea' id='block_1_78' title="bbox 1858 3429 3434 3508">
    <p class='ocr_par' dir='ltr' id='par_1_78' title="bbox 1858 3429 3434 3508">
     <span class='ocr_line' id='line_1_78' title="bbox 1858 3429 3434 3508; baseline 0.01 -26"><span class='ocrx_word' id='word_1_569' title='bbox 1858 3429 1997 3483; x_wconf 88' lang='lat' dir='ltr'><strong>solet</strong></span> <span class='ocrx_word' id='word_1_570' title='bbox 2040 3431 2314 3502; x_wconf 86' lang='lat' dir='ltr'><strong>magistris</strong></span> <span class='ocrx_word' id='word_1_571' title='bbox 2355 3435 2471 3488; x_wconf 86' lang='lat' dir='ltr'><strong>suis</strong></span> <span class='ocrx_word' id='word_1_572' title='bbox 2513 3437 2818 3503; x_wconf 90' lang='lat' dir='ltr'><strong>assentire,</strong></span> <span class='ocrx_word' id='word_1_573' title='bbox 2865 3441 3174 3508; x_wconf 72' lang='lat' dir='ltr'><strong>przesertim</strong></span> <span class='ocrx_word' id='word_1_574' title='bbox 3203 3457 3329 3496; x_wconf 91' lang='lat' dir='ltr'><strong>cum</strong></span> <span class='ocrx_word' id='word_1_575' title='bbox 3357 3443 3434 3498; x_wconf 84' lang='lat' dir='ltr'><strong>illi</strong></span> 
     </span>
    </p>
   </div>
   <div class='ocr_carea' id='block_1_79' title="bbox 1859 3521 3439 3607">
    <p class='ocr_par' dir='ltr' id='par_1_79' title="bbox 1859 3521 3439 3607">
     <span class='ocr_line' id='line_1_79' title="bbox 1859 3521 3439 3607; baseline 0.008 -31"><span class='ocrx_word' id='word_1_576' title='bbox 1859 3521 1914 3576; x_wconf 91' lang='lat' dir='ltr'><strong>in</strong></span> <span class='ocrx_word' id='word_1_577' title='bbox 1935 3537 1992 3575; x_wconf 89' lang='lat' dir='ltr'><strong>re</strong></span> <span class='ocrx_word' id='word_1_578' title='bbox 2017 3524 2195 3593; x_wconf 83' lang='lat' dir='ltr'><strong>magni</strong></span> <span class='ocrx_word' id='word_1_579' title='bbox 2224 3527 2488 3581; x_wconf 89' lang='lat' dir='ltr'><strong>momenti</strong></span> <span class='ocrx_word' id='word_1_580' title='bbox 2514 3529 2817 3584; x_wconf 91' lang='lat' dir='ltr'><strong>concordes</strong></span> <span class='ocrx_word' id='word_1_581' title='bbox 2840 3540 3004 3586; x_wconf 89' lang='lat' dir='ltr'><strong>sunt:</strong></span> <span class='ocrx_word' id='word_1_582' title='bbox 3032 3534 3183 3602; x_wconf 85' lang='lat' dir='ltr'><strong>atqui</strong></span> <span class='ocrx_word' id='word_1_583' title='bbox 3203 3533 3439 3607; x_wconf 83' lang='lat' dir='ltr'><strong>Chryso-</strong></span> 
     </span>
    </p>
   </div>
   <div class='ocr_carea' id='block_1_80' title="bbox 1858 3614 3438 3696">
    <p class='ocr_par' dir='ltr' id='par_1_80' title="bbox 1858 3614 3438 3696">
     <span class='ocr_line' id='line_1_80' title="bbox 1858 3614 3438 3696; baseline 0.009 -31"><span class='ocrx_word' id='word_1_584' title='bbox 1858 3621 2068 3667; x_wconf 89' lang='lat' dir='ltr'><strong>stomus</strong></span> <span class='ocrx_word' id='word_1_585' title='bbox 2102 3625 2159 3667; x_wconf 89' lang='lat' dir='ltr'><strong>et</strong></span> <span class='ocrx_word' id='word_1_586' title='bbox 2197 3614 2521 3672; x_wconf 87' lang='lat' dir='ltr'><strong>Theodorus</strong></span> <span class='ocrx_word' id='word_1_587' title='bbox 2561 3618 3006 3688; x_wconf 86' lang='lat' dir='ltr'><strong>Mopsuestenus,</strong></span> <span class='ocrx_word' id='word_1_588' title='bbox 3042 3623 3246 3693; x_wconf 87' lang='lat' dir='ltr'><strong>quibus</strong></span> <span class='ocrx_word' id='word_1_589' title='bbox 3267 3625 3438 3696; x_wconf 85' lang='lat' dir='ltr'><strong>magi-</strong></span> 
     </span>
    </p>
   </div>
   <div class='ocr_carea' id='block_1_81' title="bbox 1857 3705 3437 3780">
    <p class='ocr_par' dir='ltr' id='par_1_81' title="bbox 1857 3705 3437 3780">
     <span class='ocr_line' id='line_1_81' title="bbox 1857 3705 3437 3780; baseline 0.011 -22"><span class='ocrx_word' id='word_1_590' title='bbox 1857 3705 1986 3758; x_wconf 89' lang='lat' dir='ltr'><strong>stris</strong></span> <span class='ocrx_word' id='word_1_591' title='bbox 2011 3705 2392 3763; x_wconf 84' lang='lat' dir='ltr'><strong>Theodoretus</strong></span> <span class='ocrx_word' id='word_1_592' title='bbox 2417 3711 2706 3780; x_wconf 88' lang='lat' dir='ltr'><strong>gloriatur,</strong></span> <span class='ocrx_word' id='word_1_593' title='bbox 2735 3714 2788 3768; x_wconf 91' lang='lat' dir='ltr'><strong>in</strong></span> <span class='ocrx_word' id='word_1_594' title='bbox 2811 3718 3437 3774; x_wconf 81' lang='lat' dir='ltr'><strong>transsubstantiationis</strong></span> 
     </span>
    </p>
   </div>
   <div class='ocr_carea' id='block_1_82' title="bbox 1858 3797 3438 3872">
    <p class='ocr_par' dir='ltr' id='par_1_82' title="bbox 1858 3797 3438 3872">
     <span class='ocr_line' id='line_1_82' title="bbox 1858 3797 3438 3872; baseline 0.011 -23"><span class='ocrx_word' id='word_1_595' title='bbox 1858 3797 2233 3863; x_wconf 78' lang='lat' dir='ltr'><strong>confessione,</strong></span> <span class='ocrx_word' id='word_1_596' title='bbox 2267 3815 2326 3855; x_wconf 89' lang='lat' dir='ltr'><strong>re</strong></span> <span class='ocrx_word' id='word_1_597' title='bbox 2355 3802 2602 3870; x_wconf 83' lang='lat' dir='ltr'><strong>profecto</strong></span> <span class='ocrx_word' id='word_1_598' title='bbox 2630 3807 2853 3860; x_wconf 81' lang='lat' dir='ltr'><strong>maximi</strong></span> <span class='ocrx_word' id='word_1_599' title='bbox 2884 3811 3169 3872; x_wconf 86' lang='lat' dir='ltr'><strong>momenti,</strong></span> <span class='ocrx_word' id='word_1_600' title='bbox 3204 3827 3438 3867; x_wconf 51' lang='lat' dir='ltr'><strong>concorc</strong></span> 
     </span>
    </p>
   </div>
   <div class='ocr_carea' id='block_1_83' title="bbox 1862 3890 3434 3964">
    <p class='ocr_par' dir='ltr' id='par_1_83' title="bbox 1862 3890 3434 3964">
     <span class='ocr_line' id='line_1_83' title="bbox 1862 3890 3434 3964; baseline 0.01 -20"><span class='ocrx_word' id='word_1_601' title='bbox 1862 3890 1961 3945; x_wconf 88' lang='lat' dir='ltr'><strong>des</strong></span> <span class='ocrx_word' id='word_1_602' title='bbox 1988 3900 2134 3944; x_wconf 87' lang='lat' dir='ltr'><strong>sunt.</strong></span> <span class='ocrx_word' id='word_1_603' title='bbox 2167 3891 2590 3964; x_wconf 79' lang='lat' dir='ltr'><strong>Chrysostomus</strong></span> <span class='ocrx_word' id='word_1_604' title='bbox 2609 3897 2809 3952; x_wconf 84' lang='lat' dir='ltr'><strong>Homil.</strong></span> <span class='ocrx_word' id='word_1_605' title='bbox 2833 3899 2885 3952; x_wconf 90' lang='lat' dir='ltr'><strong>in</strong></span> <span class='ocrx_word' id='word_1_606' title='bbox 2905 3900 3218 3957; x_wconf 67' lang='lat' dir='ltr'><strong>Mattbzeum</strong></span> <span class='ocrx_word' id='word_1_607' title='bbox 3243 3921 3257 3956; x_wconf 90' lang='lat'><strong>:</strong></span> <span class='ocrx_word' id='word_1_608' title='bbox 3289 3906 3434 3960; x_wconf 71' lang='lat' dir='ltr'><strong>«Non</strong></span> 
     </span>
    </p>
   </div>
   <div class='ocr_carea' id='block_1_84' title="bbox 1858 3981 3437 4058">
    <p class='ocr_par' dir='ltr' id='par_1_84' title="bbox 1858 3981 3437 4058">
     <span class='ocr_line' id='line_1_84' title="bbox 1858 3981 3437 4058; baseline 0.009 -24"><span class='ocrx_word' id='word_1_609' title='bbox 1858 3991 1988 4035; x_wconf 89' lang='lat' dir='ltr'><strong>sunt</strong></span> <span class='ocrx_word' id='word_1_610' title='bbox 2039 3981 2274 4036; x_wconf 87' lang='lat' dir='ltr'><strong>humana</strong></span> <span class='ocrx_word' id='word_1_611' title='bbox 2320 3985 2544 4040; x_wconf 87' lang='lat' dir='ltr'><strong>virtutis</strong></span> <span class='ocrx_word' id='word_1_612' title='bbox 2590 4001 2757 4056; x_wconf 87' lang='lat' dir='ltr'><strong>opera</strong></span> <span class='ocrx_word' id='word_1_613' title='bbox 2807 3992 3103 4058; x_wconf 88' lang='lat' dir='ltr'><strong>proposita.</strong></span> <span class='ocrx_word' id='word_1_614' title='bbox 3153 3993 3256 4057; x_wconf 86' lang='lat' dir='ltr'><strong>Qui</strong></span> <span class='ocrx_word' id='word_1_615' title='bbox 3304 4003 3437 4050; x_wconf 78' lang='lat' dir='ltr'><strong>tunc</strong></span> 
     </span>
    </p>
   </div>
   <div class='ocr_carea' id='block_1_85' title="bbox 1861 4070 3436 4150">
    <p class='ocr_par' dir='ltr' id='par_1_85' title="bbox 1861 4070 3436 4150">
     <span class='ocr_line' id='line_1_85' title="bbox 1861 4070 3436 4150; baseline 0.01 -26"><span class='ocrx_word' id='word_1_616' title='bbox 1861 4070 1952 4125; x_wconf 89' lang='lat' dir='ltr'><strong>illa</strong></span> <span class='ocrx_word' id='word_1_617' title='bbox 2001 4073 2131 4126; x_wconf 85' lang='lat' dir='ltr'><strong>fecit</strong></span> <span class='ocrx_word' id='word_1_618' title='bbox 2181 4073 2235 4127; x_wconf 92' lang='lat' dir='ltr'><strong>in</strong></span> <span class='ocrx_word' id='word_1_619' title='bbox 2268 4074 2357 4128; x_wconf 89' lang='lat' dir='ltr'><strong>illa</strong></span> <span class='ocrx_word' id='word_1_620' title='bbox 2388 4091 2571 4139; x_wconf 69' lang='lat' dir='ltr'><strong>caena,</strong></span> <span class='ocrx_word' id='word_1_621' title='bbox 2605 4092 2768 4145; x_wconf 90' lang='lat' dir='ltr'><strong>quam</strong></span> <span class='ocrx_word' id='word_1_622' title='bbox 2796 4079 3005 4132; x_wconf 89' lang='lat' dir='ltr'><strong>scilicet</strong></span> <span class='ocrx_word' id='word_1_623' title='bbox 3034 4082 3148 4150; x_wconf 89' lang='lat' dir='ltr'><strong>ipse</strong></span> <span class='ocrx_word' id='word_1_624' title='bbox 3173 4084 3436 4139; x_wconf 83' lang='lat' dir='ltr'><strong>Dominus</strong></span> 
     </span>
    </p>
   </div>
   <div class='ocr_carea' id='block_1_86' title="bbox 1859 4166 3430 4238">
    <p class='ocr_par' dir='ltr' id='par_1_86' title="bbox 1859 4166 3430 4238">
     <span class='ocr_line' id='line_1_86' title="bbox 1859 4166 3430 4238; baseline 0.008 -19"><span class='ocrx_word' id='word_1_625' title='bbox 1859 4166 2189 4232; x_wconf 86' lang='lat' dir='ltr'><strong>celebravit;</strong></span> <span class='ocrx_word' id='word_1_626' title='bbox 2221 4167 2335 4236; x_wconf 88' lang='lat' dir='ltr'><strong>ipse</strong></span> <span class='ocrx_word' id='word_1_627' title='bbox 2361 4179 2416 4222; x_wconf 89' lang='lat' dir='ltr'><strong>et</strong></span> <span class='ocrx_word' id='word_1_628' title='bbox 2441 4184 2586 4222; x_wconf 87' lang='lat' dir='ltr'><strong>nunc</strong></span> <span class='ocrx_word' id='word_1_629' title='bbox 2613 4169 2727 4222; x_wconf 65' lang='lat' dir='ltr'><strong>hinc</strong></span> <span class='ocrx_word' id='word_1_630' title='bbox 2748 4180 3026 4238; x_wconf 88' lang='lat' dir='ltr'><strong>operatur.</strong></span> <span class='ocrx_word' id='word_1_631' title='bbox 3058 4174 3430 4232; x_wconf 80' lang='lat' dir='ltr'><strong>Ministrorum</strong></span> 
     </span>
    </p>
   </div>
   <div class='ocr_carea' id='block_1_87' title="bbox 1858 4257 3428 4326">
    <p class='ocr_par' dir='ltr' id='par_1_87' title="bbox 1858 4257 3428 4326">
     <span class='ocr_line' id='line_1_87' title="bbox 1858 4257 3428 4326; baseline 0.011 -17"><span class='ocrx_word' id='word_1_632' title='bbox 1858 4257 1977 4310; x_wconf 86' lang='lat' dir='ltr'><strong>vice</strong></span> <span class='ocrx_word' id='word_1_633' title='bbox 2001 4269 2217 4322; x_wconf 87' lang='lat' dir='ltr'><strong>sumus;</strong></span> <span class='ocrx_word' id='word_1_634' title='bbox 2260 4259 2352 4326; x_wconf 78' lang='lat' dir='ltr'><strong>qni</strong></span> <span class='ocrx_word' id='word_1_635' title='bbox 2381 4274 2511 4312; x_wconf 85' lang='lat' dir='ltr'><strong>vero</strong></span> <span class='ocrx_word' id='word_1_636' title='bbox 2538 4259 2654 4314; x_wconf 75' lang='lat' dir='ltr'><strong>haec</strong></span> <span class='ocrx_word' id='word_1_637' title='bbox 2677 4260 2980 4315; x_wconf 77' lang='lat' dir='ltr'><strong>sanctificat</strong></span> <span class='ocrx_word' id='word_1_638' title='bbox 3004 4272 3060 4317; x_wconf 90' lang='lat' dir='ltr'><strong>et</strong></span> <span class='ocrx_word' id='word_1_639' title='bbox 3080 4271 3428 4326; x_wconf 85' lang='lat' dir='ltr'><strong>transmutat.</strong></span> 
     </span>
    </p>
   </div>
   <div class='ocr_carea' id='block_1_88' title="bbox 1861 4346 3427 4426">
    <p class='ocr_par' dir='ltr' id='par_1_88' title="bbox 1861 4346 3427 4426">
     <span class='ocr_line' id='line_1_88' title="bbox 1861 4346 3427 4426; baseline 0.008 -26"><span class='ocrx_word' id='word_1_640' title='bbox 1861 4346 1975 4416; x_wconf 91' lang='lat' dir='ltr'><strong>ipse</strong></span> <span class='ocrx_word' id='word_1_641' title='bbox 2020 4358 2122 4401; x_wconf 86' lang='lat' dir='ltr'><strong>est.</strong></span> <span class='ocrx_word' id='word_1_642' title='bbox 2155 4367 2173 4398; x_wconf 72' lang='grc' dir='ltr'><strong>ι</strong></span> <span class='ocrx_word' id='word_1_643' title='bbox 2235 4347 2651 4416; x_wconf 78' lang='lat' dir='ltr'><strong>Mopsuestenus</strong></span> <span class='ocrx_word' id='word_1_644' title='bbox 2696 4351 2750 4404; x_wconf 92' lang='lat' dir='ltr'><strong>in</strong></span> <span class='ocrx_word' id='word_1_645' title='bbox 2782 4349 2983 4406; x_wconf 88' lang='lat' dir='ltr'><strong>Catena</strong></span> <span class='ocrx_word' id='word_1_646' title='bbox 3016 4355 3081 4408; x_wconf 88' lang='lat' dir='ltr'><strong>ad</strong></span> <span class='ocrx_word' id='word_1_647' title='bbox 3113 4367 3277 4426; x_wconf 91' lang='lat' dir='ltr'><strong>caput</strong></span> <span class='ocrx_word' id='word_1_648' title='bbox 3306 4375 3427 4413; x_wconf 69' lang='lat' dir='ltr'><strong>xxv:</strong></span> 
     </span>
    </p>
   </div>
   <div class='ocr_carea' id='block_1_89' title="bbox 171 4433 3430 4520">
    <p class='ocr_par' dir='ltr' id='par_1_89' title="bbox 171 4433 3430 4520">
     <span class='ocr_line' id='line_1_89' title="bbox 171 4433 3430 4520; baseline 0.004 -28"><span class='ocrx_word' id='word_1_649' title='bbox 171 4439 310 4494; x_wconf 82' lang='lat' dir='ltr'><strong>Ilaec</strong></span> <span class='ocrx_word' id='word_1_650' title='bbox 341 4447 521 4492; x_wconf 88' lang='lat' dir='ltr'><strong>autem</strong></span> <span class='ocrx_word' id='word_1_651' title='bbox 545 4438 676 4491; x_wconf 91' lang='lat' dir='ltr'><strong>unio</strong></span> <span class='ocrx_word' id='word_1_652' title='bbox 701 4437 815 4491; x_wconf 86' lang='lat' dir='ltr'><strong>fieri</strong></span> <span class='ocrx_word' id='word_1_653' title='bbox 853 4453 949 4506; x_wconf 87' lang='lat' dir='ltr'><strong>per</strong></span> <span class='ocrx_word' id='word_1_654' title='bbox 981 4437 1148 4491; x_wconf 89' lang='lat' dir='ltr'><strong>solam</strong></span> <span class='ocrx_word' id='word_1_655' title='bbox 1181 4436 1362 4500; x_wconf 86' lang='lat' dir='ltr'><strong>ﬁdem,</strong></span> <span class='ocrx_word' id='word_1_656' title='bbox 1394 4447 1488 4489; x_wconf 87' lang='lat' dir='ltr'><strong>aut</strong></span> <span class='ocrx_word' id='word_1_657' title='bbox 1516 4451 1614 4505; x_wconf 90' lang='lat' dir='ltr'><strong>per</strong></span> <span class='ocrx_word' id='word_1_658' title='bbox 1643 4435 1756 4490; x_wconf 90' lang='lat' dir='ltr'><strong>sola</strong></span> <span class='ocrx_word' id='word_1_659' title='bbox 1787 4433 1833 4488; x_wconf 84' lang='grc' dir='ltr'><strong>Ι)</strong></span> <span class='ocrx_word' id='word_1_660' title='bbox 1865 4436 2053 4491; x_wconf 86' lang='lat' dir='ltr'><strong>Matth.</strong></span> <span class='ocrx_word' id='word_1_661' title='bbox 2084 4455 2096 4488; x_wconf 93' lang='lat'><strong><em>:</em></strong></span> <span class='ocrx_word' id='word_1_662' title='bbox 2131 4457 2149 4487; x_wconf 68' lang='grc' dir='ltr'><strong>ε</strong></span> <span class='ocrx_word' id='word_1_663' title='bbox 2171 4436 2289 4491; x_wconf 80' lang='lat' dir='ltr'><strong>Non</strong></span> <span class='ocrx_word' id='word_1_664' title='bbox 2315 4437 2471 4501; x_wconf 83' lang='lat' dir='ltr'><strong>dixit,</strong></span> <span class='ocrx_word' id='word_1_665' title='bbox 2506 4439 2620 4494; x_wconf 91' lang='lat' dir='ltr'><strong>lloc</strong></span> <span class='ocrx_word' id='word_1_666' title='bbox 2647 4450 2733 4496; x_wconf 89' lang='lat' dir='ltr'><strong>est</strong></span> <span class='ocrx_word' id='word_1_667' title='bbox 2763 4442 3066 4513; x_wconf 86' lang='lat' dir='ltr'><strong>symbolum</strong></span> <span class='ocrx_word' id='word_1_668' title='bbox 3097 4451 3344 4520; x_wconf 88' lang='lat' dir='ltr'><strong>corporis</strong></span> <span class='ocrx_word' id='word_1_669' title='bbox 3374 4461 3430 4505; x_wconf 82' lang='lat' dir='ltr'><strong>et</strong></span> 
     </span>
    </p>
   </div>
   <div class='ocr_carea' id='block_1_90' title="bbox 167 4527 1754 4602">
    <p class='ocr_par' dir='ltr' id='par_1_90' title="bbox 167 4527 1754 4602">
     <span class='ocr_line' id='line_1_90' title="bbox 167 4527 1754 4602; baseline -0.004 -16"><span class='ocrx_word' id='word_1_670' title='bbox 167 4528 572 4602; x_wconf 82' lang='lat' dir='ltr'><strong>symbola,dici</strong></span> <span class='ocrx_word' id='word_1_671' title='bbox 602 4543 711 4582; x_wconf 89' lang='lat' dir='ltr'><strong>non</strong></span> <span class='ocrx_word' id='word_1_672' title='bbox 743 4537 958 4597; x_wconf 85' lang='lat' dir='ltr'><strong>potest,</strong></span> <span class='ocrx_word' id='word_1_673' title='bbox 998 4528 1103 4583; x_wconf 91' lang='lat' dir='ltr'><strong>nisi</strong></span> <span class='ocrx_word' id='word_1_674' title='bbox 1146 4528 1314 4581; x_wconf 83' lang='lat' dir='ltr'><strong>verba</strong></span> <span class='ocrx_word' id='word_1_675' title='bbox 1368 4527 1592 4580; x_wconf 91' lang='lat' dir='ltr'><strong>immani</strong></span> <span class='ocrx_word' id='word_1_676' title='bbox 1617 4543 1754 4596; x_wconf 87' lang='lat' dir='ltr'><strong>qua-</strong></span> 
     </span>
    </p>
   </div>
   <div class='ocr_carea' id='block_1_91' title="bbox 165 4619 1754 4689">
    <p class='ocr_par' dir='ltr' id='par_1_91' title="bbox 165 4619 1754 4689">
     <span class='ocr_line' id='line_1_91' title="bbox 165 4619 1754 4689; baseline -0.003 -13"><span class='ocrx_word' id='word_1_677' title='bbox 165 4622 304 4676; x_wconf 78' lang='lat' dir='ltr'><strong>dam</strong></span> <span class='ocrx_word' id='word_1_678' title='bbox 369 4621 631 4674; x_wconf 79' lang='lat' dir='ltr'><strong>violentia</strong></span> <span class='ocrx_word' id='word_1_679' title='bbox 686 4628 1060 4689; x_wconf 85' lang='lat' dir='ltr'><strong>torqueantur.</strong></span> <span class='ocrx_word' id='word_1_680' title='bbox 1125 4619 1409 4685; x_wconf 87' lang='lat' dir='ltr'><strong>Quomodo</strong></span> <span class='ocrx_word' id='word_1_681' title='bbox 1449 4619 1594 4672; x_wconf 88' lang='lat' dir='ltr'><strong>enim</strong></span> <span class='ocrx_word' id='word_1_682' title='bbox 1649 4619 1754 4673; x_wconf 90' lang='lat' dir='ltr'><strong>fide</strong></span> 
     </span>
    </p>
   </div>
   <div class='ocr_carea' id='block_1_92' title="bbox 161 4711 1766 4781">
    <p class='ocr_par' dir='ltr' id='par_1_92' title="bbox 161 4711 1766 4781">
     <span class='ocr_line' id='line_1_92' title="bbox 161 4711 1766 4781; baseline -0.002 -12"><span class='ocrx_word' id='word_1_683' title='bbox 161 4727 385 4781; x_wconf 88' lang='lat' dir='ltr'><strong>corpus</strong></span> <span class='ocrx_word' id='word_1_684' title='bbox 420 4711 620 4766; x_wconf 88' lang='lat' dir='ltr'><strong>Christi</strong></span> <span class='ocrx_word' id='word_1_685' title='bbox 647 4712 954 4765; x_wconf 90' lang='lat' dir='ltr'><strong>demittitur</strong></span> <span class='ocrx_word' id='word_1_686' title='bbox 985 4712 1037 4766; x_wconf 90' lang='lat' dir='ltr'><strong>in</strong></span> <span class='ocrx_word' id='word_1_687' title='bbox 1072 4713 1301 4781; x_wconf 86' lang='lat' dir='ltr'><strong>ipsamct</strong></span> <span class='ocrx_word' id='word_1_688' title='bbox 1345 4711 1608 4780; x_wconf 83' lang='lat' dir='ltr'><strong>corpora?</strong></span> <span class='ocrx_word' id='word_1_689' title='bbox 1658 4721 1766 4766; x_wconf 87' lang='lat' dir='ltr'><strong>aut.</strong></span> 
     </span>
    </p>
   </div>
   <div class='ocr_carea' id='block_1_93' title="bbox 161 4802 1755 4875">
    <p class='ocr_par' dir='ltr' id='par_1_93' title="bbox 161 4802 1755 4875">
     <span class='ocr_line' id='line_1_93' title="bbox 161 4802 1755 4875; baseline 0 -17"><span class='ocrx_word' id='word_1_690' title='bbox 161 4802 482 4875; x_wconf 87' lang='lat' dir='ltr'><strong>quomodo,</strong></span> <span class='ocrx_word' id='word_1_691' title='bbox 501 4803 543 4854; x_wconf 92' lang='lat' dir='ltr'><strong>si</strong></span> <span class='ocrx_word' id='word_1_692' title='bbox 588 4819 683 4872; x_wconf 89' lang='lat' dir='ltr'><strong>per</strong></span> <span class='ocrx_word' id='word_1_693' title='bbox 708 4803 949 4874; x_wconf 65' lang='lat' dir='ltr'><strong>symbola</strong></span> <span class='ocrx_word' id='word_1_694' title='bbox 971 4803 1083 4856; x_wconf 90' lang='lat' dir='ltr'><strong>sola</strong></span> <span class='ocrx_word' id='word_1_695' title='bbox 1102 4803 1424 4871; x_wconf 81' lang='lat' dir='ltr'><strong>ingreditur,</strong></span> <span class='ocrx_word' id='word_1_696' title='bbox 1446 4803 1554 4856; x_wconf 88' lang='lat' dir='ltr'><strong>dici</strong></span> <span class='ocrx_word' id='word_1_697' title='bbox 1576 4811 1755 4872; x_wconf 83' lang='lat' dir='ltr'><strong>potest</strong></span> 
     </span>
    </p>
   </div>
   <div class='ocr_carea' id='block_1_94' title="bbox 159 4890 1268 4962">
    <p class='ocr_par' dir='ltr' id='par_1_94' title="bbox 159 4890 1268 4962">
     <span class='ocr_line' id='line_1_94' title="bbox 159 4890 1268 4962; baseline -0.006 -12"><span class='ocrx_word' id='word_1_698' title='bbox 159 4892 677 4959; x_wconf 78' lang='lat' dir='ltr'><strong>Christusingredi,</strong></span> <span class='ocrx_word' id='word_1_699' title='bbox 714 4895 872 4946; x_wconf 85' lang='lat' dir='ltr'><strong>etiam</strong></span> <span class='ocrx_word' id='word_1_700' title='bbox 901 4909 994 4962; x_wconf 80' lang='lat' dir='ltr'><strong>per</strong></span> <span class='ocrx_word' id='word_1_701' title='bbox 1013 4890 1268 4944; x_wconf 81' lang='lat' dir='ltr'><strong>carnem?</strong></span> 
     </span>
    </p>
   </div>
   <div class='ocr_carea' id='block_1_95' title="bbox 238 4981 1743 5051">
    <p class='ocr_par' dir='ltr' id='par_1_95' title="bbox 238 4981 1743 5051">
     <span class='ocr_line' id='line_1_95' title="bbox 238 4981 1743 5051; baseline -0.003 -12"><span class='ocrx_word' id='word_1_702' title='bbox 238 4986 528 5039; x_wconf 80' lang='lat' dir='ltr'><strong>Hactenus</strong></span> <span class='ocrx_word' id='word_1_703' title='bbox 559 4982 625 5036; x_wconf 91' lang='lat' dir='ltr'><strong>de</strong></span> <span class='ocrx_word' id='word_1_704' title='bbox 660 4982 764 5036; x_wconf 89' lang='lat' dir='ltr'><strong>fide</strong></span> <span class='ocrx_word' id='word_1_705' title='bbox 805 4981 1100 5037; x_wconf 86' lang='lat' dir='ltr'><strong>Orientalis</strong></span> <span class='ocrx_word' id='word_1_706' title='bbox 1137 4981 1413 5047; x_wconf 72' lang='lat' dir='ltr'><strong>Ecclesiae,</strong></span> <span class='ocrx_word' id='word_1_707' title='bbox 1437 4996 1601 5051; x_wconf 86' lang='lat' dir='ltr'><strong>quam</strong></span> <span class='ocrx_word' id='word_1_708' title='bbox 1637 4982 1743 5035; x_wconf 85' lang='lat' dir='ltr'><strong>nisi</strong></span> 
     </span>
    </p>
   </div>
   <div class='ocr_carea' id='block_1_96' title="bbox 159 5072 1750 5142">
    <p class='ocr_par' dir='ltr' id='par_1_96' title="bbox 159 5072 1750 5142">
     <span class='ocr_line' id='line_1_96' title="bbox 159 5072 1750 5142; baseline -0.002 -12"><span class='ocrx_word' id='word_1_709' title='bbox 159 5083 398 5130; x_wconf 84' lang='lat' dir='ltr'><strong>secutus</strong></span> <span class='ocrx_word' id='word_1_710' title='bbox 429 5073 622 5126; x_wconf 78' lang='lat' dir='ltr'><strong>fuisset</strong></span> <span class='ocrx_word' id='word_1_711' title='bbox 662 5073 1073 5136; x_wconf 88' lang='lat' dir='ltr'><strong>Thcodoretus,</strong></span> <span class='ocrx_word' id='word_1_712' title='bbox 1123 5087 1225 5127; x_wconf 92' lang='lat' dir='ltr'><strong>nec</strong></span> <span class='ocrx_word' id='word_1_713' title='bbox 1256 5072 1369 5142; x_wconf 89' lang='lat' dir='ltr'><strong>ipse</strong></span> <span class='ocrx_word' id='word_1_714' title='bbox 1403 5073 1646 5127; x_wconf 90' lang='lat' dir='ltr'><strong>siluisset</strong></span> <span class='ocrx_word' id='word_1_715' title='bbox 1681 5074 1750 5128; x_wconf 89' lang='lat' dir='ltr'><strong>de</strong></span> 
     </span>
    </p>
   </div>
   <div class='ocr_carea' id='block_1_97' title="bbox 159 5164 1752 5234">
    <p class='ocr_par' dir='ltr' id='par_1_97' title="bbox 159 5164 1752 5234">
     <span class='ocr_line' id='line_1_97' title="bbox 159 5164 1752 5234; baseline -0.001 -12"><span class='ocrx_word' id='word_1_716' title='bbox 159 5165 448 5231; x_wconf 80' lang='lat' dir='ltr'><strong>sententia</strong></span> <span class='ocrx_word' id='word_1_717' title='bbox 475 5180 596 5228; x_wconf 89' lang='lat' dir='ltr'><strong>sua,</strong></span> <span class='ocrx_word' id='word_1_718' title='bbox 622 5181 726 5220; x_wconf 90' lang='lat' dir='ltr'><strong>nec</strong></span> <span class='ocrx_word' id='word_1_719' title='bbox 750 5165 867 5219; x_wconf 88' lang='lat' dir='ltr'><strong>sine</strong></span> <span class='ocrx_word' id='word_1_720' title='bbox 894 5164 1323 5234; x_wconf 87' lang='lat' dir='ltr'><strong>reprehensione</strong></span> <span class='ocrx_word' id='word_1_721' title='bbox 1343 5164 1600 5221; x_wconf 86' lang='lat' dir='ltr'><strong>dimissus</strong></span> <span class='ocrx_word' id='word_1_722' title='bbox 1618 5166 1752 5220; x_wconf 84' lang='lat' dir='ltr'><strong>fuis-</strong></span> 
     </span>
    </p>
   </div>
   <div class='ocr_carea' id='block_1_98' title="bbox 157 5256 1752 5327">
    <p class='ocr_par' dir='ltr' id='par_1_98' title="bbox 157 5256 1752 5327">
     <span class='ocr_line' id='line_1_98' title="bbox 157 5256 1752 5327; baseline -0.001 -14"><span class='ocrx_word' id='word_1_723' title='bbox 157 5269 250 5313; x_wconf 78' lang='lat' dir='ltr'><strong>set</strong></span> <span class='ocrx_word' id='word_1_724' title='bbox 280 5258 354 5312; x_wconf 88' lang='lat' dir='ltr'><strong>ab</strong></span> <span class='ocrx_word' id='word_1_725' title='bbox 380 5257 470 5320; x_wconf 89' lang='lat' dir='ltr'><strong>iis,</strong></span> <span class='ocrx_word' id='word_1_726' title='bbox 497 5272 526 5310; x_wconf 89' lang='lat' dir='ltr'><strong>a</strong></span> <span class='ocrx_word' id='word_1_727' title='bbox 550 5257 836 5327; x_wconf 13' lang='lat' dir='ltr'><strong>quibusﬂse</strong></span> <span class='ocrx_word' id='word_1_728' title='bbox 862 5256 1137 5310; x_wconf 86' lang='lat' dir='ltr'><strong>curiosam</strong></span> <span class='ocrx_word' id='word_1_729' title='bbox 1167 5257 1604 5325; x_wconf 89' lang='lat' dir='ltr'><strong>persecutionem</strong></span> <span class='ocrx_word' id='word_1_730' title='bbox 1630 5274 1752 5327; x_wconf 86' lang='lat' dir='ltr'><strong>pas-</strong></span> 
     </span>
    </p>
   </div>
   <div class='ocr_carea' id='block_1_99' title="bbox 156 5348 740 5417">
    <p class='ocr_par' dir='ltr' id='par_1_99' title="bbox 156 5348 740 5417">
     <span class='ocr_line' id='line_1_99' title="bbox 156 5348 740 5417; baseline -0.003 -13"><span class='ocrx_word' id='word_1_731' title='bbox 156 5364 288 5404; x_wconf 77' lang='lat' dir='ltr'><strong>sum</strong></span> <span class='ocrx_word' id='word_1_732' title='bbox 324 5363 446 5402; x_wconf 85' lang='lat' dir='ltr'><strong>esse</strong></span> <span class='ocrx_word' id='word_1_733' title='bbox 467 5348 740 5417; x_wconf 90' lang='lat' dir='ltr'><strong>queritur.</strong></span> 
     </span>
    </p>
   </div>
   <div class='ocr_carea' id='block_1_100' title="bbox 231 5437 1751 5508">
    <p class='ocr_par' dir='ltr' id='par_1_100' title="bbox 231 5437 1751 5508">
     <span class='ocr_line' id='line_1_100' title="bbox 231 5437 1751 5508; baseline -0.003 -11"><span class='ocrx_word' id='word_1_734' title='bbox 231 5442 362 5497; x_wconf 82' lang='lat' dir='ltr'><strong>Jam</strong></span> <span class='ocrx_word' id='word_1_735' title='bbox 406 5443 542 5494; x_wconf 88' lang='lat' dir='ltr'><strong>vero</strong></span> <span class='ocrx_word' id='word_1_736' title='bbox 592 5437 740 5508; x_wconf 90' lang='lat' dir='ltr'><strong>quod</strong></span> <span class='ocrx_word' id='word_1_737' title='bbox 769 5437 1046 5492; x_wconf 88' lang='lat' dir='ltr'><strong>adoranda</strong></span> <span class='ocrx_word' id='word_1_738' title='bbox 1068 5437 1139 5491; x_wconf 85' lang='lat' dir='ltr'><strong>sit</strong></span> <span class='ocrx_word' id='word_1_739' title='bbox 1161 5437 1505 5492; x_wconf 90' lang='lat' dir='ltr'><strong>Eucharistia</strong></span> <span class='ocrx_word' id='word_1_740' title='bbox 1531 5479 1544 5495; x_wconf 96' lang='lat'><strong>.</strong></span> <span class='ocrx_word' id='word_1_741' title='bbox 1587 5438 1751 5493; x_wconf 87' lang='lat' dir='ltr'><strong>tradit</strong></span> 
     </span>
    </p>
   </div>
   <div class='ocr_carea' id='block_1_101' title="bbox 154 5528 1750 5599">
    <p class='ocr_par' dir='ltr' id='par_1_101' title="bbox 154 5528 1750 5599">
     <span class='ocr_line' id='line_1_101' title="bbox 154 5528 1750 5599; baseline -0.002 -13"><span class='ocrx_word' id='word_1_742' title='bbox 154 5531 578 5594; x_wconf 82' lang='lat' dir='ltr'><strong>Theodoretus,</strong></span> <span class='ocrx_word' id='word_1_743' title='bbox 596 5529 836 5583; x_wconf 72' lang='lat' dir='ltr'><strong>dial.2&quot;</strong></span> <span class='ocrx_word' id='word_1_744' title='bbox 864 5547 878 5582; x_wconf 86' lang='lat'><strong>:</strong></span> <span class='ocrx_word' id='word_1_745' title='bbox 905 5549 922 5579; x_wconf 75' lang='grc' dir='ltr'>ι</span> <span class='ocrx_word' id='word_1_746' title='bbox 945 5528 1198 5599; x_wconf 74' lang='lat' dir='ltr'><strong>Symbola</strong></span> <span class='ocrx_word' id='word_1_747' title='bbox 1216 5537 1339 5597; x_wconf 88' lang='lat' dir='ltr'><strong>post</strong></span> <span class='ocrx_word' id='word_1_748' title='bbox 1363 5529 1750 5584; x_wconf 86' lang='lat' dir='ltr'><strong>sanctificatio-</strong></span> 
     </span>
    </p>
   </div>
   <div class='ocr_carea' id='block_1_102' title="bbox 234 5755 1459 5826">
    <p class='ocr_par' dir='ltr' id='par_1_102' title="bbox 234 5755 1459 5826">
     <span class='ocr_line' id='line_1_102' title="bbox 234 5755 1459 5826; baseline 0 -13"><span class='ocrx_word' id='word_1_749' title='bbox 234 5760 288 5798; x_wconf 78' lang='grc' dir='ltr'><strong><em>το</em></strong></span> <span class='ocrx_word' id='word_1_750' title='bbox 318 5756 444 5814; x_wconf 67' lang='lat' dir='ltr'><strong>vra.</strong></span> <span class='ocrx_word' id='word_1_751' title='bbox 483 5766 524 5811; x_wconf 73' lang='grc' dir='ltr'><strong>ι.</strong></span> <span class='ocrx_word' id='word_1_752' title='bbox 558 5755 651 5826; x_wconf 81' lang='lat' dir='ltr'><strong>IV,</strong></span> <span class='ocrx_word' id='word_1_753' title='bbox 689 5769 744 5823; x_wconf 92' lang='lat' dir='ltr'><strong>p.</strong></span> <span class='ocrx_word' id='word_1_754' title='bbox 791 5757 909 5812; x_wconf 72' lang='lat' dir='ltr'><strong>ise.</strong></span> <span class='ocrx_word' id='word_1_755' title='bbox 989 5759 1030 5789; x_wconf 80' lang='grc' dir='ltr'><strong>τι</strong></span> <span class='ocrx_word' id='word_1_756' title='bbox 1072 5755 1204 5810; x_wconf 88' lang='lat' dir='ltr'><strong>ibid.</strong></span> <span class='ocrx_word' id='word_1_757' title='bbox 1248 5772 1299 5824; x_wconf 72' lang='grc' dir='ltr'><strong>ν.</strong></span> <span class='ocrx_word' id='word_1_758' title='bbox 1340 5758 1459 5813; x_wconf 75' lang='lat' dir='ltr'><strong>me.</strong></span> 
     </span>
    </p>
   </div>
   <div class='ocr_carea' id='block_1_103' title="bbox 1857 4527 3429 4612">
    <p class='ocr_par' dir='ltr' id='par_1_103' title="bbox 1857 4527 3429 4612">
     <span class='ocr_line' id='line_1_103' title="bbox 1857 4527 3429 4612; baseline 0.008 -31"><span class='ocrx_word' id='word_1_759' title='bbox 1857 4527 2138 4597; x_wconf 88' lang='lat' dir='ltr'><strong>sanguinis</strong></span> <span class='ocrx_word' id='word_1_760' title='bbox 2159 4528 2297 4594; x_wconf 88' lang='lat' dir='ltr'><strong>mei;</strong></span> <span class='ocrx_word' id='word_1_761' title='bbox 2333 4529 2450 4594; x_wconf 85' lang='lat' dir='ltr'><strong>sed,</strong></span> <span class='ocrx_word' id='word_1_762' title='bbox 2484 4529 2593 4583; x_wconf 82' lang='lat' dir='ltr'><strong>Hoc</strong></span> <span class='ocrx_word' id='word_1_763' title='bbox 2613 4539 2684 4584; x_wconf 79' lang='lat' dir='ltr'><strong>est</strong></span> <span class='ocrx_word' id='word_1_764' title='bbox 2716 4549 2902 4605; x_wconf 80' lang='lat' dir='ltr'><strong>corpus</strong></span> <span class='ocrx_word' id='word_1_765' title='bbox 2924 4553 3118 4604; x_wconf 78' lang='lat' dir='ltr'><strong>meum,</strong></span> <span class='ocrx_word' id='word_1_766' title='bbox 3143 4549 3189 4594; x_wconf 85' lang='lat' dir='ltr'><strong>et</strong></span> <span class='ocrx_word' id='word_1_767' title='bbox 3210 4545 3429 4612; x_wconf 65' lang='lat' dir='ltr'><strong>sanguis</strong></span> 
     </span>
    </p>
   </div>
   <div class='ocr_carea' id='block_1_104' title="bbox 1859 4618 3426 4701">
    <p class='ocr_par' dir='ltr' id='par_1_104' title="bbox 1859 4618 3426 4701">
     <span class='ocr_line' id='line_1_104' title="bbox 1859 4618 3426 4701; baseline 0.01 -29"><span class='ocrx_word' id='word_1_768' title='bbox 1859 4635 2001 4672; x_wconf 77' lang='lat' dir='ltr'><strong>meus</strong></span> <span class='ocrx_word' id='word_1_769' title='bbox 2030 4634 2047 4672; x_wconf 89' lang='lat'><strong><em>:</em></strong></span> <span class='ocrx_word' id='word_1_770' title='bbox 2074 4618 2278 4673; x_wconf 89' lang='lat' dir='ltr'><strong>docens</strong></span> <span class='ocrx_word' id='word_1_771' title='bbox 2307 4634 2427 4684; x_wconf 88' lang='lat' dir='ltr'><strong>nos,</strong></span> <span class='ocrx_word' id='word_1_772' title='bbox 2465 4636 2573 4674; x_wconf 90' lang='lat' dir='ltr'><strong>non</strong></span> <span class='ocrx_word' id='word_1_773' title='bbox 2603 4623 2878 4691; x_wconf 87' lang='lat' dir='ltr'><strong>respicere</strong></span> <span class='ocrx_word' id='word_1_774' title='bbox 2911 4626 2977 4680; x_wconf 89' lang='lat' dir='ltr'><strong>ad</strong></span> <span class='ocrx_word' id='word_1_775' title='bbox 3007 4637 3258 4684; x_wconf 87' lang='lat' dir='ltr'><strong>naturam</strong></span> <span class='ocrx_word' id='word_1_776' title='bbox 3286 4633 3426 4701; x_wconf 85' lang='lat' dir='ltr'><strong>ejus,</strong></span> 
     </span>
    </p>
   </div>
   <div class='ocr_carea' id='block_1_105' title="bbox 1856 4709 3428 4790">
    <p class='ocr_par' dir='ltr' id='par_1_105' title="bbox 1856 4709 3428 4790">
     <span class='ocr_line' id='line_1_105' title="bbox 1856 4709 3428 4790; baseline 0.008 -27"><span class='ocrx_word' id='word_1_777' title='bbox 1856 4711 1998 4780; x_wconf 84' lang='lat' dir='ltr'><strong>quod</strong></span> <span class='ocrx_word' id='word_1_778' title='bbox 2044 4709 2382 4779; x_wconf 87' lang='lat' dir='ltr'><strong>propositum</strong></span> <span class='ocrx_word' id='word_1_779' title='bbox 2421 4721 2536 4775; x_wconf 90' lang='lat' dir='ltr'><strong>est,</strong></span> <span class='ocrx_word' id='word_1_780' title='bbox 2598 4713 2692 4768; x_wconf 90' lang='lat' dir='ltr'><strong>sed</strong></span> <span class='ocrx_word' id='word_1_781' title='bbox 2750 4730 2846 4783; x_wconf 91' lang='lat' dir='ltr'><strong>per</strong></span> <span class='ocrx_word' id='word_1_782' title='bbox 2890 4716 3083 4771; x_wconf 84' lang='lat' dir='ltr'><strong>factam</strong></span> <span class='ocrx_word' id='word_1_783' title='bbox 3133 4723 3428 4790; x_wconf 86' lang='lat' dir='ltr'><strong>gratiarum</strong></span> 
     </span>
    </p>
   </div>
   <div class='ocr_carea' id='block_1_106' title="bbox 1855 4799 3198 4872">
    <p class='ocr_par' dir='ltr' id='par_1_106' title="bbox 1855 4799 3198 4872">
     <span class='ocr_line' id='line_1_106' title="bbox 1855 4799 3198 4872; baseline 0.002 -17"><span class='ocrx_word' id='word_1_784' title='bbox 1855 4801 2145 4861; x_wconf 84' lang='lat' dir='ltr'><strong>actionem,</strong></span> <span class='ocrx_word' id='word_1_785' title='bbox 2171 4799 2226 4852; x_wconf 93' lang='lat' dir='ltr'><strong>in</strong></span> <span class='ocrx_word' id='word_1_786' title='bbox 2255 4814 2474 4853; x_wconf 89' lang='lat' dir='ltr'><strong>carnem</strong></span> <span class='ocrx_word' id='word_1_787' title='bbox 2500 4810 2555 4854; x_wconf 87' lang='lat' dir='ltr'><strong>et</strong></span> <span class='ocrx_word' id='word_1_788' title='bbox 2579 4803 2896 4872; x_wconf 88' lang='lat' dir='ltr'><strong>sanguinem</strong></span> <span class='ocrx_word' id='word_1_789' title='bbox 2922 4808 3139 4862; x_wconf 84' lang='lat' dir='ltr'><strong>mutari.</strong></span> <span class='ocrx_word' id='word_1_790' title='bbox 3180 4828 3198 4858; x_wconf 84' lang='grc'><strong>›</strong></span> 
     </span>
    </p>
   </div>
   <div class='ocr_carea' id='block_1_107' title="bbox 1928 4889 3423 4966">
    <p class='ocr_par' dir='ltr' id='par_1_107' title="bbox 1928 4889 3423 4966">
     <span class='ocr_line' id='line_1_107' title="bbox 1928 4889 3423 4966; baseline 0.007 -22"><span class='ocrx_word' id='word_1_791' title='bbox 1928 4890 1979 4944; x_wconf 67' lang='lat'><strong>2.</strong></span> <span class='ocrx_word' id='word_1_792' title='bbox 2049 4889 2430 4944; x_wconf 86' lang='lat' dir='ltr'><strong>Theodoretus</strong></span> <span class='ocrx_word' id='word_1_793' title='bbox 2476 4891 2532 4944; x_wconf 89' lang='lat' dir='ltr'><strong>in</strong></span> <span class='ocrx_word' id='word_1_794' title='bbox 2576 4891 2792 4963; x_wconf 87' lang='lat' dir='ltr'><strong>dialogo</strong></span> <span class='ocrx_word' id='word_1_795' title='bbox 2824 4896 2849 4948; x_wconf 77' lang='grc'><strong>1</strong></span> <span class='ocrx_word' id='word_1_796' title='bbox 2913 4906 3068 4966; x_wconf 84' lang='lat' dir='ltr'><strong>rogat</strong></span> <span class='ocrx_word' id='word_1_797' title='bbox 3093 4899 3423 4957; x_wconf 86' lang='lat' dir='ltr'><strong>Eranistam.</strong></span> 
     </span>
    </p>
   </div>
   <div class='ocr_carea' id='block_1_108' title="bbox 1863 4982 3426 5056">
    <p class='ocr_par' dir='ltr' id='par_1_108' title="bbox 1863 4982 3426 5056">
     <span class='ocr_line' id='line_1_108' title="bbox 1863 4982 3426 5056; baseline 0.006 -21"><span class='ocrx_word' id='word_1_798' title='bbox 1863 4982 2264 5053; x_wconf 67' lang='grc' dir='ltr'><strong>μυστικώτερον</strong></span> <span class='ocrx_word' id='word_1_799' title='bbox 2294 4983 2708 5049; x_wconf 73' lang='grc' dir='ltr'><strong>ἀποκρίνεσθαι,</strong></span> <span class='ocrx_word' id='word_1_800' title='bbox 2744 4994 2801 5039; x_wconf 90' lang='lat' dir='ltr'><strong>et</strong></span> <span class='ocrx_word' id='word_1_801' title='bbox 2824 4985 3038 5056; x_wconf 86' lang='lat' dir='ltr'><strong>dialogo</strong></span> <span class='ocrx_word' id='word_1_802' title='bbox 3057 4988 3091 5041; x_wconf 76' lang='lat'><strong>2</strong></span> <span class='ocrx_word' id='word_1_803' title='bbox 3116 4991 3426 5045; x_wconf 88' lang='lat' dir='ltr'><strong>cautionem</strong></span> 
     </span>
    </p>
   </div>
   <div class='ocr_carea' id='block_1_109' title="bbox 1859 5074 3425 5146">
    <p class='ocr_par' dir='ltr' id='par_1_109' title="bbox 1859 5074 3425 5146">
     <span class='ocr_line' id='line_1_109' title="bbox 1859 5074 3425 5146; baseline 0.004 -18"><span class='ocrx_word' id='word_1_804' title='bbox 1859 5076 2000 5130; x_wconf 89' lang='lat' dir='ltr'><strong>hanc</strong></span> <span class='ocrx_word' id='word_1_805' title='bbox 2044 5074 2269 5129; x_wconf 87' lang='lat' dir='ltr'><strong>adhibet</strong></span> <span class='ocrx_word' id='word_1_806' title='bbox 2300 5075 2444 5129; x_wconf 90' lang='lat' dir='ltr'><strong>inter</strong></span> <span class='ocrx_word' id='word_1_807' title='bbox 2487 5074 2822 5144; x_wconf 90' lang='lat' dir='ltr'><strong>loquendum</strong></span> <span class='ocrx_word' id='word_1_808' title='bbox 2869 5077 2937 5132; x_wconf 89' lang='lat' dir='ltr'><strong>de</strong></span> <span class='ocrx_word' id='word_1_809' title='bbox 2969 5079 3334 5146; x_wconf 85' lang='lat' dir='ltr'><strong>Eucharistia,</strong></span> <span class='ocrx_word' id='word_1_810' title='bbox 3366 5085 3425 5136; x_wconf 72' lang='grc' dir='ltr'>οὗ</span> 
     </span>
    </p>
   </div>
   <div class='ocr_carea' id='block_1_110' title="bbox 1859 5165 3423 5244">
    <p class='ocr_par' dir='ltr' id='par_1_110' title="bbox 1859 5165 3423 5244">
     <span class='ocr_line' id='line_1_110' title="bbox 1859 5165 3423 5244; baseline 0.007 -27"><span class='ocrx_word' id='word_1_811' title='bbox 1859 5166 1964 5236; x_wconf 81' lang='grc' dir='ltr'>χρὴ</span> <span class='ocrx_word' id='word_1_812' title='bbox 1985 5165 2164 5235; x_wconf 74' lang='grc' dir='ltr'>σαφῶς</span> <span class='ocrx_word' id='word_1_813' title='bbox 2190 5167 2380 5228; x_wconf 76' lang='grc' dir='ltr'><strong>εἰπεῖν,</strong></span> <span class='ocrx_word' id='word_1_814' title='bbox 2407 5166 2460 5220; x_wconf 92' lang='lat' dir='ltr'><strong>id</strong></span> <span class='ocrx_word' id='word_1_815' title='bbox 2491 5177 2596 5228; x_wconf 85' lang='lat' dir='ltr'><strong>est,</strong></span> <span class='ocrx_word' id='word_1_816' title='bbox 2621 5183 2729 5221; x_wconf 91' lang='lat' dir='ltr'><strong>non</strong></span> <span class='ocrx_word' id='word_1_817' title='bbox 2757 5177 2885 5222; x_wconf 87' lang='lat' dir='ltr'><strong>sunt</strong></span> <span class='ocrx_word' id='word_1_818' title='bbox 2909 5172 3263 5238; x_wconf 89' lang='lat' dir='ltr'><strong>propalanda,</strong></span> <span class='ocrx_word' id='word_1_819' title='bbox 3283 5191 3423 5244; x_wconf 61' lang='lat' dir='ltr'><strong>quae,</strong></span> 
     </span>
    </p>
   </div>
   <div class='ocr_carea' id='block_1_111' title="bbox 1856 5257 3427 5328">
    <p class='ocr_par' dir='ltr' id='par_1_111' title="bbox 1856 5257 3427 5328">
     <span class='ocr_line' id='line_1_111' title="bbox 1856 5257 3427 5328; baseline 0.006 -17"><span class='ocrx_word' id='word_1_820' title='bbox 1856 5260 1982 5328; x_wconf 89' lang='lat' dir='ltr'><strong>quia</strong></span> <span class='ocrx_word' id='word_1_821' title='bbox 2031 5257 2268 5313; x_wconf 87' lang='lat' dir='ltr'><strong>difﬁcilia</strong></span> <span class='ocrx_word' id='word_1_822' title='bbox 2308 5267 2437 5312; x_wconf 92' lang='lat' dir='ltr'><strong>sunt</strong></span> <span class='ocrx_word' id='word_1_823' title='bbox 2480 5267 2663 5328; x_wconf 89' lang='lat' dir='ltr'><strong>captu,</strong></span> <span class='ocrx_word' id='word_1_824' title='bbox 2711 5260 3082 5317; x_wconf 86' lang='lat' dir='ltr'><strong>absterrerent</strong></span> <span class='ocrx_word' id='word_1_825' title='bbox 3119 5278 3147 5316; x_wconf 91' lang='lat' dir='ltr'><strong>a</strong></span> <span class='ocrx_word' id='word_1_826' title='bbox 3181 5264 3286 5320; x_wconf 86' lang='lat' dir='ltr'><strong>fide</strong></span> <span class='ocrx_word' id='word_1_827' title='bbox 3325 5266 3427 5320; x_wconf 88' lang='lat' dir='ltr'><strong>ho-</strong></span> 
     </span>
    </p>
   </div>
   <div class='ocr_carea' id='block_1_112' title="bbox 1857 5350 3424 5425">
    <p class='ocr_par' dir='ltr' id='par_1_112' title="bbox 1857 5350 3424 5425">
     <span class='ocr_line' id='line_1_112' title="bbox 1857 5350 3424 5425; baseline 0.006 -22"><span class='ocrx_word' id='word_1_828' title='bbox 1857 5351 2033 5405; x_wconf 90' lang='lat' dir='ltr'><strong>mines</strong></span> <span class='ocrx_word' id='word_1_829' title='bbox 2060 5350 2301 5404; x_wconf 84' lang='lat' dir='ltr'><strong>nondum</strong></span> <span class='ocrx_word' id='word_1_830' title='bbox 2335 5350 2598 5404; x_wconf 83' lang='lat' dir='ltr'><strong>initiatos.</strong></span> <span class='ocrx_word' id='word_1_831' title='bbox 2654 5351 2794 5406; x_wconf 92' lang='lat' dir='ltr'><strong>Sunt</strong></span> <span class='ocrx_word' id='word_1_832' title='bbox 2815 5362 2994 5408; x_wconf 89' lang='lat' dir='ltr'><strong>autem</strong></span> <span class='ocrx_word' id='word_1_833' title='bbox 3025 5355 3288 5425; x_wconf 86' lang='lat' dir='ltr'><strong>ejusmodi</strong></span> <span class='ocrx_word' id='word_1_834' title='bbox 3325 5358 3424 5412; x_wconf 87' lang='lat' dir='ltr'><strong>tria</strong></span> 
     </span>
    </p>
   </div>
   <div class='ocr_carea' id='block_1_113' title="bbox 1856 5440 3426 5515">
    <p class='ocr_par' dir='ltr' id='par_1_113' title="bbox 1856 5440 3426 5515">
     <span class='ocr_line' id='line_1_113' title="bbox 1856 5440 3426 5515; baseline 0.004 -20"><span class='ocrx_word' id='word_1_835' title='bbox 1856 5442 2114 5505; x_wconf 87' lang='lat' dir='ltr'><strong>omnino,</strong></span> <span class='ocrx_word' id='word_1_836' title='bbox 2152 5440 2440 5510; x_wconf 62' lang='lat' dir='ltr'><strong>praesentia</strong></span> <span class='ocrx_word' id='word_1_837' title='bbox 2464 5442 2627 5496; x_wconf 91' lang='lat' dir='ltr'><strong>realis</strong></span> <span class='ocrx_word' id='word_1_838' title='bbox 2658 5445 2906 5512; x_wconf 86' lang='lat' dir='ltr'><strong>corporis</strong></span> <span class='ocrx_word' id='word_1_839' title='bbox 2935 5453 2991 5498; x_wconf 92' lang='lat' dir='ltr'><strong>et</strong></span> <span class='ocrx_word' id='word_1_840' title='bbox 3015 5448 3294 5515; x_wconf 85' lang='lat' dir='ltr'><strong>sanguinis</strong></span> <span class='ocrx_word' id='word_1_841' title='bbox 3323 5448 3426 5501; x_wconf 89' lang='lat' dir='ltr'><strong>sub</strong></span> 
     </span>
    </p>
   </div>
   <div class='ocr_carea' id='block_1_114' title="bbox 1861 5532 3423 5609">
    <p class='ocr_par' dir='ltr' id='par_1_114' title="bbox 1861 5532 3423 5609">
     <span class='ocr_line' id='line_1_114' title="bbox 1861 5532 3423 5609; baseline 0.005 -24"><span class='ocrx_word' id='word_1_842' title='bbox 1861 5532 2176 5586; x_wconf 86' lang='lat' dir='ltr'><strong>visibilibus</strong></span> <span class='ocrx_word' id='word_1_843' title='bbox 2204 5533 2465 5603; x_wconf 84' lang='lat' dir='ltr'><strong>symbolis</strong></span> <span class='ocrx_word' id='word_1_844' title='bbox 2485 5575 2498 5596; x_wconf 91' lang='lat'><strong>,</strong></span> <span class='ocrx_word' id='word_1_845' title='bbox 2553 5535 2904 5589; x_wconf 86' lang='lat' dir='ltr'><strong>manducatio</strong></span> <span class='ocrx_word' id='word_1_846' title='bbox 2929 5537 3198 5605; x_wconf 84' lang='lat' dir='ltr'><strong>corporis,</strong></span> <span class='ocrx_word' id='word_1_847' title='bbox 3235 5553 3296 5592; x_wconf 87' lang='lat' dir='ltr'><strong>ac</strong></span> <span class='ocrx_word' id='word_1_848' title='bbox 3321 5555 3423 5609; x_wconf 80' lang='lat' dir='ltr'><strong>po-</strong></span> 
     </span>
    </p>
   </div>
   <div class='ocr_carea' id='block_1_115' title="bbox 1515 5689 2086 5747">
    <p class='ocr_par' dir='ltr' id='par_1_115' title="bbox 1515 5689 2086 5747">
     <span class='ocr_line' id='line_1_115' title="bbox 1515 5689 2086 5747; baseline 0.005 -6"><span class='ocrx_word' id='word_1_849' title='bbox 1515 5689 1824 5747; x_wconf 66' lang='lat' dir='ltr'><strong>Stillllllll</strong></span> <span class='ocrx_word' id='word_1_850' title='bbox 1861 5691 2086 5747; x_wconf 73' lang='grc' dir='ltr'><strong>ΝΟΤᾹΞ.</strong></span> 
     </span>
    </p>
   </div>
  </div>
