3956 6298
500 298 603 365 421

1613 290 1989 351 GARNERII
2026 289 2521 356 DISSERTATIO
2561 300 2673 359 III.

3645 291 3767 357 432

510 413 647 474 tatio
675 410 959 482 sanguinis
986 407 1213 477 Christi,
1243 418 1300 465 et
1321 405 1707 464 transmutatio
1728 404 1953 476 paniset
1971 402 2081 457 vini
2113 408 2155 461 A
2186 421 2250 462 ac
2276 411 2509 467 visibile.
2556 413 2632 467 Ea
2667 428 2792 467 vero
2833 413 2937 467 fuit
2978 412 3203 476 erroris,
3237 411 3278 465 si
3328 424 3435 464 non
3479 407 3762 479 probatio,

503 506 649 563 facta
666 520 766 576 per
784 502 1271 559 consecrationem.
1301 499 1457 567 Quod
1476 513 1606 569 ergo
1629 513 1798 553 unum
1819 496 1888 551 de
1905 496 2081 550 tribus

513 608 677 664 tacet,
724 597 780 652 id
817 612 1009 652 revera
1045 594 1163 650 ﬁeri
1191 594 1424 650 tacendo
1448 592 1673 648 fatetur.
1708 590 1873 661 Atqui
1895 596 2082 660 aperte

510 692 755 763 loquitur
785 690 853 744 de
878 689 1167 759 praesentia
1197 688 1351 754 reali,
1384 696 1446 741 ut
1474 695 1635 742 antea
1662 692 1944 740 ostensum
1967 690 2077 747 est;

511 786 580 840 de
611 781 1032 839 manducatione
1051 795 1185 835 vero
1216 780 1274 835 id
1301 786 1489 850 aperte
1511 774 1869 847 interroganti
1891 773 2084 829 Erani-

509 881 625 937 stas,
673 885 858 925 annon
906 869 1160 926 crederet
1217 883 1274 923 se
1322 868 1575 937 accipere
1620 880 1823 935 corpus
1861 873 1918 919 et
1953 878 2082 918 san-

509 960 731 1032 guinem
774 958 1010 1023 Christi,
1066 973 1125 1013 se
1175 958 1251 1012 ita
1285 957 1515 1012 credere
1548 954 1864 1024 respondet.
1917 952 2085 1007 Addit

508 1052 712 1117 etiam,
766 1066 878 1105 non
923 1049 1304 1113 divinitatem,
1359 1048 1456 1103 sed
1493 1062 1697 1117 corpus
1740 1044 2081 1100 manducari.

504 1144 673 1215 Ergo,
699 1158 825 1198 cum
848 1143 1007 1198 sileat
1026 1142 1095 1197 de
1119 1141 1283 1196 modo
1311 1156 1421 1212 quo
1446 1140 1603 1211 panis
1628 1140 1689 1195 ﬁt
1708 1154 1911 1208 corpus
1927 1137 2087 1193 Chri-

506 1237 603 1299 sti,
637 1234 911 1306 signiﬁcat
932 1234 1053 1289 ﬁeri
1083 1233 1248 1289 modo
1269 1233 1367 1288 illo
1386 1232 1650 1297 mirabili,
1679 1231 1773 1301 qui
1800 1230 2086 1293 transsub-

508 1326 793 1383 stantiatio
824 1333 1075 1390 vocatur,
1109 1325 1317 1395 quique
1348 1332 1574 1394 propter
1600 1321 2083 1377 admirabilitatem

510 1415 643 1469 solis
669 1413 899 1468 initiatis
929 1413 1262 1484 aperiendus
1284 1419 1389 1467 est.

580 1503 634 1556 5.
684 1500 822 1558 Cum
855 1502 1056 1557 realem
1086 1501 1432 1572 praesentiam
1463 1508 1652 1571 aperte
1682 1500 1896 1564 doceat,
1929 1500 2084 1554 vide-

513 1602 604 1649 tur
622 1608 861 1664 quoque,
892 1601 955 1647 ut
974 1600 1096 1648 erat
1114 1592 1447 1663 perspicacis
1469 1591 1864 1662 intelligentiae,
1888 1591 2086 1645 docere

512 1685 758 1750 modum,
788 1700 899 1755 quo
924 1685 1090 1740 unico
1112 1683 1231 1739 ﬁeri
1260 1683 1426 1756 5.85
1446 1699 1605 1754 posse
1630 1684 1830 1738 realem
1850 1697 2090 1753 praesen-

515 1777 646 1832 tiam
702 1776 943 1847 theologi
990 1776 1403 1838 demonstrant,
1466 1774 1832 1845 argumentati
1879 1772 2091 1830 scilicet
2120 1764 2163 1821 Β

513 1867 581 1921 ad
614 1867 783 1922 verba
810 1866 1036 1933 Christi,
1088 1866 1199 1922 Hoc
1237 1874 1314 1921 est
1353 1882 1542 1938 corpus
1570 1880 1764 1929 meum,
1799 1879 1922 1935 quae
1941 1873 2090 1919 certe

512 1975 639 2015 vera
684 1967 848 2023 sunt,
900 1974 1143 2029 veraque
1190 1970 1314 2015 esse
1363 1973 1475 2012 non
1519 1972 1681 2027 posse
1726 1956 2086 2021 contendunt,

513 2050 705 2105 saltem
741 2049 797 2103 in
823 2048 1048 2119 proprio
1071 2062 1258 2114 sensu,
1292 2047 1399 2103 nisi
1425 2046 1520 2103 ﬁat
1542 2046 1849 2103 conversio.
1886 2044 2089 2111 Quem-

512 2140 809 2196 admodum
825 2140 994 2212 igitur
1009 2140 1348 2213 Augustinus
1373 2148 1612 2196 mentem
1634 2139 1856 2193 Patrum
1878 2137 1947 2192 dc
1966 2153 2092 2207 pec-

514 2240 637 2288 cato
661 2231 917 2304 originali
948 2232 1171 2303 collegit
1195 2247 1262 2287 ex
1286 2232 1355 2286 iis
1385 2246 1509 2301 qua:
1548 2230 1806 2286 dixerunt
1827 2230 1900 2285 de
1929 2227 2093 2305 mise-

513 2325 613 2378 ciis
646 2323 873 2378 humani
904 2324 1142 2394 generis,
1177 2338 1302 2393 quae
1331 2323 1434 2377 sub
1456 2324 1606 2393 justo
1633 2323 1747 2377 Deo
1777 2321 1942 2376 nulla:
1970 2334 2092 2375 esse

510 2421 775 2484 possunt,
810 2415 906 2468 ubi
936 2414 1086 2469 nulla
1110 2422 1195 2467 est
1216 2413 1377 2481 culpa
1426 2429 1440 2465 :
1486 2412 1560 2466 ita
1590 2427 1690 2481 par
1711 2419 1816 2476 est,
1852 2420 2092 2465 mentem

514 2502 851 2561 Theodoreti
881 2506 948 2559 de
976 2505 1141 2559 modo
1180 2520 1291 2575 quo
1326 2519 1528 2574 corpus
1546 2504 1748 2559 Christi
1774 2504 1835 2557 ﬁt
1854 2519 2094 2573 praesens

515 2594 799 2668 symbolis,
832 2594 1164 2650 concludere
1197 2610 1264 2650 ex
1300 2610 1367 2650 eo
1393 2595 1539 2664 quod
1563 2594 1632 2649 de
1656 2595 1788 2651 reali
1805 2595 2094 2664 praesentia

514 2688 721 2753 tradit,
782 2687 1017 2742 maxime
1068 2702 1194 2741 cum
1238 2687 1494 2742 eumdem
1538 2703 1662 2742 cum
1704 2686 2094 2759 Chrysostomo

517 2789 702 2838 teneat
729 2780 988 2852 loquendi
1018 2780 1265 2844 modum,
1317 2795 1422 2835 nec
1459 2780 1535 2834 sit
1566 2780 1832 2835 credibile
1857 2780 2096 2851 Chryso-

516 2883 754 2953 stomum
789 2873 845 2927 in
876 2873 1138 2928 Ecclesiae
1162 2873 1435 2928 sententia
1462 2889 1572 2928 non
1606 2874 1806 2939 fuisse,
1844 2889 1946 2928 nec
1975 2873 2094 2928 ﬁeri

512 2967 720 3038 possit,
781 2976 842 3021 ut
885 2966 1175 3036 praesentia
1216 2965 1383 3021 realis
1427 2964 1521 3021 ﬁat
1549 2965 1602 3019 vi
1626 2966 1953 3031 verborum,
1987 2965 2093 3020 nisi

515 3059 804 3115 conversio
829 3059 1078 3123 exsistat.

584 3152 639 3206 4.
668 3150 979 3206 Doctissimi
1007 3149 1317 3205 cardinales
1344 3150 1476 3214 duo,
1502 3149 1864 3203 Bellarminus
1885 3155 1942 3202 et
1968 3148 2097 3202 Per-

518 3245 727 3309 ronius,
769 3242 1180 3299 Theodoretum
1227 3242 1334 3296 hoc
1375 3241 1432 3295 in
1478 3239 1699 3310 negotio
1726 3239 1795 3294 ab
1825 3238 2097 3293 haereticis

500 3320 646 3397 “suas
674 3338 731 3392 in
760 3344 966 3406 partes,
999 3351 1096 3405 per
1124 3335 1235 3389 vim
1264 3342 1322 3389 et
1346 3340 1538 3389 contra
1570 3332 1651 3386 fas
1684 3331 1801 3400 rapi
1838 3331 2096 3386 ostende-

519 3437 681 3493 runt,
729 3441 967 3496 eumque
1014 3424 1298 3481 catholica:
1348 3423 1476 3478 ﬁdei
1520 3422 1799 3477 adhaerere
1849 3423 2097 3492 pluribus

519 3517 831 3574 rationibus
881 3516 1223 3587 probarunt;
1277 3514 1424 3584 quod
1481 3523 1538 3569 et
1581 3514 1953 3583 prtestiterunt
2003 3514 2096 3569 alii

519 3627 630 3667 non
666 3610 849 3679 pauci,
881 3608 1030 3678 iique
1058 3606 1267 3670 eximii,
1307 3604 1804 3660 controversiarum
1835 3613 2096 3659 tractato-

522 3717 630 3757 res.
659 3701 802 3767 Quin
831 3698 998 3754 etiam
1029 3697 1438 3754 Centuriatores
1469 3696 1711 3752 fatentur
1738 3698 2096 3753 mutationem

521 3792 679 3864 panis
725 3791 778 3846 in
827 3805 1028 3859 corpus
1074 3788 1279 3844 Christi
1328 3804 1360 3843 a
1414 3787 1761 3843 Theodoreto
1813 3789 2092 3853 traditam,

519 3899 758 3954 eumque
792 3883 999 3938 idcirco
1040 3881 1247 3937 erroris
1281 3889 1560 3937 accusant.
1586 3881 1663 3935 lta
1687 3880 1801 3936 fere
1836 3888 2094 3936 auctores

520 3974 714 4048 prima:
741 3974 1051 4030 sententias.

593 4062 859 4119 Secundae
878 4063 1156 4134 opinionis
1190 4064 1507 4121 defensores
1535 4064 1814 4119 silentium
1847 4062 2098 4118 Theodo-

520 4155 625 4211 reti
657 4155 725 4210 de
758 4155 942 4221 modo,
971 4171 1082 4226 quo
1112 4170 1313 4226 corpus
1338 4155 1540 4212 Christi
1580 4155 1641 4210 ﬁt
1676 4169 1918 4225 praesens
1949 4169 2095 4225 sym-

520 4246 688 4313 bolis,
737 4248 1048 4318 sequiorem
1103 4247 1160 4301 in
1213 4255 1425 4317 partem
1478 4247 1933 4315 interpretantur.
1986 4245 2099 4301 Cur

512 4339 690 4404 enim,
731 4338 1009 4409 inquiunt,
1052 4347 1161 4392 tam
1201 4339 1417 4394 curiose
1466 4338 1611 4393 cavit
1650 4339 1707 4392 in
1748 4338 1997 4409 dialogis,
2027 4354 2098 4395 ne

2184 505 2372 558 saltem
2430 505 2715 559 commoda
2757 503 3081 573 explicatio,
3126 512 3183 557 et
3235 500 3557 556 nonnullum
3590 499 3767 571 [‘86

2184 596 2580 667 praeiudicium.
2612 595 2724 651 Cur
2751 595 3131 651 Theodoretus
3166 593 3487 663 perplexum
3530 606 3766 659 respon-

2185 705 2304 744 sum
2335 690 2503 744 facit?
2528 689 2640 744 Cur
2668 690 2933 743 Eranistae
2955 703 3066 742 non
3099 686 3319 757 obiecit,
3353 684 3407 739 id
3446 699 3565 739 esse
3601 697 3767 737 erro-

2186 798 2351 837 neum
2407 782 2550 851 quod
2602 781 2914 837 asserebat?
2948 779 3060 835 Cur
3098 778 3385 847 utriusque
3423 775 3771 845 operationis

2189 873 2675 943 (consecrationem
2722 873 2846 927 dico
2886 880 2943 926 et
2985 866 3453 937 incarnationem)
3501 866 3771 921 diﬂ'eren-

2187 964 2318 1018 tiam
2335 979 2444 1019 non
2460 963 2732 1034 exposuit,
2752 963 2898 1033 quod
2927 969 2984 1017 et
3005 960 3266 1031 oportuit,
3289 967 3345 1013 et
3363 965 3481 1012 erat
3504 973 3534 1012 e
3553 972 3614 1011 re
3632 956 3772 1011 sua?

2185 1053 2297 1109 Cur
2335 1053 2644 1109 econtrario
2701 1068 2855 1107 suam
2902 1052 2970 1107 de
3019 1050 3233 1105 duabus
3282 1047 3512 1117 integris
3547 1046 3772 1099 naturis

2188 1146 2244 1200 in
2278 1145 2498 1202 Christo
2538 1144 2953 1201 remanentibus
2993 1142 3320 1197 sententiam
3366 1139 3617 1208 exemplo
3649 1138 3772 1191 Eu-

2187 1236 2463 1291 charistiae
2487 1235 2774 1305 probavit?
2814 1234 2927 1288 Cur
2954 1232 3129 1286 voluit
3157 1245 3465 1286 sermonem
3503 1229 3772 1298 aenigma-

2190 1326 2358 1380 ticum
2398 1325 2538 1390 ﬁeri,
2568 1340 2693 1381 cum
2722 1324 2790 1379 de
2820 1323 3163 1379 Eucharistia
3188 1336 3275 1376 res
3301 1328 3465 1384 esset,
3497 1319 3602 1373 nisi
3633 1320 3771 1389 quia

2190 1426 2374 1488 tegere
2427 1416 2633 1487 aliquid
2677 1422 2734 1470 et
2780 1415 3126 1472 dissimulare
3176 1411 3389 1467 voluit?
3441 1410 3582 1477 Quid
3633 1425 3772 1463 vero

2189 1504 2604 1562 dissimulaturﬁ'
2623 1507 2817 1573 voluit,
2850 1506 2957 1560 nisi
2993 1504 3235 1568 modum,
3267 1517 3379 1572 quo
3403 1500 3609 1556 Christi
3647 1516 3773 1554 cor-

2190 1611 2294 1666 pus
2322 1596 2502 1667 reipsa
2530 1596 2592 1649 ﬁt
2615 1611 2853 1666 praesens
2880 1594 3174 1667 symbolis?
3201 1593 3337 1648 Nam
3367 1601 3423 1646 et
3454 1592 3523 1645 de
3552 1592 3774 1645 czeteris

2193 1698 2379 1759 aperte
2409 1688 2674 1759 loquitur,
2704 1695 2760 1742 et
2794 1688 2849 1742 id
2879 1684 3212 1743 dissimulari
3245 1684 3585 1740 conducebat
3614 1700 3628 1735 :
3658 1683 3773 1752 pri—

2192 1796 2303 1844 mo,
2342 1781 2471 1850 quia
2508 1780 2818 1851 exemplum
2859 1778 3249 1851 praejudicabat
3297 1791 3474 1831 causae
3513 1773 3644 1829 ﬁdei
3683 1790 3776 1827 ca-

2192 1872 2409 1927 tholicae
2451 1872 2519 1926 de
2557 1872 2924 1935 Eucharistia.
2963 1871 3087 1925 ideo
3134 1868 3565 1939 impugnandum
3586 1866 3772 1919 visum

2190 1974 2305 2030 est;
2348 1964 2576 2030 deinde,
2642 1965 2802 2035 quia,
2854 1963 2900 2017 si
2954 1969 3310 2033 argueretur,
3368 1958 3515 2030 quod
3576 1966 3775 2011 contra

2192 2057 2387 2128 dogma
2417 2065 2696 2128 receptum
2736 2057 2988 2120 sentiret,
3021 2062 3207 2124 posset
3249 2051 3326 2105 uti
3362 2051 3639 2105 affectatae
3675 2050 3778 2103 ob-

2194 2149 2473 2204 scuritatis
2511 2148 2827 2204 defensione
2865 2148 2934 2202 ad
2973 2144 3346 2216 repellendum
3381 2143 3615 2197 crimen.
3653 2142 3780 2195 Haec

2192 2251 2247 2297 et
2276 2242 2380 2297 alia
2405 2242 2619 2297 causari
2648 2249 2879 2311 possunt
2904 2238 3157 2294 secundae
3188 2236 3463 2307 Opinionis
3493 2242 3777 2288 auctores.

2262 2335 2366 2401 Qui
2425 2336 2643 2391 tertiam
2698 2340 3024 2403 sequuntur,
3084 2331 3356 2385 incertum
3402 2343 3526 2382 esse
3580 2326 3778 2390 aiunt,

2193 2441 2357 2497 quam
2397 2426 2451 2481 in
2497 2433 2705 2496 partem
2744 2423 3128 2480 Theodoretus
3167 2420 3545 2476 concesserit:
3578 2433 3780 2488 quare,

2193 2528 2255 2573 ut
2291 2534 2361 2573 ne
2398 2534 2498 2589 per
2537 2517 2963 2588 imprudentiam
3007 2523 3285 2585 peccetur,
3324 2512 3379 2566 in
3415 2527 3475 2566 re
3515 2510 3781 2580 ambigua

2194 2610 2575 2665 sustinendum
2615 2609 2902 2680 judicium.
2956 2608 3163 2671 Primo,
3212 2605 3340 2675 quia
3380 2620 3480 2675 par
3526 2611 3612 2657 est
3654 2617 3778 2657 crc-

2195 2702 2363 2766 dere,
2408 2710 2617 2756 tantum
2664 2700 2844 2754 virum
2891 2714 3005 2754 non
3055 2698 3348 2754 recessisse
3396 2696 3467 2749 ab
3514 2695 3782 2749 EcclesiaI

2196 2793 2466 2857 doctrina,
2498 2793 2555 2847 in
2599 2808 2659 2847 re
2708 2799 2817 2846 tam
2866 2799 3170 2853 constante,
3208 2787 3456 2859 quamvis
3497 2784 3643 2840 aliud
3692 2786 3783 2838 vi-

2196 2884 2360 2939 detur
2399 2884 2583 2938 verbis
2620 2884 2733 2938 suis
2776 2882 3107 2953 signiﬁcare.
3154 2880 3382 2942 Deinde,
3420 2893 3542 2933 cum
3585 2877 3787 2931 verbis

2194 2973 2552 3045 aenigmaticis
2597 2972 2848 3027 consulto
2890 2987 2948 3026 se
2998 2972 3243 3026 locutum
3290 2969 3466 3038 palam
3510 2966 3787 3031 fateatur,

2122 3090 2167 3151 ρ
2197 3062 2438 3118 ostendit
2462 3063 2705 3117 noluisse
2729 3076 2787 3116 se
2810 3052 3047 3116 mentem
3075 3060 3401 3131 patefacere,
3435 3071 3787 3127 quaecunque

2198 3154 2366 3209 fuerit
2388 3153 2707 3226 obtegendae
2721 3168 2904 3208 causa.
2936 3152 3143 3216 Tertio,
3167 3150 3424 3221 quoniam
3452 3158 3787 3219 argumenta

2198 3247 2486 3316 utriusque
2523 3244 2785 3316 oppositae
2817 3244 3009 3314 partis,
3048 3243 3152 3299 etsi
3191 3242 3396 3297 habent
3435 3254 3592 3295 suum
3625 3253 3780 3307 pon-

2197 3340 2302 3395 dus
2330 3347 2384 3395 et
2415 3346 2773 3401 momentum,
2809 3336 2878 3391 de
2912 3336 3006 3390 illo
3047 3343 3226 3389 tamen
3259 3333 3488 3386 multum
3524 3344 3618 3385 sua
3656 3331 3787 3384 col-

2196 3431 2392 3486 lisione
2445 3438 2540 3484 aut
2574 3429 2858 3492 minuunt,
2900 3434 2995 3481 aut
3044 3424 3371 3495 deperdunt.
3415 3422 3637 3489 Quarto,
3712 3437 3790 3475 ne

2198 3521 2314 3592 ipse
2354 3519 2578 3591 quidem
2618 3518 3039 3590 Chrysostomus
3082 3523 3269 3586 aperte
3316 3514 3557 3584 loquitur
3596 3527 3661 3565 ea
3715 3517 3791 3568 de

2197 3629 2257 3667 re
2298 3629 2312 3665 :
2356 3612 2662 3681 μετασκευή
2708 3610 2855 3664 enim
2898 3623 2996 3663 seu
3040 3606 3435 3669 transmutatio,
3471 3604 3536 3659 de
3563 3618 3674 3672 qua
3722 3604 3790 3659 ﬁt

2197 3704 2406 3759 mentio
2469 3703 2513 3733 τ’
2565 3702 2620 3756 in
2677 3701 2842 3756 allato
2908 3699 3254 3763 testimonio,
3322 3702 3479 3767 urget
3542 3692 3789 3764 quidem

2196 3795 2551 3850 vehementer
2579 3792 2947 3855 Calvinianos,
2978 3790 3075 3845 sed
3116 3801 3227 3844 non
3263 3786 3490 3858 perinde
3518 3785 3789 3852 imparia-

2198 3897 2381 3951 tores,
2434 3885 2528 3956 qui
2573 3884 2935 3940 mutationem
2982 3881 3102 3937 ﬁeri
3150 3896 3250 3951 per
3299 3878 3789 3935 consecrationem

2196 3979 2458 4043 fatentur,
2485 3992 2596 4031 non
2624 3992 2730 4045 qua
2759 3975 2913 4045 panis
2945 3972 3247 4029 substantia
3272 3972 3503 4035 desinat,
3533 3969 3624 4024 sed
3655 3985 3789 4039 qua

2197 4070 2416 4139 corpori
2443 4068 2648 4125 Christi
2686 4068 3073 4138 conjungatur;
3105 4066 3258 4120 velut
3294 4063 3615 4136 symbolum,
3654 4077 3789 4131 quo

2197 4160 2562 4231 signiﬁcetur;
2618 4165 2676 4212 et
2725 4157 3135 4221 indumentum,
3185 4171 3296 4225 quo
3344 4156 3438 4210 ﬁat
3487 4153 3707 4207 visibile
3768 4174 3784 4208 :

2198 4267 2367 4322 quare
2397 4251 2779 4307 Theodoretus
2820 4249 3003 4320 potuit
3035 4248 3431 4320 Chrysostomi,
3469 4245 3788 4314 discipulus

2198 4343 2467 4415 magistri,
2493 4342 2803 4412 exemplum
2822 4340 2998 4411 sequi.
3024 4340 3248 4407 Quinto,
3269 4338 3415 4409 quod
3438 4337 3785 4408 producitur

503 4440 806 4503 cogeretur
843 4432 1055 4501 aperire
1103 4442 1342 4485 mentem
1385 4446 1550 4499 super
1578 4446 1641 4484 ea
1680 4431 1770 4484 re?
1806 4430 1918 4484 Cur
1954 4430 2093 4485 Era-
2123 4419 2170 4477 ι)
2197 4435 2565 4506 Mopsuesteni
2608 4433 3008 4497 testimonium,
3053 4433 3159 4488 etsi
3195 4430 3420 4487 omnino
3456 4446 3551 4500 per
3576 4444 3636 4483 se
3670 4444 3786 4483 va-

518 4523 699 4587 nistaa,
728 4536 1075 4577 communem
1105 4521 1365 4575 Ecclesiae
1396 4521 1557 4575 ﬁdem
1589 4521 1656 4575 de
1679 4521 2092 4576 consecratione

512 4613 833 4667 traducenti
865 4611 935 4666 ad
976 4626 1137 4667 suum
1168 4611 1237 4665 de
1278 4610 1655 4664 incarnatione
1690 4625 1935 4665 errorem
1964 4626 2092 4680 pro—

521 4702 781 4766 bandum,
811 4701 1033 4755 nonnisi
1059 4716 1158 4770 per
1185 4700 1440 4769 ambages
1469 4699 1794 4769 respondet?

576 4792 805 4849 Volebat
819 4790 1119 4853 Eranistes,
1134 4805 1254 4844 eam
1269 4804 1390 4844 esse
1406 4789 1834 4845 consecrationis
1848 4794 2094 4849 etincar-

520 4882 758 4938 nationis
777 4882 1094 4937 afﬁnitatem
1119 4887 1284 4949 atque
1311 4879 1749 4947 similitudinem,
1785 4891 1864 4947 ut,
1899 4900 2091 4955 quem.

521 4974 816 5029 admodum
836 4973 1014 5043 panis'
1050 4971 1288 5027 adventu
1308 4972 1554 5041 corporis
1567 4972 1771 5028 Christi
1788 4990 1886 5046 per
1904 4990 2095 5032 conse-

521 5066 820 5119 crationem
834 5062 1037 5116 desinit
1050 5076 1191 5127 esse,
1209 5062 1468 5132 aliudque
1484 5063 1621 5118 nihil
1640 5076 1885 5121 remanet
1905 5067 1961 5121 in
1983 5068 2093 5122 Eu-

519 5155 798 5219 charistia,
816 5162 1230 5224 praatercorpus
1255 5152 1457 5210 Christi
1482 5155 1584 5209 sub
1599 5155 1781 5225 specie
1803 5158 1991 5227 panis:
2018 5159 2089 5212 ita

520 5249 815 5304 humanam
851 5254 1103 5302 naturam
1142 5248 1381 5303 adventu
1422 5248 1584 5304 Verbi
1622 5265 1719 5320 per
1762 5249 2093 5305 inca'rnatioo

522 5352 646 5392 nem
677 5335 1203 5408 desiisse,.nihilque
1232 5348 1354 5410 post
1387 5341 1641 5396 unionem
1672 5342 1726 5395 in
1753 5342 1973 5397 Christo
2003 5359 2089 5397 re-

522 5442 761 5495 manere,
788 5440 999 5500 praeter
1043 5431 1279 5488 Verbum
1327 5435 1508 5502 specie
1558 5436 1795 5489 hominis
1839 5436 2089 5490 indutum

2195 4526 2368 4581 lidum
2394 4538 2498 4591 est,
2530 4526 2758 4581 fortasse
2789 4533 2969 4580 tamen
3002 4539 3110 4580 non
3140 4523 3348 4580 nemini
3374 4522 3649 4576 videbitur
3678 4520 3785 4575 in-

2201 4616 2409 4672 ﬁrmari
2435 4632 2596 4687 posse
2644 4631 2711 4671 ex
2747 4631 2814 4670 eo
2856 4616 3003 4686 quod
3037 4614 3181 4685 apud
3214 4614 3503 4669 Leontium
3533 4612 3787 4668 refertur

2197 4709 2264 4764 de
2306 4708 2674 4778 Mopsuesteni
2731 4706 3000 4772 sectariis,
3042 4704 3373 4775 negantibus
3421 4716 3616 4772 panem
3672 4717 3789 4756 eu-

2197 4797 2551 4853 charisticum
2596 4797 2721 4868 plus
2759 4796 2965 4851 habere
3017 4795 3449 4850 consecrationis
3474 4793 3598 4864 (hac
3635 4807 3785 4849 voce

2198 4888 2584 4943 transmutatio
2635 4883 3023 4956 intelligitur),
3080 4901 3242 4955 quam
3289 4893 3383 4939 aut
3424 4898 3623 4955 panes,
3674 4886 3785 4953 qui

2194 4980 2416 5035 venales
2446 4979 2502 5033 in
2532 4979 2651 5033 foro
2683 4987 3084 5048 proponuntur,
3119 4985 3215 5032 aut
3241 4977 3526 5047 placentae,
3553 4993 3673 5046 qua":
3702 4978 3785 5033 ab

2194 5070 2469 5126 haereticis
2504 5070 2706 5140 reginae
2750 5070 2876 5125 coeli
2917 5070 3249 5125 offeruntur.
3302 5069 3547 5139 Denique
3590 5070 3785 5123 cardi-

2194 5163 2345 5217 nales
2388 5162 2520 5224 duo,
2551 5161 2914 5216 Bellarminus
2954 5168 3011 5216 et
3056 5162 3371 5225 Perronius,
3409 5162 3611 5215 invicte
3649 5162 3816 5230 qui-.

2197 5255 2320 5308 dem
2377 5252 2641 5323 probant,
2696 5253 2898 5308 realem
2954 5252 3299 5324 praesentiam
3345 5269 3374 5307 a
3424 5234 3816 5307 'l‘heoduretoI

2198 5344 2447 5407 defendi,
2495 5344 2592 5398 sed
2641 5358 2751 5398 non
2800 5343 3063 5415 perinde,
3121 5360 3223 5399 nec
3268 5353 3376 5399 tam
3434 5344 3657 5414 cepiose
3707 5343 3786 5398 de

2202 5435 2828 5491 transsubstantiationis
2872 5436 3134 5506 mysterio
3162 5435 3420 5491 videntur
3469 5451 3783 5509 pugnasse;

1856 5593 2168 5648 Stllllfllll
2205 5594 2433 5647 ΝΟΤᾹΞ.

588 5728 634 5760 ⁷³
658 5726 876 5786 Scilicet
932 5729 986 5785 in
1015 5732 1136 5786 loco
1158 5746 1225 5785 ex
1252 5729 1448 5784 lloinil.
1484 5729 1537 5782 in
1567 5728 1896 5796 Matthmum,
1938 5747 1991 5801 p.
2028 5733 2151 5799 484,
2184 5734 2366 5790 allato.
