3956 6298
200 311 327 374 433

207 513 520 579 manifesta,
554 515 697 584 quod
741 515 903 571 realis
948 517 1248 586 praesentia
1291 517 1561 572 confessio
1599 532 1786 572 neces-

209 606 429 659 sitatem
466 606 788 662 conﬁtenda
834 609 1461 663 transsubstantiationis
1493 609 1687 673 faciat,
1731 617 1786 662 ct

128 747 137 766 ι
209 695 425 750 idcirco
475 695 656 761 faciat,
693 700 949 767 quoniam
997 699 1172 769 reipsa
1202 699 1406 754 Christi
1449 716 1647 770 corpus
1689 716 1786 770 per

133 791 140 815 '-‘
209 788 382 843 verba
413 789 842 843 consecrationis
868 806 1107 860 prasens
1131 791 1390 862 symbolis
1419 791 1537 845 sisti
1572 790 1782 860 nequit,

209 878 316 930 nisi
357 878 451 932 fiat
494 880 780 934 conversio
829 881 1004 949 panis,
1052 881 1195 950 quod
1244 881 1519 936 subtiliter
1567 890 1622 934 et
1657 895 1786 935 vere

211 967 496 1036 disputant
532 969 788 1039 theologi.

283 1058 487 1111 Verum
512 1060 684 1129 excipi
709 1069 891 1129 posset
915 1062 981 1116 ab
1007 1062 1225 1118 homine
1247 1080 1354 1117 non
1375 1063 1783 1133 benignissimo,

205 1147 480 1203 adversus
515 1152 778 1204 rationem
814 1151 972 1217 hanc,
1006 1154 1120 1207 ﬁeri
1156 1155 1416 1223 potuisse,
1447 1163 1506 1208 ut
1534 1155 1785 1209 Theodo-

207 1248 365 1294 tctus
401 1257 511 1295 non
556 1251 662 1296 tam
704 1253 860 1297 acute
895 1245 1279 1313 inquisieritin
1310 1248 1450 1302 hanc
1487 1248 1788 1317 prasentia

207 1330 379 1384 realis
428 1342 482 1384 et
527 1333 903 1389 conversionis
951 1337 1290 1402 ἀκολουθίαν,
1348 1341 1441 1394 sed
1497 1341 1551 1394 in
1605 1339 1788 1394 verbis

208 1418 416 1473 Christi
447 1422 707 1492 mysticis,
739 1426 1198 1492 quemadmodum
1233 1430 1387 1483 multi
1421 1431 1621 1484 nostris
1654 1439 1788 1484 tem-

207 1510 461 1577 poribus,
491 1513 772 1581 agnoverit
804 1515 1052 1585 ﬁguram,
1080 1534 1185 1587 qua
1214 1521 1498 1576 continens
1525 1523 1784 1585 contenti,

207 1608 262 1654 et
297 1603 540 1657 vicissim
584 1615 898 1661 contentum
938 1611 1268 1666 continentis
1298 1615 1516 1668 nomine
1545 1616 1785 1684 appella-

207 1698 300 1744 tur
325 1710 337 1743 :
367 1693 532 1761 idque
565 1695 807 1754 innuerit
833 1701 1037 1764 verbis,
1066 1705 1264 1772 quibus
1295 1707 1518 1774 exponit
1543 1723 1784 1769 causam,

208 1798 309 1836 cur
334 1786 492 1852 panis
513 1795 567 1839 et
592 1804 789 1858 corpus
818 1791 1040 1857 Christi,
1073 1795 1123 1847 id
1149 1804 1250 1858 est,
1277 1796 1580 1866 symbolum
1612 1805 1666 1850 et
1696 1813 1782 1852 res

205 1875 537 1945 signiﬁcata,
571 1880 812 1934 vicissim
844 1885 1063 1937 nomina
1094 1895 1450 1940 commutent.

279 1969 357 2022 Ex
390 1969 494 2032 his,
526 1988 646 2039 qua
674 1988 771 2041 pro
803 1973 1032 2044 singulis
1058 1978 1413 2044 Opinionibus
1440 1979 1599 2032 allata
1631 1988 1778 2045 sunt,

207 2059 399 2113 videor
454 2063 587 2116 mihi
646 2080 806 2132 posse
866 2083 974 2121 non
1033 2061 1420 2137 imprudenter
1465 2071 1720 2141 colligere
1767 2089 1779 2123 :

209 2151 264 2203 1ο
293 2151 503 2217 Quanta
538 2156 764 2210 audacia
797 2158 1216 2214 Sacramentarii
1261 2161 1503 2216 haretici
1535 2162 1784 2217 Theodo-

208 2251 388 2294 retutn
425 2245 528 2297 sibi
573 2245 754 2302 favere
791 2249 1070 2318 jactitent;
1112 2251 1256 2319 quod
1305 2252 1621 2306 Albertinus
1662 2270 1784 2306 ver-

209 2329 341 2382 bose
370 2333 560 2401 magis,
587 2349 749 2402 quam
793 2339 1014 2405 copiose
1049 2339 1180 2408 egit.
1213 2340 1346 2393 Nam
1388 2341 1635 2409 quamvis
1665 2341 1779 2395 elli-

209 2432 418 2485 cerent,
461 2440 489 2476 a
531 2424 879 2481 Theodoreto
924 2430 1125 2482 realem
1172 2433 1586 2486 conversionem
1627 2434 1783 2502 panis

209 2511 466 2565 traditam
496 2530 602 2568 non
646 2531 784 2580 esse,
813 2533 921 2570 non
955 2519 1216 2573 continuo
1247 2521 1444 2575 realem
1479 2521 1782 2576 absentiam

208 2605 457 2672 corporis
482 2605 686 2660 Christi
724 2619 983 2663 assertam
1018 2611 1334 2680 probarent.
1379 2614 1531 2668 Unde
1582 2630 1783 2683 cogun-

209 2703 302 2748 tur
325 2695 502 2760 fateri,
530 2699 674 2766 quod
711 2700 887 2768 reipsa
926 2701 1126 2755 fatetur
1160 2703 1498 2768 Albertinus,
1529 2721 1648 2774 qua:
1684 2721 1783 2774 pro

209 2788 346 2841 reali
402 2790 686 2857 praesentia
738 2793 984 2860 corporis
1043 2793 1243 2848 Christi
1298 2811 1327 2848 a
1377 2794 1673 2850 Catholicis
1717 2813 1783 2851 ex

209 2876 562 2933 Theodoreto
609 2881 1008 2950 producuntur,
1042 2886 1224 2940 favere
1250 2887 1293 2917 ⁷³
1317 2888 1610 2955 plurimum
1639 2889 1783 2943 Con-

210 2973 732 3028 substantiatoribus
760 2994 770 3027 :
798 2993 902 3045 qua
940 2981 1282 3035 confessione
1299 2999 1396 3037 sua
1417 2982 1530 3052 ipse
1563 2984 1782 3037 ratioci-

208 3062 304 3115 nia
336 3064 554 3118 evertit.

281 3151 338 3204 2°
373 3153 517 3206 Nihil
553 3169 670 3208 esse
707 3157 1001 3212 admodum
1033 3175 1228 3226 causa,
1257 3178 1356 3216 cur
1393 3164 1446 3217 in
1487 3167 1786 3234 quastione

214 3239 284 3296 de
327 3247 936 3318 transsubstantiatione
964 3250 1228 3306 Catholici
1278 3255 1631 3312 vehementer
1679 3259 1788 3312 sint

215 3333 432 3388 solliciti
482 3335 549 3389 de
594 3337 923 3392 Theodoreti
967 3341 1258 3405 sententia,
1297 3350 1357 3396 ut
1393 3346 1488 3413 qui
1538 3348 1788 3406 consulto

213 3434 454 3480 mentem
499 3429 709 3494 aperire
750 3431 1010 3496 noluerit,
1043 3443 1335 3502 propterea
1370 3437 1514 3506 quod
1551 3439 1788 3508 graviter

216 3516 678 3574 incomtuodasset
732 3522 897 3576 rebus
961 3524 1093 3577 suis.
1149 3525 1204 3579 Si
1262 3529 1406 3581 enim
1465 3530 1784 3585 catholicam

212 3609 522 3664 doctrinam
565 3613 632 3665 de
667 3616 1274 3672 transsubstantiatione
1327 3630 1548 3675 secutus
1597 3622 1788 3678 fuisset

209 3717 276 3754 eo
306 3702 447 3765 loco,
478 3719 587 3771 quo
622 3705 690 3760 de
720 3709 918 3777 agitur,
953 3709 1302 3764 adversarius
1333 3713 1597 3767 continuo
1632 3730 1785 3769 suam

210 3789 339 3844 inde
388 3791 702 3859 opinionem
757 3797 824 3849 de
877 3797 1271 3853 incarnationis
1313 3801 1475 3855 modo
1526 3812 1619 3856 aut
1662 3819 1788 3872 pro-

211 3879 418 3946 basset,
451 3887 467 3902 '
498 3893 592 3937 aut
627 3889 876 3956 exemplo
906 3888 1237 3944 declarasset
1269 3908 1282 3942 :
1311 3892 1396 3946 sin
1433 3901 1613 3947 autem
1653 3909 1785 3948 con-

213 3982 292 4027 tra
332 3975 645 4030 doctrinam
687 3979 1010 4032 catholicam
1048 3989 1236 4049 aperte
1275 3982 1556 4048 sensisset,
1592 3984 1784 4038 adver-

211 4067 392 4120 sarius
418 4068 602 4122 statim
631 4070 834 4123 erroris
864 4062 1028 4124 unius
1060 4071 1212 4125 reum
1249 4071 1407 4126 facile
1440 4073 1496 4127 in
1525 4073 1785 4128 invidiam

213 4162 444 4214 alterius
474 4170 752 4227 vocasset;
786 4178 1097 4232 quanquam
1135 4172 1309 4218 totum
1339 4165 1444 4219 hoc
1471 4165 1785 4234 disputandi

213 4267 408 4320 genus,
452 4253 597 4321 quod
642 4253 855 4322 dialogo
898 4255 1230 4320 continetur,
1263 4257 1481 4326 quando
1526 4266 1645 4311 acta
1682 4273 1786 4327 pu-

215 4342 359 4395 blica
395 4343 594 4412 scripta
626 4359 739 4397 non
775 4354 920 4409 sunt,
946 4345 1039 4400 sed
1071 4345 1139 4399 ab
1171 4362 1238 4401 eo
1261 4347 1353 4415 qui
1385 4363 1537 4400 suam
1566 4364 1785 4403 causam

1399 317 1498 376 DE
1536 317 1711 376 FIDE
1747 315 2253 379 THEODORETI.

204 423 312 476 nisi
360 422 618 478 dicantur
661 439 726 478 ea
779 423 986 479 ratione
1039 421 1143 488 Isi,
1184 422 1348 496 48⁵1
1393 427 1547 496 quasi
1590 443 1687 496 per
1726 443 1782 480 se
1811 429 1860 487 Α

2383 430 2548 502 488
2584 430 2805 486 CAPUT
2845 429 2930 484 tv.

1889 519 1964 572 De
1991 521 2094 588 ﬁde
2123 521 2421 593 Theodoreti
2464 525 2602 590 circa
2647 524 2981 593 qttwstionem
3019 520 3081 574 de
3115 529 3323 592 peccato
3357 526 3460 576 ori-

2199 592 2386 662 ginali,
2419 600 2468 645 et
2499 593 2755 662 baptismo
2787 595 3148 662 parvulorum.

1957 699 1998 752 ι.
2039 699 2360 756 Theodorus
2401 702 2836 771 Mopsuestenus,
2870 718 2998 772 quo,
3036 712 3096 757 ut
3140 718 3280 773 saepe
3315 704 3458 758 dixi-

1887 804 2039 853 mus,
2085 791 2344 861 magistro
2387 791 2768 846 Thcodoretus
2803 792 3157 862 gloriabatur,
3199 795 3458 862 quastio-

1886 896 2012 936 nem
2051 883 2222 936 movit
2253 883 2508 938 Ecclesia:
2551 883 2617 937 de
2665 896 2888 952 peccato
2920 884 3223 952 primorum
3264 899 3460 953 paren—

1888 979 2023 1036 tum,
2055 988 2122 1026 an
2147 974 2399 1028 nocuerit
2423 975 2679 1044 posteris,
2703 983 2757 1029 et
2785 974 2911 1028 inde
2935 989 3102 1039 mors,
3130 982 3242 1028 tum
3266 975 3456 1038 animi,

1887 1077 2007 1130 qua
2048 1064 2281 1131 privatio
2327 1066 2544 1134 gratia;
2594 1074 2710 1119 tum
2761 1065 3040 1134 corporis,
3087 1080 3208 1134 qua
3255 1066 3459 1119 solutio

1889 1153 2054 1206 animi
2095 1170 2124 1207 a
2166 1170 2427 1224 corpore,
2481 1166 2758 1210 contracta
2803 1157 2893 1211 sit.
2955 1155 3212 1222 Quasivit
3254 1156 3460 1225 pariter

1887 1258 2050 1310 quam
2089 1244 2160 1297 ob
2197 1260 2310 1298 rem
2360 1245 2590 1299 infantes
2637 1246 3006 1314 baptizentur,
3045 1261 3112 1298 an
3152 1252 3214 1298 ut
3246 1245 3455 1298 macula

1889 1348 1985 1388 sua
2013 1336 2219 1403 peccati
2251 1336 2536 1405 originalis
2565 1336 2889 1402 abluantur;
2926 1352 2994 1390 an
3027 1343 3087 1389 ut
3115 1335 3454 1398 innocentes,

1889 1425 1980 1494 qui
2010 1426 2120 1479 nati
2153 1429 2279 1481 sunt
2323 1443 2388 1481 ex
2432 1427 2768 1489 hominibus,
2801 1441 2900 1495 per
2932 1425 3264 1495 baptismum
3306 1441 3459 1495 rcge-

1887 1525 2155 1570 nerentur
2205 1517 2258 1570 in
2308 1516 2449 1571 ﬁlios
2491 1517 2606 1571 Dei.
2655 1516 3043 1572 Convenerunt
3079 1533 3288 1582 omnes,
3329 1517 3457 1571 olim

1888 1609 2096 1677 primos
2143 1617 2395 1678 parentes
2441 1609 2676 1677 posteris
2718 1609 2971 1663 nocuisse
3013 1609 3296 1678 exemplo,
3333 1625 3457 1663 cum

1890 1710 2184 1768 peccarent
2216 1719 2229 1753 :
2265 1717 2331 1754 an
2376 1701 2482 1755 alio
2531 1701 2694 1754 modo
2737 1701 3056 1768 nocuerint,
3101 1711 3214 1757 tres
3256 1702 3309 1755 in
3344 1702 3460 1770 cpi-

1890 1792 2084 1846 niones
2112 1793 2321 1846 abitum
2350 1800 2450 1846 est.

1960 1882 2023 1934 ll.
2065 1881 2247 1936 Sensit.
2271 1882 2614 1946 Theodorus,
2643 1883 2699 1936 in
2732 1884 2882 1938 nullo
2915 1884 3135 1953 penitus
3165 1885 3414 1937 nocuisse
3441 1902 3454 1935 :

1891 1974 2116 2028 tradidit
2148 1975 2502 2044 Augustinus,
2524 1977 2776 2030 nocuisse
2801 1977 2979 2046 quoad
3018 1976 3261 2030 animum
3294 1975 3455 2030 simul

1889 2074 1944 2118 et
1981 2081 2199 2135 corpus,
2234 2067 2384 2120 illum
2429 2067 2637 2137 justitia
2680 2068 2953 2138 originali,
2989 2067 3133 2122 istud
3173 2068 3456 2121 immorta-

1888 2155 2040 2209 litate
2077 2157 2359 2225 spoliando
2389 2177 2402 2212 :
2436 2158 2742 2213 diviserunt
2781 2160 3062 2221 nonnulli,
3102 2159 3456 2228 nocitumque

1889 2247 2072 2299 animo
2115 2258 2415 2317 negarunt,
2459 2249 2796 2303 afﬁrmarunt
2836 2250 3072 2318 corpori.
3118 2249 3455 2303 Sententiam

1887 2335 2177 2406 Augustini
2225 2341 2472 2407 sequitur
2513 2340 2777 2400 Ecclesia,
2822 2340 3041 2409 rejectis
3080 2340 3202 2393 aliis
3244 2340 3458 2394 duabus

1890 2428 2039 2481 velut
2071 2429 2340 2483 erroneis.
2385 2429 2678 2495 Quaritur,
2701 2431 2798 2484 cui
2832 2430 2898 2484 de
2933 2431 3109 2484 tribus
3139 2430 3457 2486 Theodore-

1891 2524 1978 2571 tus
2007 2519 2314 2574 adhascrit.

1960 2609 2046 2662 lll.
2081 2610 2260 2664 Vidcri
2293 2620 2472 2681 potest
2511 2623 2798 2682 suspectus
2833 2613 3053 2667 nomine
3083 2613 3458 2668 consensionis

1890 2715 2012 2754 cum
2036 2701 2326 2755 Theodoro
2354 2721 2364 2755 :
2391 2705 2587 2772 primo,
2610 2713 2835 2773 propter
2858 2704 3153 2760 immensas
3177 2705 3230 2758 in
3257 2705 3455 2774 ipsum,

1889 2793 2039 2847 velut
2069 2794 2234 2847 totius
2263 2795 2519 2849 Ecclesia
2550 2795 2887 2864 magistrum,
2911 2804 3196 2865 congestas
3227 2796 3416 2850 laudes
3441 2814 3453 2848 :

1891 2885 2096 2949 deinde,
2127 2885 2254 2954 quia
2287 2886 2338 2938 in
2376 2886 2508 2954 ipsis
2543 2885 2705 2939 etiam
2740 2886 3117 2939 IIwreticurum
3157 2887 3458 2956 fabularum

1890 2975 2067 3038 libris,
2100 2975 2230 3028 dum
2257 2985 2507 3030 recenset
2531 2976 2819 3030 haereticos
2851 2976 3094 3029 omnium
3118 2983 3358 3040 atatum,
3391 2975 3458 3031 de

1891 3065 2255 3131 Calestianis,
2296 3068 2347 3121 id
2391 3075 2495 3132 est,
2530 3067 2740 3137 peccati
2789 3067 3071 3136 originalis
3113 3067 3458 3136 impugnata-

1893 3160 2068 3223 ribus,
2101 3159 2254 3213 silet:
2283 3159 2522 3228 denique,
2550 3157 2806 3226 quoniam
2833 3173 2997 3227 super
3025 3157 3129 3210 hac
3159 3157 3459 3226 quastione

1888 3250 2118 3321 perinde
2170 3249 2412 3318 loquitur
2454 3265 2517 3304 ac
2562 3247 2858 3318 Pelagiani,
2894 3247 3085 3302 saltem
3138 3247 3327 3316 aliqui,
3369 3263 3461 3302 eo-

1889 3341 2124 3410 demque
2161 3341 2322 3394 tnodo
2360 3340 2753 3409 interpretatur
2786 3341 2944 3409 plura
2978 3337 3272 3409 Scriptura
3301 3338 3458 3392 testi-

1890 3432 2094 3498 monia,
2117 3448 2237 3501 quae
2268 3432 2322 3485 in
2346 3432 2662 3486 alterutram
2698 3439 2908 3500 partem
2937 3430 3308 3485 adducuntur.
3335 3429 3460 3484 Hac

1890 3521 1991 3575 tria
2013 3521 2314 3590 probantur
2336 3521 2390 3574 in
2411 3521 2558 3575 hunc
2583 3521 2825 3575 modum.

1961 3613 2047 3669 IV.
2087 3615 2154 3668 Et
2182 3618 2411 3683 primum
2440 3613 2662 3683 quidem
2707 3613 2774 3668 de
2815 3613 3089 3677 laudibus,
3128 3615 3216 3666 vix
3259 3613 3457 3682 proba-

1891 3706 2038 3758 tione
2060 3711 2182 3774 eget
2209 3721 2221 3756 :
2256 3711 2472 3772 quanta
2505 3712 2633 3756 sunt
2660 3703 2807 3756 enim
2835 3703 2973 3766 ista,
3001 3717 3274 3771 quamque
3301 3717 3460 3772 exag-

1889 3805 2085 3864 gerata
2127 3795 2200 3846 “l
2264 3813 2280 3844 ι
2327 3793 2444 3859 Quo
2520 3801 2765 3862 tempore
2848 3792 3070 3847 divinus
3137 3792 3460 3846 Theodorus

1888 3886 2284 3940 Antiochenam
2328 3885 2552 3954 regebat
2598 3883 2932 3947 Ecclesiam,
2982 3883 3302 3936 Theodorus
3343 3882 3457 3936 llo-

1889 3977 2143 4047 psucstia
2183 3975 2490 4045 episcopus,
2530 3974 2697 4028 totius
2736 3972 2992 4026 Ecclesia
3027 3972 3304 4040 magister,
3345 3971 3457 4025 ha-

1889 4070 2292 4136 reticarumque
2319 4066 2564 4119 omnium
2590 4063 2899 4117 cohortium
2935 4060 3259 4123 debellator,
3289 4060 3458 4115 vitam

1890 4159 2050 4212 ﬁniit.
2088 4159 2187 4213 Hic
2221 4157 2401 4227 magni
2445 4154 2669 4208 Diodori
2711 4153 2928 4206 auditor
2970 4151 3091 4216 fuit,
3126 4152 3459 4221 Joannisque

1891 4245 2220 4301 sanctissimi
2264 4246 2445 4299 socius
2490 4254 2545 4297 et
2581 4243 2832 4314 adiutor;
2869 4257 2975 4295 una
3009 4241 3156 4295 enim
3199 4242 3458 4311 spiritua-

1888 4339 2035 4392 libus
2081 4336 2300 4391 Diodori
2348 4335 2568 4390 fluentis
2620 4333 2778 4404 potiti
2834 4341 2978 4388 sunt.
3032 4333 3090 4386 In
3143 4332 3458 4402 episcopatu

212 4434 347 4505 egit,
377 4433 711 4488 inducuntur
740 4449 1008 4502 pel-some,
1039 4435 1175 4488 nihil
1217 4436 1511 4490 admodum
1545 4439 1688 4492 vate;
1719 4441 1788 4494 ad
1821 4433 1861 4487 D
1890 4437 2073 4482 autem
2117 4443 2290 4481 annos
2320 4425 2532 4496 peregit
2558 4440 2652 4479 sex
2681 4431 2736 4480 et
2769 4423 3010 4495 triginta,
3036 4431 3227 4478 contra
3256 4431 3458 4479 sectam

212 4526 649 4594 cognoscendam
685 4525 984 4580 adversarii
1025 4534 1264 4581 mentem
1301 4544 1314 4579 :
1344 4527 1399 4580 in
1426 4543 1491 4582 eo
1517 4529 1667 4583 enim
1693 4547 1789 4600 po-

211 4617 318 4669 sita
359 4626 445 4669 est
468 4618 685 4686 generis
719 4617 866 4671 illius
898 4633 1008 4682 ars,
1037 4627 1098 4671 ut
1134 4625 1286 4671 actor
1313 4617 1587 4673 defensori
1622 4623 1788 4677 verba

210 4704 552 4774 suppeditet,
579 4705 632 4758 in
665 4708 904 4775 speciem
940 4723 1050 4761 sua
1081 4723 1257 4762 causa
1289 4711 1667 4778 accommoda;
1706 4729 1791 4768 re-

209 4812 347 4849 vera
392 4804 596 4860 autem,
637 4797 729 4851 ubi
775 4806 1144 4867 exponuntur,
1192 4789 1536 4856 incommoda
1573 4819 1585 4856 :
1626 4812 1790 4874 atque

211 4882 476 4937 defensor
517 4899 656 4954 sape
696 4885 932 4956 fingatur
981 4895 1077 4940 aut
1121 4887 1303 4958 inepta
1355 4891 1537 4960 loqui,
1578 4902 1673 4948 aut
1721 4894 1788 4948 iis

211 4973 472 5028 assentiri
505 4990 626 5044 qua
649 4991 757 5029 non
789 4983 1071 5030 merentur
1105 4977 1287 5032 ﬁdem.
1322 4978 1412 5033 Sic
1439 4982 1586 5035 enim
1615 4983 1787 5038 lecto-

213 5065 290 5119 ris
326 5064 549 5118 animus
587 5079 654 5118 eo
702 5065 904 5119 sensim
957 5064 1074 5120 sine
1122 5081 1286 5120 sensu
1335 5067 1650 5134 inclinatur,
1681 5086 1792 5140 quo

210 5155 388 5209 actori
427 5154 595 5221 libet;
638 5155 1102 5224 quemadmodum
1139 5157 1193 5210 in
1226 5157 1449 5227 judiciis
1487 5159 1618 5214 ferri
1656 5163 1792 5218 solet

206 5235 490 5298 sententia
533 5243 589 5296 in
630 5258 751 5298 eam
793 5251 1040 5313 partem,
1090 5244 1146 5298 in
1191 5261 1356 5314 quam
1398 5248 1793 5305 contendentes

210 5342 408 5402 sponte
442 5333 816 5392 consentiunt.

1889 4519 2146 4574 Arianam
2171 4527 2227 4572 et
2251 4517 2647 4572 Eunomianam
2679 4515 2966 4580 dimicans,
2988 4524 3045 4570 et
3069 4515 3458 4570 clandestinam

1889 4610 2212 4680 Apollinarii
2260 4609 2540 4664 cohortem
2583 4607 2910 4678 profligans,
2967 4617 3022 4662 et
3065 4606 3324 4676 optimam
3381 4607 3463 4660 di-

1889 4702 2030 4757 vinis
2088 4701 2282 4756 ovibus
2337 4699 2566 4754 herbam
2625 4699 3001 4769 suppeditans.
3056 4718 3074 4749 ι
3131 4699 3198 4752 Et
3242 4699 3348 4752 alio
3405 4699 3459 4752 in

1888 4794 2010 4848 loco
2039 4794 2086 4824 "
2125 4811 2138 4846 :
2187 4811 2204 4844 ι
2246 4779 2554 4846 ΡίὈῖθΠθῑῐὶ
2628 4791 2793 4868 etiam
2871 4790 2970 4844 tibi
3038 4788 3458 4844 fortissimorum

1891 4885 2139 4940 veritatis
2203 4891 2704 4954 propugnatorum,
2762 4883 2984 4937 Diodori
3037 4891 3092 4936 et
3153 4881 3458 4946 Theodori,

1894 4977 2292 5039 enarrationes,
2315 4975 2419 5028 nisi
2441 4973 2708 5039 viderem,
2729 4989 2828 5028 vos
2846 4973 3060 5028 infenso
3080 4974 3136 5027 in
3160 4973 3262 5026 hos
3280 4972 3462 5027 animo

1892 5081 2032 5131 esse,
2081 5063 2513 5135 Apollinariique
2562 5062 2616 5116 in
2663 5078 2760 5117 eos
2799 5061 2928 5116 odio
2968 5070 3025 5115 et
3067 5062 3462 5122 malevolentia

1893 5157 2220 5212 successisse
2255 5173 2268 5208 :
2297 5154 2530 5209 vidisses
2572 5153 2720 5209 enim
2759 5153 2860 5208 hos
2895 5153 3059 5207 etiam
3092 5152 3303 5207 cateris
3336 5168 3438 5206 con

1893 5249 2145 5304 sonantia
2177 5245 2484 5316 scripsisse,
2516 5253 2572 5300 et
2602 5259 2668 5300 ex
2699 5245 2886 5299 divino
2915 5245 3061 5299 fonte
3091 5244 3294 5299 fluenta
3325 5244 3460 5298 hau~

1888 5343 2055 5406 sisse,
2077 5338 2332 5406 rivosque
2355 5343 2411 5391 et
2430 5335 2597 5407 489
2615 5336 2762 5406 ipsos
2782 5350 2997 5405 quoque
3023 5336 3202 5393 sancti
3229 5334 3464 5404 Spiritus

1551 5475 1859 5533 SCHULZII
1890 5478 2111 5538 ΝΟΤᾹΞ.

286 5588 334 5668 τξ
360 5587 582 5668 Favere,
607 5587 800 5668 ctc._Si
821 5587 1030 5643 scilicet
1050 5602 1116 5641 ex
1140 5589 1269 5643 reali
1288 5594 1574 5668 praesentia
1597 5595 1923 5668 concludere
1945 5597 2125 5668 liceat,
2156 5609 2345 5668 verum
2368 5609 2487 5668 esse
2511 5593 2804 5668 dogma__de
2822 5587 3460 5668 transsubstantiatione.

217 5657 323 5732 Sed
355 5674 462 5712 non
500 5657 868 5732 valerehane
913 5657 1324 5732 argumentandi
1375 5660 1660 5732 rationem,
1693 5665 1806 5732 ipse
1839 5664 2103 5718 Baronius
2154 5664 2352 5732 aliique
2408 5657 2661 5718 Romana
2711 5661 2966 5716 Ecclesia
3007 5662 3254 5715 doctores
3302 5658 3456 5712 intel-

219 5731 493 5783 lexerunt.
568 5727 614 5759 7“
650 5727 768 5780 Vid.
805 5727 936 5780 Hist.
967 5726 1089 5779 ceri.
1117 5727 1210 5780 lib.
1241 5746 1290 5792 v,
1317 5745 1433 5797 cap.
1467 5731 1560 5784 ttlt.

1641 5734 1684 5764 ⁷⁵
1715 5733 1876 5785 Eran.
1933 5733 2063 5786 Dial.
2107 5735 2149 5786 l.
