3956 6298
514 316 618 380 835

1603 305 1977 366 GARNERII
2015 305 2511 367 DISSER'I‘ATIO
2547 307 2660 366 III.

3650 302 3773 369 436

514 425 808 482 exstitisse.
845 439 862 473 ι
900 422 967 475 Et
1000 420 1056 473 in
1095 419 1204 472 alio
1241 430 1431 470 rursus
1467 415 1718 470 alludens
1754 414 1820 469 ad
1854 416 2079 470 citatum
2111 420 2158 474 Α
2184 414 2438 480 neudam,
2459 416 2569 470 imo
2590 430 2691 469 nec
2709 415 3147 471 memorardam?
3169 412 3531 483 Atquomodo
3551 415 3765 468 exstin-

516 513 891 570 testimonium
931 510 973 540 ⁷⁸
1015 526 1029 560 :
1080 526 1098 559 ι
1149 504 1420 572 Quoniam
1500 513 1683 560 autem
1761 520 1849 559 me
1919 504 2084 560 etiam

515 602 935 674 reprehenditis,
968 598 1122 669 quasi
1158 605 1378 653 sanctos
1406 613 1472 652 ac
1501 597 1692 661 beatos
1718 597 1927 661 Patres,
1959 596 2085 651 Dio-

514 696 710 751 dorum
760 709 825 748 ac
870 691 1257 765 Theodorum,
1308 691 1365 745 in
1418 689 1802 760 magistrorum
1852 704 2085 744 numero

513 785 897 856 praeterierim,
919 783 1292 838 necessarium
1320 781 1450 836 duxi
1479 781 1548 836 de
1586 781 1691 836 hoc
1715 781 1884 837 etiam
1913 796 2088 851 pauca

513 880 718 944 dicere,
754 896 772 928 ι
816 886 924 935 etc.
958 895 976 928 ι
1012 877 1130 944 Quo
1169 887 1351 931 autem
1390 876 1542 930 cultu
1575 877 1726 931 viros
1761 892 2083 946 prosequar,

512 972 672 1025 testis
715 977 799 1023 est
846 968 1009 1033 liber,
1052 984 1216 1038 quem
1266 967 1334 1021 de
1384 967 1494 1022 illis
1539 967 1842 1036 composui,
1882 967 1936 1022 in
1979 984 2087 1037 qua

512 1057 801 1114 conﬂatam
845 1059 902 1113 in
941 1057 1067 1111 illos
1121 1057 1529 1112 accusationem
1574 1056 1856 1111 diluimus.
1887 1077 1906 1108 ι
1949 1055 2086 1112 Cum

511 1165 642 1219 ergo
685 1164 878 1220 magna
918 1149 1093 1204 soleat
1117 1164 1240 1203 esse
1266 1149 1467 1203 mentis
1505 1163 1631 1202 eum
1665 1150 1946 1203 voluntate
1975 1148 2089 1202 atii-

511 1241 675 1304 nitas,
708 1254 901 1309 magna
925 1239 1223 1294 necessitas
1247 1238 1427 1294 laudis
1450 1247 1505 1294 et
1526 1238 1870 1301 imitationis,
1895 1238 2086 1291 saltem

515 1330 660 1399 apud
705 1331 983 1385 hominem
1029 1331 1125 1399 qui
1168 1330 1274 1386 sibi
1329 1345 1629 1400 generosus
1674 1330 1912 1393 videtur,
1964 1328 2088 1399 quis

515 1422 925 1478 Theodoretum
974 1422 1134 1477 facile
1178 1421 1368 1475 credat
1416 1421 1740 1476 dissensisse
1776 1419 2086 1487 Theodoro,

513 1527 679 1581 quem
726 1512 877 1566 velut
925 1511 1095 1566 totius
1143 1510 1400 1565 Ecclesia:
1449 1510 1797 1581 magistrum,
1840 1510 2089 1565 veritatis

512 1602 872 1658 fortissimum
914 1611 1397 1672 pr0pugnatorem,
1432 1601 1823 1657 debellatorem
1869 1601 2087 1656 haeretis

513 1709 701 1751 carum
737 1695 1072 1760 cohortium,
1103 1694 1281 1748 rivum
1315 1692 1557 1764 Spiritus
1585 1693 1856 1759 veritatis,
1886 1693 2086 1763 praedi-

513 1785 656 1840 cavit
678 1796 733 1839 et
763 1786 971 1840 coluit?

522 1932 527 1938 _
588 1876 647 1931 V.
677 1876 802 1930 lam
829 1893 950 1931 vero
978 1877 1124 1946 quod
1151 1877 1219 1931 de
1247 1876 1591 1932 C(elestianis
1608 1876 2091 1932 Ccelcstianorum-

511 1982 620 2038 que
645 1967 839 2021 haeresi
867 1976 1185 2022 constanter
1214 1968 1416 2037 ubique
1446 1966 1681 2028 siluerit,
1706 1975 1763 2021 et
1783 1965 2088 2036 praesertim

512 2058 567 2112 in
618 2072 819 2128 opere,
872 2074 984 2128 quo
1041 2057 1426 2113 hatreticarum
1481 2058 1729 2113 omnium
1776 2056 2088 2111 fabularum

510 2149 922 2219 compendium,
958 2148 1382 2219 divinorumque
1424 2148 1770 2204 decretorum
1810 2146 2087 2217 epitomen

512 2239 796 2309 promisit;
823 2256 986 2295 nemo
1017 2241 1110 2309 qui
1142 2239 1476 2294 Theodoreti
1514 2256 1681 2311 opera
1706 2238 1919 2310 legerit,
1950 2237 2087 2292 ditii-

512 2328 614 2385 tcri
652 2329 816 2383 valet.
857 2327 1069 2383 Silentii
1112 2344 1244 2383 vero
1276 2344 1398 2397 quae
1432 2336 1632 2399 pmter
1668 2327 2085 2384 consensionem

510 2429 676 2471 causa
708 2415 915 2470 fuerit?

579 2505 666 2559 An
703 2506 850 2574 quod
891 2506 1135 2576 ignotum
1166 2516 1312 2561 esset
1347 2506 1694 2561 Theodoreto
1725 2504 2082 2561 Ctelestiano-

511 2611 636 2651 rum
681 2598 922 2651 nomen?
971 2597 1041 2652 At
1089 2597 1222 2651 illud
1273 2598 1477 2667 Ephesi
1529 2598 1795 2652 catholica
1844 2597 2085 2669 synodus

512 2686 893 2752 sehismatieat,
922 2688 1269 2744 schismatica
1293 2689 1577 2744 catholicas
1602 2689 1823 2758 obiecit.

580 2776 665 2831 An
691 2776 838 2847 quod
867 2778 1091 2833 latuerit
1124 2794 1248 2832 eum
1277 2777 1536 2833 haeresis?
1566 2781 1729 2847 Atqui
1765 2778 1820 2832 in
1849 2780 1866 2798 ⁶
1892 2777 2085 2835 Orien-

511 2866 582 2921 tis
622 2866 866 2932 dioecesi,
897 2867 990 2921 ubi
1032 2882 1248 2937 semper
1293 2866 1412 2930 fuit,
1453 2875 1508 2920 et
1542 2875 1661 2920 orta
1697 2874 1801 2932 est,
1831 2868 2082 2938 Mopsue-

509 2958 656 3025 stiaz;
691 2967 748 3013 et
783 2959 1004 3014 tertium
1051 2959 1324 3024 damnata,
1363 2959 1531 3013 semel
1579 2959 1843 3029 Diospoli,
1882 2960 2083 3014 iterum

2186 514 2327 560 ctam
2357 505 2613 572 credidit,
2644 507 2800 574 cujus
2843 519 3042 558 nomen
3086 503 3345 559 audiebat
3371 503 3439 557 ad
3476 503 3765 558 infamiam

2186 598 2388 669 obiici?
2420 597 2625 653 Deinde
2668 597 2832 669 490
2870 597 3108 667 plurium
3161 597 3441 651 btereseon
3483 597 3764 660 meminit,

2186 704 2341 759 quas,
2370 705 2494 745 cum
2522 689 2791 752 meminit,
2818 688 3115 743 exstinctas
3141 685 3593 741 refert.Credidit
3608 695 3767 740 certe

2186 781 2511 835 exstinctam
2555 780 2776 851 penitus
2822 777 3248 851 Eutychianam,
3287 793 3411 834 cum
3459 776 3766 841 scriberet;

2188 870 2355 925 refert
2381 881 2560 926 tamen
2583 877 2640 925 et
2663 871 2965 941 impugnat.

2258 962 2340 1016 An
2386 962 2534 1031 quod
2580 962 2886 1017 doctrinam
2933 962 3001 1016 de
3044 969 3269 1031 peccato
3316 958 3565 1030 originali
3615 960 3773 1016 inter

2187 1055 2450 1124 ἀδιάφορα
2482 1055 2745 1125 posuerit,
2776 1054 3238 1123 quaestionemque
3268 1067 3387 1107 esse
3423 1052 3754 1119 crediderit,

2188 1159 2297 1198 non
2331 1144 2560 1215 dogma?
2596 1144 2702 1199 Sed
2742 1145 2816 1198 ita
2861 1144 3086 1207 sentire,
3124 1153 3206 1197 est
3246 1143 3483 1197 hominis
3512 1153 3605 1198 aut
3633 1142 3768 1200 εω-

2187 1234 2425 1301 lestiani,
2456 1244 2551 1290 aut
2578 1252 2703 1290 cum
2726 1235 2980 1292 Caelestio
3007 1235 3302 1305 loquentis.

2259 1330 2341 1384 An
2391 1330 2666 1400 denique,
2713 1329 2858 1399 quod
2913 1329 3124 1383 silendo
3176 1329 3467 1385 indulserit
3511 1330 3763 1395 aﬂ'ectui,

2188 1420 2534 1490 volueritque
2583 1435 2682 1490 pro
2732 1419 2936 1484 studio,
2987 1427 3082 1474 aut
3128 1420 3424 1485 Theodori,
3455 1421 3550 1491 qui
3596 1431 3767 1478 secta‘

2188 1520 2400 1573 auctor,
2442 1520 2538 1566 aut
2582 1511 2842 1576 Nestorii,
2872 1510 2967 1582 qui
3015 1520 3297 1581 patronus,
3328 1511 3535 1565 nomini
3579 1513 3764 1582 parei-

2189 1611 2325 1668 tum,
2359 1603 2601 1658 noluerit
2643 1619 2882 1674 quoque,
2916 1618 3027 1674 pra:
3063 1603 3211 1667 odio,
3248 1604 3527 1658 celebrare
3558 1619 3767 1659 nomen

2189 1702 2283 1748 aut
2327 1691 2606 1749 leestini
2655 1693 2947 1763 pontiﬁcis,
2991 1701 3086 1748 aut
3137 1694 3423 1764 Ephesium
3472 1694 3689 1765 synodi,
3733 1713 3766 1749 ιι

2191 1784 2392 1853 quibus
2419 1783 2708 1853 postremis
2734 1784 2955 1838 haeresis
2984 1783 3282 1855 proscripta
3310 1784 3431 1838 est?

2260 1873 2339 1937 Id,
2380 1875 2483 1928 etsi
2528 1889 2626 1943 per
2672 1888 2730 1929 se
2782 1873 3120 1933 simillimum
3162 1889 3295 1929 vero
3340 1882 3443 1938 est,
3483 1874 3528 1928 si
3579 1884 3765 1929 tamen

2189 1965 2445 2021 laudibus
2467 1966 2740 2021 Theodori
2787 1967 3041 2033 addatur,
3081 1967 3305 2021 maximi
3342 1965 3433 2022 ﬁet
3472 1968 3767 2030 momenti,

2188 2057 2491 2127 prtesertim
2531 2072 2657 2112 eum
2698 2058 2947 2127 nuspiam
2995 2066 3184 2128 aperte
3229 2073 3332 2129 pro
3378 2058 3769 2121 defensoribus

2188 2148 2396 2220 peccati
2428 2148 2730 2220 originalis,
2765 2149 2969 2224 ubique
3004 2165 3116 2207 non
3147 2149 3379 2207 obscure
3415 2164 3540 2205 cum
3582 2149 3764 2222 impu-

2187 2240 2507 2312 gnatoribus
2534 2240 2790 2309 loquatur
2816 2241 2880 2294 ".

2255 2333 2342 2389 VI.
2372 2332 2511 2387 Illud
2551 2342 2756 2397 autem,
2785 2332 2933 2402 quod
2976 2334 3033 2387 in
3068 2332 3360 2403 partitione
3394 2333 3607 2387 tertium
3654 2342 3765 2398 est,

2185 2439 2298 2484 non
2343 2423 2548 2478 difficili
2580 2424 2804 2494 negotio
2831 2423 3141 2488 conficitur,
3172 2424 3216 2479 si
3258 2424 3590 2479 Theodoreti
3633 2424 3765 2480 (106?

2185 2502 2331 2571 trina
2376 2532 2500 2571 eum
2537 2516 2800 2586 opinione
2838 2515 3189 2583 defensorum
3230 2517 3438 2587 peccati
3473 2516 3766 2585 originali.

2184 2607 2680 2678 componatur.llli,
2712 2615 2771 2661 ut
2790 2608 2985 2662 scitum
3011 2615 3117 2673 est,
3153 2609 3492 2679 argumentis
3510 2608 3627 2663 suis
3651 2607 3766 2663 duo

2185 2699 2417 2755 maxime
2457 2698 2764 2769 probabant
2793 2716 2807 2752 :
2840 2700 3098 2762 alterum,
3125 2698 3271 2769 quod
3330 2707 3560 2769 peccato
3596 2700 3766 2770 primi

2183 2789 2422 2844 hominis
2445 2804 2594 2849 mors
2615 2789 2899 2843 intraverit
2926 2789 2981 2842 in
3004 2789 3268 2843 mundum
3294 2806 3308 2842 :
3333 2790 3590 2854 alterum,
3613 2790 3766 2859 quod

2184 2896 2295 2934 non
2321 2881 2568 2950 corporis
2602 2880 2793 2951 solius,
2818 2880 2913 2935 sed
2941 2881 3135 2936 anima:
3159 2881 3322 2936 etiam
3355 2897 3504 2935 mors
3538 2890 3766 2952 peccato

2183 2971 2375 3025 Adami
2406 2970 2678 3025 transfusa
2723 2970 2794 3025 sit
2833 2971 2889 3024 in
2917 2978 3185 3039 posteros.
3222 2970 3304 3024 Ad
3335 2970 3386 3023 id
3415 2970 3764 3040 probandum

509 3048 833 3113 Antiochiae,
868 3050 1090 3104 tertium
1135 3049 1406 3104 Anazarhi
1449 3050 1505 3103 in
1555 3048 1745 3105 Cilicia
1793 3051 2077 3105 secunda:
2111 3075 2151 3130 ρ
2189 3062 2368 3116 [ribus
2417 3061 2720 3130 prmserﬁm
2771 3077 2840 3116 ex
2886 3061 3022 3116 locis
3072 3070 3397 3131 argumenta
3445 3061 3764 3128 sumebant,

507 3139 603 3209 qui
637 3154 768 3194 vero
806 3139 909 3193 ista
953 3140 1161 3193 homini
1201 3138 1597 3204 euriosissimo,
1627 3139 1683 3194 in
1720 3139 1920 3193 vicinia
1951 3154 2082 3193 con-

507 3230 722 3293 Stituto,
754 3239 978 3300 propter
1007 3230 1312 3300 doctrinam
1346 3231 1458 3300 jam
1494 3238 1609 3283 tum
1645 3229 1868 3293 celebri,
1902 3230 2081 3284 Theo-

513 3321 634 3380 dori
652 3322 1048 3386 amantissimo,
1074 3321 1349 3375 Theodori
1370 3320 1697 3380 Antiocheni
1722 3321 2079 3376 dilectissimo

508 3411 814 3480 discipulo,
867 3409 1110 3465 inaudita
1162 3425 1284 3467 esse
1337 3411 1652 3481 potuerint,
1707 3427 1831 3464 cum
1883 3427 2081 3482 magno

508 3503 745 3573 strepitu
773 3513 990 3573 peracta
1014 3504 1145 3565 sint,
1173 3518 1295 3557 cum
1318 3501 1537 3571 scriptis
1558 3518 1587 3557 a
1614 3501 1902 3558 Theodoro
1926 3504 2081 3561 libris

509 3596 782 3665 evulgata,
815 3611 938 3648 cum
962 3595 1168 3649 nemini
1199 3610 1295 3664 per
1314 3594 1596 3649 Orientem
1625 3596 1807 3665 ignota
1828 3597 1909 3650 '7?

579 3684 661 3738 An
695 3684 842 3752 quod
870 3683 1059 3741 isthaec
1087 3683 1309 3738 haeresis
1330 3684 1696 3749 Theodoreto,
1721 3686 2079 3754 quemadmo-

507 3773 639 3829 dum
665 3782 721 3828 et
741 3773 937 3832 Joanni
981 3774 1491 3846 ilierosolymitano,
1520 3775 1635 3831 visa
1660 3777 1731 3831 sit
1759 3777 2076 3834 Latinorum

508 3865 699 3935 magis,
726 3880 888 3934 quam
918 3865 1264 3921 Grzecorum?
1296 3868 1515 3932 Verum,
1540 3878 1902 3938 praeterquam
1931 3870 2077 3939 quod

507 3970 667 4013 antea
711 3956 779 4011 de
821 3965 946 4012 ortu
977 3957 1185 4012 dictum
1223 3968 1327 4023 est,
1356 3958 1533 4027 deque
1559 3958 1701 4020 trina
1730 3959 2077 4016 damnatione

505 4048 566 4103 in
613 4046 855 4104 Orientis
900 4048 1154 4111 dimcesi,
1197 4057 1254 4103 et
1293 4049 1362 4105 de
1408 4050 1530 4104 aliis
1573 4059 1830 4120 quatuor,
1874 4052 2077 4121 Ephesi

501 4139 740 4203 duabus,
782 4139 1252 4210 Constantinopoli
1298 4141 1526 4196 totidem
1573 4141 1751 4203 factis,
1800 4144 2079 4199 recensuit

504 4235 653 4285 certe
701 4228 846 4282 inter
894 4229 1182 4284 baareticos
1224 4228 1526 4296 Novatum,
1573 4231 1666 4300 qui
1717 4231 1903 4287 Roma:
1946 4232 2078 4288 fecit

503 4315 774 4384 haeresin;
815 4322 1093 4375 recensuit
1136 4326 1194 4374 et
1234 4320 1612 4387 Montanistas,
1658 4323 1752 4400 qui
1795 4339 1862 4378 ex
1895 4322 2077 4387 Africa

502 4410 848 4479 prodierunt.

580 4502 659 4557 An
691 4502 836 4572 quod
876 4502 1057 4555 nullos
1095 4501 1336 4571 legisset,
1374 4504 1471 4571 qui
1501 4504 1586 4557 vel
1619 4520 1720 4574 pro
1758 4507 1953 4562 haeresi
1992 4508 2075 4562 vel

502 4601 695 4648 contra
726 4592 957 4647 haaresin
988 4591 1368 4661 scripsissent?
1394 4593 1500 4647 Sed
1535 4602 1594 4646 ut
1621 4595 1847 4651 Latinos
1880 4606 2077 4652 tracta-

505 4693 595 4738 tus
626 4682 847 4736 Graecus
890 4683 1054 4736 homo
1088 4697 1199 4734 non
1243 4682 1462 4747 viderit,
1496 4685 1773 4753 quomodo
1821 4702 1945 4741 cum
1994 4688 2078 4742 in—

504 4772 843 4834 credibiliter
870 4772 1104 4841 cupidus
1142 4772 1282 4825 foret
1322 4773 1554 4837 sciendi,
1584 4790 1707 4843 quae
1737 4776 1939 4846 ubique
1968 4779 2075 4835 Ec—

504 4865 690 4919 clesia:
720 4873 1065 4935 gererentur,
1099 4863 1276 4931 potuit
1309 4862 1496 4920 Grzcca
1535 4865 1651 4922 haec
1690 4867 1791 4922 tria
1836 4871 2071 4938 nescire,

508 4953 669 5008 fidem
698 4952 902 5009 Ruﬁni.
937 4951 1207 5007 Theodori
1235 4968 1372 5021 opus
1398 4954 1663 5011 adversus
1690 4957 2072 5028 Augustinum,

504 5044 640 5099 Acta
686 5041 1073 5109 Diospolitante
1116 5043 1337 5113 synodi,
1386 5061 1505 5115 quae
1550 5056 1746 5113 cuneta
1780 5050 1836 5104 in
1874 5051 2075 5117 vicinia

504 5134 653 5195 edita
685 5133 851 5188 sunt?
1150 5121 1155 5127 “

577 5223 659 5281 An
706 5223 995 5289 evanuisse
1049 5233 1200 5289 ratus
1242 5236 1325 5294 est
1372 5227 1628 5294 haeresin,
1658 5231 1894 5302 ideoque
1925 5249 2079 5304 sper-

2188 3168 2384 3222 ncmpe
2414 3168 2480 3206 ex
2509 3151 2841 3212 testimoniis
2877 3151 3192 3221 Scriptura,
3223 3167 3290 3205 ex
3332 3151 3630 3205 traditione
3657 3151 3761 3207 Ec-

2186 3242 2366 3296 clesiae
2394 3242 2720 3312 baptizantis
2747 3242 3027 3311 parvulos,
3054 3258 3121 3296 ex
3144 3241 3400 3306 miseriis,
3427 3242 3634 3312 quibus
3660 3241 3757 3296 οδε

2186 3332 2409 3386 noxium
2433 3342 2518 3387 est
2543 3349 2713 3403 genus
2738 3324 3038 3397 humanum
3064 3351 3078 3385 :
3104 3347 3273 3403 quare
3298 3333 3575 3387 eluccscet
3609 3347 3763 3389 ment

2185 3431 2241 3477 et
2281 3421 2530 3478 doctrina
2572 3422 2928 3486 Theodoreti,
2970 3423 3327 3496 elarebitque,
3367 3434 3635 3494 quantum
3667 3430 3761 3479 aut

2186 3512 2491 3568 consentiat
2533 3522 2628 3565 aut
2669 3512 2956 3567 dissentiat
2992 3513 3274 3568 catholicae
3301 3513 3430 3569 fidei
3458 3514 3755 3568 defensoris

2185 3605 2308 3668 bus,
2334 3605 2378 3659 si
2402 3612 2677 3673 quaeratur
2712 3621 2726 3656 :

2256 3696 2366 3753 VII.
2394 3696 2537 3762 Quid
2568 3696 2802 3750 senserit
2831 3696 2884 3750 l°
2909 3694 2977 3750 de
3007 3697 3203 3751 mortis
3231 3712 3528 3767 corporum
3560 3715 3763 3765 causa;

2185 3787 2241 3840 2ο
2273 3787 2340 3841 de
2381 3785 2746 3842 lransfusione
2784 3787 2957 3857 culpa:
2991 3802 3088 3841 seu
3118 3789 3309 3843 mortis
3342 3789 3575 3857 animm;
3607 3791 3663 3843 5°
3691 3792 3764 3846 de

2186 3878 2516 3933 testimoniis
2559 3878 2887 3947 Scriptum,
2932 3893 3054 3947 quae
3101 3879 3155 3932 in
3206 3890 3497 3949 utramque
3546 3890 3767 3950 partem.

2185 3969 2561 4037 adducuntur;
2609 3972 2665 4024 4°
2696 3970 2763 4025 de
2803 3970 3076 4039 baptismo
3116 3971 3507 4040 parvulorum;
3545 3981 3601 4026 et
3637 3980 3763 4025 tan-

2185 4058 2308 4112 dem
2339 4060 2394 4115 5°
2419 4059 2487 4114 de
2519 4060 2731 4131 origine
2771 4061 3142 4127 miseriarum,
3171 4062 3373 4131 quibus
3410 4061 3764 4118 conflictatur

2184 4150 2481 4206 humanum
2507 4167 2698 4222 genus.
3744 4148 3748 4152 Α

2254 4238 2387 4294 Vill.
2419 4239 2578 4294 Morti
2605 4241 2851 4309 corporis
2874 4242 3170 4297 obnoxium
3199 4241 3401 4298 factum
3433 4258 3555 4297 esse
3582 4257 3758 4313 genus

2184 4331 2482 4384 humanum
2508 4331 2671 4400 primi
2697 4332 2937 4388 hominis
2966 4343 3212 4403 peccato,
3243 4342 3558 4389 constanter
3588 4333 3757 4388 tradit

2108 4416 2147 4470 D
2178 4420 2234 4475 in
2278 4423 2683 4478 commentariis
2723 4425 2920 4479 Psalmi
2955 4442 2985 4479 ι,
3011 4427 3075 4481 τ’.
3118 4445 3137 4477 ι
3174 4426 3440 4493 Quoniam
3487 4440 3757 4495 peccave-

2179 4520 2330 4576 runt,
2368 4512 2613 4568 interitui
2665 4514 2851 4569 traditi
2900 4524 3058 4583 sunt;
3108 4516 3367 4571 mortales
3413 4531 3545 4570 vero
3597 4515 3754 4581 facti,

2181 4601 2316 4657 tales
2345 4614 2772 4671 procreaverunt
2799 4606 3024 4661 liberos.
3065 4627 3083 4658 ›

2248 4689 2307 4743 In
2345 4689 2559 4761 dialogo
2599 4708 2676 4756 Ill,
2721 4694 2815 4762 qui
2864 4694 3221 4764 Impassibilis
3254 4695 3593 4759 inscribitur,
3628 4703 3756 4765 post

2178 4781 2441 4852 prolixam
2482 4782 2928 4852 disputationem,
2966 4785 3335 4849 Orthodoxus,
3396 4805 3415 4838 ‹
3469 4786 3621 4850 Erat,
3670 4785 3759 4841 in-

2180 4873 2327 4942 quit,
2382 4873 2574 4927 mortis
2641 4875 2860 4943 quidem
2925 4886 3100 4931 mater
3161 4886 3443 4948 peccatum
3483 4877 3551 4939 ⁸ο,
3589 4878 3759 4947 hujus

2176 4978 2309 5019 vero
2348 4972 2503 5033 pater
2551 4964 2823 5021 diabolus.
2858 4986 2877 5018 ι
2918 4967 3057 5021 Tum
3106 4969 3437 5022 assentiente
3477 4967 3755 5031 Eranista,

2177 5054 2354 5124 pergit
2384 5071 2398 5107 :
2434 5073 2451 5104 ι
2484 5055 2522 5110 Α
2556 5065 2780 5125 peccato
2815 5057 2982 5128 igitur
3012 5060 3428 5131 oppugnabatur
3462 5059 3754 5114 hominum

2177 5153 2371 5199 natura
2399 5162 2412 5197 :
2438 5145 2543 5200 hoc
2569 5148 2715 5201 enim
2746 5148 2797 5201 in
2824 5150 3142 5205 servitutem
3170 5151 3425 5221 redigens
3444 5149 3753 5221 obsequen-

2177 5243 2279 5303 tes,
2314 5242 2371 5290 et
2419 5236 2486 5291 ad
2532 5237 2829 5307 pessimum
2880 5247 3089 5309 patrem
3134 5239 3442 5295 adducebat
3483 5248 3542 5294 et
3600 5255 3742 5296 acer

1831 5432 2141 5488 SCHULZII
2172 5433 2395 5490 NOTAE.

504 5628 517 5639 .
575 5555 813 5641 'il‘ip‘ist.
850 5554 936 5641 i6,
971 5554 1037 5641 ad
1064 5556 1353 5641 ‘lnrenaeum.
1431 5559 1632 5641 ττ-γὶἀ.
1666 5576 1851 5641 sppra,
1878 5578 1931 5632 p.
1957 5563 2079 5617 596.
2158 5565 2547 5641 "_Dissensum
2575 5567 2759 5641 potius
2793 5576 3019 5641 testatus
3041 5578 3136 5641 est
3150 5584 3249 5637 per
3268 5584 3330 5641 ea
3364 5584 3483 5641 qua:
3535 5567 3751 5641 scripsit

504 5628 563 5708 in.
587 5624 891 5708 Epistolanr
1064 5625 1456 5708 Romanoshet
1492 5628 1656 5708 Hier;
1684 5624 1792 5685 fab.
1831 5624 2132 5708 |.'v,_c_._xl.
2183 5634 2422 5708 Exstant
2457 5624 2620 5708 etiam
2659 5636 2774 5708 loca
2817 5624 3410 5708 aliaihpieih'ypothesi
3447 5624 3753 5697 contraria.

503 5694 685 5773 Yidfg
714 5695 746 5752 8
846 5696 891 5728 "
915 5695 1036 5756 Vid.
1086 5704 1123 5750 t.
1179 5697 1221 5763 I,
1248 5713 1301 5765 p.
1330 5696 1455 5763 937.
1542 5699 1586 5730 ⁸⁸
1616 5698 1909 5754 Peccatum.
1934 5694 2082 5757 VEdit.

2195 5705 2293 5759 'ior
2337 5705 2463 5761 hab.
2518 5704 2692 5776 culpa.
2726 5706 2832 5761 Sed
2870 5707 2981 5759 vid.
3012 5694 3051 5760 ἰ.
3077 5694 3260 5776 ινξῑ).
3303 5707 3416 5762 197.
