3956 6298
137 324 240 387 ιῖΠ

1345 317 1443 379 DE
1480 317 1657 377 FIDE
1695 314 2202 376 THEODORETI.

3299 300 3405 364 £38

137 437 384 492 bissima:
406 435 566 506 491
598 434 734 504 proli
763 430 1187 487 trausmittebat.
1226 448 1245 481 ι
1291 430 1360 483 Et
1383 438 1591 499 postea,
1631 427 1718 482 di-
1748 437 1790 488 A
1821 430 2014 485 Adami
2050 447 2063 481 ε
2100 437 2202 482 ets:
2232 425 2378 480 enim
2404 422 2540 478 illud
2583 419 2904 474 mandatum
2931 431 3043 471 non
3075 416 3405 485 transgressi

136 536 298 583 conte
338 526 635 582 Eranista:
677 543 693 575 ι
727 523 898 578 Adam
950 530 1072 593 post
1126 522 1615 591 transgressionem
1661 531 1718 573 et

137 619 386 672 divinam
424 615 752 672 sententiam
789 614 982 669 mortis
1023 612 1254 682 imperio
1281 610 1556 674 subditus,
1589 625 1720 664 uxo-

140 725 261 763 rem
307 709 597 778 cognovit,
643 716 698 761 et
736 717 891 776 pater
937 705 1240 774 appellatus
1285 711 1370 758 est
1417 720 1430 756 :
1476 702 1722 756 mortalis

75 794 77 797 ’
135 808 324 854 autem
353 814 478 852 cum
504 807 672 860 esset,
699 795 1014 850 mortalium
1045 803 1201 863 pater
1229 792 1404 846 factus
1423 798 1527 855 est,
1562 810 1579 841 ι
1626 805 1722 844 ex-

135 893 277 961 cipit
309 888 663 944 Ortbodoxus
697 903 710 940 ε
754 906 772 938 ‹
811 887 1026 956 Optime
1067 884 1228 938 nobis
1267 882 1554 938 ostendisti
1592 897 1723 936 cau-

135 1001 275 1044 sam,
305 998 404 1036 cur
429 981 622 1034 mortis
652 978 968 1048 participes,
1000 995 1017 1026 ›
1063 986 1168 1030 etc.

209 1074 270 1128 lu
297 1073 727 1128 Commentariis
748 1070 1005 1139 Epistolas
1031 1068 1097 1121 ad
1133 1067 1291 1120 Rom.
1325 1080 1445 1133 cap.
1492 1079 1543 1126 v,
1572 1076 1724 1116 num.

137 1167 206 1219 li
239 1184 251 1218 :
290 1184 306 1215 ‹
352 1163 508 1218 Sicut
550 1163 662 1220 ille.
700 1161 793 1231 qui
845 1160 1056 1229 primus
1101 1156 1366 1227 peccavit,
1402 1154 1597 1207 mortis
1636 1152 1731 1206 de-

137 1266 297 1309 creto
348 1254 631 1322 subjectus
675 1258 778 1314 est,
826 1257 883 1303 et
935 1256 1112 1301 totum
1150 1259 1323 1314 genus
1356 1242 1592 1312 primum
1635 1256 1729 1309 pa-

139 1355 363 1399 rentem
417 1353 666 1398 secutum
712 1349 824 1406 est;
860 1340 932 1394 ita
963 1340 1126 1394 etiam
1170 1336 1432 1391 Dominus
1459 1333 1730 1396 Christus,

143 1452 273 1491 cum
302 1449 572 1490 summam
599 1432 868 1504 justitiam
908 1428 1280 1498 adimplesset,
1312 1423 1505 1478 mortis
1547 1431 1736 1492 poten-

148 1531 281 1582 tiam
341 1526 626 1592 dissolvit;
671 1533 728 1578 et
766 1521 861 1592 qui
909 1522 1120 1590 primus
1168 1534 1236 1572 ex
1283 1515 1519 1570 mortuis
1549 1529 1734 1567 resur-

152 1623 317 1684 rexit,
382 1633 599 1673 onmem
667 1623 922 1670 naturam
979 1612 1266 1667 hominum
1317 1607 1383 1662 ad
1431 1606 1598 1661 vitam
1648 1619 1736 1658 re-

147 1714 308 1768 duxit
357 1713 422 1773 δι,
467 1731 482 1761 ι
526 1720 633 1764 etc.

220 1827 390 1881 Libro
418 1841 451 1876 v
476 1823 852 1878 Hereticarum
878 1820 1204 1889 fabularum,
1247 1830 1365 1884 cap.
1397 1813 1454 1864 ll
1498 1828 1511 1863 :
1555 1828 1573 1860 ‹
1594 1808 1740 1862 Mors

145 1922 296 1975 enim
340 1929 460 1972 crat
490 1932 646 1987 poena
675 1914 903 1985 peccati.
938 1932 955 1962 ι
994 1912 1061 1965 Ει
1097 1917 1283 1979 postea
1315 1925 1329 1960 :
1370 1924 1387 1955 ι
1419 1904 1555 1959 Cum
1595 1916 1739 1956 unus

153 2020 454 2084 peccasset,
509 2010 827 2063 universum
888 2017 1060 2074 genus
1113 1999 1274 2054 morti
1332 1993 1559 2051 tradidit
1601 1991 1667 2043 ⁸².
1711 2007 1728 2040 ι

224 2102 539 2168 Quaestione
565 2114 736 2152 xxxvii
759 2097 815 2150 in
836 2094 1072 2150 Genesin
1092 2090 1138 2122 ⁸³
1164 2109 1178 2144 :
1211 2109 1226 2141 ι
1250 2090 1390 2143 Deus
1413 2093 1536 2156 post
1567 2092 1745 2134 trans-

153 2191 495 2264 gressionem
545 2187 653 2242 fert
701 2185 896 2240 mortis
928 2180 1276 2243 sententiam,
1331 2184 1390 2230 ut
1440 2175 1742 2228 humanum

157 2259 331 2354 genus
364 2279 547 2334 oderit
604 2284 912 2348 peccatum,
945 2273 1149 2344 quippe
1179 2267 1327 2339 quod
1358 2265 1523 2320 fuerit
1550 2259 1743 2316 mortis

153 2388 344 2426 causa.
378 2390 396 2419 ι

223 2465 242 2483 ’
281 2461 374 2515 IX.
407 2461 478 2515 De
506 2457 872 2512 transfusione
915 2453 1108 2508 mortis
1136 2449 1349 2509 animae,
1387 2447 1499 2500 sive
1524 2440 1748 2496 maculae

157 2553 390 2625 peccati,
427 2559 663 2604 mentem
694 2562 848 2602 suam
885 2545 1080 2614 aperit,
1129 2541 1328 2612 partim
1373 2538 1429 2590 in
1461 2534 1751 2590 Commen-

159 2646 312 2700 tariis
355 2644 423 2698 ad
453 2657 670 2696 versum
701 2639 732 2691 7
778 2637 977 2692 Psalmi
1015 2651 1073 2698 1.;
1098 2631 1292 2702 partim
1332 2629 1384 2681 in
1409 2623 1750 2695 expositione

157 2735 418 2806 Epistulae
475 2732 542 2786 ad
573 2732 880 2792 Romanos;
922 2723 1120 2795 partim
1156 2721 1394 2788 denique
1440 2718 1494 2769 in
1528 2714 1672 2768 libro
1717 2727 1749 2763 v

159 2826 545 2882 Hareticarum
602 2818 928 2891 fabularum,
963 2829 1082 2883 cap.
1135 2813 1223 2865 11.
1273 2810 1462 2863 Trium
1505 2807 1752 2860 locorum

160 2915 452 2974 referenda
486 2920 614 2968 sunt
661 2910 851 2972 verba,
903 2907 1033 2961 licet
1074 2903 1309 2973 prolixa.

235 3008 315 3062 Ad
364 3018 583 3059 versum
624 3000 917 3069 septimum
961 2993 1160 3048 Psalmi
1207 3007 1238 3045 ι.
1280 3008 1294 3043 :
1334 2988 1463 3042 Ecce
1516 2986 1654 3038 enim
1699 2986 1754 3038 in

163 3096 531 3170 iniquitatibus
569 3097 843 3159 conceptus
883 3102 1022 3147 sum,
1073 3090 1122 3136 et
1168 3083 1224 3134 in
1263 3077 1486 3150 peccatis
1527 3073 1756 3143 concepit

167 3168 262 3248 me»
313 3199 484 3244 mater
520 3201 667 3248 mea,
740 3181 819 3234 sic
868 3178 1035 3232 habet
1091 3192 1105 3227 :
1158 3191 1175 3223 ι
1240 3170 1413 3232 Olim,
1460 3168 1555 3231 ait,
1621 3175 1675 3220 et
1728 3180 1760 3219 a

166 3281 463 3356 principio,
501 3283 783 3346 peccatum
813 3272 867 3324 in
893 3277 1144 3323 naturam
1173 3260 1466 3331 imperium
1493 3256 1757 3318 obtinuit,
1823 3294 1825 3296 -

170 3379 300 3450 quia
340 3370 585 3429 mandati
610 3364 966 3436 transgressio
996 3361 1122 3414 Evze
1173 3354 1589 3424 conceptionem
1620 3366 1762 3420 prae-

167 3471 358 3529 cessit.
383 3468 513 3521 Post
541 3457 1024 3530 trausgressionem
1068 3451 1215 3506 enim
1257 3447 1607 3513 divinamque
1637 3457 1764 3495 sen-

172 3563 429 3623 tentiam,
482 3565 539 3611 et
586 3550 820 3624 paradisi
871 3544 1233 3618 privationem
1281 3536 1536 3608 cognovit
1594 3533 1766 3588 Adam

177 3669 409 3713 uxorem
461 3664 615 3704 suam
657 3645 844 3705 Evam,
887 3649 942 3694 et
989 3651 1112 3691 eum
1156 3632 1520 3700 concepisset,
1555 3626 1772 3697 peperit

171 3748 432 3804 Cainum.
486 3740 655 3810 Igitur
699 3735 815 3787 vult
868 3731 1074 3791 dicere,
1123 3724 1290 3795 quod,
1327 3736 1450 3776 cum
1486 3727 1770 3789 peccatum

177 3837 420 3908 majores
477 3839 701 3885 nostros
730 3823 1040 3883 invasisset,
1070 3819 1216 3872 viam
1251 3813 1542 3885 quamdam
1576 3817 1632 3864 et
1660 3818 1775 3862 tra-

179 3900 376 3987 mitem
423 3939 524 3995 per
566 3917 885 3991 progeniem
927 3909 1192 3967 effecerit.
1242 3908 1352 3961 Hoc
1380 3913 1437 3961 et
1481 3903 1676 3957 beatus
1700 3900 1780 3954 ait

427 4035 440 4070 :
498 4013 760 4080 Quoniam
813 4007 954 4062 enim
1006 4019 1099 4073 per
1164 4001 1429 4055 hominem
1504 4001 1777 4066 peccatum

183 4113 410 4170 intrauit
452 4110 510 4162 in
557 4093 837 4164 mundum,
870 4107 918 4152 et
963 4113 1058 4168 per
1092 4100 1362 4167 peccatum
1400 4104 1559 4149 mors,
1622 4086 1706 4152 ἐφ’
1735 4075 1778 4150 ᾧ

187 4207 391 4265 πάντες
449 4202 716 4270 ἥμαρτον,
764 4199 1042 4264 propterea
1103 4185 1242 4258 quod
1296 4197 1472 4236 omnes
1531 4191 1778 4249 peccave-

185 4304 317 4352 runt
347 4293 414 4356 ⁸⁵,
458 4309 477 4342 ι
508 4298 614 4344 etc.

262 4387 326 4441 1n
345 4354 766 4439 commentariis
789 4373 856 4429 ad
882 4380 1045 4441 caput
1063 4386 1097 4423 v
1143 4363 1401 4435 Epistolze
1422 4359 1489 4414 ad
1516 4359 1675 4412 Rom.
1700 4354 1778 4406 "z

1819 532 1967 584 sunt,
2020 522 2125 576 alia
2179 530 2361 575 tamen
2403 516 2604 572 delicta
2655 512 3072 569 commiserunt.
3135 528 3154 561 ι

1891 614 2058 668 Libro
2109 629 2141 666 v
2193 611 2578 665 Ilareticarum
2627 603 2968 676 fabularum,
3024 617 3144 671 cap.
3187 599 3250 654 11
3306 599 3403 650 ’τε

1831 725 1847 756 ι
1887 705 1996 760 Lex
2023 703 2246 773 iustitia:
2272 715 2463 755 omnes
2486 698 2553 753 ad
2579 696 2910 767 supplicium
2937 693 3190 756 ducebat,
3216 704 3408 746 omnes

1823 798 1969 852 enim
2001 804 2313 866 peccatores
2341 794 2385 824 ⁸⁸
2414 789 2697 846 constituti
2729 802 2918 843 sumus
2947 804 2960 840 :
2995 785 3040 838 si
3081 784 3249 849 enim,
3283 797 3409 836 cum

1827 903 1972 941 unus
2016 891 2318 955 peccasset,
2369 881 2795 937 condemnatum
2845 884 2935 931 est
2980 890 3172 946 genus,
3235 872 3410 926 multo

1830 978 2020 1047 utique
2039 976 2242 1046 justius
2276 982 2416 1036 erat,
2441 987 2538 1027 eos
2559 969 2654 1039 qui
2682 975 2907 1038 peccato
2932 964 3140 1020 subditi
3159 962 3206 996 "
3228 969 3407 1026 erant,

1831 1067 2160 1136 supplicium
2206 1063 2416 1125 subire,
2456 1081 2473 1112 ι
2527 1068 2635 1114 etc.

1902 1159 2101 1212 Verum
2139 1171 2262 1209 mox
2305 1155 2467 1208 allato
2490 1151 2734 1222 Apostoli
2767 1147 3128 1204 celeberrimo
3161 1145 3412 1198 testimo-

1833 1248 1946 1309 nio,
1979 1261 2088 1315 quo
2119 1260 2206 1298 res
2249 1243 2552 1313 Augustino
2588 1240 2808 1294 videtur
2855 1236 3144 1291 manifeste
3174 1231 3412 1287 conﬁci:

1835 1334 1980 1391 Sicut
2013 1336 2151 1388 enim
2201 1349 2292 1404 per
2328 1331 2733 1386 inobedientiam
2773 1329 2928 1380 unius
2966 1324 3189 1379 hominis
3231 1336 3415 1391 pecca-

1837 1437 1971 1481 tores
1994 1426 2261 1480 constituti
2295 1431 2415 1477 sunt
2453 1420 2638 1483 multi;
2663 1420 2736 1472 ita
2765 1433 2856 1488 per
2890 1417 3042 1469 unius
3077 1412 3418 1466 obeditionem

1829 1521 1964 1591 justi
1999 1518 2268 1572 constituti
2307 1522 2429 1568 sunt
2460 1511 2652 1576 multi;
2700 1510 2853 1564 addit
2897 1524 2982 1571 ea,
3015 1505 3217 1576 quibus
3243 1501 3420 1557 videri

1839 1620 2018 1683 potest
2049 1609 2188 1664 velle
2219 1607 2528 1666 ostendere,
2559 1603 2972 1672 Pelagianorum
3004 1613 3178 1660 more,
3225 1609 3420 1666 peccato

1841 1713 1990 1758 tores
2042 1701 2244 1755 multos
2284 1714 2384 1768 per
2431 1697 2592 1750 unius
2636 1691 3064 1748 inobedientiam
3098 1686 3426 1743 constitutos

1772 1770 1814 1824 Β
1837 1811 1982 1858 esse,
2015 1809 2125 1847 non
2159 1790 2569 1861 propagatione,
2603 1787 2700 1841 sed
2743 1783 3070 1839 imitatione.
3110 1780 3202 1835 Ait
3233 1777 3421 1833 enim:

1849 1905 1867 1937 ι
1905 1884 2072 1941 Valde
2094 1882 2340 1953 apposite
2361 1881 2406 1912 '°
2429 1881 2484 1933 in
2507 1888 2740 1945 utroque
2773 1874 2978 1945 posuit,
2997 1870 3151 1925 multi
3181 1885 3200 1923 :
3219 1865 3424 1922 etenim

1842 1992 1966 2033 cum
1999 1975 2170 2030 Adam
2194 1979 2497 2044 peccasset,
2525 1977 2582 2024 et
2606 1965 2826 2038 plurimi
2854 1964 3072 2018 divinas
3101 1955 3426 2028 transgressi

1842 2069 1991 2138 leges
2021 2074 2228 2127 essent,
2261 2067 2684 2132 permanserunt
2716 2059 2772 2113 in
2815 2064 3024 2110 natura:
3057 2050 3257 2105 ﬁnibus
3284 2062 3426 2102 non-

1844 2136 2004 2221 nulli,
2069 2165 2126 2210 et
2171 2153 2396 2208 virtutis
2444 2165 2632 2206 curam
2682 2152 2999 2218 gesserunt;
3060 2141 3205 2196 sicut
3267 2136 3428 2200 Abel,

1846 2249 2056 2311 Enoch,
2110 2254 2168 2301 et
2213 2244 2350 2308 Noe,
2409 2249 2465 2296 et
2508 2238 2854 2310 patriarchae,
2909 2244 2966 2289 et
3016 2231 3316 2302 prophetae,
3373 2234 3432 2280 et-

1847 2341 1937 2396 alii
1991 2337 2238 2409 plurimi,
2296 2350 2405 2390 non
2458 2333 2633 2387 solum
2677 2328 2818 2399 apud
2858 2325 3094 2386 Iudaeos,
3129 2320 3226 2377 sed
3261 2319 3429 2373 etiam

1848 2431 1991 2502 apud
2012 2430 2148 2484 alias
2167 2439 2378 2498 gentes,
2403 2435 2458 2479 et
2484 2429 2608 2493 post
2635 2417 2943 2475 Servatoris
2973 2414 3291 2474 adventum,
3319 2423 3432 2463 non

1849 2537 2040 2576 omnes
2075 2520 2305 2574 salutem
2349 2521 2739 2583 assequuntur,
2787 2507 2886 2564 sed
2934 2506 3028 2576 qui
3084 2502 3334 2564 credunt,
3377 2506 3436 2554 et

1849 2613 2016 2669 vitam
2067 2627 2132 2666 ex
2183 2608 2387 2663 divinis
2434 2604 2648 2676 legibus
2695 2601 2926 2654 ducunt.
2971 2598 3270 2664 Propterea
3297 2599 3355 2645 et
3379 2589 3445 2644 in

1852 2706 2088 2775 imagine
2135 2709 2191 2755 ct
2244 2700 2297 2753 in
2330 2698 2628 2768 archetypo
2681 2691 2837 2755 illud,
2872 2687 3043 2750 multi,
3075 2683 3278 2754 posuit.
3308 2699 3326 2732 ι

1922 2772 1991 2851 Χῖ
2023 2796 2062 2848 A
2099 2792 2375 2852 Patribus,
2408 2789 2501 2858 qui
2530 2789 2694 2840 ﬁdem
2732 2781 3057 2838 catholicam
3086 2773 3294 2846 peccati
3323 2772 3438 2826 ori-

1855 2885 2048 2956 ginalis
2092 2881 2479 2942 defenderunt,
2525 2876 2824 2943 Scriptura:
2872 2867 3204 2927 testimonia,
3241 2861 3440 2932 partim

1857 2952 1926 3030 ex
1962 2971 2168 3033 Veteri,
2229 2969 2429 3038 partim
2472 2981 2540 3020 ex
2589 2964 2740 3018 Novo
2773 2961 3128 3014 Testamento
3175 2952 3442 3024 producta

1859 3073 2008 3118 sunt.
2061 3059 2385 3122 Videndum,
2439 3070 2550 3126 quo
2601 3068 2763 3109 sensu
2810 3065 2874 3105 ea
2928 3047 3308 3102 Theodorctus
3363 3042 3444 3096 in-

1861 3153 2151 3212 tellexerit.

1931 3246 2012 3300 Ex
2044 3244 2243 3298 Vetere
2294 3240 2646 3294 Testamento
2697 3233 2933 3289 adducta
2987 3237 3116 3284 sunt
3162 3233 3397 3296 quatuor
3429 3240 3446 3275 :

1863 3351 1988 3395 nam
2012 3331 2240 3388 Genesis
2263 3347 2313 3385 vt
2346 3340 2401 3381 et
2421 3345 2512 3382 Vlll
2545 3326 2747 3380 dicitur
2762 3321 2984 3376 hominis
3006 3315 3249 3387 cogitatio
3280 3326 3448 3383 prona

1863 3429 1919 3482 in
1962 3425 2165 3480 malum
2220 3424 2362 3476 omni
2404 3430 2654 3488 tempore.
2696 3415 2766 3470 Et
2820 3411 3049 3468 Genesis
3090 3423 3251 3462 xxvnt
3306 3404 3452 3458 Deus

1865 3524 2009 3577 hanc
2050 3522 2223 3590 legem
2276 3517 2381 3570 fert
2420 3533 2433 3569 :
2477 3511 2773 3574 Masculus,
2837 3508 2986 3578 cujus
3036 3502 3280 3576 praeputii
3327 3513 3451 3552 caro

1869 3613 2178 3668 circumcisa
2233 3626 2336 3663 non
2393 3608 2571 3678 fuerit,
2606 3602 2863 3657 delabitur
2905 3599 3086 3652 anima
3130 3593 3230 3648 illa
3271 3591 3334 3644 de
3363 3606 3455 3660 po-

1873 3704 1998 3777 pulo
2041 3720 2158 3767 suo,
2195 3702 2320 3772 quia
2360 3706 2574 3770 paetum
2613 3711 2785 3748 meum
2816 3692 3030 3745 irritum
3057 3688 3197 3758 fecit.
3229 3683 3300 3738 Et
3335 3678 3457 3736 Jobi

1873 3814 1981 3861 xxv,
2009 3793 2314 3851 secundum
2335 3790 2478 3845 LXX
2505 3808 2516 3842 :
2546 3787 2674 3853 Quis
2697 3787 2836 3840 enim
2861 3794 2937 3838 est
2960 3779 3182 3836 mundus
3218 3794 3251 3831 a
3270 3771 3460 3830 sorde?

1877 3889 2059 3952 Nemo,
2088 3889 2134 3942 si
2165 3885 2247 3940 uel
2272 3865 2550 3937 unius-dici
2579 3882 2648 3934 sit
2685 3880 2792 3933 vita
2812 3878 2924 3946 ejus
2958 3889 3117 3943 super
3149 3878 3370 3923 terram.
3395 3863 3463 3924 Et

1878 3982 2092 4035 Psalmo
2117 3995 2147 4032 ι.
2178 3996 2190 4031 :
2228 3976 2362 4031 Ecce
2391 3975 2446 4028 in
2476 3969 2839 4041 iniquitatibus
2878 3970 3154 4033 conceptus
3174 3976 3312 4022 sum,
3352 3964 3460 4011 etc.

1880 4073 2262 4127 Theodoretus
2295 4065 2624 4138 pronitatem
2656 4062 2713 4114 in
2757 4059 2959 4114 malum
3004 4053 3223 4108 insitam
3255 4047 3465 4102 homini

1881 4165 2081 4233 repetit
2123 4179 2190 4216 ex
2237 4157 2569 4213 mortalitate
2609 4150 2859 4220 corporis
2905 4148 2972 4199 ἰ.

1952 4256 2013 4310 in
2037 4253 2344 4309 Comment.
2378 4245 2580 4302 Psalmi
2603 4259 2632 4297 L
2655 4237 3136 4296 circumcisionem
3163 4231 3467 4286 institutam

1884 4349 2038 4411 dicit,
2073 4361 2178 4399 non
2220 4352 2280 4397 ut
2317 4341 2521 4394 faceret
2549 4339 2746 4408 justos,
2787 4330 2882 4386 sed
2922 4336 2983 4383 ut
3022 4326 3239 4382 Judzeos
3269 4319 3468 4375 distin-

263 4417 326 4441 ιιι
346 4417 766 4439 νυ......ς,...υ....,
789 4417 856 4429 ι...
884 4417 942 4427 υ,
1078 4417 1087 4423 .
1148 4417 1267 4435 _r,,

201 4501 220 4531 α
254 4477 399 4533 Dicit
437 4475 621 4543 itaque
657 4469 877 4525 divinus
901 4417 1214 4534 Apostolus,
1249 4453 1419 4526 quod,
1462 4466 1586 4506 cum
1614 4449 1784 4502 Adam
1820 4454 1861 4508 υ
1887 4447 2079 4512 gueret
2123 4437 2192 4490 ab
2237 4429 2556 4502 alienigenis
2585 4423 2923 4488 nationibus,
2954 4427 3010 4476 et
3065 4417 3282 4488 signum
3325 4419 3470 4466 esset

191 4573 496 4642 peccasset,
533 4540 890 4627 mortalisque
922 4559 1149 4624 propter
1173 4553 1458 4618 peccatum
1490 4540 1666 4593 factus
1695 4551 1784 4590 es-

190 4637 303 4725 set,
338 4671 632 4725 utrumque
661 4655 821 4724 (mors
852 4659 899 4702 et
932 4638 1222 4718 peccatum)
1257 4637 1325 4693 ad
1364 4649 1538 4706 genus
1566 4643 1786 4701 perma-

200 4851 368 4896 tenus
413 4845 481 4895 ts.
512 4845 796 4906 propterea
821 4829 989 4901 quod)
1025 4838 1217 4878 omnes
1236 4820 1622 4890 peccaverunt.
1665 4809 1787 4864 Non

203 4933 354 4991 enim
382 4936 606 5000 propter
644 4925 802 4996 primi
826 4918 1070 4993 parentis
1105 4920 1410 4985 peccatum,
1440 4906 1532 4962 sed
1558 4910 1787 4973 propter

207 4991 778 5088 suum-unusquisque
828 4991 1028 5067 ﬁmortis
1060 5008 1342 5061 decretum
1376 4998 1625 5066 suscipit.
1665 5012 1682 5043 ι
1721 4991 1791 5044 Ει

206 5125 398 5190 postea
423 5115 469 5146 ⁸⁸
489 5131 536 5168 :t
572 5108 838 5180 Regnavit
863 5115 1044 5160 autem
1070 5114 1222 5154 mors
1243 5097 1407 5150 etiam
1438 5093 1491 5145 in
1540 5104 1662 5149 eos,
1692 5083 1786 5154 qui

208 5224 320 5265 non
331 5199 884 5279 peccaverunt,&.92
898 5197 952 5251 in
967 5189 1323 5251 similitudine
1343 5176 1792 5252 transgressionis

1892 4533 2040 4588 ﬁdei.

1965 4623 2166 4689 Quaest.
2216 4633 2372 4672 vaut
2422 4615 2475 4667 in
2510 4614 2710 4668 Genes.
2757 4608 2878 4665 Jobi
2905 4607 3090 4661 locum
3115 4598 3370 4667 nuspiam
3393 4594 3476 4647 vi-

1893 4716 2054 4770 detur
2100 4710 2374 4780 attigisse;
2413 4707 2480 4760 de
2507 4703 2727 4764 Davidis
2760 4697 3031 4755 sententia
3061 4694 3266 4748 dictum
3293 4696 3471 4743 antea.

1969 4777 2225 4861 Adducta.
2265 4809 2393 4856 sunt
2443 4815 2512 4853 ex
2558 4797 2709 4851 Novo
2742 4792 3007 4862 quinque.
3037 4787 3192 4842 Joan.
3227 4799 3283 4837 ιιι
3320 4777 3476 4833 :Nisi

1893 4901 2009 4970 quis
2053 4903 2270 4950 renatus
2310 4893 2468 4962 fuerit
2498 4906 2559 4943 et:
2605 4904 2746 4957 aqua
2784 4881 3074 4952 et-Spiritu
3114 4882 3317 4934 sancto,
3373 4885 3478 4922 non

1896 4995 2063 5061 potest
2105 4986 2320 5040 introire
2350 4984 2405 5035 in
2454 4994 2672 5048 regnum
2715 4975 2828 5028 Dei.
2880 4969 3030 5035 Quod
3067 4973 3252 5020 natum
3288 4968 3362 5013 est
3416 4973 3481 5011 ea;

1899 5093 2077 5138 carne,
2106 5091 2229 5128 caro
2254 5081 2328 5127 est
2350 5089 2368 5136 ;
2395 5078 2443 5123 et
2467 5067 2606 5138 quod
2625 5073 2811 5119 natum
2836 5069 2911 5114 est
2936 5073 2998 5112 ea:
3024 5057 3234 5126 spiritu,
3264 5050 3480 5121 spiritus

1899 5180 1992 5224 est.
2039 5168 2197 5221 Rom.
2232 5181 2286 5228 v,
2340 5161 2408 5215 12
2442 5177 2455 5213 :
2490 5158 2634 5214 Sicut
2685 5171 2775 5226 per
2826 5167 2984 5206 unum
3021 5147 3302 5207 hominem,
3349 5147 3480 5201 etc.,

1556 5353 1873 5414 SCllULle
1901 5347 2129 5406 ΝΟΤᾸΞ).

369 5519 661 5581 Ἐπανάξει
691 5519 897 5569 reducet
931 5512 1204 5581 lcgitur_t.
1236 5507 1415 5581 llI_,__p.
1449 5503 1536 5556 57.
1613 5496 1800 5581 “‘Leg

218 5567 779 5661 apprime—ulvi‘lis’ad
839 5567 1250 5649 abstergendam
1303 5567 1447 5628 illam
1499 5567 1765 5623 maculam

219 5662 268 5693 ιι
301 5662 401 5693 vat
484 5669 499 5693 ο
569 5659 588 5693 ι
665 5672 700 5693 η
754 5653 858 5693 om
987 5649 1033 5680 ³³
1065 5648 1183 5693 Vid-
1267 5643 1434 5693 LIII.
1483 5657 1537 5693 ι).
1569 5638 1655 5692 56.

227 5640 875 5726 ῖτῖἰῑὶϊζ”ι.””ιζ”ρ.956.
987 5640 1183 5703 δέ’γίιι.
1267 5655 1303 5698 ι.
1344 5643 1435 5707 ιιι,
1483 5657 1537 5709 p.
1569 5640 1655 5692 56.

227 5740 385 5796 tores.
419 5731 520 5798 τῆς
559 5725 830 5796 ἁμαρτίας
879 5721 1124 5798 ἐργάτέιι·
1201 5714 1245 5797 ⁸ῗ
1282 5713 1383 5766 ὑπὸ
1420 5710 1655 5798 Ψίξὲ

1804 5491 1980 5547 endus
2004 5496 2088 5542 est
2131 5493 2280 5538 totus
2304 5484 2407 5538 iste
2436 5481 2611 5538 locus,
2643 5484 2682 5530 t.
2711 5470 2799 5539 IV,
2841 5464 3280 5547 p._§2§.s‘eq.‘E§t
3313 5458 3486 5547 “enim

1817 5556 2198 5630 Pclagianismi
2249 5553 2449 5630 l‘jpst'ro
2493 5559 2789 5630 aspersam.

1769 5621 1980 5693 ’"lbidf,
2020 5645 2072 5697 p.
2101 5627 2222 5679 3:7.—
2266 5621 2312 5653 υτ

1201 5714 1245 5747 ⁸⁹
1282 5713 1383 5766 ὑπὸ
1422 5699 1517 5762 ίεῆἷ)
1572 5702 1844 5775 ἁμαρτίαν
1873 5699 2216 5775 τελέσειν-ξας.

2894 5537 2940 5570 ⁸³
2983 5527 3136 5592 νὶᾶ.’
3161 5541 3197 5585 ι.
3235 5531 3366 5653 1,19.
3401 5527 3489 5580 5i.

2894 5610 2980 5653 LM.
3028 5621 3143 5653 sea.
3217 5600 3263 5631 ⁸³
3342 5612 3489 5650 ecca-

2630 5615 2719 5670 ιν.
2772 5628 2841 5683 p._
2875 5610 2980 5664 424
3028 5621 3165 5683 sequ
3217 5600 3263 5631 ⁸⁸
3294 5600 3490 5683 Perco:

2630 5663 3008 5739 huncr'locum
3064 5663 3296 5743 legimus
3331 5676 3369 5721 t.
3400 5663 3492 5731 ιν,

313 5760 447 5857 “59:
461 5760 1124 5868 'l’i‘uﬁypctc‘atorpotius
1156 5760 1468 5856 primorum
1500 5760 1806 5840 parentum,
1839 5780 1897 5825 ut
1931 5769 2044 5822 loca
2080 5765 2245 5819 citata
2265 5760 2517 5833 probant.
