3956 6298
532 298 652 361 439'
1484 302 1492 309 ’
1625 298 1999 359 GARNERII
2042 300 2097 358 D.

2214 297 2538 360 ERTATIO
2574 297 2686 359 ΙΙΙ.
3676 287 3797 351 4411

525 408 687 478 493
742 422 916 476 usque
955 407 1022 462 ad
1075 421 1291 462 versum
1343 406 1408 461 i9
1451 408 1607 463 Rom.
1662 426 1760 473 vn,
1809 410 1905 464 ubi
1964 410 2108 465 lucta
2139 418 2181 470 Λ
2209 426 2370 464 nemo
2420 409 2699 479 puniatur,
2760 405 2865 459 nisi
2915 418 3073 469 reus;
3121 418 3183 456 ac
3251 400 3481 471 proinde
3527 398 3773 466 infantes,

527 496 708 550 carnis
731 505 788 552 et
810 496 1043 566 spiritus
1073 496 1424 552 describitur.
1465 498 1484 552 1
1509 497 1634 553 Cor.
1672 516 1759 564 xv,
1811 501 1881 556 22
1913 519 1928 554 :
1955 499 2100 556 Sicut
2128 556 2131 559 η
2200 501 2293 570 qui
2318 499 2626 571 huiusmodi
2646 497 2881 552 miseriis
2912 494 3312 555 conflictantur,
3325 491 3403 545 rei
3420 491 3533 545 sint
3551 491 3771 560 peccati,

527 588 581 640 in
631 588 832 642 Adaino
866 605 1047 644 omnes
1082 589 1399 655 moriuntur,
1427 591 1503 645 ita
1532 599 1583 645 et
1618 592 1673 645 in
1699 591 1902 647 Christo
1925 609 2099 647 omnes
2200 605 2311 645 non
2341 605 2440 644 sua
2479 588 2759 642 voluntate
2785 627 2799 649 ,
2826 586 2919 640 sed
2948 592 3171 655 paterna
3196 624 3210 646 ,
3244 581 3545 637 commissi.
3581 581 3774 635 Verum

526 669 946 744 uiuiﬁcabmttur.
998 679 1187 748 Ephes
1246 698 1319 744 rt,
1361 681 1396 734 ὅ
1432 699 1449 734 :-
1487 681 1718 736 Eramus
1765 692 1961 738 natura
1999 683 2102 752 [itii

526 769 640 831 irae,
689 769 822 821 sicut
862 777 911 821 ct
939 771 1134 823 atteri.
1168 770 1499 826 Theodoreti
1535 787 1692 826 mens
1737 772 1804 827 de
1831 773 2103 843 baptismo

525 858 880 926 parvulorum
903 875 1031 914 mox
1049 861 1330 930 aperietur
1357 879 1369 913 :
1395 864 1673 931 quomodo
1692 865 1870 919 locum
1894 874 2105 919 utrum-

524 961 630 1013 que
652 944 900 1015 Apostoli
928 962 995 1003 ex
1021 948 1265 1018 Epistola
1292 950 1359 1004 ad
1388 951 1662 1007 Romanos
1692 953 2102 1023 interpretetur,

519 1035 628 1101 jam
674 1043 954 1090 ostensum
990 1046 1074 1092 est
1112 1055 1125 1091 :
1166 1038 1259 1108 qui
1293 1039 1527 1094 sumitur
1567 1056 1633 1093 ex
1672 1040 1916 1109 Epistola
1965 1041 1984 1094 l
2036 1041 2106 1095 ad

521 1124 773 1179 Corinth.
804 1126 1046 1196 pertinet
1073 1127 1140 1181 ad
1168 1127 1558 1183 mortalitatem
1587 1129 1853 1198 corporis,
1896 1130 1965 1184 de
1998 1146 2106 1199 qua

521 1214 727 1269 dictum
768 1233 785 1268 :
834 1225 1169 1285 postremum
1217 1217 1464 1282 videtur,
1514 1230 1570 1275 ut
1623 1221 1712 1276 alii
1765 1220 1958 1286 Graeci,
2019 1221 2106 1275 in-

524 1306 766 1375 telligere
818 1306 885 1362 de
926 1308 1014 1374 iis,
1070 1310 1165 1379 qui
1224 1325 1353 1365 vere
1398 1321 1623 1381 propter
1673 1321 1894 1382 peccata
1956 1311 2103 1382 digni

522 1404 650 1450 sunt
696 1397 780 1453 ira
816 1405 874 1451 et
904 1399 1100 1453 ultimo
1127 1400 1421 1469 supplicio,
1459 1402 1533 1458 ita
1577 1411 1635 1460 ut
1668 1404 1828 1471 (posst
1865 1403 2105 1472 positum

524 1487 598 1539 sit
641 1503 742 1556 pro
795 1487 1035 1557 ἀληθῶς.

588 1576 682 1633 Kl.
713 1577 833 1633 Jam
866 1595 999 1634 vero
1030 1580 1099 1636 de
1141 1598 1327 1646 causa,
1366 1595 1465 1638 cur
1500 1584 1773 1654 baptismo
1824 1588 2104 1656 tingantur

520 1665 777 1733 infantes,
831 1671 1017 1739 prodit
1070 1683 1307 1728 mentem
1359 1690 1512 1729 suam
1564 1677 1850 1732 manifeste
1907 1677 2006 1732 lib.
2077 1695 2107 1731 v

2203 696 2272 735 an
2298 680 2468 735 Graeci
2497 696 2561 734 ea
2584 679 2870 750 posuerint
2906 675 3196 747 principia,
3219 690 3284 728 ex
3314 674 3519 743 quibus
3564 673 3775 727 ratioci-

2157 839 2164 847 .
2203 781 2364 827 natus
2384 782 2470 827 est
2496 770 2854 841 Augustinus,
2882 784 2993 822 non
3027 776 3216 838 aperte
3241 772 3490 831 constat;
3539 764 3650 818 imo
3678 764 3776 818 ali-

2204 874 2287 918 ter
2313 864 2380 917 de
2407 862 2721 917 conditione
2770 859 2933 929 primi
2980 858 3219 913 hominis
3253 855 3576 925 conditique
3606 855 3776 924 quali-

2208 962 2316 1006 tate
2361 951 2642 1019 opinatum
2704 948 3148 1013 Theodoretum,
3196 961 3362 1017 quam
3412 944 3771 1015 Augustinus,

2205 1056 2271 1097 ex
2299 1042 2558 1096 omnibus
2575 1040 2689 1096 fere
2718 1039 2874 1103 locis,
2916 1039 2972 1093 in
2996 1039 3199 1108 quibus
3244 1038 3349 1092 hoc
3392 1043 3770 1107 argumentum

2207 1143 2425 1199 tractat,
2459 1151 2566 1191 non
2593 1133 2747 1188 valde
2778 1133 3074 1187 obscurum
3099 1139 3203 1184 est.

2278 1226 2392 1287 XV.
2419 1224 2684 1280 Omnibus
2730 1224 2898 1294 igitur
2923 1223 3027 1276 rite
3054 1222 3358 1290 perpensis,
3394 1218 3573 1273 videri
3600 1227 3774 1289 potest

2211 1315 2589 1375 Tlteodoretus
2610 1315 2662 1369 in
2685 1316 2788 1369 hac
2807 1313 2978 1368 fuisse
3012 1310 3281 1367 sententia
3309 1310 3378 1364 de
3418 1320 3770 1376 nocumento,

2208 1410 2356 1481 quod
2385 1409 2623 1479 posteris
2650 1407 2839 1465 Adami
2858 1414 3140 1476 peccatum
3165 1403 3369 1458 intulit.
3394 1402 3643 1458 Adamus
3673 1403 3770 1456 im-

2209 1500 2461 1557 mortalis
2518 1499 2699 1554 factus
2738 1508 2866 1552 est:
2903 1497 3153 1566 peccavit
3197 1495 3515 1564 priusquam
3575 1495 3774 1548 liberos

2209 1596 2545 1663 susciperet:
2575 1591 2750 1646 factus
2776 1598 2861 1644 est
2888 1586 3135 1643 mortalis
3177 1586 3231 1639 in
3262 1602 3478 1655 poenam
3523 1585 3792 1655 peccati:

2213 1685 2459 1742 mortalis
2482 1699 2606 1738 cum
2632 1690 2798 1747 esset,
2824 1679 3080 1734 mortales
3103 1682 3323 1749 genuit:
3348 1693 3414 1732 ex
3443 1677 3774 1731 mortalitate

522 1756 718 1847 Ureret.
774 1760 881 1829 fab.
928 1777 1048 1832 cap.
1102 1764 1191 1828 i8,
1240 1766 1334 1820 ubi
1400 1766 1511 1822 fere
1558 1767 1820 1824 exsoribit
1849 1785 1918 1823 ex
1983 1784 2097 1823 ora-

2209 1776 2455 1847 corporis
2490 1782 2626 1830 orta:
2663 1771 3108 1845 perturbationes
3140 1770 3307 1824 animi
3340 1787 3353 1822 :
3389 1785 3457 1823 ex
3487 1768 3777 1838 perturba-

523 1846 669 1902 tione
709 1848 1081 1923 Chrysostomi
1130 1854 1195 1909 ad
1248 1856 1573 1927 neaphytos,
1630 1858 1778 1928 quod
1856 1859 2104 1915 Julianus

520 1937 840 1996 Eclanensis
875 1957 988 1999 sua:
1009 1944 1338 2004 confessioni
1361 1948 1641 2019 subiunxit
1661 1952 1741 2004 ἐς
1781 1968 1798 2001 ι
1827 1951 2103 2021 Baptisma

518 2044 627 2085 non
644 2031 824 2085 solum
858 2033 1231 2091 remissionem
1253 2037 1420 2096 donat
1450 2048 1697 2096 veterum
1727 2052 2098 2113 peccatorum,

519 2120 616 2176 sed
669 2122 835 2177 etiam
886 2140 1040 2196 spem
1107 2127 1305 2199 ingerit
1358 2132 1755 2199 promissorum
1809 2135 2098 2203 bonorum,

518 2213 822 2283 mortisque
871 2215 1169 2273 Dominica:
1209 2229 1264 2274 et
1320 2224 1741 2281 resurrectionis
1771 2225 1936 2282 eﬂicit
1971 2243 2100 2297 par-

521 2304 739 2374 ticipes,
770 2314 829 2361 et
876 2306 1005 2362 doni
1037 2307 1276 2378 Spiritus
1302 2312 1773 2383 participationem
1803 2320 1816 2334 '
1845 2317 2097 2388 largitur,

520 2402 574 2447 et
613 2392 754 2449 ﬁlios
805 2395 902 2450 Dei
955 2397 1158 2462 reddit,
1193 2414 1298 2454 nec
1338 2401 1476 2456 filios
1507 2404 1705 2466 solum,
1752 2405 1846 2460 sed
1895 2416 1952 2463 et
1985 2407 2099 2463 ba:-

521 2480 681 2535 redes
722 2482 819 2537 Dei
879 2491 936 2541 et
981 2486 1299 2542 oohasrcdes
1337 2489 1542 2546 Christi
1588 2509 1603 2551 ξ
1654 2509 1756 2549 nec
1808 2495 1976 2559 enim,
2037 2505 2100 2551 ut

520 2581 768 2627 amentes
799 2582 997 2642 putant
1022 2575 1350 2643 Messaliani,
1376 2581 1701 2641 novaculam
1733 2591 1945 2643 tantum
1973 2586 2100 2640 imi.

521 2670 667 2716 tatur
714 2661 1043 2733 baptismus,
1103 2669 1468 2736 praecedentia
1519 2672 1775 2728 auferens
1834 2687 2096 2743 peccata:

518 2753 625 2808 hoc
669 2755 816 2810 enim
855 2770 920 2811 ex
951 2759 1414 2827 superabundanti
1441 2762 1705 2833 largitur;
1748 2766 1794 2819 si
1822 2765 1968 2820 enim
1998 2767 2101 2821 hoc

516 2844 694 2899 solum
725 2861 864 2917 opus
891 2857 1012 2903 erat
1033 2849 1313 2919 baptismi,
1342 2868 1604 2921 quorsum
1643 2855 1879 2910 infantes
1923 2857 2100 2927 bapti—

518 2951 721 2998 zamus,
770 2938 863 3007 qui
916 2947 1200 3009 peccatum
1241 2943 1484 2999 nondum
1518 2948 1845 3015 gustarunt"
1881 2968 1899 2997 ι

581 3026 702 3083 ΧΙΙ.
735 3028 810 3083 1)ε
832 3039 957 3084 ortu
980 3030 1343 3097 miseriarum,
1378 3033 1494 3088 sive
1517 3035 1782 3104 corporis,
1819 3035 1932 3089 sive
1977 3037 2095 3091 ani-

2207 1867 2448 1924 tionibus
2498 1874 2749 1936 peccata:
2780 1879 2847 1918 ex
2875 1861 3213 1932 singulorum
3258 1860 3498 1930 peccatis
3540 1859 3775 1931 dignitas

2205 1956 2419 2011 mortis.
2452 1955 2629 2021 Quare
2651 1954 2774 2008 duae
2791 1960 2921 2007 sunt
2947 1950 3092 2021 apud
3128 1953 3304 2021 ipsum
3353 1965 3534 2004 causa:
3566 1958 3772 2005 morta-

2201 2047 2400 2103 litatis:
2429 2043 2755 2100 universalis
2781 2059 2909 2110 una,
2950 2042 3100 2097 nasci
3149 2056 3215 2095 ex
3260 2040 3774 2110 mortalibus;par-

2203 2138 2449 2195 ticularis
2474 2137 2664 2201 altera,
2691 2150 2946 2206 peccasse
2970 2141 3164 2203 suopte
3188 2130 3437 2191 arbitrio.
3460 2131 3774 2186 Moriuntur

2202 2231 2441 2291 infantes
2471 2238 2526 2283 et
2555 2228 2689 2300 justi
2734 2236 2957 2298 propter
2989 2224 3353 2283 universalem
3401 2240 3648 2290 causam,
3680 2224 3771 2279 alii

2201 2331 2429 2394 propter
2457 2331 2766 2388 utramque.
2793 2318 3099 2388 Baptismus
3127 2317 3237 2371 duo
3271 2323 3514 2384 praestat,
3539 2316 3637 2370 sed
3676 2317 3775 2371 ali-

2202 2423 2285 2468 ter
2311 2413 2498 2469 aliud:
2545 2411 2686 2466 tollit
2730 2418 2952 2480 peccata
2979 2428 2992 2474 ;
3016 2424 3083 2464 ex
3115 2408 3415 2469 abundanti
3449 2407 3596 2464 dona
3639 2422 3774 2465 cono

2200 2503 2342 2558 fert:
2375 2519 2442 2558 ex
2472 2513 2669 2561 natura
2700 2517 2799 2561 sua
2823 2510 3116 2570 utrumque
3136 2499 3303 2555 eiﬁcit
3342 2500 3398 2554 in
3422 2499 3657 2564 adultis,
3683 2515 3774 2555 se-

2202 2592 2447 2647 cundum
2485 2592 2540 2645 in
2570 2590 2907 2645 infantibus:
2946 2589 3184 2647 infantes
3214 2589 3359 2643 enim
3389 2598 3677 2659 peccatum
3706 2605 3775 2645 ne

2200 2684 2561 2753 degustarunt
2570 2681 2944 2751 quidem,cum
2961 2695 3138 2749 neque
3151 2679 3235 2734 vis
3250 2680 3458 2750 peccati
3475 2680 3546 2734 sit
3560 2690 3777 2737 natura-

2200 2776 2472 2843 lis,neque
2490 2774 2670 2844 proles
2685 2774 2757 2827 sit
2770 2781 3010 2843 paternas
3022 2771 3466 2842 transgressionis
3476 2772 3774 2842 particeps.

2273 2844 2402 2921 inde
2428 2882 2560 2921 vero
2583 2873 2818 2928 constat,
2852 2865 2909 2919 in
2936 2880 3049 2934 quo
3080 2863 3363 2918 catholica:
3386 2863 3510 2917 fidei
3538 2878 3777 2918 consen-

2201 2955 2357 3022 serit,
2408 2956 2467 3011 in
2519 2972 2628 3027 quo
2676 2955 3027 3018 Theodorum
3069 2955 3390 3026 magistrum
3437 2960 3683 3017 secutus,
3716 2952 3775 3006 in

2201 3063 2311 3117 quo
2345 3047 2524 3116 ipsum
2547 3047 2872 3112 deseruerit,
2896 3047 3027 3116 quid
3068 3062 3098 3101 a
3130 3045 3515 3118 Chrysostomo
3543 3059 3776 3113 accepe-

516 3118 613 3184 rni,
665 3133 733 3173 ex
777 3121 1108 3176 mortalitate
1137 3137 1236 3192 per
1250 3130 1546 3191 peccatum
1579 3132 1876 3189 contracta,
1921 3126 2104 3182 Theo—
2129 3121 2173 3179 C
2204 3136 2298 3203 ῆι,
2322 3138 2454 3207 quid
2487 3138 2556 3191 de
2583 3151 2684 3192 suo
2724 3135 3000 3191 addiderit
3041 3153 3055 3188 :
3098 3148 3409 3205 quanquam
3437 3132 3774 3188 Theodoreti

513 3209 694 3266 doreti
728 3211 916 3282 opinio
947 3223 1164 3272 constat
1201 3230 1268 3276 ex
1295 3213 1714 3279 Commentariis
1746 3217 1801 3271 in
1832 3217 2030 3272 Psalm.
2065 3236 2093 3272 ι.

511 3317 645 3356 ιιιοι
688 3304 995 3372 appellatis.

584 3393 727 3451 XIII.
774 3393 871 3450 [iis
922 3397 1181 3451 omnibus
1229 3397 1306 3451 ita
1352 3396 1664 3466 disputatis,
1708 3400 1926 3455 videtur
1961 3404 2093 3458 mihi

520 3484 901 3542 Theodoretus
924 3488 1163 3557 procula
1192 3487 1481 3542 Theodoro
1512 3498 1567 3543 et
1593 3486 1851 3546 leestio
1874 3493 2092 3549 abesse:

506 3574 682 3631 docet
739 3576 888 3633 enim
932 3578 1169 3647 posteris
1214 3578 1410 3636 Adami
1460 3580 1712 3636 nocuisse
1767 3594 2092 3652 peccatum;

508 3667 717 3722 asserit
748 3677 1082 3726 contractam
1126 3684 1247 3726 esse
1280 3677 1503 3740 peccato
1540 3670 1704 3752 primi
1736 3670 1975 3732 hominis
2001 3691 2097 3729 ne—

511 3759 829 3814 cessitatem
876 3760 1178 3829 moriendi;
1231 3761 1427 3817 asserit
1468 3763 1675 3832 pariter
1734 3764 1860 3820 inde
1906 3777 2095 3835 ortam

519 3851 978 3920 concupiscentia:
991 3852 1379 3918 eﬂrenitatem,
1405 3868 1655 3923 corpore,
1683 3856 1830 3926 quod
1852 3872 2097 3913 corrum-

516 3940 687 4010 pitur,
721 3942 958 4002 animam
1004 3954 1328 4015 aggravante
1378 3963 1391 3999 :
1444 3960 1567 4015 qua;
1618 3946 1721 4002 tria
1774 3946 2096 4004 Theodorus

494 4049 643 4089 cum
686 4034 805 4090 suis
835 4035 1087 4093 sectariis
1117 4046 1295 4108 negat.
1326 4037 1386 4091 in
1430 4037 1693 4106 primario
1728 4036 1895 4107 igitur
1916 4040 2094 4108 capite

517 4124 774 4183 dissentit
831 4128 1120 4199 magistro;
1167 4128 1236 4182 de
1290 4137 1466 4185 morte
1510 4130 1726 4195 anima),
1785 4130 2093 4201 cujusmodi

512 4213 755 4271 infertur
803 4225 1050 4287 peccato,
1106 4226 1345 4273 mentem
1396 4232 1507 4273 nou
1559 4218 1796 4287 aperuit,
1851 4218 2093 4275 imitatus

514 4303 749 4361 alterum
793 4321 952 4365 suum
989 4307 1307 4378 magistrum
1357 4306 1828 4378 Chrysostomum,
1885 4310 1978 4379 qui
2026 4326 2092 4365 ea

513 4396 584 4451 de
632 4412 692 4452 re
742 4411 854 4457 non
888 4398 1092 4456 diserte
1140 4398 1358 4459 locutus
1400 4407 1503 4452 est.
1536 4398 1651 4469 Qua
1688 4396 1856 4470 igitur
1881 4401 2092 4455 ratione

2209 3229 2550 3299 temporibus
2590 3244 2701 3286 non
2751 3228 3054 3285 clarissima
3073 3226 3177 3282 fuit
3200 3225 3342 3297 apud
3374 3224 3593 3281 Graecos
3644 3239 3776 3295 pec—

2204 3321 2308 3375 cati
2333 3320 2621 3391 originalis
2644 3320 2912 3375 doctrina.
2944 3318 3012 3374 Et
3039 3332 3169 3372 vero
3197 3332 3318 3386 quae
3358 3315 3487 3370 inde
3515 3314 3777 3385 Augusti.

2203 3428 2309 3467 nus
2336 3411 2584 3481 adduxit,
2618 3428 2682 3467 ea
2723 3412 2813 3465 vix
2862 3411 3007 3465 aliud
3049 3425 3144 3478 per
3189 3424 3245 3463 se
3284 3407 3537 3479 probant,
3574 3415 3777 3475 praeter

2203 3499 2590 3553 mortalitatem
2614 3514 2681 3553 ex
2710 3508 2936 3568 peccato
2971 3497 3165 3554 Adami
3202 3497 3255 3549 in
3290 3504 3538 3566 posteros
3581 3494 3774 3579 tradu-

2200 3598 2367 3650 ctam,
2398 3586 2526 3642 licet
2548 3587 2733 3659 adjuta
2756 3588 3041 3659 Augustini
3067 3587 3360 3659 principio,
3380 3586 3526 3657 quod
3549 3600 3772 3657 poenam

2163 3712 2170 3718 .
2203 3679 2362 3747 culpa
2390 3678 2701 3744 comitatur,
2737 3680 2895 3751 longe
2928 3681 3052 3752 plus
3083 3678 3286 3734 virium
3304 3677 3557 3739 habeant.

2814 3813 3038 3871 CAPUT
3088 3813 3154 3870 V.

2201 3924 2280 3978 De
2305 3926 2515 3981 auxiliis
2544 3928 2808 3981 interioris
2836 3931 3023 3999 gratia:
3051 3929 3261 3999 divinat,
3279 3928 3349 3980 ad
3371 3928 3582 3997 pietatis
3606 3942 3775 3996 opera

2645 3998 2967 4067 praestanda,
2994 3998 3318 4053 necessariis.

2275 4127 2312 4180 Ι.
2346 4127 2465 4182 Νοη
2492 4129 2771 4186 immerito
2796 4132 3075 4203 quaesierit
3120 4134 3350 4203 aliquis,
3378 4147 3541 4201 quam
3592 4132 3776 4187 Theo-

2201 4217 2426 4273 doretus
2471 4222 2796 4277 sententiam
2845 4232 3066 4279 secutus
3097 4224 3169 4279 sit
3212 4225 3280 4280 de
3320 4223 3541 4280 auxiliis
3583 4224 3774 4294 gratia-

2203 4306 2436 4367 divinat:
2465 4325 2533 4364 an
2559 4326 2681 4380 quae
2703 4312 2963 4368 Ecclesia:
2978 4321 3080 4379 est,
3106 4330 3175 4368 an
3205 4331 3324 4385 quas
3344 4316 3472 4370 olim
3502 4315 3728 4388 Pelagii.

2272 4399 2336 4453 Il.
2370 4398 2642 4455 Nonnulla
2697 4410 2801 4467 est,
2856 4410 2951 4457 aut
2993 4404 3300 4471 dubitandi,
3343 4414 3438 4460 aut
3486 4407 3765 4476 quaerendi

514 4489 941 4562 Chrysostomus
997 4491 1066 4545 ab
1129 4491 1434 4562 Augustino
1489 4492 1544 4544 in
1599 4469 1784 4561 partes
1842 4493 2095 4547 Ecclesia:
2130 4469 2171 4522 θ
2199 4489 2545 4550 causa.Nam
2570 4490 2766 4559 primo,
2803 4501 2884 4557 ut,
2919 4494 3065 4563 quod
3100 4494 3168 4550 de
3198 4469 3457 4551 Ctelestio
3490 4469 3538 4529 δ’
3558 4496 3767 4553 factum

512 4581 754 4651 benigna
788 4579 1242 4649 interpretatione
1277 4581 1548 4637 adductus
1571 4591 1675 4645 est,
1701 4582 1892 4636 eadem
1927 4582 2100 4643 Theo-

517 4657 742 4726 doretus
788 4670 846 4729 in
883 4671 1299 4731 consensionem
1350 4671 1534 4750 vocari
1579 4679 1790 4740 potest;
1826 4671 2094 4741 siquidem

520 4773 625 4815 nec
651 4758 756 4817 alia
778 4758 1017 4828 scripsit,
1051 4774 1156 4813 nec
1183 4757 1304 4815 aliis
1342 4758 1455 4814 fore
1486 4758 1689 4822 verbis,
1731 4773 1892 4827 quam
1920 4759 2095 4830 Chry-

517 4859 805 4911 sostomus.
838 4849 896 4911 ld
938 4863 1068 4903 vero
1094 4847 1253 4905 facile
1290 4846 1573 4917 intelliget,
1604 4849 1697 4917 qui
1724 4848 2093 4920 Chrysostomi

514 4942 1046 5013 interpretationem,
1081 4947 1195 4992 tum
1238 4938 1306 4997 ad
1336 4948 1500 5007 caput
1527 4955 1556 4991 v
1588 4939 1841 5008 Epistolm
1886 4942 1953 4997 ad
1987 4942 2092 5003 Bo-

516 5048 728 5097 manos,
755 5041 869 5085 tum
898 5030 965 5085 ad
996 5044 1214 5083 versum
1244 5028 1536 5097 septimum
1562 5030 1761 5092 Psalmi
1791 5047 1818 5095 μ
1841 5071 1854 5095 ,
1885 5032 2091 5096 oratio-

512 5137 751 5192 nemque
795 5121 862 5176 ad
900 5120 1206 5190 neopliytos
1236 5119 1449 5190 legerit.

584 5210 725 5267 XIV.
750 5210 988 5282 Benigna
1007 5225 1173 5281 porro
1190 5210 1480 5282 Augustini
1499 5212 1876 5282 interpretatio
1897 5214 2093 5269 nititur

516 5303 872 5359 fundamento
890 5303 1185 5365 admodum
1202 5302 1379 5369 firmo,
1399 5320 1596 5375 nempe
1619 5305 1764 5375 quod
1795 5304 1961 5385 494
1988 5307 2089 5360 hu-

516 5409 690 5449 mante
729 5392 962 5449 miseriae
983 5393 1218 5465 indignae
1242 5394 1353 5450 sint
1386 5393 1619 5465 imagine
1645 5393 1741 5449 Dei
1776 5392 2087 5456 innocente,

517 5491 682 5554 atque
711 5484 785 5540 ita
813 5484 923 5539 sint
943 5485 1167 5548 omnino
1193 5501 1402 5565 preme;
1435 5485 1692 5557 quodque
1732 5501 1762 5539 a
1798 5485 1948 5555 justo
1979 5484 2089 5538 Deo

2197 4586 2300 4665 est,
2331 4577 2383 4632 id
2411 4582 2587 4649 ipsum
2609 4581 2678 4637 de
2697 4583 2915 4654 Pelagio
2945 4592 3254 4655 praestetur.

2274 4667 2469 4734 Quaero
2493 4672 2732 4743 primum
2765 4674 2832 4741 ’³,
2865 4690 2964 4730 cur
2995 4677 3272 4747 Pelagium
3308 4677 3499 4748 gratia:
3523 4677 3619 4732 Dei
3666 4692 3767 4746 per

2196 4757 2473 4815 Christum
2535 4763 2856 4830 inimicum,
2924 4767 3067 4821 inter
3132 4769 3421 4825 haereticos
3483 4785 3768 4840 nunquam

2196 4853 2557 4917 recensuerit,
2571 4870 2695 4909 cum
2718 4864 2767 4909 ta
2776 4872 2897 4911 men
2915 4873 3106 4913 omnes
3122 4874 3178 4913 se
3190 4858 3351 4930 495
3366 4861 3767 4915 recensiturum

2194 4940 2580 5007 spopondisset
2605 4943 2658 4997 in
2701 4945 2858 4999 libris
2903 4946 3286 5001 Hrereticarum
3316 4948 3640 5018 fabularum.
3679 4949 3766 5004 An

2194 5030 2322 5100 quia
2345 5031 2562 5100 ignotus
2597 5036 2760 5089 erat?
2793 5036 2895 5102 Qui
2917 5054 3048 5093 vero
3072 5041 3249 5108 potuit
3270 5039 3481 5094 homini
3508 5041 3767 5096 curiosis-

2194 5120 2527 5177 simo?cum
2574 5126 2767 5180 eadem
2805 5137 2962 5184 :etale
3003 5130 3164 5184 ambo
3217 5131 3493 5197 vixerint;
3532 5149 3655 5188 cum
3706 5132 3766 5188 in

2197 5211 2394 5267 vicinis
2439 5214 2576 5270 locis
2622 5218 2823 5272 versati
2851 5219 2981 5286 sint,
3018 5221 3158 5276 alter
3194 5236 3392 5287 nempe
3437 5223 3769 5291 Antiochiae,

2194 5302 2332 5360 alter
2353 5303 2780 5378 Hierosolymis:
2810 5325 2935 5364 cum
2967 5311 3214 5382 Pelagius
3243 5312 3433 5366 turbas
3451 5314 3767 5383 Hierosoly-

2196 5393 2300 5450 mis
2345 5397 2597 5463 moverit,
2650 5414 2827 5469 neque
2873 5416 3089 5471 parvas,
3130 5418 3310 5473 neque
3362 5405 3591 5459 tacitas:
3639 5420 3768 5460 cum

2196 5485 2282 5540 bis
2334 5485 2390 5540 in
2445 5489 2680 5545 concilio
2726 5505 2946 5546 causam
3004 5492 3223 5557 dixerit,
3282 5494 3450 5550 semel
3499 5495 3765 5567 Diospoli,

1857 5636 2170 5693 SCllULle
2198 5636 2419 5694 NOTE.

583 5712 626 5744 ”²
654 5710 769 5775 Vid.
801 5719 838 5768 t.
874 5712 958 5781 1V,
985 5729 1038 5784 p.
1070 5713 1192 5771 Hi.
1303 5711 1553 5781 "Capite
1576 5706 1936 5779 prrecedente.

2047 5707 2093 5739 ”
2126 5707 2242 5762 Vid.
2283 5724 2465 5779 supra,
2489 5725 2543 5779 p.
2576 5710 2698 5769 596.
