3956 6298
243 318 348 384 411

1476 327 1571 386 DE
1608 326 1781 385 FIDE
1820 326 2321 386 'l‘llEODORETI.

3381 323 3484 386 H2

249 437 450 488 iterum
511 431 850 498 Antiochiae,
916 433 1008 487 ubi
1056 444 1173 489 erat
1223 435 1638 490 Theodoretus:
1695 451 1816 488 cum
1848 442 1892 496 Α
1924 435 2191 488 beneﬁcio
2228 435 2439 489 tribuit.
2506 435 2659 501 Quod
2693 435 2792 489 etsi
2827 435 3024 503 passim
3063 444 3316 487 occurrat
3344 436 3486 489 inter

247 525 547 576 damnatus
571 523 664 584 sit,
695 532 749 576 et
785 524 966 578 Rom-.e
1021 539 1051 577 a
1101 525 1228 578 sede
1271 526 1590 593 apostolica,
1623 537 1675 579 et
1705 525 1812 579 An-

251 613 471 666 tiochiae
515 629 544 666 a
590 612 976 676 Theodoreto,
1019 621 1075 665 et
1137 614 1191 667 in
1243 614 1421 668 Africa
1482 631 1512 668 a
1566 616 1816 685 pluribus

247 707 534 760 conciliis:
570 721 693 759 cum
715 705 990 759 damnatio
1015 705 1154 760 facta
1181 706 1365 760 Romae
1393 721 1422 759 a
1451 706 1669 761 Zosimo
1716 708 1813 761 toti

246 797 510 849 Ecclesiae
555 795 875 859 innotuerit,
926 795 1132 850 directa
1182 796 1249 849 ad
1285 799 1301 815 ‘
1332 797 1616 851 universos
1663 798 1814 852 orbis

246 887 535 955 episcopos
558 887 813 940 tractoria
839 903 852 939 :
888 883 1012 942 cum
1058 888 1327 942 sententia
1352 889 1700 944 Antiochente
1724 905 1811 944 se-

243 976 332 1029 dis
375 977 481 1030 lata
512 976 604 1039 sit,
640 986 921 1044 spectante
971 978 1318 1034 Theodoreto
1343 1020 1357 1036 .
1408 996 1530 1034 cum
1558 980 1811 1035 Africana

241 1069 479 1122 concilia
520 1070 704 1139 ignota
751 1085 858 1122 non
905 1069 1110 1123 fuerint
1163 1070 1557 1134 Orientalibus,
1619 1072 1811 1125 saltem

241 1169 368 1226 post
393 1159 685 1212 concilium
712 1158 1067 1228 Ephesinum,
1099 1159 1191 1212 ubi
1227 1159 1400 1213 adfuit
1429 1160 1650 1215 Bessula
1669 1162 1808 1216 Car-

243 1251 586 1319 thaginensis
624 1251 906 1312 diaconus,
932 1251 1108 1305 allatis
1138 1251 1423 1320 Augustini
1458 1252 1643 1318 libris;
1685 1268 1808 1306 cum

240 1342 446 1409 Ephesi
496 1343 708 1412 vulgata
739 1350 921 1396 essent
958 1344 1089 1397 Acta
1136 1344 1318 1398 Ronue
1358 1361 1387 1398 a
1429 1344 1484 1397 S.
1517 1343 1809 1399 leestino

238 1432 506 1486 adversus
533 1433 868 1502 Pelagianos,
900 1434 1074 1502 iisque
1117 1436 1266 1489 Actis
1298 1436 1644 1506 superiorum
1676 1451 1811 1505 pon-

241 1525 453 1578 tilicum
489 1524 710 1579 decreta
734 1536 788 1579 et
811 1525 1187 1580 Africanarum
1226 1528 1553 1598 synodorum
1600 1527 1803 1581 mentio

239 1611 542 1664 haberetur
583 1628 596 1663 :
653 1626 776 1664 cum
820 1611 1055 1681 denique
1096 1613 1442 1682 Pelagianum
1501 1631 1698 1668 nomen
1747 1623 1803 1668 et

235 1709 390 1755 secta
439 1701 581 1756 foret
622 1702 740 1755 orbi
783 1704 881 1757 toti
929 1713 1078 1769 nota,
1120 1707 1174 1757 et
1228 1706 1549 1774 probrosum
1598 1706 1798 1776 ubique

236 1806 533 1856 terrarum,
560 1793 906 1848 damnatione
936 1797 1116 1848 mundi
1151 1813 1308 1848 ntanu
1329 1797 1656 1866 subscripta.

304 1880 504 1947 Quaero
519 1881 738 1947 deinde,
757 1899 854 1937 cur
881 1885 1237 1954 quaestionem
1266 1888 1333 1941 de
1359 1889 1543 1955 gratia:
1570 1891 1796 1944 interio—

229 1974 315 2028 ris
361 1973 578 2028 auxiliis
629 1991 895 2044 nusquam
955 1977 1232 2048 attigerit;
1280 1979 1526 2048 quamvis
1582 1981 1799 2035 dicendi

227 2065 454 2118 occasio
491 2080 631 2135 saepe
669 2067 866 2136 sepius
896 2070 1218 2131 occurrerit,
1262 2070 1370 2124 imo
1404 2079 1459 2124 et
1489 2073 1801 2127 incubuerit

227 2155 444 2210 homini
471 2171 578 2209 non
610 2156 900 2225 refugienti
929 2159 1140 2226 aperire
1175 2170 1409 2214 mentem
1448 2162 1517 2215 ’⁵.

300 2245 497 2312 ραδετο
545 2247 788 2310 tertium,
814 2264 914 2300 cur
951 2247 1165 2304 Veteris
1195 2249 1438 2319 Novique
1464 2251 1796 2307 Testamenti

221 2338 372 2401 loca,
406 2337 608 2407 quibus
662 2336 741 2391 uti
787 2337 965 2391 solent
1013 2338 1277 2396 Catholici
1313 2342 1379 2395 ad
1419 2345 1797 2398 necessitatem

220 2429 418 2498 gratia:
479 2428 758 2483 interioris
818 2431 1164 2485 astruendam
1196 2473 1209 2495 ,
1285 2433 1679 2504 interpretetur
1738 2444 1796 2489 ut

219 2521 524 2589 plurimum
577 2521 866 2592 Pelagiano
908 2537 1098 2588 more;
1143 2535 1290 2578 certe
1334 2540 1442 2579 non
1479 2542 1589 2595 quo
1620 2528 1796 2582 solent

216 2613 642 2682 Pelagianorum
667 2612 1096 2684 impugnatores.

300 2701 502 2768 Quaero
532 2712 811 2771 quartum,
834 2719 933 2756 cur
964 2704 1109 2760 inter
1139 2705 1472 2774 loquendum
1506 2709 1574 2764 de
1607 2711 1793 2779 gratia:

218 2795 433 2849 divina:
462 2795 702 2859 auxiliis,
750 2795 890 2849 nihil
931 2795 1146 2860 afferat,
1173 2799 1317 2867 quod
1346 2798 1502 2854 facile
1529 2817 1635 2854 non
1667 2817 1792 2870 pos-

213 2887 318 2947 sit,
349 2895 444 2940 aut
470 2886 537 2941 de
570 2887 688 2958 lege
723 2887 837 2942 sive
868 2887 1118 2942 doctrina
1191 2898 1286 2943 aut
1323 2891 1390 2944 de
1426 2893 1792 2948 exterioribus

211 2974 557 3044 adjumentis
579 2969 775 3046 accipi.

1917 526 2228 594 legendum,
2257 525 2605 593 producenda
2628 525 2986 579 nihilominus
3005 524 3314 578 testimonia
3337 526 3479 578 duo:

1916 617 2152 686 primum
2179 632 2245 669 ex
2280 616 2700 669 Commentariis
2759 616 2813 669 in
2850 616 3122 670 Psalmum
3159 631 3207 677 ι,
3251 616 3480 670 alterum

1915 724 1979 763 ex
2011 708 2296 761 Philotheo
2325 723 2445 776 cap.
2494 707 2564 760 Ἡ
2613 707 2714 761 sub
2751 707 2932 759 ﬁnem.

1987 799 2071 854 IV.
2103 799 2476 868 Interpretans
2521 797 2685 866 igitur
2717 795 3035 865 paenitentis
3068 794 3287 848 Davidis
3312 795 3479 848 verba

1917 890 2004 942 illa
2037 907 2048 940 :
2080 889 2183 944 Cor
2234 889 2489 942 mundum
2541 905 2660 940 crea
2705 889 2759 940 in
2799 903 2899 948 me,
2954 887 3111 948 Deus,
3144 894 3189 938 et
3235 887 3478 954 spiritum

1916 991 2111 1032 rectum
2140 982 2331 1033 innova
2371 982 2425 1033 in
2457 981 2732 1033 visceribus
2762 981 2886 1032 meis
2926 995 2943 1031 :
3004 999 3022 1029 ‹
3078 978 3345 1044 Quoniam
3401 979 3470 1040 ⁸⁷,

1917 1071 2114 1140 inquit,
2140 1072 2346 1140 peccati
2380 1071 2592 1125 seniqu
2618 1071 2886 1131 contraxi,
2923 1080 3012 1123 tua
3039 1085 3126 1122 me
3146 1067 3478 1138 benignitate

1915 1173 2138 1210 renova.
2199 1157 2322 1212 Haec
2377 1159 2540 1212 etiam
2599 1174 2696 1227 per
2768 1158 3088 1226 prophetam
3135 1157 3476 1211 Ezechielem

1914 1249 2143 1317 captivis
2169 1250 2312 1318 apud
2337 1249 2664 1320 Babylonem
2696 1250 2959 1303 Dominus
2983 1247 3304 1317 spopondit:
3335 1247 3478 1300 Dabo

1913 1341 2037 1408 ipsis
2069 1357 2157 1393 cor
2186 1358 2392 1413 novum,
2424 1351 2472 1394 et
2495 1343 2739 1410 spiritum
2769 1357 2976 1393 novum.
3014 1339 3275 1407 Spiritum
3295 1347 3476 1391 autem

1913 1446 2019 1484 non
2053 1441 2296 1485 sanctum
2333 1433 2486 1489 dicit.
2533 1431 2626 1484 sed
2667 1431 2832 1483 animi
2868 1431 3183 1498 impulsum,
3227 1429 3330 1482 hoc
3371 1438 3474 1491 est,

1912 1539 2037 1576 cum
2084 1524 2238 1591 longa
2286 1523 2640 1592 castigatione
2693 1523 3030 1590 castigavero
3080 1537 3218 1582 vos,
3251 1531 3305 1574 et
3339 1535 3478 1588 quos

1913 1613 2124 1667 fructus
2151 1623 2433 1683 peccatum
2466 1612 2753 1682 producat,
2789 1628 2888 1666 vos
2913 1611 3171 1674 docuero,
3199 1611 3390 1664 faciam
3418 1620 3476 1663 ut

1909 1706 2173 1761 virtutem
2202 1706 2433 1777 eligatis.
2463 1706 2519 1759 Id
2546 1714 2601 1760 et
2629 1705 2735 1760 hoc
2774 1706 2827 1758 in
2864 1705 2984 1759 loco
3032 1719 3260 1774 magnus
3307 1703 3472 1756 David

1836 1771 1882 1830 Β
1910 1799 2064 1866 petit.
2090 1807 2149 1852 ut
2169 1807 2224 1852 et
2258 1799 2443 1852 laesum
2472 1811 2569 1852 cor
2592 1797 2710 1867 ejus
2737 1806 3051 1859 renovetur,
3086 1806 3139 1849 et
3167 1810 3320 1848 mens
3348 1810 3472 1848 cor-

1903 1890 2192 1943 roboretur
2225 1890 2289 1943 ad
2323 1889 2721 1944 decurrendam
2745 1887 2886 1941 viam
2910 1888 3170 1940 divinam.
3205 1906 3222 1936 ι

1970 1983 2032 2034 V.
2074 1982 2174 2037 Ubi
2213 1981 2448 2050 elogium
2485 1980 2676 2034 scribit
2710 1979 2896 2034 Jacobi
2921 1971 2976 2011 ’δ’
3008 1978 3190 2032 adhuc
3215 1977 3469 2040 viventis,

1899 2081 2185 2142 postquam
2237 2071 2488 2141 exposuit
2543 2071 2864 2124 admirabile
2918 2069 3044 2124 vitae
3080 2089 3082 2091 ν
3119 2068 3466 2129 institutum,

1897 2165 2043 2232 quod
2082 2162 2317 2216 visibilis
2345 2163 2434 2217 ille
2463 2162 2690 2232 angelus
2729 2161 2949 2215 tenebat
2983 2179 2995 2213 :
3037 2179 3055 2212 ‹
3102 2159 3466 2220 Athletarum,

1898 2255 2076 2324 inquit
2136 2256 2203 2317 ",
2257 2254 2475 2323 pietatis
2511 2254 2836 2324 agonotheta
2883 2251 3042 2306 ﬁnem
3091 2251 3222 2306 huic
3288 2260 3465 2305 certa-

1897 2347 2140 2401 minibus
2169 2347 2392 2416 dignum
2422 2347 2648 2409 tribuat,
2685 2352 2764 2408 ut,
2792 2343 2938 2414 quod
2970 2354 3222 2413 superest
3250 2358 3464 2404 cursus,

1895 2440 2067 2509 priori
2095 2437 2420 2495 consentiat.
2457 2438 2742 2506 victorque
2773 2436 2992 2490 tandem
3019 2435 3085 2489 ad
3105 2444 3304 2489 metam
3332 2451 3460 2504 per-

1892 2530 2100 2592 veniat,
2135 2538 2190 2582 et
2217 2528 2590 2582 inﬁrmitatem
2624 2537 2865 2581 nostram
2893 2527 3010 2595 ejus
3044 2526 3302 2595 precibus
3327 2541 3460 2579 con-

1893 2619 2094 2681 ﬁrmet,
2132 2627 2192 2672 ut
2232 2617 2571 2671 corroborati
2608 2616 2806 2670 multas
2833 2615 3016 2670 clades
3044 2624 3256 2668 nostras
3284 2628 3464 2667 resar-

1892 2711 2122 2772 ciamus,
2157 2716 2212 2762 et
2243 2723 2309 2761 ex
2349 2707 2452 2761 hac
2475 2707 2584 2761 vita
2613 2707 2850 2760 victores
2880 2706 3224 2760 excedamus.
3266 2723 3283 2755 ι
3331 2704 3464 2769 Qui-

1891 2799 1996 2854 bus
2021 2799 2204 2852 verbis
2234 2808 2468 2867 quatuor
2496 2798 2612 2852 htec
2634 2813 2664 2850 a
2691 2798 2802 2850 Deo
2836 2797 3096 2866 postulat,
3123 2794 3462 2856 conﬁrmari,

1891 2890 2191 2952 emendari,
2222 2890 2552 2943 tentationes
2577 2888 2821 2951 vincere,
2873 2897 2929 2941 et
2971 2888 3038 2941 ad
3085 2888 3245 2940 ﬁnem
3291 2901 3463 2954 usque

1889 2996 2265 3051 perseverare.
2305 2981 2431 3035 Haec
2466 2989 2651 3033 autem
2685 2980 2827 3033 dona
2857 2988 2987 3032 sunt
3017 2979 3252 3048 Spiritus
3282 2979 3456 3033 sancti

292 3063 490 3130 Quaaro
520 3066 799 3135 quintum,
830 3081 927 3121 cur
959 3067 1102 3123 inter
1121 3072 1496 3139 exponendam
1520 3073 1678 3128 liberi
1699 3091 1788 3128 ar-
1816 3107 1861 3166 α
1895 3072 2174 3126 hominem
2207 3071 2396 3141 gratiae
2421 3087 2534 3125 sua:
2567 3071 2770 3124 auxilio
2792 3070 3052 3141 juvantis.

210 3156 374 3210 hitrii
407 3165 751 3226 potestatem,
792 3173 856 3214 ea
902 3158 1039 3224 fere,
1087 3175 1208 3230 qua:
1239 3161 1546 3233 Pelagiani,
1576 3165 1786 3230 afferat,

207 3263 450 3319 quaeque
477 3248 655 3312 affert,
687 3249 881 3304 iisdem
905 3247 1202 3320 Scriptura:
1235 3253 1560 3310 testimoniis
1587 3257 1788 3310 conﬁr-

208 3355 372 3394 mare
405 3340 641 3395 studeat.

285 3430 486 3496 Quaero
518 3439 760 3495 sextum,
792 3447 892 3487 cur
941 3434 994 3486 in
1035 3436 1241 3503 prolixa
1281 3437 1528 3492 oratione
1560 3439 1628 3493 de
1660 3441 1786 3495 cha-

207 3521 402 3583 ritate,
428 3535 552 3574 cum
585 3522 826 3592 singulas
851 3524 1014 3593 hujus
1035 3525 1256 3580 virtutis
1278 3541 1470 3582 causas
1495 3529 1787 3600 diligenter

206 3621 662 3679 prosequeretur,
691 3613 882 3681 ipsam,
907 3630 975 3668 ne
1006 3617 1172 3670 semel
1207 3618 1426 3686 quidem
1456 3620 1586 3690 (96),
1611 3636 1639 3674 a
1665 3622 1786 3691 Spi-

204 3706 324 3757 ritu
361 3711 552 3757 sancto
581 3703 783 3759 dixerit
810 3705 1044 3760 diffundi
1095 3709 1148 3762 in
1188 3710 1484 3776 cordibus;
1532 3713 1626 3766 sed
1668 3729 1784 3768 me-

203 3793 447 3848 moriam
490 3794 753 3850 duntaxat
790 3797 1180 3854 beneﬁciorum
1223 3802 1340 3866 Dei,
1373 3814 1428 3858 et
1475 3806 1818 3878 exemplum_

201 3883 418 3939 Christi
440 3894 864 3955 sanctorumque
895 3899 1180 3944 memorat.

279 3975 374 4029 III.
401 3976 628 4041 Verum,
655 3977 701 4031 si
728 3978 982 4043 velimus,
1038 3990 1099 4035 ut
1151 3992 1300 4038 certe
1333 3985 1618 4053 debemus,
1664 3989 1779 4042 Au-

204 4063 426 4135 gustini
457 4065 682 4119 Patrum
725 4067 869 4122 dicta
903 4069 1225 4124 catholicam
1261 4072 1316 4126 in
1366 4086 1573 4143 partem
1606 4077 1778 4132 inter-

201 4154 483 4224 pretantis
513 4156 822 4225 exemplum
860 4157 1035 4226 sequi,
1055 4158 1460 4216 Theodoretum
1488 4163 1652 4236 496
1670 4183 1777 4220 non

204 4245 444 4300 invitum
497 4246 717 4300 veritati
769 4249 1200 4305 conciliabimus.
1240 4252 1374 4306 Nam
1424 4270 1548 4308 cum
1605 4258 1780 4311 oratio

202 4336 512 4391 clarissima
538 4338 611 4392 sit
639 4338 824 4407 gratiae
856 4339 1185 4406 testiﬁcatio,
1211 4343 1390 4412 sitque
1415 4345 1654 4401 hominis
1685 4358 1779 4402 aut

1965 3163 2053 3218 VI.
2109 3161 2376 3217 Neutrum
2434 3161 2805 3216 testimonium
2863 3161 3036 3216 fateor
3101 3161 3301 3216 habere
3352 3163 3462 3216 vim

1895 3255 2396 3321 demonstrationis,
2447 3254 2910 3324 quemadmodum
2963 3268 3067 3308 nec
3093 3253 3198 3308 alia
3237 3254 3291 3307 in
3336 3269 3460 3323 spe-

1893 3347 2034 3401 ciem
2079 3346 2332 3411 clariora,
2383 3362 2507 3416 quae
2548 3346 2770 3401 aliunde
2830 3345 3026 3400 adduci
3063 3353 3328 3415 possent:
3367 3347 3462 3401 sed

1893 3437 2168 3492 contendo
2189 3453 2253 3492 ea
2283 3437 2513 3506 perinde
2541 3451 2700 3506 posse
2740 3436 2972 3507 benigna
3014 3436 3464 3506 interpretatione

1893 3529 1946 3582 in
1971 3529 2301 3584 catholicum
2329 3543 2548 3583 sensum
2582 3528 2754 3598 accipi
2811 3543 2876 3582 ac
2897 3543 3019 3597 quae
3039 3527 3464 3598 Chrysostomus

1891 3621 1959 3674 de
1993 3621 2185 3674 eodem
2209 3629 2531 3690 argumento
2555 3619 2773 3688 scripsit
2795 3637 2808 3672 :
2830 3618 3280 3690 Cbrysostomum
3315 3621 3459 3674 enim

1891 3711 2271 3765 Theodoretus
2302 3719 2524 3764 secutus
2549 3721 2651 3775 est,
2686 3725 2796 3781 quo
2823 3711 2941 3768 fere
2968 3711 3133 3766 modo
3159 3711 3461 3781 discipulus

1892 3803 2214 3874 magistrum
2251 3803 2410 3857 solet.

1961 3895 2070 3949 VII.
2098 3895 2171 3949 De
2192 3895 2361 3963 gratia
2393 3895 2638 3964 loquitur
2663 3898 2885 3966 copiose
2919 3895 2989 3950 ad
3027 3905 3193 3966 caput
3225 3912 3294 3950 vn
3333 3896 3462 3965 Epi-

1889 3984 2040 4038 stola:
2067 3983 2135 4037 ad
2171 3983 2474 4047 Romanos,
2509 3983 2602 4037 ubi
2627 3984 2918 4052 Apostolus
2942 3985 3124 4038 carnis
3150 3993 3205 4038 et
3235 3985 3460 4053 spiritus

1889 4079 2090 4131 Iuctam
2133 4077 2186 4130 in
2231 4091 2288 4130 se
2333 4075 2760 4129 Iamcntabiliter
2792 4076 3067 4143 exprimit.
3115 4075 3250 4128 Cum
3295 4074 3459 4140 igitur

1889 4167 2168 4220 retulisset
2201 4165 2446 4234 Apostoli
2471 4165 2660 4227 verba,
2699 4173 2753 4215 ut
2786 4163 3159 4232 fructiﬁcarem
3192 4165 3367 4224 morti,
3391 4180 3454 4217 ea

1887 4258 1966 4310 sic
1993 4257 2383 4325 interpretatur
2421 4257 2436 4286 ¹
2481 4271 2495 4306 :
2551 4273 2568 4303 ε
2605 4255 2708 4307 Per
2763 4255 2874 4307 luec
2917 4269 3017 4306 nos
3039 4253 3200 4323 497
3229 4254 3450 4316 docuit,

1886 4347 2031 4417 quod
2059 4356 2184 4400 ante
2213 4345 2464 4415 gratiam,
2495 4345 2623 4398 dum
2653 4345 2756 4399 sub
2804 4345 2938 4414 legis
2971 4353 3112 4398 statu
3146 4360 3452 4415 ageremus,

201 4421 462 4512 vecordis
485 4431 580 4476 aut
602 4423 775 4486 stulti,
805 4424 874 4478 ab
912 4425 1018 4479 alio
1045 4436 1250 4495 petere,
1296 4438 1354 4482 ut
1379 4429 1445 4482 ad
1485 4429 1538 4483 id
1573 4431 1778 4486 facien-
1811 4459 1855 4512 ο
1885 4437 2093 4506 peccati
2134 4435 2576 4490 vehementiores
2605 4435 2841 4505 impetus
2879 4436 3298 4500 sustinebamus,
3328 4453 3450 4490 eum

199 4512 337 4564 dum
373 4511 621 4580 juvetur,
655 4513 800 4581 quod
845 4513 900 4567 in
941 4530 1059 4580 sua,
1100 4517 1192 4586 qui
1227 4519 1384 4586 petit,
1420 4529 1691 4588 potestate
1719 4537 1777 4576 se

198 4604 411 4658 habere
445 4605 616 4668 novit,
644 4604 912 4660 dicendus
941 4615 1024 4661 est
1047 4608 1136 4662 ille
1168 4609 1236 4664 de
1269 4612 1459 4680 gratia:
1499 4612 1778 4669 interioris

195 4694 414 4748 auxilio
445 4699 582 4748 bene
613 4697 841 4761 sentire,
863 4698 955 4766 qui
985 4701 1070 4754 vel
1105 4701 1220 4770 ipse
1251 4717 1279 4756 a
1303 4703 1414 4757 Deo
1444 4714 1592 4773 petat
1620 4707 1687 4760 ad
1724 4707 1776 4761 id

193 4801 258 4839 se
287 4785 496 4854 juvari,
526 4787 666 4854 quod
707 4786 825 4841 sine
859 4790 1045 4858 gratiae
1080 4791 1359 4849 interioris
1400 4797 1606 4851 auxilio
1638 4814 1776 4867 pra!-

194 4876 336 4930 stari
393 4877 624 4945 nequit;
675 4879 760 4933 vel
797 4879 889 4932 ubi
920 4881 1138 4952 adjutus
1173 4885 1263 4948 sit,
1307 4888 1546 4957 agendas
1577 4891 1777 4960 gratias

193 4975 378 5036 putet.
412 4968 574 5022 Petiit
598 4985 732 5026 vero
763 4971 869 5025 sibi
901 4973 1282 5030 Theodoretus
1316 4979 1648 5049 adjutorium
1679 4984 1773 5038 Dei

190 5059 263 5113 ad
294 5057 434 5114 bene
467 5059 738 5130 agendum
762 5101 778 5128 ,
805 5070 1008 5118 etcum
1039 5064 1176 5120 bene
1202 5068 1426 5137 egisset,
1452 5071 1653 5126 factum
1677 5073 1773 5128 Dei

1883 4531 1991 4593 lex,
2024 4528 2154 4598 quid
2178 4536 2322 4583 esset
2352 4527 2574 4597 quidem
2615 4528 2907 4601 agendum,
2929 4529 3262 4605 ostenderet,
3293 4533 3449 4586 auxi-

1883 4621 2015 4674 lium
2058 4628 2241 4674 autem
2287 4635 2395 4673 non
2439 4618 2628 4677 ferret.
2679 4643 2696 4674 ο
2756 4624 2822 4677 Et
2873 4634 3058 4692 postea
3120 4625 3140 4655 ²
3192 4641 3263 4678 ε(
3315 4623 3451 4677 Cum

1883 4709 1986 4778 legi
2031 4723 2279 4764 essemus
2327 4707 2571 4774 obnoxii,
2623 4712 2952 4766 accessimus
2982 4711 3047 4765 ad
3079 4712 3449 4781 baptismum;

1880 4800 2043 4853 simul
2075 4810 2258 4854 autem
2289 4815 2413 4852 eum
2440 4799 2659 4854 Christo
2688 4803 2910 4864 mortui,
2942 4816 3006 4854 ac
3055 4817 3179 4855 cum
3218 4803 3335 4869 ipso
3359 4819 3449 4856 re-

1879 4900 2190 4962 surgentes,
2247 4890 2546 4961 legislatori
2588 4892 2866 4961 conjuncti
2910 4907 3119 4954 sumus,
3151 4906 3253 4944 nec
3297 4889 3450 4957 legali

1879 4985 2004 5039 vitae
2060 4985 2272 5038 ratione
2316 4981 2551 5052 amplius
2595 4996 2734 5051 opus
2768 4983 3053 5037 habemus.
3095 4982 3270 5050 Ipsam
3301 4981 3449 5035 enim

1879 5076 2117 5146 Spiritus
2158 5078 2386 5148 gratiam
2434 5075 2764 5143 accepimus.
2801 5094 2818 5125 ι
2856 5075 2924 5127 Ει
2983 5075 3050 5128 ad
3103 5074 3203 5126 ista
3229 5072 3395 5126 verba
3433 5091 3446 5124 :

1533 5248 1848 5306 SCHULZII
1882 5251 2108 5308 ΝΟΤᾹΞ.

263 5379 312 5458 ξ’
343 5377 428 5432 Ad
453 5378 610 5464 hanc
631 5387 1040 5464 netusequentes
1072 5386 1399 5464 quaestiones
1425 5377 1843 5464 responsionem
1877 5393 2226 5461 suppeditare
2261 5395 2520 5448 videntur
2569 5395 2684 5447 loca
2711 5404 2738 5461 ς,
2765 5395 2816 5455 4,
2851 5394 2884 5446 5
2919 5401 2974 5464 et
3011 5395 3042 5447 7
3079 5391 3256 5464 allata.
3279 5391 3441 5462 Equi

184 5449 342 5504 enim
384 5449 584 5527 arbitri
605 5448 786 5532 “facile
831 5448 1175 5532 :intellige'nt,
1215 5448 1592 5532 Pelagiattismi
1620 5460 1786 5532 culpa
1817 5448 2010 5532 vaca-re
2052 5479 2199 5526 eum,
2230 5465 2323 5532 qui
2361 5465 2509 5518 vires
2545 5464 2613 5516 ad.
2663 5448 3028 5532 peragendum
3085 5462 3294 5515 bonum.
3346 5448 3440 5532 ne;

187 5519 464 5600 cessarias
513 5535 545 5573 a
603 5519 718 5600 Deo
756 5521 913 5600 petit,
946 5519 1303 5592 acceptasque
1344 5519 1431 5600 ad
1466 5519 1735 5600 beneﬁcia
1776 5531 1879 5584 sibi
1945 5548 1975 5585 a
2037 5533 2147 5586 Deo
2185 5519 2376 5586 collata
2427 5535 2613 5586 refert.
2663 5519 2954 5585 ‘9‘P'robat
2996 5541 3175 5586 tamen
3224 5531 3447 5587 Davidis

185 5590 933 5671 aliorumquemtestim‘onhio,
975 5590 1098 5671 cnam
1149 5590 1331 5671 rerum
1381 5595 1687 5671 divinarum
1738 5601 2195 5671 contemplatione
2244 5612 2300 5656 ct
2344 5603 2594 5655 Numinis
2636 5602 2804 5653 divini
2851 5602 3053 5654 auxilio
3110 5600 3324 5671 incendi
3360 5611 3442 5671 _ct

186 5658 428 5740 augeri.‘
470 5658 899 5740 :TT.I,.p.nQ-IQ.
975 5659 1022 5692 9⁸
1043 5661 1242 5740 incepi.
1275 5665 1786 5740 NonuNisibenirse

1911 5658 1974 5724 1ιὲ
2010 5671 2073 5724 ad
2109 5688 2270 5738 quem
2309 5673 2542 5738 pertinet
2583 5671 2850 5725 Pbilotbei
2886 5687 2932 5724 c.
2968 5672 3054 5722 ‘ZI.
3089 5669 3266 5724 Edilio
3291 5668 3437 5740 prior

186 5726 431 5781 habebat
467 5726 720 5782 Simeonis
745 5726 968 5799 Stylitrp.
1045 5732 1087 5761 ⁹⁹
1130 5733 1243 5784 Vitl.
1293 5742 1326 5784 t.
1361 5735 1445 5796 III,
1482 5752 1531 5803 p.
1587 5739 1734 5791 1253.

1819 5739 1830 5768 ¹
1863 5740 1981 5792 Viti.
2019 5741 2172 5804 ibid”
2208 5759 2258 5809 ρ,
2292 5742 2374 5792 70.
2422 5743 2437 5770 ’
2465 5741 2580 5794 Viti.
2619 5741 2772 5799 ihid.,
2811 5758 2859 5810 ρ.
2905 5742 2991 5795 70.
