3956 6298
429 527 441 583 l

491 288 597 355 443

1589 294 1968 355 GARNERII
2010 289 2511 352 DISSERTATIO
2549 289 2640 348 ΙΙΙ

3652 284 3754 348 444

496 401 608 473 Ego
641 411 817 457 autem
839 405 1073 461 carnalis
1099 421 1234 468 sum,
1260 415 1393 470 e:c.,
1423 405 1502 460 sic
1535 413 1939 459 commentatur
1969 407 1984 421 '
2008 402 2063 455 ’ί
2097 405 2141 460 Α
2172 399 2310 455 istos
2346 397 2458 453 Leo
2490 397 2740 454 Allatius.
2763 394 3299 467 CongeritDallaeus,
3329 403 3445 449 tum
3479 409 3605 464 qua:
3628 404 3753 451 sunt

502 516 520 545 ι
546 493 858 550 introducit
905 496 1182 550 hominem
1233 506 1360 549 ante
1387 496 1616 567 gratiam
1648 497 1718 551 ab
1754 495 1922 551 animi
1950 509 2073 563 per-

494 584 909 639 turbationibus
930 585 1246 639 obsessum:
1274 587 1549 641 carnalem
1573 587 1720 641 etaim
1744 596 1902 641 vocat
1922 602 2071 650 eum,

496 678 592 745 qui
646 676 888 730 nondum
932 676 1276 745 spiritualem
1329 678 1560 748 gratiam
1601 688 1684 733 est
1710 687 2013 733 assecutus.
2049 698 2066 727 ι

497 767 566 822 Et
613 776 801 837 postea
836 767 859 797 ⁸
894 787 906 820 :
947 787 964 816 ‹
998 767 1122 823 Haec
1162 769 1348 822 omnia
1401 784 1527 822 cum
1559 768 1909 823 disseruisset
1935 769 2077 836 Apo-

497 859 692 922 stolus,
743 868 801 911 ut
849 858 1185 924 ostenderet,
1214 861 1406 928 quales
1448 861 1717 915 fuerimus
1770 868 1896 914 ante
1950 874 2075 930 gra-

501 952 655 1012 tiam,
714 960 771 1006 et
820 952 1012 1021 quales
1055 961 1179 1022 post
1220 955 1452 1024 gratiam
1503 953 1631 1007 facti
1678 953 1886 1018 simus,
1926 953 2079 1006 velut

498 1054 755 1112 suscepta
785 1060 1017 1113 persona
1054 1061 1269 1110 eorum,
1319 1046 1413 1115 qui
1460 1054 1589 1101 ante
1618 1047 1845 1116 gratiam
1885 1060 1917 1099 a
1948 1060 2080 1114 pec-

494 1143 624 1190 cato
670 1134 881 1189 obsessi
923 1137 1168 1200 fuerunt,
1219 1147 1473 1206 tanquam
1520 1153 1552 1191 a
1592 1136 1789 1192 mediis
1831 1136 2082 1190 hostibus

498 1224 895 1288 circumdatus,
936 1235 991 1280 et
1029 1227 1083 1281 in
1113 1227 1438 1282 servitutem
1464 1228 1756 1291 abductus,
1793 1233 1849 1279 et
1872 1225 2082 1280 servire

496 1324 746 1377 coactus,
779 1324 837 1369 et
862 1317 1071 1370 nullum
1104 1317 1326 1372 aliunde
1367 1318 1557 1372 videns
1581 1318 1869 1380 auxilium,
1903 1315 2084 1387 gravi-

504 1416 591 1461 ter
619 1407 788 1477 gemit
818 1423 881 1462 ac
919 1409 1271 1475 lamentatur,
1315 1411 1666 1480 ostenditque
1711 1412 1887 1481 legem
1921 1424 2083 1479 opem

501 1494 649 1550 ferre
679 1511 788 1551 non
818 1513 999 1566 posse,
1028 1509 1085 1553 et
1112 1499 1276 1553 dicit:
1308 1500 1503 1569 Infelix
1533 1518 1625 1570 ego
1652 1501 1826 1559 homo.
1857 1501 1972 1571 quis
2002 1514 2085 1552 me

506 1583 743 1639 liberabit
774 1586 838 1640 de
866 1604 1081 1658 corpore
1122 1591 1304 1643 mortis
1337 1591 1543 1660 hujus?
1589 1592 1803 1646 Gratias
1836 1607 1936 1661 ago
1977 1589 2086 1644 Deo

506 1691 621 1730 meo
646 1693 739 1746 per
764 1677 946 1731 Iesum
977 1678 1244 1734 Christum
1277 1681 1562 1736 Dominum
1596 1692 1856 1736 nostrum.
1897 1681 2087 1737 Mortis

2174 491 2232 544 in
2257 489 2408 544 Actis
2437 487 2655 544 concilii
2680 486 3001 547 Florentini,
3035 493 3150 539 tum
3182 483 3287 538 alia
3314 482 3753 555 quaelibet.Alla-

2175 584 2286 638 tius
2312 592 2526 636 veteres
2567 577 2797 650 perinde
2838 566 3254 646 interpretatur,
3300 589 3364 629 ac
3405 573 3452 628 si
3485 572 3557 628 de
3604 589 3751 643 qua-

2175 674 2356 732 stione
2385 672 2651 726 hodierna
2667 668 2992 725 sententiam
3018 666 3316 721 dixissent:
3351 664 3583 719 credere
3611 664 3753 719 enim

2176 766 2417 830 videtur,
2453 780 2548 819 eos
2570 764 2665 833 qui
2717 763 2784 818 de
2827 758 3146 832 purgatorio
3185 758 3309 829 igne
3348 757 3478 811 olim
3511 755 3757 825 disputa-

2178 857 2330 921 bant,
2361 870 2599 923 eumque
2624 869 2745 910 esse
2768 852 3060 922 negabant,
3084 858 3278 904 contra
3303 847 3465 902 ﬁdem
3498 846 3758 902 Ecclesia

2180 947 2388 1004 Latinae
2426 961 2727 1018 pugnasse;
2762 944 2857 1014 qui
2887 959 3019 997 vero
3052 941 3390 1004 asserebant,
3426 956 3527 1010 pro
3565 939 3759 994 catho—

2180 1043 2285 1095 lica
2312 1039 2417 1094 ﬁde
2442 1039 2672 1102 fecisse;
2700 1037 2845 1106 quod
2872 1044 3188 1103 utrumque,
3228 1047 3347 1086 mea
3375 1030 3604 1101 quidem
3635 1044 3758 1084 sen-

2182 1132 2375 1195 tentia,
2406 1140 2503 1186 aut
2528 1130 2676 1184 nulla
2705 1143 2773 1183 ex
2796 1134 2952 1198 parte
2987 1140 3178 1180 verum
3215 1133 3322 1188 est,
3353 1132 3449 1178 aut
3488 1138 3603 1178 non
3635 1123 3760 1176 uni-

2182 1239 2360 1280 verse.

2257 1316 2315 1370 ld
2349 1329 2482 1369 vero
2518 1321 2580 1366 ut
2615 1318 2836 1381 planum
2885 1311 2995 1373 ﬁat,
3042 1307 3515 1379 praetermittenda
3543 1315 3631 1361 est
3660 1305 3764 1362 hoc

2187 1406 2243 1460 in
2294 1405 2417 1459 loco
2474 1401 2795 1472 disputatio,
2834 1398 3032 1469 partim
3081 1398 3150 1453 de
3196 1396 3470 1453 inerudita
3498 1396 3762 1465 opinione

2188 1490 2571 1551 haereticorum
2635 1500 2834 1546 nostra:
2873 1489 3069 1555 aetatis,
3115 1488 3547 1543 existimantium
3585 1487 3765 1541 nullas

2188 1584 2393 1640 divina:
2433 1583 2661 1655 justitia:
2692 1591 2815 1651 post
2844 1581 3012 1634 vitam
3048 1579 3332 1634 mortalem
3373 1577 3537 1649 pendi
3575 1592 3766 1647 pcenas

2188 1675 2257 1729 ab
2305 1674 2432 1729 ullis
2472 1673 2729 1727 ﬁdelibus
2757 1673 2814 1725 in
2847 1671 3079 1726 Domino
3114 1670 3422 1736 defunctis;
3464 1669 3668 1739 partim
3698 1668 3766 1724 de

507 1779 709 1835 corpus
736 1777 915 1826 vocat,
958 1778 1017 1823 ut
1041 1770 1341 1825 obnoxium
1386 1772 1548 1826 ιιιοιοιί
1579 1771 1806 1836 factum,
1841 1772 1947 1826 hoc
1975 1780 2081 1837 est,
2122 1748 2159 1800 Β
2192 1765 2463 1819 catholica
2508 1763 2768 1818 Ecclesia:
2809 1762 3061 1817 doctrina
3106 1762 3251 1816 circa
3305 1770 3526 1815 sanctos
3567 1760 3768 1814 eximie

508 1859 784 1914 mortale:
828 1861 1007 1915 anima
1047 1862 1197 1916 enim
1256 1863 1605 1918 immortalis.
1661 1864 1843 1927 Solus,
1881 1864 2081 1934 inquit,

509 1949 773 2006 Dominus
805 1961 993 2008 noster
1029 1953 1189 2009 Jesus
1224 1954 1479 2010 Christus
1514 1970 1617 2010 nos
1651 1971 1682 2011 a
1719 1956 1872 2026 gravi
1910 1956 2087 2011 domi-

506 2050 641 2097 natu
665 2042 942 2108 liberavit,
992 2054 1169 2099 morte
1196 2044 1417 2114 quidem
1468 2045 1770 2116 profligata,
1798 2045 1960 2100 nobis
1983 2061 2085 2100 au-

508 2145 618 2189 tem
668 2133 1078 2191 immortalitate
1133 2138 1422 2206 promissa,
1453 2148 1511 2193 et
1560 2138 1672 2192 vita
1718 2138 1967 2193 laborum
2021 2154 2086 2193 ac

508 2226 906 2293 molestiarum,
962 2229 1202 2299 bellique
1257 2245 1324 2286 ac
1373 2230 1581 2299 peccati
1629 2242 1872 2300 experte.
1905 2231 2085 2300 Atque

510 2315 706 2371 horum
733 2318 954 2386 quidem
985 2319 1042 2373 in
1065 2320 1178 2373 vita
1210 2319 1397 2374 futura
1422 2319 1662 2374 fructum
1693 2319 2081 2389 percipiemus;

509 2408 564 2463 in
591 2409 846 2478 praesenti
872 2419 1054 2464 autem
1082 2410 1254 2465 sancti
1279 2411 1520 2480 Spiritus
1552 2410 1782 2481 gratiam
1816 2411 2087 2481 reeipien-

510 2504 614 2560 tes,
639 2512 749 2552 non
780 2499 881 2553 soli
911 2500 1177 2555 adversus
1205 2501 1372 2556 animi
1400 2503 1845 2572 perturbationes
1880 2503 1933 2557 in
1967 2504 2085 2558 acie

509 2595 741 2652 stamus,
773 2588 870 2644 sed
902 2606 1023 2645 eam
1058 2588 1468 2661 opitulatricem
1505 2592 1791 2658 habentes,
1826 2593 1925 2649 has
1961 2592 2086 2647 vin-

503 2692 643 2736 cere
664 2694 974 2748 possumus.
1013 2701 1033 2732 ι

579 2769 713 2824 Vlll.
748 2770 856 2826 Sed
887 2787 1066 2841 neque
1117 2773 1221 2828 hoc
1267 2774 1641 2828 testimonium
1689 2791 1805 2830 rem
1837 2775 2042 2831 evincit
2070 2793 2083 2829 :

505 2860 780 2932 siquidem
828 2865 1133 2935 intelligere
1167 2865 1386 2921 videtur
1430 2867 1811 2923 Theodoretus
1843 2868 2086 2938 Apostoli

506 2953 676 3008 verba
698 2952 767 3008 de
787 2956 963 3024 gratia
1001 2971 1124 3026 quae
1150 2957 1436 3013 confertur
1463 2960 1519 3015 in
1546 2960 1838 3029 baptismo,
1869 2977 2087 3031 quaque

500 3042 805 3100 Christiani
853 3045 990 3102 ﬁunt
1030 3050 1091 3116 5;
1132 3066 1244 3105 non
1274 3058 1459 3105 autem
1507 3051 1576 3106 de
1626 3067 1724 3111 ea.
1755 3067 1878 3120 qua:
1922 3052 2085 3107 datur

502 3134 576 3190 ad
607 3137 852 3208 singulos
875 3149 1050 3205 actus,
1082 3151 1137 3197 et
1181 3159 1289 3212 qua
1313 3142 1629 3199 Christiane
1656 3144 1880 3198 vivitur.
1916 3144 2083 3215 Atqui

504 3229 735 3298 gratiam
772 3231 1028 3300 baptismi
1060 3250 1168 3288 non
1210 3235 1411 3306 refugit
1454 3235 1614 3291 fateri
1654 3236 1925 3307 Pelagius,
1976 3237 2086 3291 imo

506 3335 765 3388 expresse
787 3322 1113 3378 admittitin
1138 3323 1567 3380 Commentariis
1607 3327 1672 3380 ad
1714 3327 1864 3382 hunc
1906 3327 2084 3396 ipsum

507 3408 689 3461 locum
718 3408 962 3485 Apostoli
992 3429 1006 3466 :
1043 3413 1204 3468 docet
1241 3415 1409 3477 enim,
1460 3435 1478 3466 ι
1530 3431 1694 3484 quem
1731 3417 1818 3470 lex
1845 3432 1952 3471 non
1985 3434 2087 3487 po-

509 3498 617 3552 tuit
645 3499 907 3565 liberare,
933 3505 1108 3574 gratia
1138 3506 1233 3559 Dei
1256 3505 1550 3561 liberatum
1581 3521 1702 3561 esse
1726 3524 1743 3573 ;
1774 3523 1882 3562 non
1907 3509 2086 3564 solum

509 3587 671 3642 nobis
687 3589 859 3643 Deum
892 3607 991 3661 per
1012 3592 1135 3646 Filii
1167 3594 1252 3648 sui
1287 3603 1517 3648 mortem
1547 3606 1771 3664 peccata
1789 3596 2084 3665 dimisisse,

507 3679 606 3735 sed
629 3689 685 3735 et
708 3681 973 3750 Spiritum
1015 3694 1265 3740 sanctum
1295 3687 1460 3742 nobis
1491 3687 1731 3753 dedisse,
1767 3709 1786 3742 ι
1824 3699 1931 3746 etc.

582 3767 675 3824 IX.
707 3772 910 3827 Verum
945 3775 1001 3829 id
1031 3791 1223 3831 rursus
1254 3793 1442 3832 assero
1470 3778 1616 3848 quod
1641 3789 1820 3842 antea,
1851 3782 2086 3854 benigna

507 3860 725 3917 scilicet
749 3861 1205 3935 interpretatione
1251 3867 1657 3923 Theodoretum
1703 3886 1862 3941 posse
1887 3871 2086 3928 adduci
2121 3859 2129 3868 ’

506 3951 580 4008 ad
627 3953 788 4008 fidem
833 3955 1089 4012 Ecclesia:
1130 3958 1304 4013 instar
1351 3959 1585 4014 aliorum
1623 3959 1944 4017 Graecorum
1978 3962 2085 4019 Pa-

513 4055 683 4108 trum,
707 4045 1071 4118 inprimisque
1094 4048 1470 4122 Chrysostomi
1497 4069 1512 4105 :
1540 4051 1608 4108 de
1644 4068 1879 4123 quorum
1902 4063 2086 4110 mente

510 4134 566 4190 ln
605 4150 770 4191 causa
808 4138 995 4207 gratiae
1024 4140 1494 4195 ediditeruditum
1522 4157 1661 4212 opus
1686 4143 2088 4200 illustrissimus

510 4223 789 4284 Habertus
810 4227 1177 4285 Vabrensium
1200 4233 1515 4303 episcopus.

964 4364 1133 4437 493
1159 4364 1383 4422 CAPUT
1429 4368 1516 4421 vt.

984 4476 1063 4529 De
1096 4477 1216 4546 igne
1263 4481 1597 4548 purgatorio.

577 4587 817 4653 Qumstio
849 4588 917 4643 de
954 4587 1078 4657 igne
1111 4589 1462 4658 purgatorio,
1499 4605 1624 4644 cum
1658 4608 1757 4661 per
1784 4608 1843 4649 se
1878 4594 2089 4664 simpli-

501 4679 649 4733 citer
691 4688 979 4738 tractatur.
1030 4681 1305 4750 implicata
1356 4683 1580 4750 quidem
1626 4692 1757 4738 est:
1800 4686 1895 4741 sed
1923 4687 2084 4758 longe

503 4769 841 4840 implicatior
889 4772 1094 4836 evadit,
1129 4789 1268 4827 cum
1317 4773 1498 4842 agitur
1525 4773 1594 4828 de
1624 4786 1807 4831 mente
1838 4784 2083 4834 veterum

507 4861 754 4926 Patrum,
779 4870 942 4931 atque
967 4861 1134 4917 etiam
1176 4863 1244 4918 de
1284 4865 1536 4921 doctrina
1579 4866 1836 4924 Ecclesiae
1858 4867 2080 4927 Graecis.

488 4951 761 5007 Fuerunt
795 4952 1078 5021 enim,qui
1101 4953 1483 5021 opinarentur,
1517 4958 1814 5013 Ecclesiam
1838 4958 2082 5017 Graecam

506 5041 909 5109 purgatorium,
937 5041 1245 5106 cuiusmodi
1282 5043 1351 5097 ab
1380 5045 1625 5102 Ecclesia
1656 5048 1849 5105 Latina
1891 5051 2085 5107 defen-

502 5129 682 5191 ditur,
707 5136 802 5181 aut
846 5144 1095 5198 negasse,
1147 5142 1242 5186 aut
1287 5150 1397 5188 non
1443 5139 1751 5207 agnovisse.
1798 5139 1940 5195 Sunt
1991 5141 2087 5210 qui

504 5217 929 5272 consensionem
956 5221 1244 5292 utriusque
1271 5225 1528 5283 Ecclesiae
1559 5239 1882 5301 perpetuam
1916 5232 2085 5287 exsti-

507 5312 644 5364 tisse
694 5308 981 5366 aﬁirment.
1029 5310 1177 5369 lnter
1222 5316 1346 5372 illos
1393 5321 1598 5375 eminet
1633 5324 1904 5390 Dallaeus;
1946 5326 2091 5379 inter

2186 1858 2387 1926 justus,
2433 1855 2528 1924 qui
2576 1854 2663 1915 ad,
2692 1852 3093 1909 beatitudinem
3128 1864 3405 1907 momento
3454 1859 3767 1909 transeunt.

2192 1949 2377 2018 Longe
2421 1947 2567 2002 enim
2619 1945 2725 2000 alia
2768 1961 2916 2000 nunc
2963 1945 3194 2015 quaastio
3249 1951 3544 1997 versatur:
3584 1958 3773 1998 recur-

2192 2040 2434 2095 dandum
2474 2039 2623 2093 enim
2675 2032 2996 2092 defensOres
3032 2036 3171 2107 ignis
3200 2036 3521 2106 purgatorii,
3548 2035 3645 2105 qui
3686 2036 3769 2089 vi-

2194 2140 2397 2187 xerunt
2425 2131 2619 2201 primis
2642 2129 3010 2200 temporibus,
3043 2128 3263 2199 quando
3312 2128 3563 2183 fervebat
3582 2127 3772 2199 Orige—

2192 2224 2355 2279 niana
2381 2222 2684 2285 contentio,
2719 2222 2774 2274 in
2801 2231 2911 2276 tres
2933 2220 3236 2276 sententias
3258 2219 3598 2284 discessisse,
3631 2236 3771 2291 qua-

2194 2332 2315 2371 rum
2343 2316 2502 2370 unica
2541 2314 2643 2368 fuit
2682 2313 2970 2368 catholica.

2262 2407 2447 2463 Prima
2485 2416 2637 2469 erat,
2676 2420 2871 2460 omnes
2918 2405 3144 2460 omnino
3191 2404 3307 2459 sive
3346 2403 3604 2473 spiritus,
3652 2404 3772 2458 sive

2194 2499 2464 2561 homines,
2509 2498 2949 2567 quantiscunque
2988 2495 3293 2551 sceleribus
3345 2495 3618 2565 pollutos,
3666 2495 3772 2548 ali-

2193 2590 2414 2661 quando
2454 2589 2577 2661 igne
2604 2589 3009 2660 expurgandos,
3059 2604 3164 2643 nec
3203 2587 3342 2643 ullas
3383 2586 3571 2646 ullius.
3600 2593 3770 2639 etiam

2194 2683 2480 2746 dzemoms,
2508 2696 2698 2751 poenas
2725 2690 2992 2736 aeternum
3023 2680 3341 2734 duraturus.
3371 2678 3579 2740 Altera,
3624 2677 3773 2732 solas

2196 2774 2497 2829 inﬁdelium
2541 2789 2733 2844 poenas
2779 2783 3014 2828 aiternas
3066 2772 3213 2837 fore;
3266 2770 3454 2826 ﬁdeles
3479 2783 3631 2826 vero.
3666 2769 3771 2821 etsi

2194 2868 2396 2923 obeant
2442 2881 2901 2937 quorumcunque
2962 2867 3231 2921 scelerum
3280 2864 3399 2927 rei,
3453 2861 3771 2933 purgandos

2195 2960 2349 3022 olim,
2379 2968 2436 3013 et
2457 2959 2637 3013 salvos
2672 2974 2770 3028 per
2799 2959 2978 3028 ignem
3010 2956 3243 3011 futuros.
3288 2953 3490 3015 Tertia,
3520 2951 3771 3008 solorum

2189 3050 2488 3120 justorum,
2538 3047 2592 3101 id
2633 3054 2738 3110 est,
2779 3045 2871 3115 qui
2914 3045 2968 3099 in
2998 3043 3264 3098 charitate
3296 3039 3623 3100 moriuntur,
3671 3045 3771 3091 aut

2187 3147 2411 3212 peccata
2438 3140 2555 3209 ipsa
2581 3137 2840 3201 venialia,
2871 3143 2966 3190 aut
2996 3134 3244 3190 debitum
3271 3146 3466 3203 poenae,
3494 3144 3597 3198 pro
3640 3128 3773 3183 aliis

2192 3232 2435 3302 peccatis
2466 3229 2713 3285 nondum
2758 3227 3043 3290 exsoluta,
3072 3225 3196 3295 igne
3226 3222 3467 3295 purgari.

2264 3325 2500 3378 Primam
2545 3330 2766 3377 secutus
2806 3329 2891 3375 est
2933 3318 3220 3389 Origenes.
3273 3331 3473 3371 vesana
3528 3312 3769 3383 quadam

2191 3414 2570 3471 misericordia
2600 3414 2816 3477 illusus,
2838 3420 2900 3466 ut
2931 3410 3203 3473 crederet,
3229 3409 3431 3463 nullam
3457 3414 3767 3461 creaturam

2191 3508 2513 3565 rationalem
2554 3516 2824 3561 aeternum
2858 3505 3158 3574 perituram
3182 3543 3196 3567 ,
3246 3501 3341 3557 sed
3390 3498 3632 3562 singulas
3669 3512 3770 3567 per

2191 3599 2628 3654 innumerabiles
2650 3596 2939 3658 circuitus,
2972 3607 3340 3661 ascensusque
3377 3600 3434 3644 et
3470 3589 3772 3644 descensus

2189 3693 2380 3748 tandiu
2409 3689 2762 3753 exercendas,
2785 3688 2964 3743 donec
2990 3700 3184 3740 omnes
3208 3699 3274 3739 eo
3298 3681 3556 3752 puritatis
3584 3678 3767 3734 redie-

2189 3781 2321 3846 rint,
2348 3781 2403 3835 in
2433 3795 2544 3850 quo
2573 3787 2753 3843 erant,
2801 3792 2929 3832 cum
2976 3792 3006 3830 a
3041 3775 3154 3829 Deo
3195 3777 3614 3843 processerunt;
3656 3781 3770 3836 quo

2191 3882 2437 3941 tempore
2479 3869 2645 3940 £99
2673 3875 2796 3938 post
2822 3876 2986 3921 exuta
3014 3864 3277 3920 omnibus
3322 3859 3603 3915 mentibus
3637 3872 3768 3912 cor-

2189 3977 2347 4033 pora,
2404 3960 2654 4015 futurum
2701 3957 2921 4012 dicebat
2962 3955 3060 4010 Dei
3106 3968 3356 4023 regnum,
3399 3958 3772 4016 :eternamque

2189 4054 2370 4109 lucem
2402 4066 2466 4106 ac
2490 4048 2893 4105 beatitudinem
2928 4043 3413 4104 interminabilem,
3453 4040 3622 4095 rebus
3644 4052 3769 4092 om-

2189 4145 2355 4201 nibus
2378 4142 2779 4214 corporalibus,
2823 4141 3067 4211 ipsisque
3097 4136 3237 4192 adeo
3272 4133 3484 4197 inferis,
3526 4132 3644 4188 sive
3685 4145 3774 4184 er-

2189 4238 2419 4309 gastulis
2450 4251 2695 4299 reorum,
2736 4232 3051 4290 destructis.

2260 4328 2317 4381 In
2342 4326 2515 4380 altera
2540 4325 2764 4379 fuerunt
2794 4325 2999 4394 plures,
3034 4322 3129 4391 qui
3160 4328 3359 4390 quarto
3380 4317 3581 4371 szeculo
3610 4312 3774 4383 quin-

2189 4417 2340 4487 tique
2370 4416 2527 4471 initio
2560 4400 2834 4470 vixerunt.
2868 4415 2971 4478 Illi,
3003 4423 3063 4468 ut
3117 4413 3286 4468 refert
3334 4408 3677 4480 Augustinus
3722 4407 3765 4471 ',

2195 4517 2401 4563 tantam
2454 4509 2562 4562 vim
2612 4508 2793 4563 inesse
2842 4506 2968 4561 ﬁdei
3015 4520 3144 4560 vere
3180 4502 3502 4564 credebant,
3532 4518 3551 4550 ‹
3589 4509 3651 4559 ut
3678 4498 3774 4552 ba-

2194 4599 2396 4668 ptismo
2425 4600 2648 4663 tinctus,
2692 4613 2757 4653 ea
2780 4604 3028 4661 retenta,
3085 4596 3205 4651 sine
3258 4609 3366 4664 qua
3418 4592 3472 4647 in
3502 4598 3772 4646 teternum

2192 4690 2421 4760 periret,
2455 4690 2509 4744 in
2540 4689 2788 4759 quolibet
2828 4694 2845 4711 ⁶
2892 4688 3102 4743 scelere
3142 4684 3599 4752 immunditiaque
3644 4697 3774 4751 per-

2190 4781 2474 4843 manserit,
2531 4783 2713 4835 salvus
2758 4780 2977 4834 futurus
3007 4779 3077 4833 sit
3130 4788 3389 4845 tanquam
3437 4790 3534 4844 per
3565 4773 3771 4840 ignem.

2192 4873 2344 4929 velut
2376 4871 2470 4941 qui
2492 4871 2852 4926 aediﬁcaverit
2911 4885 3079 4940 super
3134 4868 3573 4925 fundamentum,
3621 4859 3773 4930 quod

2189 4976 2276 5024 est
2296 4967 2572 5029 Christus,
2604 4982 2715 5021 non
2742 4981 2960 5028 aurum,
2984 4973 3294 5033 argentum,
3326 4957 3535 5028 lapides
3567 4953 3777 5024 pretio-

2191 5073 2303 5121 sos,
2338 5056 2432 5112 sed
2463 5056 2634 5126 ligna,
2669 5055 2880 5116 fenum,
2923 5054 3203 5123 stipulam,
3230 5050 3285 5105 id
3314 5057 3419 5111 est,
3456 5062 3566 5102 non
3591 5046 3774 5114 justas

2192 5155 2482 5214 castosque
2525 5161 2728 5207 mores,
2780 5145 2876 5199 sed
2922 5145 3143 5213 iniquos
3164 5150 3221 5196 et
3257 5138 3607 5209 impudicos:
3641 5149 3772 5188 cum

2192 5237 2343 5292 enim
2372 5235 2576 5289 vellent
2606 5235 2689 5289 eis
2723 5233 3034 5305 suffragari,
3068 5231 3136 5285 ad
3165 5228 3545 5299 accipiendum
3591 5223 3776 5293 bapti-

2194 5340 2398 5388 smum,
2438 5340 2578 5395 quos
2620 5323 2880 5380 adulterii
2930 5324 3128 5392 laqueo
3170 5320 3245 5374 ita
3282 5327 3473 5388 captos
3497 5315 3777 5380 viderent,

1859 5448 2171 5532 s'cnuczn
2202 5477 2429 5534 none.

613 5566 635 5596 ⁸
663 5566 807 5621 lbid.
869 5584 921 5636 p.
951 5566 1016 5640 75
1041 5582 1123 5636 sq.
1200 5564 1222 5597 ⁸
1256 5565 1390 5640 ibid.
1430 5568 1605 5640 p119.
1683 5570 1703 5599 ⁸
1742 5568 1899 5637 fiunt.
1944 5570 2055 5640 imo
2076 5570 2266 5637 etiam,
2299 5581 2360 5627 ut
2379 5588 2447 5626 ex
2469 5572 2591 5626 loco
2648 5567 2992 5640 precedente
3041 5571 3289 5640 apparet,
3328 5561 3785 5640 adjuvantur,_ut

504 5648 769 5712 superare
825 5634 1035 5712 possint.
1082 5634 1446 5693 tentationes:
1482 5638 1711 5694 Videtur
1736 5634 1919 5708 itaque
1948 5634 2262 5696 Garnerius'
2298 5642 2353 5696 in
2396 5634 2671 5712 culpando
2724 5634 3090 5695 Theodoreto'
3118 5634 3328 5690 nimius
3373 5646 3516 5687 esse.

512 5702 596 5758 ne
616 5705 723 5775 [ide
753 5715 802 5760 et
826 5702 1103 5778 operibus,
1135 5720 1248 5774 cap.
1280 5721 1316 5758 ι.

3595 5629 3783 5686 'Lih.
