4080 6474
377 573 410 581 v
423 574 488 581 -ν
562 570 566 575 ⁴
691 571 782 581 ...η
803 569 1078 580 φ*““’”⁴-
1114 565 1214 573 -..⁷-⁸
1259 570 1315 578 -’-
1414 565 1489 573 ⁷*-
1553 565 1645 572 m'
1654 566 1701 571 ’ν-
1790 566 1836 578 σ-
1906 564 2071 572 ”’””“⁴-
2118 564 2247 572 M"
2332 568 2335 569 ⁷
2352 565 2399 572 Ἥ
2504 566 2529 572 _
2628 564 2859 573 Μ
2903 570 2968 576 υ..--
2983 565 3154 576 ‘0‘..-
3231 565 3376 575 μου-
3425 569 3428 572 ~
3469 560 3483 567 ’

945 831 1308 892 LECTORI
1364 829 1819 892 BENEVOLO
1872 829 2106 890 JOAN.
2171 827 2466 888 LUDOV.
2529 816 2939 888 SCHULZE.

371 1115 662 1170 Maximam
697 1112 867 1168 studii
895 1106 1208 1182 laborisque
1247 1111 1422 1166 nostri
1472 1117 1685 1180 partem
1726 1103 1831 1164 sibi
1869 1109 2161 1164 vindicavit
2205 1109 2431 1163 ultimus
2470 1108 2633 1178 hujus
2655 1108 2916 1170 editionis
2948 1117 3147 1172 tomus,
3183 1108 3236 1160 in
3279 1123 3389 1178 quo
3418 1107 3581 1161 adon-

302 1230 487 1286 nando
508 1241 727 1284 omnem
759 1227 1015 1282 dedimus
1047 1239 1267 1294 operam
1299 1230 1378 1286 ut,
1417 1237 1539 1293 quae
1560 1221 1861 1276 Garnerius
1898 1221 2116 1281 olim'in
2149 1219 2406 1275 Auctario
2438 1233 2538 1273 suo
2561 1227 2931 1290 congesserat,
2961 1219 3342 1289 locupletiora,
3369 1232 3446 1286 et,
3479 1221 3572 1276 ubi

303 1358 443 1414 opus
473 1352 641 1406 esset,
669 1338 1046 1395 emendatiora
1076 1337 1382 1407 prodirent.
1410 1336 1596 1407 Longo
1638 1350 1750 1390 non
1785 1337 1991 1390 utimur
2026 1335 2339 1406 praefamine
2374 1355 2386 1389 :
2419 1335 2487 1390 de
2521 1337 2708 1392 multis
2735 1337 2885 1392 enim
2909 1337 3195 1394 Lectorem
3222 1342 3332 1412 jam
3365 1342 3420 1397 in
3457 1343 3577 1413 ipso

304 1468 493 1532 opere,
525 1460 655 1529 quia
694 1473 785 1512 res
815 1456 891 1511 ita
919 1454 1151 1519 ferebat,
1182 1453 1586 1508 admonuimus.
1631 1453 1873 1508 Primum
1922 1452 2102 1506 locum
2146 1459 2296 1507 tenet
2337 1452 2687 1523 Repreltcnsio
2729 1451 2836 1506 XII
2869 1453 3447 1512 Anathematismorum
3477 1457 3581 1530 Cy-

306 1575 419 1630 rilli
470 1573 570 1646 (a),
600 1587 666 1627 ex
700 1570 982 1627 Sirmondi
1009 1579 1321 1639 nostraeque
1358 1568 1621 1623 editionis
1651 1577 1800 1622 tomo
1823 1577 2020 1637 quarto
2051 1568 2232 1622 adhuc
2261 1569 2491 1638 reliqua.
2533 1569 2612 1623 Ex
2639 1569 2899 1625 Auctario
2927 1569 3179 1625 Garnerii
3213 1588 3277 1627 ea
3303 1573 3486 1628 omnia
3523 1575 3579 1628 iu

304 1690 456 1745 hunc
487 1697 695 1743 tomum
735 1685 922 1756 colligi
953 1683 1286 1748 debuerunt,
1319 1697 1442 1752 quae
1464 1691 1833 1753 Opportunum
1877 1683 1934 1737 in
1978 1683 2362 1752 superioribUs
2395 1683 2639 1738 nondum
2668 1689 2831 1738 nacta
2860 1694 3017 1738 erant
3046 1685 3226 1740 locum
3263 1703 3275 1740 :
3309 1689 3576 1742 nonnulla

302 1806 454 1862 enim
475 1805 588 1876 jam
611 1812 760 1858 tomo
788 1797 968 1872 primo
991 1802 1048 1856 in
1076 1801 1502 1858 Commentariis
1530 1801 1596 1856 ad
1630 1801 1876 1856 Psalmos
1909 1801 2342 1870 pertinentibus,
2376 1810 2433 1855 et
2457 1810 2604 1856 tomo
2625 1809 2822 1872 quarto
2842 1809 2953 1856 tum
2979 1801 3049 1856 ad
3081 1803 3251 1858 libros
3275 1804 3354 1858 De
3385 1821 3580 1860 curan-

303 1923 386 1977 dis
423 1922 725 1980 Grecorum
747 1919 1125 1991 affectionibus,
1159 1926 1272 1972 tum
1304 1919 1360 1972 in
1383 1918 1709 1974 collectione
1738 1918 2095 1988 epistolarum
2127 1917 2483 1981 Theodoreti,
2519 1919 2684 1973 allata
2713 1934 2834 1975 esse
2883 1930 3107 1984 norunt,
3140 1928 3413 1991 quotquot
3456 1921 3578 1976 edi-

304 2038 459 2092 tione
485 2046 671 2091 nostra
703 2042 959 2100 utuntur,
992 2048 1294 2104 omnesque
1329 2033 1662 2105 intelligent,
1703 2033 1799 2104 qui
1828 2032 2104 2098 ordinem,
2134 2046 2243 2102 quo
2282 2033 2493 2104 paginae
2522 2033 2784 2088 editionis
2824 2043 3027 2089 nostra:
3061 2035 3274 2106 paginis
3316 2035 3580 2092 editionis

305 2155 523 2226 prioris,
543 2153 902 2224 respondent,
927 2168 996 2207 ex
1027 2153 1211 2208 tabula
1245 2152 1374 2207 huic
1411 2151 1718 2222 praefationi
1742 2153 1988 2223 subjecta
2012 2160 2345 2223 cognoscere
2367 2153 2560 2217 velint.
2594 2153 2866 2219 Lacunas,
2898 2168 3036 2225 quas
3055 2155 3358 2211 Garnerius
3384 2157 3442 2211 in
3473 2156 3582 2229 Hy-

304 2270 665 2341 pomnesticis
696 2268 764 2322 ad
796 2268 1042 2323 Psalmos
1078 2266 1489 2337 pertinentibus
1510 2267 1750 2337 reliquas
1777 2266 2004 2331 fecerat,
2029 2282 2096 2322 ex
2127 2268 2443 2339 apographo
2476 2269 2684 2324 codicis
2704 2269 3144 2326 Vindobonensis
3172 2271 3416 2341 explere,
3440 2271 3580 2326 alia-

307 2399 416 2453 que
453 2399 520 2437 ex
547 2383 653 2438 hoc
690 2393 746 2437 et
778 2381 1096 2437 Florentino
1145 2381 1385 2452 quodam
1415 2381 1730 2452 apographo
1768 2380 2009 2452 adjicere
2037 2381 2198 2438 nobis
2224 2382 2399 2438 licuit.
2427 2383 2562 2438 Eam
2583 2383 2828 2438 Auctarii
2863 2395 3100 2454 partem,
3145 2400 3266 2456 pag.
3307 2384 3579 2444 δαὶ-152.

305 2518 431 2574 quae
456 2502 524 2557 ad
552 2498 762 2557 ternum
791 2510 1048 2572 quartum
1079 2509 1312 2572 spectat,
1341 2516 1410 2556 ex
1438 2500 1725 2555 codicibus
1753 2501 1976 2570 quidem
2005 2501 2345 2571 locupletare
2375 2515 2485 2556 non
2514 2502 2817 2572 potuimus,
2845 2517 2914 2557 ex
2943 2503 3140 2557 Photio
3171 2510 3358 2563 autem
3386 2511 3443 2557 et
3464 2501 3580 2557 Ma-

303 2614 392 2669 rio
434 2613 738 2669 Mercatore
787 2613 998 2683 aliquot
1026 2613 1175 2668 locos
1208 2612 1539 2668 emendandi
1572 2613 1889 2684 nostrisque
1920 2614 2110 2670 utendi
2138 2616 2470 2686 conjecturis
2503 2617 2885 2687 opportunitas
2933 2617 3080 2672 haud
3111 2633 3240 2673 raro
3279 2628 3443 2674 enata
3472 2627 3578 2674 est.

301 2734 542 2790 Prolixis
571 2734 1042 2805 disputationibus
1071 2734 1419 2790 occasionem
1454 2734 1738 2790 dedissent
1760 2733 2014 2790 Garnerii
2038 2734 2282 2805 quinque
2310 2736 2757 2803 Dissertationes,
2787 2750 2910 2807 quae
2934 2723 3244 2808 proximum
3282 2739 3465 2796 locum
3501 2750 3581 2798 te-

298 2865 439 2914 nent
465 2869 592 2928 pag.
621 2857 897 2914 135—906
921 2873 936 2922 ;
971 2856 1066 2912 sed
1093 2857 1421 2913 scribendas
1451 2856 1644 2912 fuisset
1662 2855 1902 2924 libellus,
1925 2857 1973 2912 si
1997 2856 2303 2912 refutandis
2323 2857 2579 2913 omnibus
2609 2857 3016 2923 audacioribus,
3046 2866 3102 2913 et
3123 2858 3356 2914 subinde
3386 2874 3583 2929 parum

300 2972 478 3042 equis
536 2970 656 3040 ejus
693 2968 1023 3041 conjecturis
1063 2984 1262 3025 vacare
1324 2969 1600 3025 libuisset.
1645 2967 1909 3024 Brevitati
1947 2969 2130 3038 itaque
2159 2968 2405 3034 studere,
2437 2977 2493 3024 et
2532 2970 2620 3025 vel
2653 2969 2839 3024 minus
2866 2978 3014 3024 recte
3040 2971 3126 3024 vel
3163 2969 3408 3040 iniquius
3435 2970 3583 3026 dicta

298 3092 519 3165 paucis,
554 3089 598 3145 si
645 3104 785 3159 opus
819 3097 988 3152 esset,
1027 3101 1280 3159 arguere,
1313 3100 1478 3158 quam
1503 3086 1559 3140 in
1589 3085 1937 3156 scriptorem,
1972 3087 2131 3156 cujus
2158 3085 2366 3156 aliquot
2405 3086 2627 3156 quidem
2665 3101 2868 3151 naevos,
2904 3085 3001 3142 sed
3030 3100 3223 3156 magna
3263 3086 3431 3141 etiam
3459 3102 3582 3142 esse

297 3213 564 3267 novimus
585 3211 802 3276 merita,
836 3209 1058 3279 copiosa
1087 3208 1334 3264 oratione
1369 3207 1552 3262 invehi
1580 3206 1894 3263 maluimus.

373 3359 630 3424 Numeri,
669 3357 874 3428 quibus
907 3357 992 3411 ha:
1019 3355 1273 3412 Garnerii
1303 3355 1727 3411 Dissertationes
1755 3354 2193 3427 distinguuntur,
2218 3347 2273 3409 in
2305 3344 2548 3411 editione
2573 3343 2744 3425 priori
2772 3369 3101 3426 magnopere
3127 3353 3388 3411 fallebant
3413 3354 3584 3410 lecto-

305 3494 421 3542 res,
452 3487 515 3532 ut
536 3493 659 3548 pag.
685 3473 790 3530 420
823 3473 1161 3535 monuimus.
1189 3473 1590 3529 Emendatione
1634 3474 1820 3544 itaque
1851 3488 1992 3544 opus
2015 3472 2142 3538 fuit,
2181 3489 2252 3529 ne
2284 3464 2343 3528 in
2375 3472 2478 3529 hac
2509 3473 2658 3528 enim
2696 3473 2941 3528 editione
2967 3481 3286 3529 recurreret
3313 3487 3582 3528 numerus

307 3600 724 3655 Dissertationis
757 3599 945 3664 tertias,
975 3612 1088 3668 quo
1112 3596 1336 3652 nomine
1364 3596 1486 3651 duae
1512 3595 1568 3650 in
1591 3591 1852 3651 Auctario
1885 3591 2134 3652 Garnerii
2163 3595 2439 3666 inscripta:
2465 3603 2643 3650 erant.
2675 3596 2880 3651 Harum
2904 3593 3167 3667 priorem,
3201 3604 3261 3651 ut
3287 3609 3581 3668 argumen-

308 3730 430 3774 tum
453 3717 743 3782 suadebat,
769 3717 1130 3787 appendicem
1158 3716 1391 3772 fecimus
1425 3713 1701 3780 sccundte,
1738 3730 1861 3785 quae
1887 3713 1956 3770 de
1983 3714 2140 3769 libris
2169 3714 2514 3770 Theodoreto
2549 3715 2662 3770 sive
2679 3715 2805 3786 jure
2835 3716 2949 3770 sive
2980 3724 3183 3770 temere
3211 3714 3464 3785 ascriptis
3483 3729 3571 3768 ex-

308 3834 468 3902 ponit
497 3851 511 3885 :
547 3832 708 3887 alteri
747 3847 880 3886 vero
903 3847 1026 3902 quae
1057 3831 1127 3884 de
1158 3830 1264 3885 fide
1291 3829 1623 3886 Theodoreti
1649 3830 1782 3902 agit,
1819 3833 1987 3886 tertia:
2027 3846 2227 3886 nomen
2263 3831 2654 3887 vindicandum
2690 3847 2810 3887 esse
2838 3832 3116 3888 duximus.
3149 3832 3414 3889 Secundae
3447 3833 3582 3887 sub-

303 3947 613 4018 junximus,
643 3961 768 4017 pag.
804 3945 909 4002 550
947 3962 1090 4017 seq.,
1129 3945 1546 4001 observationes
1575 3945 1716 4011 illas,
1751 3962 1874 4017 quae
1899 3945 2202 4002 Garnerius
2228 3948 2476 4018 epistolis
2517 3949 2571 4002 in
2606 3947 2865 4003 Auctario
2891 3950 3130 4018 primum
3165 3949 3329 4005 editis
3367 3951 3583 4022 adjece-

306 4072 407 4118 rat.
442 4062 607 4118 Hunc
634 4062 787 4118 enim
819 4062 1002 4117 locum
1029 4061 1136 4117 illis
1159 4062 1505 4133 aptissimum
1531 4062 1864 4132 putavimus,
1894 4079 1965 4119 ne
2007 4065 2296 4119 molestum
2337 4072 2482 4120 esset
2514 4065 2835 4131 lectoribus,
2862 4065 2954 4120 hic
2979 4075 3037 4121 et
3057 4067 3156 4133 ibi,
3181 4083 3304 4138 qure
3349 4069 3415 4124 ad
3454 4070 3583 4124 illu-

316 4182 558 4236 strandas
583 4180 922 4236 Theodoreti
950 4180 1212 4250 epistolas
1237 4179 1536 4250 pertinent,
1570 4195 1671 4235 ceu
1697 4181 1929 4252 disjecta
1953 4181 2201 4236 membra
2227 4182 2502 4252 colligere.
2536 4180 2791 4252 Dialogos
2817 4181 2940 4237 illos
2973 4189 3182 4247 autem,
3210 4183 3411 4252 quibus
3440 4183 3580 4238 Gar.

304 4301 492 4355 uerius
525 4300 676 4354 inter
702 4297 1128 4354 Dissertationes
1153 4298 1336 4353 locum
1371 4297 1616 4360 dederat,
1655 4297 1722 4352 ad
1751 4297 1916 4353 ﬁnem
1942 4297 2107 4370 hujus
2135 4297 2268 4352 tomi
2299 4297 2661 4354 remittendos
2703 4313 2826 4353 esse
2865 4297 3144 4364 duximus,
3171 4299 3319 4368 quod
3354 4300 3578 4370 quidem

293 4422 599 4480 consilium
623 4421 697 4476 ob
720 4414 981 4484 rationes,
1014 4435 1136 4491 pag.
1176 4419 1278 4474 4Ξο
1302 4419 1514 4481 allatas,
1553 4418 1873 4482 lectoribus,
1909 4429 1968 4474 ut
2003 4433 2307 4490 speramus,
2346 4433 2456 4474 non
2489 4417 2819 4488 displicebit.
2862 4417 3184 4473 Dissertatio
3212 4418 3425 4489 quinta,
3459 4437 3580 4492 qua:

288 4537 630 4594 inscribitur
653 4537 731 4591 De
754 4536 796 4591 Τ
795 4538 1071 4592 heodoreto
1101 4544 1148 4589 et
1185 4534 1537 4590 Orientalium
1579 4542 1842 4605 consanet
1878 4533 1995 4589 fere
2021 4535 2288 4590 ducentas
2312 4534 2559 4590 continet
2592 4534 2869 4588 variorum
2907 4533 3170 4603 epistolas
3197 4533 3264 4588 ad
3292 4534 3578 4592 historiam

286 4654 646 4710 Theodoreti
680 4654 1045 4725 pertinentes,
1073 4653 1275 4707 multos
1303 4653 1358 4707 in
1383 4651 1647 4707 Auctario
1675 4651 1930 4708 Garnerii
1959 4652 2198 4706 habebat
2229 4653 2434 4708 hiatus.
2465 4651 2706 4707 Aberant
2732 4651 2880 4706 enim
2902 4651 2969 4706 ab
3003 4651 3247 4708 editione
3264 4655 3580 4726 ejuspriori

281 4769 570 4844 Epistula
589 4772 902 4843 complures
919 4787 1059 4844 quas
1079 4772 1172 4842 qui
1203 4772 1384 4841 legere
1405 4772 1590 4835 vellet,
1628 4771 1864 4841 majores
1891 4770 2012 4824 illas
2041 4769 2418 4826 Conciliorum
2452 4769 2808 4824 collectiones
2830 4767 2984 4823 adire
3010 4767 3222 4823 debuit.
3259 4769 3336 4824 Ex
3359 4769 3446 4826 his
3478 4787 3546 4825 au
3564 4802 3579 4812 -

281 4899 410 4946 tem
445 4886 697 4941 fontibus
723 4901 849 4941 cum
870 4903 982 4942 non
1005 4901 1199 4941 omnes
1224 4885 1440 4955 possint
1467 4883 1710 4947 haurire,
1739 4898 1936 4953 magno
1959 4898 2015 4936 se
2048 4884 2256 4938 levatos
2288 4883 2562 4953 putabunt
2596 4897 2786 4947 onere,
2813 4889 3082 4952 quotquot
3113 4889 3240 4936 sunt
3272 4882 3464 4936 harum
3494 4899 3580 4938 rc-

275 5013 418 5060 rum
451 5001 650 5073 cupidi
679 5013 736 5057 et
757 5001 922 5071 periti
946 5001 1202 5065 lectores,
1221 4999 1425 5069 quibus
1446 4998 1658 5069 integra
1682 4999 1795 5068 jam
1825 4996 2059 5052 oﬂ‘ertur
2085 4998 2280 5052 harum
2301 4997 2655 5067 epistolarum
2679 4993 2952 5059 collectio,
2977 4996 3164 5051 multis
3188 4996 3414 5060 Baluzii,
3434 4996 3580 5050 Man—

272 5125 377 5188 sii,
411 5121 776 5188 aliorumque
799 5116 1031 5172 scholiis
1058 5117 1413 5188 locupletata,
1445 5115 1514 5170 de
1540 5115 1746 5186 quibus
1779 5115 2022 5170 diximus
2049 5131 2172 5187 pag.
2197 5115 2319 5170 608.

350 5237 616 5291 Alteram
641 5231 811 5301 hujus
834 5229 969 5284 tomi
999 5237 1212 5300 partem
1239 5229 1585 5285 constituunt
1609 5239 1808 5301 septem
1829 5229 1907 5283 illi
1931 5228 2146 5301 Dialogi
2178 5229 2428 5284 adversus
2454 5230 2702 5292 Arianos,
2727 5229 3056 5284 Macedonio;
3073 5238 3122 5282 et
3142 5227 3577 5298 Apollinarium,

270 5366 396 5407 una
422 5363 565 5406 ωειλ
585 5346 842 5402 Eutherii
869 5318 1560 5418 TyanensisSermonibus
1585 5344 1680 5417 (b),
1719 5353 1775 5400 et
1801 5344 2210 5400 accessionibus
2248 5344 2579 5416 quibusdam
2611 5345 2678 5399 ad
2708 5350 2915 5398 tomum
2950 5345 3186 5413 primum
3228 5351 3284 5398 et
3318 5351 3576 5413 quartum

345 5548 441 5632 (α)
487 5545 719 5602 Librum
749 5547 920 5629 hunc,
949 5546 1060 5617 jam
1098 5544 1444 5632 interponera
1484 5545 1666 5627 Cyrilli
1698 5545 1760 5615 (t.
1792 5543 1885 5626 l'X)
1994 5543 2180 5626 nensis
2210 5542 2521 5632 “Sermones
2560 5541 2668 5632 jam
2707 5541 2847 5632 inlter
2884 5536 3575 5632 Operamsajigtingtbaua.

263 5605 537 5680 editum,
563 5605 992 5672 memoravimus
1015 5625 1229 5671 tantum
1254 5605 1441 5671 in'ﬁne
1478 5605 1608 5671 toini
1637 5605 1888 5684 superio;
1997 5615 2063 5669 sii
2095 5614 2430 5683 prodierant,
2475 5605 2676 5684 nostrae
2711 5605 2972 5664 editionis
3009 5618 3139 5663 tom.
3181 5605 3268 5672 ιν,
3304 5607 3372 5660 ad
3406 5622 3572 5674 quem

267 5694 381 5748 ris.
418 5689 578 5743 Eon.
607 5689 772 5744 Pyra.
1707 5681 1720 5684 ⁷
1998 5681 2195 5740 Lector
2219 5692 2523 5738 revocatur.
2569 5681 2713 5734 Εοιτ.

354 5760 443 5832 (b)
479 5756 688 5830 Dialogi
720 5758 848 5814 adv.
896 5757 1154 5819 Arianos,
1199 5768 1332 5823 etc.,
1376 5765 1430 5812 et
1466 5755 1716 5812 Eutherii
1756 5753 1891 5828 Tya-

634 5853 913 5914 PATROL.
957 5853 1075 5913 Ga.
1120 5851 1433 5912 LXXXIV.
3157 5840 3182 5898 ι
