4080 6500
465 494 525 558 il
1899 489 2312 552 ΡῙὶίΕΕΑΤΙΟ.
3667 483 3736 548 13

461 626 885 702 pertinentibus.
940 625 1020 679 Ad
1073 624 1327 695 Dialogus
1365 623 1486 678 illos
1515 621 1662 692 quod
1689 623 1906 684 attinet,
1949 631 2161 677 mutare
2207 623 2429 692 quidem
2460 625 2738 678 noluimus
2764 624 2984 678 titulum
3008 621 3101 675 τοῦ
3142 618 3413 692 μακαρίου
3449 617 3734 687 egosum-

461 763 574 811 του,
604 760 765 815 quem
799 742 908 798 illis
947 741 1177 796 dederat
1207 739 1544 805 Garnerius;
1578 737 1634 792 in
1661 737 2042 808 superioribus
2069 747 2254 793 autem
2297 748 2352 794 et
2381 740 2436 794 in
2476 740 2595 810 ipso
2625 739 2813 794 limine
2846 740 3011 810 hujus
3042 737 3228 808 Operis
3257 737 3370 808 jam
3393 732 3657 788 monuinu
3685 748 3734 793 s,

384 860 388 865 ’
461 857 574 916 imo
605 873 781 928 nuper
810 857 866 911 in
894 855 1305 925 Programmate
1329 851 1639 907 Academiae
1667 851 1890 906 nomine
1922 849 2149 920 scripto,
2178 865 2291 920 quo
2336 849 2457 905 dies
2501 849 2670 904 festos
2708 850 2990 905 memoriae
3028 848 3159 904 Jesu
3185 846 3393 903 Christi
3431 861 3462 900 a
3499 847 3738 899 mortuis

458 969 773 1026 resuscitati
815 984 1004 1024 sacros
1050 968 1384 1034 indiximus,
1426 967 1676 1022 instituta
1714 981 1840 1022 cum
1884 966 2142 1037 genuinis
2179 966 2472 1037 scriptoris
2504 969 2677 1023 nostri
2716 969 2876 1023 libris
2903 967 3314 1039 comparatione
3359 964 3732 1037 probavimus,

459 1089 709 1145 libellum
741 1089 907 1144 istum
930 1089 1085 1145 nullo
1109 1089 1234 1160 jure
1254 1087 1605 1143 Theodoreto
1630 1087 1900 1143 vindicari
1922 1102 2106 1158 posse.
2133 1087 2369 1143 Textum
2396 1088 2647 1144 Graecum
2676 1090 2879 1159 passim
2910 1106 2978 1146 ex
3005 1091 3248 1147 editione
3268 1089 3436 1146 Henr.
3471 1090 3734 1163 Stephani

459 1211 517 1259 et
543 1219 612 1259 ex
641 1203 847 1261 Bened.
878 1203 1121 1275 Operum
1146 1203 1430 1260 Athanasii
1453 1202 1698 1259 editione
1723 1204 2019 1260 emendare
2050 1205 2228 1261 licuit.
2267 1204 2382 1261 Hac
2417 1207 2866 1276 praestantissima
2886 1206 3170 1262 Athanasii
3201 1207 3447 1262 editione
3482 1206 3564 1261 usi
3597 1221 3736 1274 quo—

459 1334 568 1389 que
595 1333 786 1374 sumus
814 1318 884 1372 ad
918 1317 1292 1373 emendandas
1317 1315 1526 1387 aliquot
1551 1317 1820 1373 lectiones
1866 1315 1924 1372 in
1959 1317 2213 1374 Eutherii
2247 1316 2628 1374 Sermonibus.
2663 1318 2776 1375 Hos
2813 1319 3038 1389 quidem
3083 1317 3401 1373 Harduinus
3441 1317 3496 1372 in
3527 1317 3738 1372 scholio

461 1435 609 1508 quod
652 1441 830 1491 exstat
852 1449 974 1504 pag.
1007 1433 1164 1499 111⁸7,
1197 1431 1334 1488 dicit
1360 1439 1473 1485 octo
1507 1438 1556 1484 et
1578 1431 1753 1485 decem
1783 1447 1925 1496 esse,
1954 1431 2052 1487 sed
2078 1433 2171 1487 alii
2197 1432 2311 1489 fere
2346 1449 2544 1490 omnes
2565 1443 2862 1490 numerant
2895 1433 3054 1489 XVII.
3087 1431 3410 1488 Harduinus
3443 1433 3626 1501 itaque
3653 1431 3736 1485 vi-

459 1559 624 1616 detur
649 1557 862 1614 calculo
883 1555 1163 1611 addidisse
1193 1553 1484 1626 epistolam
1513 1553 1660 1608 iilam
1687 1553 2090 1624 prooemialem,
2120 1570 2242 1624 quae
2279 1555 2633 1625 praemittitur
2657 1571 2779 1626 pag.
2808 1553 2946 1610 1118
2971 1553 3234 1609 editionis
3261 1561 3485 1606 nostrae.

531 1675 828 1746 Reliquum
870 1683 974 1736 est,
1007 1679 1068 1726 ut
1112 1671 1180 1726 de
1235 1671 1303 1726 iis
1343 1672 1614 1735 dicamus,
1647 1686 1769 1740 quae
1802 1670 2200 1728 Addendorum
2237 1673 2464 1728 nomine
2498 1650 2769 1744 complexi
2797 1688 3011 1728 sumus.
3050 1671 3131 1726 Ad
3163 1669 3295 1726 tomi
3321 1667 3485 1738 primi
3522 1675 3737 1736 partem

461 1791 705 1864 priorem
737 1799 853 1845 tum
878 1787 1187 1861 augendam
1217 1795 1333 1864 tum
1358 1787 1744 1844 illustrandam
1772 1789 1919 1844 haud
1952 1805 2147 1860 parum
2174 1790 2432 1846 utilitatis
2457 1791 2618 1847 nobis
2654 1792 2840 1847 attulit
2879 1790 3098 1862 egregia
3140 1789 3233 1844 illa
3254 1786 3458 1843 Catena
3491 1783 3546 1838 in
3569 1781 3735 1838 Octa-

462 1904 726 1961 teucbum
753 1912 811 1959 et
840 1902 1013 1958 libros
1032 1903 1243 1974 Regum
1268 1916 1463 1958 recens
1490 1901 1642 1957 edita
1667 1901 1886 1973 Lipsiae,
1919 1919 2064 1958 anno

2124 1904 2240 1960 ,772
2269 1913 2328 1960 et
2355 1905 2513 1971 1775,
2538 1922 2660 1976 quae
2702 1905 3030 1962 inscribitur
3073 1902 3239 1973 Σειρὰ
3268 1901 3385 1964 ἐνὸς
3421 1897 3516 1952 καὶ
3539 1895 3735 1965 πεντή-

462 2039 628 2077 κοντα.
656 2018 1163 2092 ὑπομνηματιστῶν
1188 2020 1268 2079 εἰς
1296 2017 1393 2090 τὴν
1441 2019 1796 2089 Ὀκτάτευχον
1830 2019 2014 2073 καὶτὰ
2037 2021 2145 2075 τῶν
2176 2015 2497 2089 Βασιλειῶὗ,
2526 2023 2626 2094 ἤδη
2656 2023 2873 2094 πρῶτον
2901 2021 3092 2085 τύποις
3129 2017 3412 2073 ἐκδοθεῖσα
3448 2012 3736 2083 ἐπιμελείᾳ

458 2137 775 2209 Νικηφόρου
817 2135 1194 2208 Ἰερομονὰχου
1226 2133 1321 2188 τοῦ
1344 2134 1630 2189 Θεοτόκου.
1651 2134 1828 2203 Quam
1859 2137 2069 2206 praeclal

2149 2139 2217 2195 d‘e
2243 2155 2304 2195 re
2335 2140 2604 2196 litteraria
2628 2141 2918 2205 meruerit,
2953 2140 3047 2210 qui
3071 2138 3302 2194 edendae
3331 2136 3498 2207 hujus
3517 2131 3737 2188 Catenae

460 2269 651 2313 curam
688 2253 745 2307 in
769 2267 829 2306 se
849 2250 1114 2320 suscepit,
1144 2248 1231 2303 vir
1255 2263 1436 2304 rever.
1461 2263 1613 2303 nunc
1635 2255 1864 2304 vocatus
1891 2248 2342 2322 archiepiscopus
2371 2253 2427 2308 in
2452 2251 2665 2308 ditione
2701 2252 3060 2316 Venetorum,
3090 2260 3281 2305 nostro
3322 2248 3580 2303 omnibus
3605 2259 3736 2316 pro-

459 2380 580 2436 bari
629 2378 881 2448 cupimus
923 2372 1197 2443 exemplo,
1233 2379 1290 2426 et
1314 2379 1571 2442 optamus
1605 2380 1667 2426 ut
1706 2372 1944 2428 aliorum
1972 2371 2141 2428 etiam
2174 2376 2489 2431 excitentur
2522 2375 2705 2430 studia
2740 2374 2808 2429 ad
2845 2375 3069 2430 Patrum
3115 2372 3320 2442 scripta
3361 2387 3427 2426 ex
3462 2370 3569 2426 hoc
3592 2385 3736 2426 novo

458 2497 610 2554 fonte
637 2494 1044 2566 locupletanda.
1069 2492 1301 2562 Largam
1330 2490 1479 2546 enim
1508 2504 1633 2546 esse
1660 2491 1803 2546 hanc
1831 2507 2090 2557 messem,
2117 2493 2426 2565 intelligent
2453 2511 2648 2550 omnes
2679 2511 2748 2550 ex
2769 2494 2879 2548 illis
2912 2507 3035 2563 qua:
3063 2507 3186 2562 pag.
3221 2489 3571 2544 “76—1233
3595 2497 3737 2544 attu-

458 2616 624 2672 limus
648 2614 749 2686 (a).
773 2613 888 2669 Nec
907 2611 1144 2682 amplius
1167 2607 1532 2666 dubitandum
1564 2615 1650 2664 est
1673 2607 1742 2664 de
1766 2610 2001 2665 veritate
2025 2613 2377 2682 conjecturae,
2406 2612 2459 2667 in
2490 2626 2654 2682 quam
2677 2609 2992 2665 inciderunt
3013 2607 3120 2660 viri
3147 2604 3370 2669 eruditi,
3395 2601 3744 2670 Quaestiopes

457 2731 583 2786 illas
609 2727 945 2784 Theodoreti
971 2725 1024 2781 in
1055 2723 1457 2782 Octateuchum
1494 2725 1740 2796 aliosque
1770 2725 2064 2782 historicos
2087 2727 2152 2782 V.
2180 2727 2242 2781 T.
2273 2727 2466 2791 libros,
2495 2742 2562 2782 ex
2599 2732 2755 2795 parte
2782 2721 3082 2777 admodum
3118 2719 3378 2790 prolixas,
3420 2733 3528 2772 non
3559 2714 3744 2770 ubivis

456 2853 651 2901 autem
678 2842 813 2898 satis
859 2841 1225 2905 cohaerentes,
1257 2854 1380 2894 esse
1419 2839 1683 2896 conflatas
1727 2856 1794 2896 ex
1835 2843 2145 2899 minoribus
2182 2843 2410 2900 scholiis
2450 2844 2519 2898 ad
2562 2843 2712 2897 hunc
2741 2840 3008 2909 illumque
3046 2839 3228 2892 locum
3260 2835 3647 2892 illustrandum
3671 2836 3740 2890 ab

455 2959 553 3018 illo
575 2955 916 3027 compositis.
945 2953 1101 3022 Quod
1135 2962 1199 3008 ut
1216 2967 1282 3008 eo
1310 2954 1484 3024 magis
1511 2964 1802 3025 appareret
1824 2956 2104 3022 omnibus,
2129 2965 2300 3028 utque
2330 2957 2438 3012 illis
2459 2956 2623 3012 utiles
2645 2968 2913 3019 essemus,
2941 2952 3037 3024 qui
3056 2949 3352 3022 aliquando
3381 2949 3449 3003 de
3470 2949 3742 3019 scriptore

453 3077 649 3128 nostro
679 3069 879 3124 iterum
901 3063 1117 3120 edendo
1142 3062 1343 3118 mereri
1365 3064 1558 3131 velint,
1586 3081 1690 3121 nec
1723 3066 1963 3122 alienum
1999 3083 2031 3122 a
2065 3068 2246 3136 nobis,
2269 3084 2374 3124 nec
2402 3067 2694 3123 molestum
2731 3064 3050 3136 putavimus
3087 3064 3335 3119 laborem
3361 3061 3539 3126 illum,
3575 3077 3741 3134 quem

453 3185 514 3240 in
536 3179 900 3253 congerendis
919 3177 1146 3233 scholiis
1163 3177 1232 3231 ad
1256 3177 1374 3234 haec
1397 3187 1654 3249 excerpta
1671 3181 2081 3250 pertinentibus
2098 3183 2247 3238 ultro
2264 3181 2427 3236 nobis
2445 3181 2832 3252 imposuimus.
2851 3180 2931 3234 Ex
2952 3179 3042 3234 bis
3061 3178 3206 3232 enim
3234 3175 3501 3247 intelliget
3546 3175 3743 3231 Lector

451 3306 832 3377 Quaestionum
867 3315 1060 3358 earum
1091 3315 1256 3355 unam
1291 3301 1590 3357 alteramve
1621 3303 1860 3360 subinde
1891 3305 1960 3359 ad
1990 3306 2150 3377 plura
2185 3305 2365 3376 capita
2413 3315 2469 3360 et
2502 3314 2778 3360 commata
2818 3301 3121 3384 pertinere,
3150 3297 3450 3367 multisque
3480 3304 3742 3352 constare

452 3427 729 3503 partibus,
761 3438 883 3495 quae
902 3421 957 3476 in
976 3420 1181 3475 Catena
1215 3433 1322 3473 non
1351 3417 1472 3472 sine
1499 3419 1750 3489 improbo
1776 3421 1966 3476 labore
1994 3420 2166 3491 queri
2192 3429 2249 3475 et
2275 3421 2454 3492 colligi
2479 3429 2800 3493 potuerunt.
2829 3418 2949 3485 Quo
2983 3413 3206 3486 quidem
3231 3413 3416 3469 labore
3447 3429 3593 3468 nunc
3619 3430 3743 3485 per-

449 3553 579 3602 acto
611 3544 717 3599 hoc
750 3557 852 3597 nos
883 3536 1132 3596 effecisse
1156 3541 1430 3603 putamus,
1455 3537 1516 3584 ut
1536 3530 1795 3586 facillime
1819 3546 2012 3586 omnes
2045 3544 2378 3602 cognoscere
2405 3531 2638 3602 possint,
2665 3545 2775 3600 quo
2802 3526 3234 3598 unumquodque
3263 3525 3334 3580 sit
3366 3525 3738 3582 referendum.

453 3654 539 3710 Ad
574 3654 747 3710 libros
778 3653 987 3720 Regum
1019 3653 1218 3717 przetcr
1245 3643 1507 3699 Catenam
1535 3645 1647 3715 jam
1682 3644 1958 3700 laudatam
1997 3646 2082 3700 usi
2119 3662 2311 3703 sumus
2334 3648 2610 3718 excerptis
2649 3663 2718 3702 ex
2742 3645 3029 3701 codicibus
3058 3645 3188 3700 olim
3213 3642 3585 3710 Coislinianis,
3616 3661 3739 3716 pag.

455 3765 596 3821 M96
642 3761 954 3832 descriptis,
997 3776 1122 3831 quae
1155 3759 1431 3814 debentur
1478 3759 1662 3814 studio
1694 3760 1763 3814 cl.
1799 3760 2128 3827 Lobsteinii,
2161 3763 2280 3818 0rd.
2319 3765 2774 3836 philosophorum
2812 3765 2868 3820 in
2898 3762 3068 3819 Acad.
3101 3761 3742 3832 Argentoratensi'nunc

447 3882 719 3954 adjuncti.
765 3875 1345 3959 Subjecimusideinde
1397 3892 1521 3948 pag.
1563 3876 1700 3931 1254
1729 3893 1846 3947 seq.
1875 3895 1997 3948 qua:
2031 3880 2086 3933 in
2132 3883 2450 3953 apographo
2483 3882 2893 3939 Vindobonensi
2931 3891 2989 3938 et
3029 3881 3348 3938 Florentino
3375 3883 3743 3952 deprehendi-

451 4013 578 4053 mus
603 3996 670 4050 ad
696 3991 1122 4066 Hypomnestica
1151 3991 1205 4046 in
1234 3993 1481 4047 Psalmos
1505 3993 1857 4062 pertinentia.

526 4112 740 4168 Indices
763 4110 1039 4166 debentur
1066 4107 1250 4162 studio
1278 4105 1346 4160 cl.
1380 4103 1595 4170 Baveri,
1624 4105 1688 4158 A.
1725 4103 1795 4158 Μ.
1823 4112 1876 4159 et
1901 4105 2104 4161 scholae
2132 4106 2616 4180 l‘lirschbergensis
2644 4110 2874 4166 rectoris
2905 4109 3264 4175 meritissimi,
3289 4111 3383 4180 qui
3413 4111 3525 4181 jam
3555 4113 3744 4170 multis

449 4224 656 4297 ingenii
693 4230 858 4292 atque
880 4219 1142 4276 doctrinae
1179 4215 1577 4288 speciminibus
1609 4216 1828 4271 laudem
1872 4219 2093 4284 meruit,
2136 4237 2300 4290 quam
2342 4223 2446 4277 hoc
2477 4239 2618 4278 novo
2655 4224 2844 4280 labore
2877 4223 3116 4280 feliciter
3147 4235 3372 4295 peracto
3412 4234 3626 4282 auctam
3663 4227 3742 4282 illi
3839 4214 3846 4221 ’

450 4341 814 4412 gratulamur.
847 4335 1027 4392 Efficit
1057 4335 1224 4390 etiam
1249 4333 1319 4387 cl.
1355 4332 1602 4386 Bertram
1628 4332 1692 4386 A.
1731 4333 1801 4387 Μ.
1827 4334 2149 4391 assiduitate
2171 4353 2272 4392 sua
2296 4347 2353 4393 et
2387 4337 2586 4393 eximia
2621 4339 2930 4411 diligentia,
2965 4350 3023 4395 ut
3047 4341 3204 4396 multi
3227 4343 3575 4412 mirarentur,
3604 4345 3740 4406 adeo

449 4477 578 4516 rara
610 4460 667 4514 in
703 4458 809 4513 hoc
841 4459 1098 4513 universo
1133 4465 1302 4523 opere
1324 4465 1444 4504 esse
1483 4450 1892 4521 typothetarum
1919 4453 2249 4522 spbalmata.

521 4574 672 4629 Inter
697 4576 933 4629 maxima
960 4584 1144 4628 autem
1182 4570 1469 4637 beneﬁcia,
1509 4587 1630 4640 qua:
1656 4571 1768 4626 Deo
1809 4573 1871 4628 Τ.
1898 4573 1960 4630 Ο.
1988 4575 2058 4631 Μ.
2091 4587 2313 4648 accepta
2350 4578 2551 4644 refero,
2584 4581 2689 4635 hoc
2725 4579 2998 4651 imprimis
3031 4591 3130 4646 per
3159 4585 3328 4634 totam
3367 4581 3535 4636 vitam
3564 4599 3740 4639 meam

454 4688 768 4753 celebrabo,
792 4689 938 4760 quod
964 4690 1232 4745 hodierno
1268 4689 1356 4744 die
1382 4705 1449 4744 ex
1473 4699 1602 4744 voto
1625 4689 1756 4744 mihi
1795 4692 2042 4763 contigit.
2080 4693 2391 4765 Adjuvante
2416 4695 2563 4750 enim
2596 4695 2804 4761 divina,
2836 4711 2960 4765 quae
2995 4711 3192 4754 omnes
3229 4699 3589 4772 cogitationes
3617 4704 3738 4759 lau-

454 4808 662 4878 desque
689 4819 904 4863 nostras
924 4818 1169 4879 superat,
1201 4809 1394 4880 gratia,
1418 4810 1486 4864 ad
1522 4810 1686 4866 finem
1719 4827 1865 4866 nunc
1898 4813 2200 4882 perductus
2223 4825 2307 4870 est
2336 4816 2513 4881 labor,
2543 4832 2642 4886 per
2672 4826 2817 4882 octo,
2851 4827 2907 4874 et
2930 4819 3077 4889 quod
3108 4823 3372 4889 excurrit,
3399 4840 3571 4881 annos
3596 4826 3741 4883 inter

452 4921 656 4976 multas
681 4920 1030 4977 difﬁcultates
1053 4930 1109 4977 et
1134 4924 1546 4982 vicissitudines
1568 4927 1942 4986 continuatus.
1966 4930 2139 4998 Quem
2174 4932 2248 4987 ut
2271 4933 2417 4988 Deus
2443 4933 2497 4988 in
2522 4934 2722 4989 summi
2748 4937 2990 4993 nominis
3012 4937 3095 4993 sui
3121 4939 3369 5011 gloriam,
3403 4944 3740 5014 multamque

453 5036 688 5093 aliorum
715 5036 1010 5092 utilitatem
1044 5035 1245 5092 cedere
1270 5036 1483 5106 jubeat,
1519 5039 1751 5108 supplex
1776 5055 1895 5094 oro.

525 5151 729 5205 Dabam
763 5149 931 5216 Halat,
956 5150 1014 5205 in
1047 5151 1342 5206 Academia
1369 5151 1768 5217 Fridericiana,
1805 5153 1859 5208 d.
1894 5171 2018 5208 xxvi
2044 5123 2267 5226 Aprilis,
2293 5156 2359 5212 A.
2399 5158 2465 5213 Il.
2505 5158 2561 5214 S.
2589 5177 2936 5220 unccuxun.

455 5306 792 5450 iuglggqps
794 5307 1093 5434 Ιθὲῗὲΐηιίξῖ
1092 5310 1438 5434 1'Vi‘arietatem
1461 5327 1526 5366 ex
1549 5322 1741 5396 catena
1767 5312 2037 5384 Lipsiensi
2075 5331 2396 5386 expressam
2419 5317 2487 5373 ad
2514 5328 2722 5376 tomum
2779 5324 3018 5393 primum
3081 5331 3459 5388 revocavimus
3478 5342 3536 5389 et
3564 5336 3736 5392 textui

3742 5426 3756 5530 ἱ
