4080 6484
501 449 570 512 39
1728 442 1980 502 OPERU
1990 443 2045 500 Μ
2083 443 2098 499 '.

2201 441 2571 501 EODORETI
3697 441 3769 506 40

574 559 642 613 At
692 572 985 628 quorsum,
1039 555 1185 610 dicat
1250 556 1483 626 aliquis,
1544 557 1836 611 Zacharias
1894 555 2094 625 populo
2126 560 2166 614 Α

504 649 720 704 veniam
748 658 1040 718 rogaturus
1065 662 1190 700 cum
1220 647 1546 718 ingreditur,
1582 649 1676 717 qui
1707 650 1960 718 apparuit
1995 664 2090 700 an-

505 742 679 808 gelus,
705 741 976 796 exaudita:
1002 740 1340 810 precationis
1373 739 1592 810 pignus,
1626 741 1828 794 sterilis
1852 749 2088 809 partum,

507 832 795 900 praedicit?
847 834 1037 888 Annon
1075 831 1184 886 illis
1213 832 1540 902 conjugihus
1581 831 1929 887 manifestum
1969 839 2090 885 erat

507 940 616 977 non
649 924 807 978 aliter
830 923 1003 978 venia:
1027 923 1208 978 locum
1240 938 1361 978 esse
1394 923 1663 986 futurum,
1691 928 1707 944 '
1733 940 1897 994 quam
1927 924 1972 978 si
1997 940 2094 978 na-

506 1025 753 1070 sceretur
784 1016 878 1085 qui
915 1017 1107 1071 salutis
1135 1026 1419 1072 auctorem
1451 1017 1795 1080 ostenderet,
1825 1026 1882 1070 et
1913 1017 2092 1070 omni-

508 1109 612 1163 bus
639 1109 817 1178 palam
843 1109 1220 1173 annuntiaret,
1245 1107 1418 1178 ipsius
1437 1118 1492 1162 et
1512 1109 1742 1172 amicus,
1765 1117 1821 1162 et
1845 1109 2092 1172 nuntius,

507 1211 564 1256 et
601 1217 730 1264 vox,
761 1210 818 1255 et
851 1216 1162 1271 praacursor
1184 1199 1927 1271 appellatus?Quamobrem
1960 1199 2093 1253 illud

509 1293 644 1348 mihi
671 1293 916 1357 videtur,
948 1301 1005 1347 et
1029 1294 1278 1363 apposite
1307 1293 1518 1348 dictum
1553 1293 1622 1346 ab
1647 1294 1862 1363 angelo,
1891 1302 2094 1346 etcum

510 1384 784 1455 pontiﬁcis
819 1384 1116 1455 postulatis
1139 1385 1419 1448 aptissime
1452 1401 1777 1454 congruere.

580 1560 691 1630 90
720 1561 922 1615 Verum
955 1561 1088 1616 huic
1111 1563 1350 1616 sermoni
1385 1578 1524 1632 opus
1547 1571 1631 1617 est
1659 1578 1724 1617 ea
1755 1564 1938 1617 omnia
1969 1563 2098 1618 sub-

507 1653 762 1722 jungere,
798 1668 921 1722 quae
945 1653 1144 1708 deinde
1179 1653 1459 1708 Zachariae
1495 1651 1633 1707 dixit
1681 1655 1926 1724 angelus.
1960 1652 2099 1708 Cum

509 1742 682 1806 enim,
713 1752 771 1796 ut
795 1743 1058 1807 diximus,
1089 1745 1210 1814 ejus
1233 1744 1397 1799 dictis
1421 1759 1530 1797 non
1559 1743 1743 1798 statim
1777 1744 2096 1808 assenserit,

510 1830 606 1884 sed
627 1831 810 1885 arcani
837 1832 1001 1904 hujus
1024 1833 1412 1902 perfectiorem
1434 1833 1712 1903 quaesierit
1732 1835 2096 1904 comprehen-

2283 554 2422 607 Ἀλλ’
2453 555 2576 607 ὅτου
2617 555 2796 627 χάριν,
2822 558 2937 627 ἐρεῖ
2963 574 3065 621 τις,
3096 559 3124 609 ὁ
3161 558 3258 627 μὲν
3279 555 3550 626 Ζαχαρίας
3573 554 3768 624 ἄφεσιν

2195 644 2368 715 εἰσῄει
2399 644 2494 697 τοῦ
2527 645 2763 715 πλήθους
2795 647 3051 716 αἰτήσων,
3077 648 3105 699 6
3134 647 3192 700 δὲ
3222 647 3408 716 φανεὶς
3442 645 3672 714 ἄγγελος
3703 646 3771 697 τὰ

2193 735 2301 787 τῶν
2327 737 2596 808 αἰτήσεών
2622 755 2681 790 τε
2705 737 2854 809 αὐτῷ
2877 739 3040 807 φάναι
3061 737 3348 808 ηκοῦσθαι,
3367 738 3627 808 ἐχέγγυον
3650 736 3773 790 τού-

2193 845 2285 880 του
2331 829 2488 882 τόκον
2544 825 2683 882 εἶναι
2741 830 2831 883 τὸν
2861 833 2926 884 ὲκ
2955 831 3053 901 τῆς
3079 831 3331 900 στείρας;
3358 825 3437 881 Ἦ
3477 830 3632 902 δῆλον
3659 830 3772 891 τοῖς

2196 919 2464 983 συνοῦσιν,
2498 922 2580 974 ὅτι
2611 922 2712 974 οὐκ
2737 923 2803 976 ἂν
2834 923 3008 986 ἄλλως
3031 923 3259 986 ἐκείνοις
3301 923 3400 992 τῆς
3444 921 3772 992 συγγνώμης

2195 1014 2433 1082 ἀπήντα,
2475 1015 2522 1066 εἰ
2569 1014 2644 1085 μὴ
2679 1017 2706 1068 ὁ
2742 1015 3060 1085 τικτόμενος
3085 1009 3239 1077 οὗτος
3287 1016 3378 1067 τὸν
3409 1014 3502 1067 ἐπὶ
3531 1014 3774 1084 σωτηρίᾳ.

2195 1105 2398 1172 ἥκοντα
2422 1105 2721 1169 ἐπεδείκνυ,
2747 1107 2841 1158 καὶ
2870 1105 3032 1159 αὑτὸν
3062 1106 3332 1176 ἀριδήλως
3352 1107 3463 1166 τοῖς
3486 1106 3618 1158 πᾶσι
3643 1122 3772 1156 κατ-

2197 1195 2480 1264 ήγγελλεν,
2505 1191 2592 1248 οἷα
2617 1195 2678 1264 δὴ
2702 1196 2796 1249 καὶ
2831 1196 2984 1265 φίλος
3006 1197 3238 1262 ἐκείνου,
3279 1198 3370 1251 καὶ
3395 1196 3643 1267 ἄγγελος,
3681 1200 3774 1250 καὶ

2198 1287 2348 1356 φωνὴ
2379 1288 2762 1358 χρηματίζων,
2793 1289 2887 1342 καὶ
2917 1289 3250 1360 πρόδρομος;
3283 1291 3350 1344 δι’
3389 1291 3425 1345 ἃ.
3468 1284 3558 1359 μοι
3605 1290 3770 1352 δοκεῖ,

2198 1377 2292 1428 κιιύ⁹
2318 1378 2386 1430 τὰ
2414 1377 2565 1449 παρά
2591 1377 2685 1430 τοῦ
2737 1378 2969 1446 ἀγγέλου
3014 1379 3317 1450 ἐπικαίρως
3366 1380 3642 1455 εἰρῆσθαι.
3678 1382 3773 1432 καὶ

2197 1468 2310 1528 τοῖς
2339 1466 2432 1518 τοῦ
2464 1467 2764 1537 ἀρχιερέως
2804 1468 3051 1537 συνᾴδειν
3084 1468 3164 1520 ὅτι
3197 1469 3454 1537 μάλιστα.

2283 1555 2441 1608 Ἀλλὰ
2463 1557 2571 1626 γὰρ
2591 1557 2707 1611 δέον
2737 1555 2820 1626 τῷ
2847 1559 2990 1628 λόγῳ
3029 1557 3362 1628 προσθεῖναι,
3389 1558 3484 1610 καὶ
3514 1556 3614 1610 ὅσα
3649 1556 3776 1627 ὲξῆς

2200 1647 2337 1718 πρὸς
2382 1647 2473 1700 τὸν
2507 1649 2786 1719 Ζαχαρίαν
2811 1647 3033 1720 εἴρηκεν
3069 1651 3097 1702 ὁ
3142 1649 3350 1716 φανείς.
3389 1649 3607 1720 Ἐπειδὴ
3641 1653 3773 1721 γὰρ,

2199 1740 2276 1802 ὡς
2328 1739 2557 1810 ἔφαμεν,
2611 1742 2686 1812 μὴ
2735 1741 3133 1812 παραχρῆμαδ
3187 1741 3445 1812 λογισμὸς
3484 1741 3633 1812 αὑτῷ
3665 1745 3774 1805 τοῖς

2204 1829 2446 1902 ῥηθεῖσιν
2468 1832 2746 1896 ἐπένευεν,
2767 1833 2880 1887 ἀλλ’
2911 1833 3292 1902 ἐντελεστέραν
3316 1832 3454 1902 τάχα
3483 1833 3662 1904 ἐξῄτει
3682 1835 3774 1887 τοῦ

512 1921 749 1984 sionem,
798 1930 859 1976 ut
897 1922 952 1975 in
990 1923 1358 1978 reconditiore
1393 1924 1634 1993 pecteris
1668 1923 1792 1978 sinu
1833 1939 2094 1994 magnum

2201 1900 2514 1995 άπορῤήτου
2544 1924 2608 1994 δὴ
2628 1924 2724 1995 τὴν
2759 1925 3062 1994 κατάληψιν
3083 1966 3096 1990 ,
3131 1900 3206 1988 ὡς
3241 1925 3307 1978 ἂν
3347 1900 3440 1978 καὶ
3475 1900 3586 1989 τοίς
3628 1928 3776 1980 ἐνδο-

512 2011 646 2066 illud
689 2013 1018 2069 miraculum
1063 2016 1388 2070 conclusum
1432 2015 1767 2084 deponeret,
1797 2025 1914 2069 tum
1946 2016 2097 2072 aliud

512 2106 650 2160 nihil
685 2109 912 2178 angelus
942 2107 1043 2162 nisi
1081 2108 1364 2162 silentium
1401 2109 1730 2178 praescribit,
1763 2115 1821 2162 et
1856 2108 2097 2180 linguam

512 2197 664 2252 vocis
711 2207 995 2268 expertem
1052 2197 1253 2263 reddit,
1307 2198 1692 2253 demonstrans
1738 2198 1986 2264 omnino,
2039 2211 2100 2253 ut

512 2290 731 2358 Opinor,
791 2306 906 2345 rem
933 2306 1055 2345 esse
1110 2291 1373 2362 mysterio
1427 2292 1664 2362 plenam,
1714 2301 1769 2346 et
1811 2294 2096 2363 majorem,

513 2395 676 2449 quam
707 2390 768 2434 ut
807 2389 939 2435 tunc
966 2394 1220 2435 sermone
1252 2390 1309 2436 et
1347 2381 1533 2452 lingua
1561 2379 1850 2450 praedicari
1891 2389 2094 2450 posset.

583 2571 880 2627 Zacharias
908 2571 1074 2643 igitur
1117 2587 1184 2624 ex
1217 2585 1284 2626 eo
1314 2581 1563 2642 tempore
1604 2571 1908 2642 permansit
1946 2587 2097 2626 com-

515 2665 722 2734 pressis
754 2663 935 2729 labiis,
970 2679 1096 2719 eum
1131 2665 1350 2719 nemine
1385 2664 1727 2733 colloquens,
1775 2678 1877 2718 nec
1906 2679 2098 2718 vocem

515 2756 796 2820 emittens,
827 2756 932 2810 etsi
967 2756 1236 2810 voluisset
1275 2773 1287 2809 :
1326 2755 1462 2825 quid
1494 2754 1641 2810 enim
1677 2755 1779 2825 ipsi
1807 2771 2099 2811 commune

514 2861 642 2902 cum
676 2847 922 2917 populo?
962 2847 1088 2916 ipsi,
1134 2846 1380 2916 inquam,
1416 2845 1510 2916 qui
1551 2861 1654 2900 usu
1693 2861 1953 2901 sensuum
1994 2846 2099 2901 sibi

516 2939 892 3004 interdixerat,
925 2939 1018 3010 qui
1050 2939 1293 2994 animum
1317 2939 1656 2993 abstraxerat
1691 2955 1721 2994 a
1745 2940 2100 2995 terrestribus

513 3039 570 3086 et
595 3029 817 3085 caducis
842 3030 1028 3094 rebus,
1056 3031 1262 3100 quique
1296 3030 1623 3085 versabatur
1660 3045 1786 3084 cum
1819 3045 2101 3100 corporea:

514 3120 857 3191 contagionis
896 3119 1259 3189 expertibus?
1296 3118 1436 3186 Quid
1483 3134 1610 3174 cum
1654 3120 1781 3183 illis,
1831 3122 1924 3190 qui
1971 3129 2102 3176 sunt

2199 2019 2379 2086 τέροις
2416 2019 2518 2087 τῆς
2547 2016 2785 2079 διανοίας
2813 2017 3058 2086 ταμείοις
3090 2016 3236 2068 ἔνδον
3259 2017 3521 2086 κατάσχοι
3547 2017 3608 2071 τὸ
3635 2019 3778 2088 μέγα

2198 2106 2374 2172 τοῦτο,
2404 2107 2499 2158 καὶ
2530 2107 2844 2160 ὲναπόθοιτο
2869 2105 3004 2176 (45),
3025 2105 3151 2160 ἄλλο
3183 2105 3282 2176 μὲν
3312 2105 3462 2158 οὐδὲν
3481 2106 3616 2176 πρὸς
3632 2109 3777 2160 ἐκεῖ-

2200 2217 2288 2252 νον
2329 2201 2357 2251 6
2409 2197 2677 2268 ἄγγελος·
2732 2200 2944 2270 σιωπὴν
2992 2201 3037 2252 δ’
3089 2200 3367 2253 ἐπιτάττει
3439 2199 3629 2270 μόνην,
3686 2202 3778 2253 καί

2198 2291 2501 2360 ἁφθεγξίαν
2538 2290 2640 2360 τῆς
2673 2290 2941 2362 γλώττης,
2972 2290 3167 2361 δηλῶν,
3216 2286 3392 2361 οἶμαι,
3432 2291 3645 2354 πάντως
3696 2293 3777 2344 ὃτι

2203 2383 2578 2454 μυστηριῶδες
2626 2386 2687 2437 τὺ
2739 2386 2995 2454 πρᾶγμα,
3047 2384 3141 2436 καὶ
3194 2384 3276 2436 ὃτι
3327 2385 3572 2455 κρεῖττον
3616 2383 3776 2452 λόγου

2200 2475 2355 2538 τέως,
2385 2475 2478 2528 καὶ
2507 2476 2607 2545 τῆς
2644 2475 2734 2530 διὰ
2764 2476 3011 2544 γλώττης
3050 2475 3366 2545 ὲκφάνσεως
3391 2474 3604 2546 ἀμέλει.

2269 2566 2382 2620 Καὶ
2419 2567 2448 2619 6
2495 2569 2773 2638 Ζαχαρίας
2819 2567 2983 2638 ἔμενε
3032 2567 3094 2620 τὸ
3145 2567 3241 2619 ἀπ’
3274 2567 3483 2620 ἐκείνου
3528 2569 3598 2620 τὰ
3625 2567 3776 2639 χείλη

2200 2659 2569 2730 συμπτύσσων
2594 2700 2609 2723 ,
2658 2661 2752 2714 καὶ
2785 2658 2977 2730 μηδενὶ
3005 2659 3132 2731 μήθ’
3166 2659 3390 2730 ὁμιλῶν,
3427 2661 3564 2730 μήτε
3596 2661 3780 2731 φωνὴν

2199 2751 2545 2823 προϊέμενος,
2571 2752 2702 2815 ἴσως
2727 2751 2784 2804 δὲ
2819 2752 2913 2804 καὶ
2938 2751 3256 2822 βουλόμενος
3275 2767 3288 2779 ·
3321 2750 3373 2803 τί
3399 2751 3508 2823 γὰρ
3539 2746 3607 2822 ἦν
3631 2751 3780 2822 αὐτῷ

2199 2845 2378 2897 κοινὸν
2416 2845 2738 2914 τηνικαῦτα,
2767 2844 2862 2896 καὶ
2885 2842 2962 2913 τῷ
2980 2841 3114 2913 λαῷ,
3140 2842 3220 2912 τῷ
3249 2843 3347 2913 μὲν
3374 2843 3474 2906 τὰς
3498 2843 3781 2914 αίσθήσεις

2203 2935 2435 3007 μύσαντι
2465 2938 2588 3009 ἤδη,
2623 2938 2717 2990 καὶ
2750 2937 2841 2990 τὸν
2873 2935 2999 2989 νοῦν
3028 2935 3138 2988 τῶν
3179 2937 3328 2990 κάτω
3372 2939 3467 2990 καὶ
3505 2937 3782 3007 αἰσθητῶν

2199 3029 2505 3094 ἐκϐαλόντι,
2531 3030 2627 3083 καὶ
2653 3030 2835 3101 μόνοις
2853 3032 2965 3094 τοῖς
2988 3030 3116 3084 ἄνευ
3135 3031 3444 3100 παχύτητος
3465 3029 3741 3101 ὁμιλοῦντι
3762 3048 3777 3094 ;

2199 3121 2327 3184 Τοῖς
2378 3121 2434 3174 δὲ
2487 3123 2628 3192 μετὰ
2677 3121 2927 3192 σώματος
2975 3121 3387 3191 στρεφομένοις,
3435 3121 3528 3174 καὶ
3571 3121 3782 3192 πάχους

515 3211 585 3266 ad
611 3227 816 3282 corpus
843 3223 901 3266 et
923 3212 1225 3266 crassiores
1253 3226 1449 3266 sensus
1475 3213 1749 3276 conversi,
1777 3212 1981 3282 quibus
2005 3221 2098 3269 aut

2203 3212 2390 3266 ὑλικοῦ
2427 3213 2521 3266 καὶ
2571 3211 2899 3282 αἰσθήσεως,
2953 3205 3035 3274 οἷς
3082 3211 3175 3264 καὶ
3206 3211 3458 3282 περιττόν
3489 3229 3605 3276 πως
3651 3208 3717 3283 ἦν
3741 3213 3776 3284 ἢ

515 3300 857 3371 superﬂuum
906 3300 1331 3370 quodammodo,
1379 3309 1474 3356 aut
1524 3301 1692 3356 etiam
1738 3302 2095 3372 impossibile,

517 3390 762 3445 divinam
797 3405 991 3445 vocem
1031 3391 1285 3446 humanis
1331 3407 1440 3446 non
1485 3402 1897 3460 consonantem,
1945 3395 2097 3451 inso-

516 3498 670 3546 nare,
709 3483 988 3552 verbaque
1021 3498 1217 3537 arcana
1259 3498 1323 3538 ac
1357 3483 1653 3540 ineffabilia
1678 3486 1950 3556 proferre,
1978 3503 2100 3557 quae

517 3589 698 3645 neque
722 3590 986 3644 percusso
1002 3590 1127 3629 aere
1151 3577 1308 3640 fiunt,
1326 3592 1504 3648 neque
1525 3579 1747 3650 organis
1770 3580 1837 3634 ad
1861 3579 2100 3635 forman-

518 3665 644 3720 dam
677 3682 868 3721 vocem
901 3666 1184 3731 institutis,
1221 3667 1316 3722 sed
1354 3669 1569 3725 silentio
1602 3671 1865 3728 interiore
1899 3680 1955 3728 et
1981 3689 2098 3728 me-

518 3758 657 3813 liore
704 3758 811 3812 alia
853 3758 1091 3830 loquela,
1142 3760 1252 3814 illis
1290 3762 1420 3817 solis
1463 3771 1612 3830 nota,
1653 3765 1748 3835 qui
1781 3782 1812 3820 a
1847 3768 2100 3823 sensibus

519 3850 805 3916 recedunt,
828 3861 883 3904 et
914 3867 1052 3920 pura
1079 3861 1262 3908 mente
1290 3869 1469 3908 rerum
1501 3855 1815 3911 divinarum
1843 3859 2099 3913 similitu-

519 3941 678 3996 dines
708 3943 1059 4013 percipiunt?
1093 3942 1224 4010 Qum
1259 3946 1343 4000 vel
1377 3947 1480 4016 ipsi
1511 3947 1824 4013 Zachariae,
1856 3948 1962 4002 sibi
1993 3950 2100 4002 uti-

518 4051 627 4106 que
667 4035 908 4102 conscio,
945 4039 1102 4107 cujus
1142 4039 1359 4094 tandem
1400 4041 1789 4096 muniﬁcentiae
1825 4043 2098 4113 particeps

519 4123 696 4180 factus
717 4135 882 4191 esset,
909 4127 1231 4185 inconsueta
1254 4142 1434 4195 erant,
1464 4147 1589 4186 cum
1611 4133 1733 4212 ipse
1760 4133 1828 4186 ad
1856 4133 1992 4188 alios
2014 4135 2097 4189 lo-

519 4229 784 4288 queretur
812 4237 824 4272 :
851 4235 961 4274 non
994 4219 1145 4287 item,
1177 4239 1302 4276 cum
1333 4223 1551 4278 audiret
1575 4224 1770 4289 Deum,
1798 4225 1886 4280 cui
1914 4226 2099 4281 omnia

518 4321 646 4365 nota
683 4321 830 4376 sunt,
862 4313 1026 4368 etiam
1047 4331 1179 4385 quae
1210 4317 1406 4370 latent.

590 4402 695 4471 91
728 4403 856 4457 Mihi
892 4421 1028 4459 vero
1072 4406 1217 4460 aliud
1255 4406 1535 4476 quidpiam
1575 4406 1632 4462 in
1667 4417 1907 4464 mentem
1942 4426 2099 4466 revo-

522 4504 610 4550 cat
654 4495 988 4565 stupendum
1027 4497 1303 4553 Zacharim
1330 4499 1610 4554 silentium
1646 4519 1659 4554 :
1694 4517 1874 4573 neque
1913 4503 1964 4557 id
1997 4520 2099 4574 ego

2204 3305 2298 3359 καὶ
2325 3302 2584 3360 ἀδύνατον
2617 3303 2759 3373 τάχα
2790 3302 2937 3356 θείαν
2981 3303 3259 3374 ἀπήχησιν
3298 3304 3534 3374 ἐνηχεῖν,
3563 3305 3658 3358 καὶ
3687 3304 3780 3356 λό-

2201 3415 2332 3467 γους
2351 3396 2682 3470 ὰρρήτουςῆ
2717 3397 2810 3448 καὶ
2841 3394 3144 3464 ἁλαλήτους
3173 3397 3489 3464 ἐπιφωνεῖν,
3519 3395 3556 3448 ἃ
3590 3395 3664 3466 μὴ
3683 3395 3779 3449 τοῦ

2201 3491 2580 3561 κτυπουμένου
2604 3489 2784 3558 ἀέρος,
2831 3487 2952 3558 μηδ’
2982 3487 3230 3556 ὀργάνων
3263 3487 3356 3540 ἐπὶ
3397 3487 3506 3541 τῶν
3539 3490 3780 3555 φωνοῦν-

2201 3602 2309 3638 των
2330 3599 2341 3611 ·
2371 3583 2485 3636 ἀλλ’
2515 3580 2813 3651 ἀφθεγξίας
2836 3581 2932 3649 τῆς
2953 3579 3120 3642 ἔνδον,
3139 3579 3234 3632 καὶ
3260 3579 3449 3643 λαλιᾶς
3472 3580 3781 3650 κρείττονος

2201 3677 2388 3748 ἄλλης,
2413 3670 2481 3747 ἦς
2519 3674 2613 3728 καὶ
2655 3673 2804 3742 μόνοι
2853 3667 2955 3724 οἷοί
3005 3671 3065 3724 τέ
3096 3669 3206 3742 (46)
3253 3671 3389 3724 εἰσιν
3417 3671 3780 3743 ἐπῃσθῆσθαι,

2202 3769 2251 3822 οἱ
2281 3767 2381 3830 τὰς
2413 3765 2694 3834 αἰσθήσεις
2745 3761 3021 3824 λείποντες
3049 3801 3063 3825 ,
3109 3762 3205 3813 καὶ
3232 3760 3426 3830 γυμνῷ
3457 3760 3533 3832 τῷ
3566 3760 3642 3831 νῷ
3673 3761 3780 3814 τῶν

2204 3857 2493 3928 θειοτέρων
2522 3854 2833 3924 δεδεγμένοι
2859 3852 2956 3922 τὴν
2986 3852 3216 3922 μίμησιν
3234 3869 3248 3917 ;
3267 3851 3302 3905 ἃ
3323 3852 3415 3904 καὶ
3443 3853 3518 3922 τῷ
3541 3853 3781 3923 Ζαχαρία

2203 3954 2259 4004 ἐν
2293 3949 2474 4018 ἐαυτῷ
2501 3948 2674 4017 δήπου
2718 3943 3158 4014 συναισθομένῳ,
3202 3943 3297 3996 καὶ
3335 3943 3452 4004 οἵας
3481 3942 3782 4013 τηνικαῦτα

2200 4045 2298 4113 τῆς
2325 4039 2739 4110 μεγαλοδωρεᾶς
2770 4036 3007 4107 ἠξίωτο,
3061 4035 3365 4107 ἀνομίλητα
3409 4031 3478 4106 ἦν
3525 4035 3664 4098 τέως
3713 4035 3784 4090 τὰ

2203 4133 2341 4202 πρὸς
2384 4129 2627 4190 ἐκείνους
2681 4125 2862 4197 ἑαυτῴ
2921 4124 3345 4198 προσλαλοῦντι,
3379 4125 3473 4178 καὶ
3510 4125 3584 4195 μὴ
3617 4125 3780 4179 ἁκού-

2204 4228 2356 4278 σαντι
2384 4221 2544 4285 Θεοῦ,
2579 4214 2624 4287 ᾧ
2653 4219 2831 4273 πάντα
2864 4219 3106 4287 γνωστὰ,
3155 4219 3250 4271 καὶ
3283 4219 3350 4272 τὰ
3375 4217 3567 4289 ἄδηλα.

2286 4396 2439 4466 Ἐμοὶ
2479 4396 2534 4448 δέ
2562 4395 2655 4447 καὶ
2682 4393 2810 4448 ἄλλο
2834 4391 3049 4445 δίδωσιν
3076 4393 3275 4444 ἐννοεῖν
3307 4393 3339 4460 ἡ
3385 4391 3478 4444 τοῦ
3512 4392 3780 4462 Ζαχαρίου

2205 4487 2504 4558 παράδοξος
2536 4487 2712 4555 σιωπή
2738 4505 2750 4515 ·
2786 4485 2894 4538 οὐδ’
2918 4485 3047 4537 αὐτὸ
3081 4477 3234 4553 οἶμαι
3263 4483 3480 4536 ἔλαττον
3503 4483 3596 4535 τοῦ
3645 4499 3778 4552 προ-

523 4587 706 4656 priore
725 4587 986 4658 mysterio
1009 4587 1212 4653 minus,
1249 4604 1428 4658 neque
1449 4589 1743 4645 mediocris
1772 4592 1957 4660 gratias
1988 4573 2098 4662 ple-

2202 4580 2383 4650 τέρου,
2412 4578 2518 4630 οὐδ’
2551 4576 2737 4646 ὀλίγης
2766 4575 3030 4645 τυγχάνον
3054 4573 3154 4643 τῆς
3181 4574 3400 4644 χάριτος
3428 4591 3441 4604 ·
3489 4573 3602 4626 ἔστι
3627 4573 3672 4626 δ’
3705 4574 3779 4636 ὡς

524 4693 655 4732 num
691 4678 963 4734 existimo.
990 4680 1067 4734 lta
1104 4695 1268 4749 porro
1296 4721 1308 4745 ,
1347 4688 1409 4734 ut
1452 4680 1641 4748 paucis
1681 4681 1882 4745 dicam,
1918 4698 1976 4736 se
2010 4699 2097 4738 res

525 4771 725 4836 habet;
751 4786 874 4825 cum
913 4772 1004 4825 ille
1036 4771 1292 4826 sacerdos
1321 4771 1548 4825 vixisset
1580 4773 1635 4825 in
1663 4773 1836 4828 veteri
1868 4774 2011 4845 lege,
2043 4789 2099 4833 et

525 4863 756 4916 Aaronis
792 4862 1098 4918 sacerdotio
1133 4865 1149 4881 '
1183 4862 1374 4916 fuisset
1424 4870 1669 4926 ornatus,
1713 4872 1768 4917 et
1806 4873 2100 4937 utrumque

528 4953 634 5028 (lex
665 4970 863 5024 nempe
893 4964 948 5009 et
979 4953 1370 5024 sacerdotium)
1415 4969 1525 5007 non
1559 4953 1788 5009 deberet
1813 4972 1922 5011 non
1951 4958 2100 5014 desi-

527 5061 678 5110 nere,
703 5046 1008 5114 lutumque
1026 5045 1210 5115 gratiae
1238 5043 1433 5098 cedere
1460 5061 1474 5110 ;
1519 5045 1806 5116 utriusque
1832 5054 2097 5107 cessatio-

527 5151 673 5199 nem,
723 5143 934 5188 mutum
979 5133 1277 5195 silentium,
1318 5149 1423 5188 vox
1461 5137 1782 5204 tempestive
1818 5141 2096 5207 restituta,

529 5231 936 5283 illucescentem
973 5226 1231 5296 gratiam,
1279 5234 1334 5280 et
1383 5242 1506 5281 cum
1542 5227 1768 5283 Joannis
1812 5232 2098 5288 nativitate

528 5315 909 5370 advenientem
942 5322 1298 5383 repraesentat
1325 5332 1337 5367 :
1364 5330 1468 5384 qua
1493 5317 1668 5386 gratia
1695 5333 1886 5372 verum
1919 5336 2100 5375 sacer-

529 5407 760 5469 dotium,
796 5423 907 5461 non
939 5423 1038 5476 per
1071 5406 1295 5460 umbras
1331 5423 1394 5461 ac
1429 5407 1648 5477 ﬁguras,
1701 5410 1794 5465 sed
1827 5421 2016 5481 aperte
2047 5419 2104 5466 et

530 5499 729 5568 palam,
764 5511 889 5550 cum
930 5497 996 5550 iis
1023 5511 1143 5565 quze
1167 5504 1321 5550 erant
1353 5497 1599 5552 involuta
1622 5492 1843 5554 silentio
1872 5499 2102 5554 demon-

531 5599 764 5655 stratur;
805 5589 1000 5643 horum
1047 5588 1373 5646 ﬂammeum
1407 5591 1736 5661 praavideret
1777 5592 2076 5646 Zacharias

2206 4676 2262 4726 ἐν
2291 4672 2458 4742 ὀλίγῳ
2486 4670 2640 4724 τοῦτο
2673 4672 2845 4723 εἰπεῖν
2869 4688 2882 4700 ·
2905 4670 3093 4739 ἐπειδὴ
3123 4671 3231 4736 γὰρ
3257 4671 3281 4720 ὁ
3309 4667 3449 4737 ἱερὸς
3472 4661 3623 4730 οὗτος
3643 4667 3789 4736 ἀνὴρ,

2206 4766 2354 4835 νόμῳ
2389 4762 2699 4815 συνεὸιοῦτο
2740 4761 2973 4831 παλαιῷ,
3014 4761 3108 4814 καὶ
3133 4759 3398 4830 ἱερωσύνῃ
3429 4759 3688 4830 τετίμητο
3712 4761 3780 4826 τῇ

2208 4857 2350 4912 κατὰ
2377 4857 2468 4909 τὸν
2505 4853 2738 4925 Ἀαρὼν,
2772 4853 2996 4925 ἔμελλον
3033 4851 3078 4905 δ’
3104 4853 3227 4904 ὅσον
3254 4851 3406 4904 οὔπω
3451 4853 3546 4903 καὶ
3575 4851 3782 4904 πεπαῦ·

2210 4950 2334 5003 σθαι
2369 4947 2678 5020 ἀμφότερα,
2703 4947 2798 4999 καὶ
2826 4949 2892 5016 τῇ
2933 4945 3203 5016 μελλούσῃ
3244 4945 3407 5011 εἴξειν
3443 4945 3646 5014 χάριτι,
3682 4944 3781 5014 τὴν

2209 5041 2419 5095 παῦλαν
2470 5038 2746 5110 ἑκατέρων
2796 5041 2828 5108 ή
2865 5037 3016 5090 τοῦδε
3045 5038 3372 5108 παρίστησιν
3420 5037 3708 5106 ὰφθεγξία,
3747 5040 3782 5108 ἢ

2208 5137 2301 5190 καὶ
2340 5134 2483 5189 κατὰ
2515 5134 2706 5204 καιρὸν
2737 5133 2923 5186 λέλυτο
2947 5132 3108 5186 πάλιν
3139 5132 3237 5202 τῆς
3264 5132 3506 5202 χάριτος,
3528 5131 3629 5201 ἤδη
3653 5132 3782 5184 ἀνα-

2208 5227 2492 5297 φανείσης,
2521 5227 2613 5278 καὶ
2650 5227 2715 5296 τῇ
2749 5225 2844 5277 τοῦ
2902 5225 3145 5278 Ἰωάννου
3191 5225 3441 5293 γεννήσει
3488 5223 3784 5294 συνεκδρα-

2210 5319 2438 5390 μούσης,
2475 5315 2592 5386 μεθ’
2615 5317 2729 5385 ἅμα
2759 5316 2852 5369 καὶ
2879 5319 2976 5387 τῆς
3003 5314 3234 5386 ἀληθοῦς
3262 5315 3579 5386 ἱερωσύνης,
3599 5316 3782 5368 οὐκέτι

2204 5409 2280 5472 ὡς
2317 5409 2379 5460 τὸ
2419 5409 2548 5479 πρὶν
2600 5406 2843 5470 σκιωδῶς
2876 5407 2908 5478 ἢ
2956 5406 3224 5470 τοπικῶς,
3271 5407 3385 5459 ἀλλ’
3411 5405 3660 5474 ἐκφανῶς
3691 5409 3786 5460 καὶ

2204 5499 2417 5570 τρανῶς
2443 5500 2511 5553 τὰ
2544 5498 2879 5569 σεσιγημένα
2906 5497 3199 5570 δηλούσης·
3233 5492 3308 5550 ὧν
3331 5497 3422 5550 καὶ
3451 5499 3476 5550 6
3510 5498 3784 5568 Ζαχαρίας

2204 5591 2303 5661 τὴν
2337 5591 2558 5647 ἔκϐασιν
2591 5592 2760 5664 δήπου
2792 5591 3136 5662 αἰσθόμενος,
3167 5591 3227 5644 οὐ
3278 5587 3665 5662 μυστηριωδῶς
3691 5589 3785 5641 οὑ-

1806 5744 2037 5799 νΑῐὶΙΑΞ
2083 5743 2491 5801 LECTIONES.

599 5876 649 5911 θ’
665 5877 978 5950 Legendum
1011 5880 1230 5936 videtur
1269 5881 1599 5935 ἐναποθεῐτο.
1677 5881 1723 5912 ⁸⁵
1746 5880 1891 5934 Edit.
1937 5878 2109 5949 prior,
2144 5881 2192 5934 οἱ
2228 5881 2362 5937 οἵτε.
