4080 6456
338 493 405 556 41
1484 481 1928 540 AUCTARIUM

2030 503 2057 513 -
2090 481 2192 539 AD
2229 480 2405 540 TOM.
2448 482 2542 541 IV.
3555 484 3624 546 42

337 592 427 644 δὲν
468 590 673 660 ἑαυτῷ,
703 591 825 645 ἀλλ’
860 592 1130 663 ἁριὸήλως
1166 594 1258 646 καὶ
1288 591 1505 664 γλώσσῃ
1541 595 1689 664 ξένῃ,
1721 594 1815 647 καὶ
1838 593 1928 646 λα-

2036 608 2147 647 non
2196 593 2434 647 obscure
2483 606 2691 657 secum,
2728 592 2825 647 sed
2876 593 3021 647 clare
3061 609 3201 649 nova
3243 603 3300 649 et
3340 595 3622 666 eloquenti

336 682 593 753 λιστέρα,
616 683 785 736 όπότε
817 684 913 737 καὶ
943 685 1108 754 ἐχρῆν
1130 688 1197 738 τὰ
1230 684 1507 754 παράδοξα
1543 684 1933 754 ἀνεφθέγξατο,

331 773 518 845 δηλῶν
538 775 797 830 ἐντεῦθεν
822 778 907 829 ὅτι
937 777 998 830 οὐ
1022 780 1181 849 σιγᾷν
1205 778 1304 840 δεῖ,
1328 777 1439 832 οὐδ’
1461 779 1519 831 ἐν
1545 778 1782 841 διανοίας
1803 777 1936 849 κρύα-

332 883 498 921 πτειν
533 870 731 938 μυχοῖς
755 868 893 921 Θεοῦ
917 871 1243 940 παρουσίαν,
1271 869 1367 924 καὶ
1382 869 1482 942 τὴν
1504 872 1583 933 είς
1611 869 1936 940 ἀνθρώπους

252 974 260 980 '
330 958 508 1012 αὐτοῦ
549 959 854 1031 ἐπιδημίαν
882 962 975 1015 καὶ
1002 962 1227 1016 κάθοδον
1248 980 1262 994 ·
1295 962 1433 1017 ἀλλὰ
1456 960 1627 1016 ταῦτα
1656 962 1753 1032 μὲν
1777 961 1935 1015 ὕστε-

333 1069 432 1123 ρον
450 1070 466 1084 ·
499 1053 590 1106 ὅτε
610 1053 707 1106 καὶ
730 1053 832 1124 τὴν
861 1054 1106 1122 ἀφωνίαν
1129 1054 1517 1119 ἀποϐάλλεται,
1545 1055 1641 1108 καὶ
1660 1054 1729 1108 τὰ
1762 1054 1935 1125 ὑπερ-

330 1143 450 1214 φυῆ
489 1143 650 1197 ταυτὶ
681 1143 985 1213 φθέγγεται
1006 1186 1022 1210 ,
1058 1145 1211 1209 τέλος
1243 1147 1286 1178 ⁸⁷
1311 1146 1367 1199 δὲ
1407 1145 1506 1217 τῆς
1536 1148 1747 1218 σιωπῆς
1783 1145 1934 1214 γίνε-

329 1252 430 1289 ται
454 1274 472 1299 ,
510 1235 580 1305 ἥν
605 1235 1040 1307 ὲπικαιροτάτην
1070 1236 1249 1306 ἐαυτῷ
1289 1236 1405 1308 ᾔδει
1428 1255 1442 1268 ·
1483 1238 1579 1291 καὶ
1613 1239 1725 1300 τοῖς
1758 1237 1936 1307 πράγ-

332 1342 478 1396 μασι
531 1323 735 1400 δηλαδὴ
795 1326 1111 1397 πρόσφορον
1162 1322 1270 1380 εἶδε
1298 1326 1376 1407 ξ’.
1425 1328 1536 1380 Καὶ
1585 1326 1735 1382 ἄλλοι
1790 1327 1936 1390 τινὲς

333 1413 452 1471 εἷεν
496 1419 547 1470 οἱ
580 1417 844 1489 περὶτῆς
876 1418 1045 1473 αὐτοῦ
1093 1422 1136 1452 ⁸9
1177 1420 1388 1489 σιωπῆς
1431 1418 1601 1487 λόγοι,
1654 1418 1815 1472 ἴδοιεν
1868 1419 1934 1473 ἂν

335 1511 390 1563 οἱ
416 1508 531 1562 τῶν
566 1508 834 1580 μειζόνων
871 1510 1110 1564 ἐπόπται
1141 1512 1234 1564 καὶ
1258 1510 1480 1579 μύσται,
1509 1510 1604 1563 καὶ
1635 1505 1717 1575 οἷς
1749 1512 1778 1563 ὁ
1807 1508 1933 1575 νοῦς

339 1597 824 1669 διαδατικιῖιτερος,
864 1601 991 1672 ἐμοὶ
1012 1601 1055 1654 δ’
1084 1603 1112 1654 ὁ
1144 1601 1303 1669 λόγος
1325 1599 1533 1671 ἐχέσθω
1572 1597 1819 1671 ὕστερον.

412 1690 488 1744 Τὸ
508 1690 601 1743 ἀπ’
620 1690 837 1745 ἐκείνου
866 1691 1050 1745 τοίνυν
1081 1692 1300 1764 καιροῦ,
1331 1692 1427 1745 καὶ
1458 1693 1490 1762 ή
1531 1689 1834 1753 Ἐλισάὸετ,
1854 1690 1930 1753 ὡς

335 1782 518 1836 ἅπασι
542 1780 727 1853 δῆλον,
762 1782 1105 1838 συλλαϐοῦσα
1142 1785 1234 1838 τὸν
1289 1785 1544 1855 Ἰωάννην
1565 1825 1580 1849 ,
1614 1784 1718 1853 τήν
1745 1799 1806 1835 τε
1830 1798 1932 1851 γα-

331 1870 507 1943 στέρα
538 1870 678 1941 πρὸς
703 1870 870 1941 όγκον
911 1872 1059 1943 ἑώρα
1082 1872 1548 1946 ἐξαιρο[υ]μένην,
1589 1875 1683 1928 καὶ
1713 1876 1772 1928 ἐν
1800 1873 1932 1929 θαύ-

2038 685 2245 755 lingua,
2291 698 2419 738 cum
2455 699 2594 753 opus
2619 691 2802 750 esset,
2854 685 3200 741 incredibilia
3236 687 3456 742 locutus
3487 696 3573 743 est
3606 706 3619 742 :

2037 778 2170 834 hinc
2204 777 2491 833 declarans
2525 792 2635 831 non
2671 777 2980 843 tacendam,
3018 793 3198 849 neque
3237 780 3295 834 in
3330 781 3498 835 animi
3529 797 3625 851 pe-

2036 868 2344 925 netralibus
2374 869 2769 924 recludendam
2801 885 2926 924 esse
2946 870 3043 924 Dei
3075 874 3447 941 praesentiam,
3477 877 3625 946 ejus-

2036 975 2145 1030 que
2178 961 2249 1015 ad
2284 960 2536 1015 homines
2580 976 2864 1016 accessum
2911 968 2968 1016 et
3001 962 3320 1019 adventum.
3359 965 3467 1020 Sed
3507 967 3624 1020 haec

2036 1048 2259 1119 quidem
2294 1057 2506 1119 postea,
2548 1065 2674 1105 cum
2706 1050 2930 1121 abjecta
2962 1053 3340 1109 taciturnitate
3383 1055 3622 1110 admira-

2036 1142 2171 1197 bilia
2203 1142 2294 1197 ille
2329 1143 2598 1213 loquitur,
2628 1142 2756 1198 ﬁnis
2788 1152 2975 1197 autem
3018 1143 3311 1213 impositus
3344 1156 3431 1202 est
3454 1148 3620 1203 silen-

2036 1235 2135 1300 tio,
2160 1235 2308 1305 quod
2334 1236 2441 1291 sibi
2474 1235 2713 1291 maxime
2740 1237 3149 1307 tempestivum,
3178 1254 3241 1293 ac
3273 1239 3440 1294 rebus
3467 1255 3623 1295 com-

2034 1325 2263 1380 modum
2293 1333 2542 1381 noverat.
2566 1325 2687 1380 Alia
2710 1340 2931 1397 quoque
2958 1326 3027 1381 de
3045 1326 3161 1383 hoc
3184 1328 3409 1382 silentio
3434 1343 3624 1386 essent

2035 1417 2292 1482 dicenda,
2324 1418 2419 1473 sed
2442 1418 2686 1495 viderint
2719 1419 2798 1473 illi
2825 1419 3097 1489 majorum
3124 1421 3516 1491 mysteriorum
3540 1421 3623 1476 in-

2034 1519 2339 1581 spectores,
2382 1517 2440 1565 et
2471 1511 2675 1580 quibus
2697 1519 2784 1567 est
2820 1527 2979 1566 mens
3018 1514 3437 1582 penetrantior;
3483 1514 3621 1569 mihi

2033 1619 2167 1659 vero
2200 1619 2383 1659 sermo
2409 1604 2648 1659 ulterius
2671 1604 2957 1675 procedat.

2105 1696 2186 1750 Ex
2206 1710 2274 1751 eo
2304 1704 2556 1766 tempore
2588 1694 2907 1750 Elisabetha
2932 1695 3199 1751 Joannem
3221 1737 3237 1763 ,
3272 1705 3334 1752 ut
3362 1698 3622 1753 omnibus

2032 1785 2229 1855 liquet,
2258 1784 2534 1855 concepit,
2569 1785 2756 1839 alvum
2790 1784 3016 1840 videbat
3048 1786 3532 1853 intumescentem,
3564 1799 3622 1843 ct

2034 1874 2092 1928 in
2114 1889 2182 1929 eo
2206 1874 2474 1929 miraculo
2503 1890 2787 1944 nunquam
2814 1890 2925 1929 non
2954 1876 3319 1945 expendebat,
3344 1877 3452 1947 92
3478 1894 3620 1948 quo-

330 1978 469 2032 ματι
488 1961 551 2015 to
570 1955 695 2016 κατ⁴
715 1963 888 2034 αὐτὴν
907 1965 1010 2018 οὐκ
1033 1963 1196 2035 ἔληγε
1223 1965 1521 2036 ποιουμένη
1542 1965 1660 2029 πῶς
1682 1966 1715 2037 ὴ
1740 1965 1928 2033 ἄγονος

2033 1965 2198 2021 modo
2223 1965 2527 2020 liberorum
2571 1982 2770 2036 expers
2797 1981 2863 2023 ac
2898 1983 3027 2021 vere
3065 1968 3271 2023 sterilis
3300 1969 3370 2022 ad
3400 1978 3619 2039 partum

326 2054 430 2123 aui.
453 2052 702 2124 ἀτεχνῶς
727 2057 918 2125 στεῖρα
948 2056 1086 2126 πρὸς
1119 2056 1281 2127 γονὴν
1328 2056 1602 2129 ἀνήὸησεν
1644 2058 1746 2128 ἤδη
1770 2074 1785 2088 ·
1832 2057 1928 2111 καὶ¹

2030 2057 2390 2128 iuvenescere
2436 2057 2717 2127 coepisset,
2763 2064 2820 2112 et
2858 2058 3029 2112 ubera
3074 2074 3302 2128 prorsus
3336 2061 3492 2117 arida
3536 2063 3622 2118 lac

325 2143 538 2215 μαστοὶ
561 2143 615 2197 οἱ
645 2143 947 2215 κατάξηροι
978 2148 1175 2218 κομιδῇ
1210 2148 1353 2215 γάλα
1373 2148 1633 2203 ἀνέδοσαν
1667 2148 1805 2220 πρὸς
1828 2148 1927 2218 θη-

319 2236 451 2309 λὴν,
519 2235 624 2289 οὐκ
666 2237 1018 2308 ,ἐπιχαρίτως
1070 2238 1252 2308 μόνον,
1284 2238 1423 2294 ἀλλὰ
1456 2239 1553 2293 καὶ⁴
1591 2239 1830 2311 ήδίστως
1860 2241 1927 2310 τῇ

318 2328 605 2401 παρήλικι
633 2329 1041 2401 ἐμφαινόμενα,
1066 2324 1149 2395 οἷς
1174 2331 1267 2384 καὶ
1306 2331 1440 2385 Θεὸν
1474 2330 1801 2401 ὲμεγάλυνε,
1838 2329 1930 2383 τὸν

321 2420 495 2492 μόνον
524 2420 757 2476 δυνατὸν
786 2422 857 2476 τὰ
878 2420 1023 2475 οὕτω
1061 2422 1276 2492 μεγάλα
1303 2426 1713 2497 τερατουργεϊν.

408 2512 573 2567 Ἐπεὶ
601 2513 663 2567 δὲ
702 2512 909 2584 ταύτην
939 2514 1033 2567 καὶ
1061 2513 1219 2579 ἕκτος
1254 2514 1440 2586 μηνῶν
1465 2516 1567 2585 τῆς
1612 2513 1930 2587 συλλήψεως

318 2599 512 2676 εἶχεν,
551 2606 588 2675 ἡ
630 2603 730 2659 τοῦ
784 2605 991 2677 Κυρίου
1039 2606 1223 2677 μήτηρ
1268 2606 1412 2659 οὕτω
1449 2606 1650 2677 δεῆσαν
1697 2606 1743 2639 ⁵⁰
1792 2608 1928 2678 πρὸς

318 2696 428 2775 τῂν
456 2696 683 2765 ἐκείνης
724 2695 1036 2764 ἀφικνεῖται
1080 2696 1294 2750 οἱκίαν’
1340 2690 1429 2750 οἷα
1469 2696 1708 2765 ὑπόγυον
1743 2697 1789 2730 ⁸¹
1832 2699 1929 2751 καὶ

319 2786 466 2858 αὕτη
506 2787 606 2840 τὸν
647 2786 788 2857 πρὸς
829 2784 924 2839 τοῦ
964 2786 1200 2855 ἀγγέλου
1245 2786 1538 2856 ἀσπασμὸν
1588 2786 1789 2857 ἔχουσα
1832 2788 1928 2841 καὶ

319 2878 460 2931 Θεοῦ
489 2879 589 2930 τοῦ
613 2879 901 2949 ἀχωρήτου
932 2879 990 2930 ὲν
1021 2876 1178 2949 νηδύϊ
1214 2878 1518 2949 είσοίκησιν
1541 2916 1558 2941 ,
1604 2874 1672 2951 ἧς
1703 2879 1800 2931 καὶ
1826 2878 1926 2948 τὴν

327 2971 639 3042 παρουσίαν
688 2972 746 3022 ὲν
812 2968 991 3041 κοιλίᾳ
1050 2969 1255 3041 ταύτης
1313 2969 1636 3041 αἰσθόμενος
1694 2969 1851 3039 γόνος
1877 2968 1926 3000 ⁸¹

322 3064 528 3134 σκιρτᾷ
556 3060 711 3115 ἔνδον
745 3061 853 3115 τῶν
888 3060 1162 3134 μητρῴων
1198 3060 1480 3133 θαλάμων,
1509 3060 1608 3132 ἡδύ
1630 3078 1684 3114 τι
1719 3058 1926 3115 ἐκεῖθεν

320 3158 417 3211 καὶ
438 3156 763 3227 ἀπόρρητον
797 3152 1137 3226 προμηνύει,
1183 3152 1367 3206 δίδωσι
1397 3152 1713 3224 παραυτίκα
1755 3152 1923 3223 φθέγ-

320 3248 523 3314 ξασθαι
572 3249 676 3319 τὴν
729 3246 944 3318 μητέρα
977 3246 1039 3299 οὐ
1084 3246 1273 3318 κοινήν
1306 3263 1429 3301 τινα
1469 3245 1564 3299 καὶ
1604 3245 1721 3299 οἵαν
1760 3245 1928 3315 φθέγα

318 3307 476 3406 έαιτο
501 3340 571 3394 ἄν
592 3307 677 3402 τίς
709 3307 975 3409 ςοθογγήν.
998 3337 1191 3392 Καίτοι
1208 3307 1414 3410 ,μικρὸν
1439 3338 1561 3392 οὐδὲ
1589 3307 1924 3405 τοῦτοίάλλὰ
1949 3307 1994 3366 c

318 3435 523 3505 καινὴν
554 3432 831 3510 ἐκτόπως,
867 3432 963 3486 καὶ
989 3429 1272 3501 θειοτέραν
1292 3471 1305 3493 ,
1352 3432 1448 3485 καὶ
1473 3431 1541 3502 ἢν
1581 3429 1731 3496 ἄξιος
1764 3432 1925 3501 μόνος

316 3530 533 3592 ἐκεῖνος
562 3527 794 3597 ἡχῆσαι,
825 3524 853 3577 ό
883 3525 979 3578 καὶ
1021 3525 1183 3595 μόνος
1213 3525 1474 3595 χωρήσας
1508 3525 1615 3597 πρὸ
1657 3523 1766 3578 τῶν
1801 3524 1926 3579 ὠδί-

316 3638 427 3675 νων
460 3619 531 3673 τὰ
564 3618 827 3691 ὑπερφυῆ
865 3618 962 3671 καὶ
992 3616 1496 3687 θεοληπτικὼτατα.

387 3712 636 3783 Μητέρα
697 3711 809 3782 γαρ
861 3710 1069 3783 Κυρίου
1126 3711 1161 3781 ἡ
1213 3710 1495 3764 Ἐλισὰὗετ
1551 3710 1651 3781 τὴν
1712 3713 1847 3781 πρὸς
1879 3710 1925 3743 ⁵³

315 3806 496 3876 αὐτὴν
523 3806 773 3877 ἥκουσαν
794 3802 1009 3867 λευκῶς
1044 3802 1438 3875 προαγγέλλει·
1463 3802 1618 3856 οὔπω
1657 3803 1716 3856 τὸ
1748 3803 1926 3876 παρὰ-

314 3899 473 3963 δοξόν
518 3912 668 3948 τισιν
713 3895 1097 3965 ἐγνωσμένον·
1141 3897 1234 3948 καὶ
1277 3895 1576 3966 εὐφημίαις
1624 3896 1924 3967 μακαρίζει

314 3991 417 4060 τὴν
446 3989 527 4052 ὡς
555 3986 780 4057 ἀληθῶς
806 3988 1107 4059 μακαρίαν,
1129 3986 1226 4040 καὶ
1244 3986 1433 4050 ἄλλαις
1453 3988 1677 4058 ρήσεσιν
1704 3987 1927 4057 ὲξυμνεῖ

313 4080 659 4152 κρείττοσιν,
700 4072 766 4149 ἧς
825 4077 919 4130 καὶ
945 4074 1043 4146 τὴν
1076 4074 1261 4144 ἄφιξιν
1314 4076 1455 4147 ὑπὲρ
1485 4076 1685 4146 ἑαυτὴν
1721 4075 1923 4147 δηλαδὴ

315 4173 562 4243 τίθησιν,
592 4169 769 4235 οὕτως
794 4168 1026 4241 ἐχούσης
1048 4168 1118 4222 τὰ
1140 4170 1433 4239 νικητήρια
1456 4167 1597 4222 κατὰ
1619 4168 1822 4238 πάσης,
1848 4167 1924 4231 ὼς

313 4266 523 4327 εἰπεῖν,
556 4262 798 4332 φύσεως.
858 4260 1021 4315 Ἀλλὰ
1052 4259 1275 4330 γλῶσσα
1333 4259 1434 4331 μὲν
1472 4261 1573 4331 τῆς
1635 4258 1920 4313 Ἐλισόιόετ

316 4357 514 4426 εκείνη
555 4353 826 4425 ἐτύγχανε
848 4397 863 4420 ,
904 4353 1002 4408 τοῦ
1033 4353 1079 4407 δ’
1105 4356 1164 4408 ὲν
1191 4354 1393 4426 γαστρὶ
1433 4351 1736 4423 φερομένου
1764 4352 1859 4405 καὶ
1886 4354 1919 4423 ἠ

313 4449 563 4522 δήλωσις
591 4447 852 4518 μάλιστα,
881 4446 979 4500 καὶ
1014 4447 1048 4517 ἡ
1088 4445 1431 4517 πρόρρησις,
1486 4444 1581 4497 καὶ
1620 4445 1653 4515 ἡ
1694 4441 1830 4513 ἄλλη
1865 4443 1923 4496 ὲν

311 4543 536 4605 τούτοις
556 4542 702 4612 ὑπὲρ
731 4538 1040 4610 κατάληψιν
1074 4537 1362 4607 ἕκψανσις.

2032 2147 2347 2205 sufﬁcerent
2383 2148 2440 2204 in
2468 2150 2706 2220 papillis.
2755 2150 2883 2206 Haec
2908 2166 3019 2205 non
3051 2152 3119 2206 ad
3147 2153 3378 2223 gratiam
3419 2156 3619 2221 solum,

2030 2240 2127 2296 sed
2151 2240 2319 2295 etiam
2342 2240 2413 2296 ad
2436 2256 2704 2295 summam
2721 2241 3124 2311 jucunditatem
3141 2242 3198 2298 in
3221 2245 3454 2301 muliere
3467 2247 3622 2301 senio

2031 2333 2279 2390 confecta
2316 2340 2735 2405 apparuerunt,
2780 2333 2927 2390 unde
2970 2342 3026 2389 et
3070 2337 3245 2393 Deum
3296 2338 3619 2403 extollebat,

2032 2425 2127 2495 qui
2148 2434 2336 2495 posset
2375 2441 2517 2480 unus
2541 2431 2692 2480 tanta
2726 2425 2975 2497 prodigia
2998 2425 3236 2483 edicere.

2100 2515 2238 2572 Cum
2257 2525 2439 2572 autem
2465 2524 2682 2571 sextum
2706 2533 2737 2572 a
2761 2526 3029 2587 conceptu
3046 2533 3302 2573 mensem
3316 2518 3619 2590 attigisset,

2031 2621 2153 2660 eam
2184 2604 2405 2660 Domini
2433 2613 2633 2670 mater,
2666 2612 2727 2659 ut
2766 2602 3192 2676 (cognatamet)
3226 2605 3387 2660 enixe
3422 2605 3622 2676 depre-

2031 2706 2272 2764 cantem,
2301 2699 2449 2754 domi
2487 2715 2602 2755 sua:
2639 2700 2850 2763 invisit,
2884 2714 3086 2769 nempe
3117 2699 3292 2770 paulo
3318 2707 3619 2770 postquam

2032 2790 2103 2846 ab
2135 2790 2332 2861 angelo
2364 2790 2599 2844 salutata
2628 2789 2803 2843 Deum
2841 2789 3178 2845 immensum
3218 2798 3382 2860 utero
3416 2805 3623 2847 conce-

2029 2881 2227 2951 pisset,
2257 2881 2418 2951 cujus
2442 2879 2799 2950 praesentiam
2831 2880 3017 2942 infans
3053 2896 3179 2935 cum
3207 2881 3263 2935 in
3291 2890 3486 2936 ventre
3510 2881 3624 2936 Eli-

2031 2972 2278 3028 sabcthte
2306 2973 2640 3043 perciperet,
2671 2972 2730 3027 in
2766 2972 3034 3027 maternis
3065 2971 3375 3027 visceribus
3415 2974 3617 3039 exsilit,

2028 3072 2087 3122 et
2124 3065 2257 3122 hinc
2287 3064 2598 3138 jucundum
2630 3064 2890 3134 quiddam
2932 3079 2998 3118 ac
3043 3063 3322 3119 ineffabile
3362 3080 3622 3135 prwnun-

2030 3160 2178 3215 tians
2202 3158 2297 3213 dat
2323 3159 2487 3213 matri
2521 3158 2787 3214 continuo
2821 3171 2944 3227 qua:
2972 3157 3255 3227 loquatur,
3292 3174 3405 3212 non
3437 3165 3622 3216 tamen

2036 3251 2318 3307 communi
2336 3266 2490 3316 voce,
2526 3250 2705 3320 qualis
2731 3249 2870 3304 solet
2892 3247 3170 3319 usurpari.
3197 3248 3386 3319 Neque
3407 3265 3537 3305 vero
3564 3250 3622 3305 id

2035 3344 2156 3399 leve
2186 3350 2289 3409 est,
2320 3359 2445 3397 cum
2468 3342 2675 3396 mirum
2705 3341 2759 3395 in
2794 3339 3021 3395 modum
3048 3354 3242 3395 vocem
3271 3340 3480 3396 tribuat
3504 3357 3624 3396 om-

2026 3435 2161 3490 nino
2186 3450 2406 3500 novam,
2439 3434 2740 3499 caelestem,
2773 3440 2828 3487 et
2850 3447 3014 3502 quam
3044 3447 3191 3487 unus
3220 3431 3335 3502 ipse
3368 3432 3618 3502 proferre

2027 3534 2332 3591 mereatur,
2368 3525 2464 3596 qui
2507 3532 2635 3580 ante
2664 3524 2859 3579 matris
2896 3531 3113 3594 partum
3156 3522 3414 3579 sublimia
3448 3532 3507 3578 et
3536 3523 3620 3578 di-

2026 3619 2155 3673 vina
2180 3618 2488 3689 intelligere
2511 3617 2704 3671 valuit.

2098 3711 2327 3767 Matrem
2364 3711 2513 3765 enim
2550 3708 2770 3764 Domini
2811 3707 3133 3765 Elisabctha
3178 3707 3247 3762 ad
3300 3724 3357 3763 se
3391 3708 3622 3763 venien-

2028 3815 2138 3860 tem
2166 3808 2182 3825 ⁴
2209 3811 2400 3874 aperte
2426 3801 2774 3873 pronuntiat,
2804 3818 2929 3856 cum
2954 3800 3165 3855 nemini
3198 3800 3380 3855 adhuc
3403 3816 3491 3854 res
3514 3800 3620 3855 mi-

2026 3895 2217 3951 rabilis
2262 3902 2410 3950 esset
2465 3894 2705 3965 cognita,
2765 3893 3028 3948 laudibus
3066 3892 3289 3947 beatam
3333 3891 3619 3962 przedicat,

2026 4004 2150 4058 quae
2173 4002 2303 4042 vere
2320 3986 2487 4041 beata
2516 3994 2657 4049 erat,
2690 3984 2920 4053 aliisque
2943 3982 3237 4054 praeconiis
3263 3982 3620 4037 excellentio-

2026 4080 2183 4135 ribus
2207 4094 2329 4133 eam
2352 4078 2587 4142 extollit,
2615 4077 2773 4146 cujus
2810 4075 3108 4130 adventum
3136 4072 3356 4128 meritis
3385 4073 3501 4127 suis
3528 4088 3621 4126 su-

2026 4170 2302 4241 periorem
2323 4176 2503 4238 putat,
2534 4166 2739 4236 quippe
2779 4180 2902 4235 quae
2931 4163 3001 4219 de
3030 4170 3166 4226 tota,
3206 4170 3266 4216 ut
3293 4162 3367 4216 ita
3401 4163 3617 4232 loquar,

2026 4272 2225 4318 natura
2270 4262 2728 4332 triumphaverat.
2771 4258 2988 4330 Lingua
3035 4258 3263 4328 quidem
3302 4255 3408 4311 fuit
3441 4255 3622 4311 Eliss-

2027 4356 2229 4422 bethaa,
2258 4354 2487 4411 Joannis
2511 4367 2642 4408 vero
2671 4361 2829 4407 utero
2858 4350 3104 4407 conclusi
3130 4349 3365 4405 maxime
3392 4349 3624 4405 demon-

2026 4445 2218 4502 stratio
2245 4445 2658 4515 praedictioque,
2690 4450 2754 4497 et
2783 4441 3425 4512 incomprehensibilium
3466 4456 3621 4495 arca-

2026 4552 2226 4593 norum
2249 4535 2565 4607 patefactio.

394 4627 555 4702 Ἑγὼ
609 4632 668 4685 δὲ
694 4631 833 4694 τέως
872 4630 973 4701 τὴν
1011 4628 1274 4700 σύλληψιν
1320 4627 1462 4699 ὑπὲρ
1501 4626 1709 4682 ἔννοιαν
1756 4625 1917 4699 ἔχων,

2092 4630 2200 4701 93
2212 4629 2349 4684 Cum
2366 4644 2495 4699 ergo
2508 4629 2776 4683 hactenus
2788 4627 2932 4682 hanc
2947 4627 3364 4698 conceptionem
3386 4643 3622 4683 censue-

312 4728 415 4784 καί.
442 4727 547 4796 οὐχ
578 4721 691 4789 οἷος
724 4722 799 4777 ὢν
825 4723 886 4777 τδ
923 4721 1128 4794 ταύτης
1174 4722 1421 4792 ἀνευρεῖν
1453 4719 1657 4790 μεῖζον,
1685 4718 1780 4773 νῦν
1807 4718 1916 4772 ὥσ-

312 4838 428 4895 περ
459 4817 758 4888 ὕφειμένον
797 4833 852 4870 τι
893 4816 955 4870 τὸ
986 4816 1106 4868 κατ’
1137 4812 1374 4884 ἐκείνην,
1429 4813 1523 4866 καὶ
1566 4812 1627 4865 οὐ
1666 4810 1920 4865 τοσοῦτον

312 4914 442 4985 ἔχον
487 4911 760 4983 μεγέθους
788 4907 879 4962 διὰ
918 4906 980 4960 τὸ
1014 4906 1191 4976 παρόν
1236 4922 1327 4976 μοι
1370 4904 1541 4971 δοκεῖ,
1572 4902 1600 4956 ὃ
1645 4903 1786 4974 τάχα
1825 4902 1921 4957 καὶ

310 5006 476 5068 ἄλλος
501 5021 586 5067 τις
614 5002 802 5065 πάθοι,
837 5000 915 5071 τῷ
944 4997 1249 5069 τηλικούτῳ
1275 4995 1655 5059 κατασεισθεὶς
1685 4997 1782 5065 τὴν
1806 4995 1922 5049 διὰ-

311 5115 489 5154 νοιαν.
522 5096 566 5148 Τ
574 5096 591 5148 ἰ
628 5095 739 5165 γὰρ
768 5092 833 5148 ἂν
870 5093 966 5147 καὶ
994 5093 1074 5156 είς
1117 5090 1420 5163 ὑπερϐολὴν
1463 5089 1540 5160 τῷ
1568 5088 1792 5160 τοιούτῳ
1833 5090 1920 5157 ὲξ-

313 5188 547 5259 ισωθείη
568 5206 582 5254 ;
606 5187 816 5258 Βρέφος
843 5184 1195 5256 ὲγγάοτριον,
1230 5181 1428 5252 βρέφος
1458 5180 1916 5252 ἀτελεσφόρητον,

312 5283 523 5356 βρέφος
552 5279 963 5350 ἀκατέργαστον
984 5276 1201 5347 κομιδῇ,
1236 5277 1400 5346 μήπω
1421 5272 1634 5327 τελείαν
1655 5273 1753 5343 τὴν
1778 5273 1918 5345 σύμ-

311 5376 485 5452 πηξιν
534 5373 760 5441 εῑληφδς
802 5374 870 5439 ⁸⁸,
923 5373 1092 5445 μήπω
1134 5371 1235 5434 τὰς
1284 5370 1571 5439 αἰσθήσεις
1613 5367 1734 5440 ἔχον
1782 5368 1919 5440 πρός

309 5487 366 5528 τι
414 5469 596 5537 σαφὲς
651 5466 1005 5537 ὲγνωσμένας
1037 5504 1053 5529 ,
1110 5464 1189 5518 ἔτι
1236 5461 1627 5533 διακεχυμένον
1695 5461 1753 5515 ὲν
1805 5462 1918 5525 τοῖς

2028 4721 2133 4777 rim
2165 4721 2495 4792 cogitatione
2530 4720 2899 4790 superiorem,
2928 4736 3031 4775 nec
3064 4720 3342 4789 potuerim
3369 4721 3621 4777 invenire

2029 4813 2332 4885 quidquam
2362 4813 2478 4884 ipsa
2527 4813 2726 4883 majus,
2768 4827 2917 4866 nunc
2940 4811 3087 4882 quod
3122 4810 3188 4866 de
3238 4811 3355 4883 ipsa
3411 4811 3617 4868 dictum
3712 4826 3718 4831 ‘

2028 4913 2135 4969 est,
2162 4904 2463 4958 demissum
2493 4911 2550 4957 et
2582 4904 2762 4974 impar
2807 4903 3084 4968 existimo,
3113 4912 3343 4974 propter
3381 4903 3435 4959 id
3472 4905 3620 4974 quod

2034 5012 2278 5069 praesens
2310 5003 2414 5061 est,
2447 4996 2596 5067 qdod
2628 4996 2861 5052 fortasse
2895 4999 3062 5053 etiam
3106 4998 3291 5068 quivis
3317 4997 3459 5052 alius
3503 4999 3623 5052 anl-

2028 5104 2178 5143 mum
2211 5086 2314 5142 sibi
2354 5087 2599 5142 inducat.
2625 5087 2767 5155 Quid
2802 5090 2950 5144 enim
2988 5106 3112 5144 cum
3160 5090 3327 5161 hujus
3365 5090 3617 5145 miraculi

2024 5180 2346 5251 praestantia
2374 5180 2765 5250 comparetur?
2789 5180 3052 5237 infansin
3082 5191 3259 5246 utero,
3299 5181 3478 5234 infans
3514 5179 3616 5234 adu-

2023 5272 2135 5326 huc
2167 5271 2541 5341 imperfectus,
2576 5270 2756 5325 infans
2795 5272 3029 5326 necdum
3058 5270 3284 5324 omnino
3324 5270 3614 5337 formatus,

2021 5367 2268 5422 nondum
2307 5365 2613 5420 absolutam
2649 5362 3090 5431 compactionem
3137 5370 3446 5427 assecutus,
3472 5379 3618 5418 non-

2023 5459 2152 5514 dum
2184 5458 2440 5515 sensibus
2473 5456 2542 5511 ad
2582 5453 2954 5525 cognitionem
2990 5452 3313 5519 instructus,
3348 5454 3531 5510 adhuc
3561 5454 3618 5509 in

1618 5639 1857 5698 VARUE
1896 5636 2191 5695 LECTION
2200 5636 2303 5692 ES.

379 5771 430 5805 ιτ
453 5768 637 5829 τέλος.
671 5763 823 5820 Edit.
875 5760 1228 5845 ρςίοτ-σξέίυς,
1263 5758 1426 5845 quod
1441 5759 1498 5813 in
1543 5757 1696 5845 τέλος
1736 5764 1951 5845 mutare
1995 5768 2121 5845 non.
2155 5751 2556 5845 dpbitavignus;
2628 5749 2674 5845 ξ’
2701 5742 2851 5845 εἶδε..
2865 5746 3100 5845 ἕψεαι
3142 5741 3393 5845 dash:

310 5842 463 5899 Edil.
512 5839 711 5910 prior,
751 5837 969 5910 ἑαυτοῦ.

1049 5832 1095 5865 ⁵⁸
1122 5814 1867 5901 δεῇσοῖνζΡιιιρ-ῌοεοιιιίιιιιι
1917 5840 2040 5901 esse
2092 5822 2365 5901 δεηθεῖσα.
2401 5821 2594 5901 ⁸¹Εςὶκ
2630 5820 2783 5901 prior
2829 5818 3108 5887 ὑπόγυιον.
3157 5814 3612 5901 .⁵²Εᾱὶι..ι)ι·ἰοι·,

311 5886 638 5985 ζῖᾆὸξ.¹”ίῖ
852 5886 1000 5959 Edit.
1029 5886 1331 5974 ρτίοτίώς.
1407 5899 1452 5933 δ”
1479 5886 1809 5972 Εάἱινρτίοι·
1836 5895 2095 5980 habebat
2128 5886 2386 5967 εἰληφώς,
2418 5900 2474 5991 et
2509 5886 2709 5949 deinde
2733 5890 2872 5964 ἔχων
2903 5886 2972 5933 -ὲ
2998 5887 3285 5963 τυγχάνων
3310 5915 3378 5927 ——
3398 5886 3482 5945 ὃν.

657 6022 935 6094 ΡΑτιιοι,
969 6019 1089 6084 Gn.
1129 6017 1452 6085 LXXXlV.

3242 6006 3280 6064 2
