4080 6458
492 486 559 550 ιε
1717 476 2033 537 OPERUM
2071 479 2074 499 '

2179 476 2527 537 EODORET
2534 477 2559 534 Ι
3678 479 3750 543 44

492 599 755 656 maternis
784 596 1084 652 visceribus
1111 595 1346 649 molliter
1396 592 1564 658 situs,
1604 593 1783 647 adhuc
1813 593 1958 647 fetus
1987 593 2069 646 in-

2176 593 2502 663 σπλάγχνοις
2542 594 2828 662 τυγχάνον,
2877 593 2957 646 ἔτι
2989 593 3379 665 ἀδιάρθρωτον,
3419 594 3447 645 ὃ
3490 596 3581 649 καὶ
3624 597 3748 668 μηδ’

492 690 701 754 formis,
733 688 825 759 qui
852 696 1072 757 propter
1099 685 1355 739 fortuitos
1387 693 1598 739 natura:
1626 684 1853 739 abortus
1884 685 2069 738 nullus

491 790 769 844 censetur,
801 779 895 849 qui
942 778 1185 832 nondum
1216 777 1517 847 quidquam
1566 786 1670 841 est,
1706 792 1808 831 nec
1856 784 2068 831 certum

490 871 638 941 quod
692 870 913 923 futurus
971 868 1061 923 sit.
1114 865 1229 921 Hoc
1284 881 1451 936 porro
1507 864 1832 919 miraculum
1895 865 2072 935 majus

491 979 654 1033 quam
702 970 761 1016 ut
795 961 1030 1024 ratione,
1059 959 1266 1024 animo,
1305 973 1369 1012 ac
1414 957 1669 1012 sensibus
1709 957 2067 1027 percipiatur,

490 1055 730 1126 quodam
760 1052 925 1107 modo
963 1066 1032 1106 ex
1062 1052 1344 1120 insperato
1364 1049 1542 1104 visum
1568 1056 1674 1101 cst.

560 1144 703 1211 Quid
735 1143 914 1199 dicam
942 1142 1010 1196 de
1039 1150 1189 1197 tanta
1215 1141 1419 1211 gratia,
1452 1155 1617 1211 quam
1649 1136 1888 1209 accepit,
1920 1152 2072 1207 quae-

492 1253 599 1307 que
628 1236 732 1291 fuit
758 1236 988 1291 insuetae
1012 1234 1159 1289 illius
1186 1232 1571 1288 exsultationis
1604 1246 1792 1296 causa,
1822 1240 1879 1286 et
1902 1231 2071 1284 mira-

491 1328 745 1382 culorum
791 1323 1137 1395 praznuntia?
1164 1321 1533 1389 Quamobrem
1575 1320 1760 1376 omnia
1807 1319 2073 1375 miracula

492 1434 755 1490 superare
784 1417 921 1472 mihi
948 1416 1167 1472 videtur
1191 1415 1297 1470 hoc
1328 1414 1685 1478 miraculum,
1714 1419 1772 1468 et
1805 1427 1927 1467 esse
1957 1426 2075 1465 om-

493 1510 668 1575 nium,
718 1523 841 1578 quae
880 1507 1025 1562 facta
1069 1505 1295 1570 fuerint,
1341 1504 1579 1559 maxime
1620 1502 2004 1558 admirandum
2056 1518 2069 1554 :

493 1615 712 1656 omnem
746 1600 893 1654 enim
916 1608 1249 1663 creaturam,
1280 1596 1394 1652 sive
1422 1596 1786 1660 materialem,
1816 1595 1932 1650 sive
1959 1593 2075 1664 spi-

496 1691 774 1755 ritualem,
800 1689 914 1744 sive
968 1688 1269 1754 caelestem,
1306 1687 1422 1742 sive
1454 1694 1753 1749 terrenam,
1796 1683 1978 1753 rapuit
2016 1683 2073 1736 in

494 1790 795 1852 stuporem,
830 1790 893 1836 ut
937 1782 1073 1836 nihil
1123 1781 1194 1836 sit
1245 1778 1597 1850 quantumvis
1631 1778 1844 1833 illustre
1868 1785 1925 1832 et
1955 1776 2073 1830 exi-

494 1874 685 1938 mium,
721 1873 869 1942 quod
894 1873 1024 1927 huic
1050 1871 1289 1927 conferri
1327 1878 1515 1941 queat.

569 1966 843 2020 Caeterum
898 1980 1024 2020 eum
1086 1964 1467 2034 pmscriptum
1517 1962 1749 2033 hujusce
1796 1960 2075 2016 natalibus
2108 1953 2148 2009 Β

495 2066 710 2126 tempus
745 2055 988 2121 advenit,
1017 2064 1073 2110 et
1103 2070 1273 2109 suave
1326 2054 1462 2108 illud
1492 2069 1636 2108 onus
1674 2052 2076 2108 admirabiliter

492 2148 655 2203 solvit
681 2157 871 2217 partus
892 2147 1131 2211 dolores,
1152 2145 1247 2216 qui
1280 2159 1392 2201 non
1422 2145 1695 2200 minorem
1717 2144 1918 2200 mentis
1946 2159 2074 2213 per-

496 2237 901 2303 turbationem,
957 2251 1123 2307 quam
1179 2236 1427 2290 dolorem
1484 2234 1759 2298 efferunt,
1814 2241 1871 2289 et
1921 2233 2076 2287 volu-

496 2329 660 2399 ptatis
702 2344 926 2385 usuram
961 2329 1215 2393 solvunt;
1252 2342 1447 2381 omnes
1487 2326 1690 2381 licebat
1725 2324 1944 2390 videre,
1978 2325 2073 2394 qui

494 2435 666 2490 puero
704 2436 898 2478 recens
924 2428 1054 2474 nato
1083 2419 1492 2490 gratularentur
1515 2459 1528 2485 ,
1550 2417 1662 2489 95
1680 2427 1736 2473 et
1774 2418 1827 2472 in
1856 2416 2073 2471 laudem

495 2511 718 2567 infantis
762 2511 1085 2581 prodeuntis
1120 2512 1174 2565 in
1220 2511 1421 2575 lucem,
1463 2510 1703 2581 linguam
1773 2510 2071 2566 solverent.

562 2625 834 2692 Quocirca
866 2624 1074 2696 majore
1110 2625 1313 2695 gaudio
1351 2626 1606 2695 perfusus
1639 2623 1956 2689 Zacharias,
1990 2622 2074 2677 di-

493 2718 622 2772 vino
660 2717 888 2773 numine
927 2717 1100 2788 magis
1143 2716 1379 2782 alllatur,
1409 2725 1465 2771 et
1502 2717 1682 2770 soluto
1721 2716 1918 2785 lingua:
1954 2715 2075 2768 vin-

491 2806 639 2871 culo,
677 2806 834 2875 pueri
870 2821 1221 2876 progressum
1260 2806 1404 2859 clara
1435 2814 1488 2859 et
1519 2807 1806 2874 plusquam
1834 2806 2071 2858 humana

492 2902 509 2917 ¹
537 2914 672 2954 voce
705 2899 1032 2968 praedicans,
1070 2900 1234 2971 hujus
1266 2901 1495 2970 gratiam
1537 2899 1799 2953 omnibus
1844 2896 2074 2951 manife-

491 2998 629 3045 stam
660 2988 828 3043 facit:
858 3004 984 3043 eum
1026 2990 1172 3043 enim
1215 2998 1270 3045 et
1310 2989 1575 3044 Altissimi
1623 2989 1972 3059 prephetam,
2018 2993 2074 3040 et

458 3098 461 3103 ·
492 3094 885 3152 prmcursorem
916 3080 1155 3145 Domini,
1190 3088 1246 3135 et
1290 3080 1457 3136 Verbi
1491 3095 1701 3141 vocem,
1729 3086 1785 3132 et
1828 3079 1950 3132 aliis
2001 3078 2072 3130 ti-

493 3174 621 3229 tulis
650 3174 1089 3244 gratulabundus
1112 3174 1433 3242 compellat;
1457 3172 1686 3228 Joannis
1709 3186 1839 3224 vero
1872 3184 2071 3224 nomen

2173 678 2310 735 εἶναι
2342 701 2426 735 πω
2445 682 2590 736 δοκεί
2616 683 2702 735 διὰ
2727 684 2791 736 τὰ
2818 685 2916 753 τῆς
2947 683 3162 753 φύσεως
3195 685 3335 756 τάχα
3364 685 3705 758 ἀμσλώματα
3728 706 3743 720 ο

2169 775 2323 827 τοῦτο
2376 774 2435 825 τὸ
2484 774 2647 845 μηδὲν
2686 774 2858 845 δήπου
2891 774 2972 840 ὂν,
3029 776 3152 846 μηδ’
3188 778 3472 846 ἐμφαῖνον,
3505 779 3534 831 ὅ
3572 795 3624 832 τι
3652 778 3748 832 καὶ⁵

2170 864 2322 917 ἔσται
2360 864 2498 935 ἀρα.
2547 863 2703 917 τοῦτο
2740 864 2926 935 θαῦμά
2972 882 3090 930 πως
3134 867 3307 937 ἄφνω,
3348 868 3442 922 καί¹
3484 868 3745 943 λογισμοῦ

2171 958 2440 1027 κρεῖττον,
2470 956 2563 1008 καὶ
2588 955 2700 1020 νοῦ,
2735 957 2827 1010 καὶ
2852 957 3155 1028 αίσθήσεων
3179 959 3357 1030 ὤφθη.

2243 1132 2356 1185 Καὶ
2378 1133 2515 1205 πρός
2549 1152 2611 1202 γε
2646 1134 2856 1200 τούτοις
2889 1136 2984 1192 καὶ
3014 1138 3176 1211 χάριν
3210 1140 3530 1213 δεδεγμένον
3556 1147 3751 1200 τοσαύ-

2171 1238 2289 1294 την,
2322 1225 2445 1295 ἦτις
2472 1226 2622 1297 αὐτῷ
2653 1228 2865 1296 γέγονε,
2910 1230 3007 1283 καὶ
3042 1231 3138 1285 τοῦ
3180 1235 3486 1304 παραδόξου
3528 1240 3751 1310 σκιρτὴ-

2177 1331 2344 1387 ματος
2382 1317 2659 1389 πρόξενος,
2693 1320 2786 1373 καὶ
2814 1318 2922 1374 τῶν
2951 1321 3244 1393 ὑπερφυῶν
3278 1326 3504 1381 ἐκείνων
3538 1331 3750 1400 προάγ-

2173 1405 2350 1474 γελος.
2384 1407 2483 1461 Διά
2519 1409 2693 1463 ταῦτά
2723 1427 2813 1479 μοι
2843 1414 2938 1465 καὶ
2970 1412 3031 1466 τὺ
3066 1412 3249 1485 θαῦμα
3279 1416 3419 1487 ὑπὲρ
3449 1418 3633 1489 θαῦμα
3661 1422 3751 1474 δο-

2175 1498 2280 1562 κεῖ,
2317 1499 2410 1551 καὶ
2446 1499 2558 1552 τῶν
2602 1500 2821 1554 πώποτε
2862 1505 3244 1583 γεγενημένων
3274 1508 3336 1560 τδ
3368 1509 3750 1579 θαυμαστότα-

2174 1604 2295 1641 τον·
2329 1589 2488 1643 τοῢτο
2521 1592 2630 1662 γάρ
2668 1594 2814 1647 ἐστιν
2843 1595 2872 1649 6
2898 1597 2993 1650 καὶ
3016 1597 3209 1669 ὑλικὴν
3238 1598 3419 1667 φύσιν,
3449 1602 3545 1654 καὶ
3567 1601 3750 1667 ἇῦλον,

2176 1678 2270 1732 καὶ
2309 1679 2486 1733 κτίσιν
2534 1682 2632 1751 τήν
2669 1698 2728 1735 τε
2769 1683 2882 1738 ἄνω
2912 1688 3092 1740 πᾶσαν
3134 1687 3229 1741 καὶ
3280 1688 3379 1759 τὴν
3427 1691 3577 1744 κάτω
3618 1694 3753 1763 πρὸς

2175 1769 2441 1841 ἔκπληξιν
2469 1773 2810 1845 ἀνεκίνησεν,
2846 1776 2923 1840 ὡς
2959 1778 3081 1849 μηδ’
3117 1779 3264 1848 ἔχειν
3300 1780 3464 1847 οὑτω,
3514 1784 3608 1836 καὶ⁷
3649 1800 3754 1835 πα-

2179 1858 2464 1928 ραὸἀλοιεν
2500 1862 2562 1914 τὸ
2589 1862 2731 1916 οὕτω
2760 1866 2904 1935 μέγα
2930 1867 3024 1919 καὶ
3055 1867 3406 1938 ἐξοχώτατον.

2259 1951 2418 2007 Ἀλλὰ
2448 1953 2555 2024 γὰρ
2576 1956 2697 2008 ὲπεὶ
2721 1955 2905 2009 λοιπὸν
2935 1959 3030 2011 καὶ
3056 1961 3083 2011 6
3101 1962 3540 2031 ἀποτεταγμένος
3565 1965 3755 2036 καιρὸς

2176 2048 2275 2116 τῆς
2327 2046 2421 2100 τοῦ
2455 2048 2774 2118 τηλικούτου
2826 2054 3134 2123 γεννήσεως
3177 2050 3304 2125 ἧκε,
3343 2055 3438 2107 καὶ
3489 2057 3517 2109 6
3550 2054 3756 2124 γλυκὺς

2176 2133 2329 2202 οὗτος
2353 2140 2551 2210 φόρτος
2577 2142 2678 2207 τὰς
2705 2144 2901 2207 ὠδῖνας
2932 2144 3050 2197 ἔλυε
3081 2145 3422 2216 παραδόξως,
3459 2148 3521 2200 οὑ
3551 2148 3754 2202 λυπού-

2179 2247 2277 2294 σας
2326 2232 2527 2302 μᾶλλον
2572 2233 2605 2305 η
2652 2234 3020 2305 ἀφραινοὺσας
3051 2235 3117 2299 ⁵⁸,
3155 2236 3248 2288 καὶ
3278 2237 3471 2308 ἡδονὴν
3518 2239 3755 2310 ἄρρητον

2178 2323 2562 2393 προξενούσας,
2593 2321 2661 2397 ἦν
2695 2327 2821 2379 ίδεϊν
2851 2326 3059 2389 πάντας
3090 2327 3182 2379 καὶ
3210 2325 3286 2397 τῷ
3313 2328 3558 2398 τεχθέντι
3593 2330 3753 2383 εὐθυ-

2180 2413 2504 2482 μουμένους,
2528 2416 2622 2466 καὶ
2648 2413 2899 2482 γλῶσσαν
2930 2414 3175 2486 εὔφημον
3206 2416 3284 2487 τῷ
3313 2417 3393 2481 είς
3422 2417 3536 2487 φῶς
3567 2419 3756 2489 ἥκοντι

2178 2504 2376 2574 παιδίῳ
2414 2506 2763 2573 ἐπαφιέντας.

2248 2618 2397 2689 Παρδ
2426 2618 2489 2689 δὴ
2536 2620 2630 2672 καὶ
2663 2623 2690 2672 6
2721 2622 2997 2692 Ζαχαρίας
3038 2624 3297 2695 μειζόνως
3343 2626 3439 2697 τῆς
3490 2625 3756 2696 εὐθυμίας

2178 2709 2567 2779 ὑποπλησθεὶς,
2605 2709 2789 2774 ἔνθους
2821 2730 2880 2765 τε
2915 2715 3120 2782 γίνεται
3160 2715 3360 2787 μᾶλλον
3382 2756 3396 2781 ,
3428 2716 3523 2769 καὶ
3554 2717 3642 2769 τὸν
3673 2717 3758 2770 δε-

2178 2800 2313 2868 σμὺν
2343 2799 2459 2853 λύει
2496 2802 2595 2872 τῆς
2626 2802 2893 2874 γλώττης,
2927 2804 3157 2878 λαμπρᾷ
3195 2807 3399 2880 δηλαδὴ
3443 2809 3535 2862 καὶ
3569 2809 3756 2866 ἔνθεα-

2178 2894 2333 2962 στικῇ
2364 2895 2512 2964 φωνῇ
2545 2892 2638 2947 τοῦ
2674 2895 2864 2960 παιδὸς
2909 2897 3195 2969 κηρύττων
3225 2898 3322 2970 τὴν
3354 2900 3611 2973 πρόοδον,
3660 2903 3759 2956 καὶ

2176 2982 2310 3035 πᾶσι
2359 2987 2641 3056 καταφανῆ
2675 2986 2772 3057 τὴν
2819 2986 2972 3041 τοῦδε
3015 2989 3174 3059 χάριν
3222 2990 3393 3044 ποιῶν
3420 3004 3433 3019 ⁸
3470 2995 3759 3066 προφήτην

2176 3075 2283 3145 γὰρ
2311 3074 2402 3127 τοῦ
2454 3076 2734 3144 Ὑψίστου,
2761 3078 2854 3130 καὶ
2880 3078 3187 3150 πρόδρομον
3212 3079 3307 3132 τοῦ
3339 3082 3630 3147 Δεσπότου,
3665 3083 3756 3137 καὶ

2174 3166 2268 3218 τοῦ
2299 3167 2472 3235 Λόγου
2506 3167 2709 3239 φωνὴν,
2741 3170 2837 3221 καὶ
2870 3169 3048 3223 πάντα
3078 3170 3145 3222 τὰ
3176 3171 3311 3224 ἀλλα
3338 3172 3528 3226 τοῦτον
3558 3175 3755 3245 ἐπιχα-

493 3264 656 3319 modo
706 3264 864 3333 plane
926 3263 1131 3318 eximio
1177 3263 1256 3316 illi
1320 3264 1578 3317 distincte
1641 3261 1894 3330 imponit,
1951 3276 2073 3329 quze

2178 3258 2341 3329 ρίτως
2395 3259 2679 3326 ἀποκαλεῖ,
2742 3260 2932 3331 κλῆσίν
2992 3278 3050 3314 τε
3095 3256 3162 3315 αὖ
3223 3266 3412 3317 τούτου
3464 3266 3758 3336 ὑπερφυῶς

492 3356 842 3426 compellatio
890 3355 1111 3425 populis
1154 3356 1407 3421 salutem,
1439 3364 1492 3409 et
1552 3356 1866 3409 futurorum
1904 3352 2075 3406 bono-

494 3463 616 3504 rum
643 3447 1056 3518 praadictionem
1099 3447 1388 3518 significat.

565 3661 682 3716 Hoc
706 3660 958 3731 praedixit
991 3669 1047 3715 et
1074 3660 1365 3731 praecinuit
1399 3660 1714 3725 Zacharias,
1743 3659 1892 3714 hunc
1918 3660 2075 3729 quasi

2178 3349 2507 3419 διεμφαίνει,
2544 3352 2637 3403 καὶ
2682 3351 2935 3421 Ἰωάννην
2966 3352 3236 3423 ἀριδήλως
3264 3357 3690 3426 προσονομάζει,
3726 3358 3756 3410 6

2181 3439 2455 3511 σωτηρίαν
2501 3444 2614 3506 τοῖς
2663 3443 2811 3507 λαοῖς
2845 3445 3185 3515 ἐνσημαίνει,
3213 3447 3308 3500 καὶ
3343 3450 3451 3501 τῶν
3485 3451 3757 3518 ἐσομένων

2177 3531 2399 3599 ἀγαθῶν
2430 3534 2680 3604 μήνυσιν.

2250 3643 2469 3698 Τούτων
2501 3647 2528 3699 6
2552 3648 2826 3719 Ζαχαρίας
2857 3649 2952 3702 καὶ
2991 3651 3398 3722 προαγορευτὴς
3426 3650 3519 3705 καὶ
3548 3653 3758 3723 προκή-

495 3761 711 3822 partum
746 3750 883 3806 sacri
929 3750 1076 3805 illius
1108 3750 1310 3805 silentii
1350 3748 1674 3821 mysterium
1711 3749 1907 3803 edidit.
1939 3749 2074 3805 Hinc

2181 3735 2298 3808 ρυξ,
2327 3738 2422 3790 καὶ
2450 3737 2607 3792 τοῦτο
2627 3740 2724 3810 τῆς
2756 3741 3165 3812 μυστηριώδους
3189 3743 3355 3796 αὑτοῦ
3387 3745 3596 3815 σιωπῆς
3618 3745 3757 3815 ἀγα-

494 3842 692 3898 silendi
717 3842 785 3897 ad
817 3851 1031 3913 tempus
1052 3842 1436 3897 necessitatem
1461 3841 1751 3911 oportebat
1790 3842 1845 3895 in
1884 3857 2074 3897 vocem

2180 3828 2290 3893 06v,
2324 3828 2399 3894 ὡς
2424 3829 2590 3897 εἰκὸς,
2628 3833 2902 3903 μαίευμα’
2953 3833 3060 3887 ἔδει
3114 3834 3223 3905 γὰρ
3276 3835 3440 3889 αὑτοῦ
3476 3837 3574 3908 τὴν
3619 3837 3759 3890 κατά

494 3943 860 4006 opportunam
904 3935 1248 4001 commutari,
1277 3933 1645 4003 omnibusque
1685 3943 1879 3988 notum
1931 3934 2074 4000 ﬁeri,

2179 3922 2369 3991 καιρὸν
2415 3923 2737 3993 ἀφθεγξίαν,
2790 3926 2869 3989 είς
2915 3926 3136 3997 φθέγμα
3178 3927 3561 4000 εὐκαιρότερον
3596 3930 3759 4000 ἀμει-

493 4025 629 4096 legis
673 4024 896 4094 quidem
943 4024 1270 4090 sacerdotii,
1324 4030 1764 4093 cacterarumque
1810 4039 2074 4079 caeremo-

2180 4011 2398 4081 φθῆναι,
2427 4015 2520 4067 καὶ
2556 4015 2822 4087 γνωρίσαι
2873 4018 3058 4084 πᾶσιν,
3091 4019 3172 4072 ὅτι
3205 4019 3299 4072 καὶ
3327 4019 3511 4090 νόμου,
3546 4022 3640 4074 καὶ
3684 4023 3761 4074 ἱε-

493 4116 707 4170 niarum
756 4126 1004 4173 veterum
1044 4115 1529 4172 commutationem
1574 4131 1639 4170 ac
1675 4116 1860 4183 ﬁnem,
1888 4118 2074 4189 gratia:

2181 4103 2451 4174 ρωσὺνης,
2490 4107 2584 4158 καὶ
2621 4106 2838 4159 πάντων
2876 4107 2986 4161 τῶν
3016 4107 3261 4163 παλαιῶν
3291 4109 3580 4180 μετάθεσις
3606 4110 3759 4165 ἔσται

494 4223 624 4266 vero
661 4208 958 4264 adventum
991 4216 1047 4264 et
1076 4205 1501 4262 declarationem
1536 4204 1847 4262 advenisse.

2180 4197 2273 4249 καὶ
2329 4197 2531 4262 παῦλα,
2588 4198 2687 4268 τῆς
2743 4198 2799 4251 δὲ
2845 4199 3065 4271 χάριτος
3108 4199 3391 4262 ὲπέλευσις
3447 4199 3538 4252 καὶ
3591 4200 3757 4270 φανέ-

2184 4306 2366 4359 ρωσις.

561 4404 690 4461 Haec
714 4404 1008 4460 Zacharias
1038 4404 1186 4459 clara
1227 4418 1383 4469 voce,
1414 4419 1524 4474 quo
1555 4411 1799 4475 tempore
1825 4420 2074 4460 necessa-

2250 4402 2434 4457 Ταῦτα
2480 4407 2507 4458 6
2538 4404 2811 4476 Ζαχαρίας
2858 4404 3040 4476 τρανῷ
3071 4404 3150 4476 τῷ
3203 4406 3518 4477 φθέγματι,
3552 4406 3671 4460 καθ’
3701 4407 3760 4461 ὃν

495 4497 635 4551 rium
694 4506 845 4561 erat,
896 4495 1182 4566 praadixit;
1220 4495 1337 4550 haec
1379 4495 1618 4551 Joannes
1670 4496 1791 4565 ejus
1832 4497 1977 4551 ﬁlius
2024 4505 2074 4551 et

2181 4491 2288 4545 ἔδει
2317 4495 2505 4564 καιρὸν
2531 4495 2957 4566 προηγόρευσεν,
3002 4495 3174 4549 ταῦτα
3221 4496 3474 4568 Ἰωάννης
3511 4499 3540 4552 6
3565 4497 3759 4552 τούτου

494 4588 629 4642 vidit
649 4597 706 4642 et
727 4588 982 4643 manibus
1009 4587 1263 4642 tractavit
1280 4587 1434 4657 juxta
1464 4587 1806 4657 cognominis
1826 4586 2073 4650 effatum,

2183 4587 2330 4649 παῖς,
2359 4585 2454 4638 καὶ
2482 4586 2726 4657 ἑώρακεν
2755 4586 2877 4658 ἤδη,
2914 4589 3008 4641 καὶ
3043 4590 3229 4659 χερσὶν
3257 4588 3577 4659 ἐψηλάφησε
3617 4590 3760 4642 κατὰ

492 4677 751 4731 omnibus
778 4676 1017 4730 divinam
1057 4675 1404 4745 praesentiam
1450 4676 1805 4740 annuntians,
1830 4683 1886 4729 et
1912 4691 2076 4731 verus

498 4768 657 4825 Verbi
701 4767 954 4822 minister
999 4765 1197 4820 factus.
1223 4765 1412 4835 Neque
1461 4766 1611 4822 enim
1646 4766 1792 4821 ullus
1829 4783 2073 4837 unquam

492 4860 646 4915 visus
676 4868 779 4923 est,
815 4858 910 4927 qui
942 4859 1030 4913 vel
1062 4857 1257 4913 salutis
1286 4858 1394 4912 iter
1429 4867 1779 4924 monstraret,
1811 4860 1895 4913 vel
1929 4859 2072 4914 viam

493 4963 745 5019 asperam
792 4946 848 5001 in
891 4948 1112 5017 planam
1142 4955 1402 5014 verteret,
1435 4948 1666 5018 perinde
1706 4965 1771 5004 ac
1802 4949 2072 5005 maximus

496 5040 587 5094 ille
618 5049 673 5094 et
709 5038 1049 5092 admirabilis
1083 5052 1422 5106 praecursor,
1455 5039 1610 5108 cujus
1652 5039 1764 5093 vita
1794 5048 1850 5093 et
1890 5055 2071 5095 sermo

497 5140 659 5186 tantae
702 5130 805 5184 fuit
844 5129 1105 5184 omnibus
1156 5124 1518 5193 venerationi,
1567 5138 1629 5183 ut
1678 5145 1936 5201 magnum
1975 5131 2077 5184 ali-

495 5223 627 5292 quid
671 5221 969 5290 unicuique
1018 5220 1322 5286 videretur,
1353 5222 1397 5274 si
1434 5220 1503 5275 ad
1535 5238 1662 5277 eum
1705 5221 1935 5293 propius
1978 5238 2072 5277 ac-

495 5313 736 5375 cederet,
763 5320 817 5366 et
855 5313 1174 5381 loquentem
1203 5312 1394 5367 audire
1438 5313 1750 5381 sineretur;
1787 5314 1895 5383 95
1928 5313 2073 5368 unde

497 5403 552 5458 in
580 5405 824 5457 animum
851 5403 1336 5468 inducebant,eum
1363 5420 1485 5460 esse
1507 5405 1739 5460 fortasse
1769 5404 2073 5471 Christum,

498 5509 659 5563 quem
681 5494 749 5549 ad
785 5495 1037 5549 homines
1055 5495 1270 5552 venisse
1291 5496 1698 5551 existimabant.

569 5600 935 5668 Quamobrem
984 5612 1065 5659 tot
1110 5620 1173 5660 ac
1218 5614 1367 5660 tanta
1404 5608 1656 5679 prodigia
1701 5615 1830 5662 ante
1864 5616 1921 5662 et
1953 5617 2077 5678 post

2181 4677 2270 4729 τὸν
2298 4676 2634 4750 συνώνυμον,
2662 4679 2799 4733 πᾶσί
2828 4696 2886 4734 τε
2918 4679 3015 4750 τὴν
3057 4679 3205 4733 θείαν
3239 4680 3626 4749 καταγγέλλων
3657 4682 3759 4751 ὲμ-

2182 4770 2427 4836 φάνειαν,
2456 4770 2550 4823 καὶ
2572 4770 2853 4843 ὑπηρέτης
2879 4770 2974 4825 τοῦ
2996 4771 3172 4838 Λόγου
3201 4771 3494 4841 γενόμενος
3516 4772 3757 4842 γνήσιος.

2180 4861 2316 4914 Οὐδὲ
2354 4860 2464 4932 γὰρ
2496 4862 2668 4933 ὲφάνη
2695 4880 2780 4925 τις
2804 4860 2977 4923 οὕτως
3008 4863 3041 4933 ἢ
3070 4862 3168 4933 τὴν
3207 4862 3486 4927 σώζουσαν
3518 4862 3766 4932 ὑφηγού-

2183 4969 2364 5021 μενος,
2396 4951 2429 5022 ἢ
2469 4952 2586 5004 ὁδὸν
2617 4951 2714 5022 τὴν
2745 4954 3004 5022 τραχεῖαν
3052 4952 3325 5006 καθιστῶν
3352 4951 3594 5020 εὔθετον,
3628 4953 3704 5016 ὼς
3734 4956 3764 5007 6

2180 5041 2480 5112 πάμμεγας
2520 5034 2697 5106 οὗτος,
2726 5044 2820 5095 καὶ
2851 5042 3287 5113 ἀξιοθαύμαστος
3311 5035 3372 5097 οὗ
3400 5043 3494 5096 καὶ
3523 5043 3638 5113 βίος
3668 5046 3764 5099 καὶ

2175 5133 2333 5202 λόγος
2363 5135 2454 5187 ἐπὶ
2474 5135 2725 5187 τοσοῦτον
2756 5136 2921 5188 πᾶσιν
2950 5136 3246 5205 αίδέσιμος,
3275 5135 3351 5197 ὡς
3382 5135 3523 5206 μέγα
3548 5136 3764 5207 ἑκάστῳ

2176 5226 2437 5296 νομίζειν,
2469 5226 2563 5279 καὶ
2584 5226 2645 5278 τὸ
2677 5228 2836 5296 μόνον
2864 5227 3119 5296 γενέσθαι
3146 5228 3335 5281 τούτου
3363 5231 3421 5280 ἐν
3450 5225 3566 5301 χρῷ
3583 5229 3649 5292 ⁸⁸,
3669 5230 3765 5282 καὶ

2177 5315 2467 5381 πυθέσθαι,
2516 5317 2572 5368 εί
2607 5332 2660 5369 τι
2695 5317 2789 5369 καὶ
2828 5317 3088 5387 βούλοιτο,
3137 5317 3280 5389 παρὸ
3318 5317 3412 5371 καὶ
3461 5320 3518 5370 ὲν
3553 5317 3765 5386 ἑαυτοῖς

2179 5406 2350 5473 δόξαι,
2386 5406 2547 5462 αὑτὸν
2577 5403 2718 5462 εἶναι
2760 5407 3026 5480 δήπουθεν
3054 5407 3147 5463 τὸν
3194 5408 3430 5481 Χριστὸν
3472 5409 3532 5463 ὃν
3554 5409 3635 5473 εὶς
3664 5408 3763 5462 ἁν-

2185 5498 2213 5549 Θ
2221 5498 2438 5569 ρώπους
2465 5498 2750 5566 ἀφίξεσθαι
2780 5499 2965 5570 ᾤοντο.

2254 5611 2354 5665 Διὰ
2382 5611 2554 5667 ταῦτα
2574 5617 2711 5671 τοῖαι
2748 5615 2844 5670 καὶ
2875 5614 3134 5673 τοσαῦται
3168 5616 3510 5689 θεοσημεῖαι,
3533 5615 3628 5669 καὶ
3657 5616 3762 5689 πρὸ

1783 5765 2019 5822 VARI/ﬁ
2058 5766 2460 5826 LECTIONES.

572 5899 949 5971 "Legendum
986 5905 1207 5961 Videtur
1234 5902 1597 5974 ἀφρενούσας.
1675 5904 1721 5934 ⁸⁸
1750 5897 2066 5974 Legendum
2110 5902 2328 5961 videtur
2364 5900 2528 5978 χορῷ.
