4080 6460
331 460 406 522 45
1437 457 1910 518 AUCTARIUM.

2054 457 2154 515 AD
2191 457 2367 517 TOM.
2411 461 2506 519 1v.
3543 455 3614 515 46

331 579 432 642 τῆς
459 573 798 642 γεννήσεως,
833 573 928 626 καὶ
971 572 1107 642 μετὰ
1137 570 1236 642 τὴν
1283 571 1536 640 γέννησιν
1566 569 1658 622 ἐπὶ
1699 567 1778 638 τῷ
1809 569 1926 620 θεο-

2034 567 2208 636 ipsius
2241 569 2588 624 nativitatem
2623 571 2894 626 divinitus
2919 579 3138 624 ostensa
3171 577 3321 634 sunt,
3355 568 3614 622 utomnia

327 663 744 734 ληπτικωτάτῳ
793 660 1142 732 προέϐησανο
1185 659 1262 722 ὡς
1309 657 1520 736 ἃνίἕχοι
1553 649 1709 718 οὗτος
1752 653 1930 708 πάντα

329 754 498 808 καινὰ
530 754 626 806 καὶ
655 751 1037 822 ἐξηλλαγμένα
1059 768 1074 780 θ
1099 751 1156 812 ὃς
1177 766 1240 817 γε
1275 747 1562 819 περιουσίᾳ
1591 747 1926 815 Πνεύματος,

331 849 508 918 μήπω
541 845 668 917 μηδ’
695 844 876 898 αὐτῶν
905 843 1130 912 ἀφεθεὶς
1163 836 1238 896 ὧν
1270 841 1528 895 ἐνειλεῖτο
1575 837 1925 909 σπαργάνων,

327 939 434 1009 τὴν
459 937 670 1008 ἔρημον
699 937 864 999 εὐθὺς
891 935 1110 1006 ᾤκησεν
1142 933 1412 1004 ἁσκεπὴς,
1447 932 1700 994 ἀνέστιος
1719 971 1734 996 ,
1765 930 1929 999 ἄτρο-

329 1047 458 1098 φος,
488 1029 588 1082 καὶ
616 1027 728 1080 τῶν
751 1027 1108 1097 ἀνθρωπίνων
1133 1026 1270 1088 ὅλως
1297 1023 1580 1094 τυγχάνων
1611 1021 1941 1094 ἅπρόσψαυοι

269 1171 274 1176 .
331 1138 486 1182 στος.
541 1120 628 1183 Ὡς
663 1117 776 1188 γὰρ
802 1118 857 1170 εἰ
901 1135 986 1181 τις
1018 1115 1279 1186 ἄσαρκος,
1317 1115 1351 1185 ἢ
1393 1114 1592 1185 μᾶλλον
1632 1113 1708 1176 ὡς
1754 1111 1808 1164 εἴ
1847 1129 1926 1175 τις

333 1212 394 1276 ἐξ
421 1209 662 1282 οὐρανοῦ
685 1210 839 1279 ἥκων
868 1208 1124 1276 ἄγγελος,
1153 1207 1296 1260 οὕτω
1323 1207 1418 1259 καὶ
1441 1204 1652 1275 διαίτης
1677 1200 1814 1276 εἶχε,
1837 1204 1932 1258 καὶ

335 1303 456 1372 βίου
489 1301 624 1354 αὐτὸ
657 1301 818 1370 μόνον
848 1300 1016 1354 ἀΰλου
1037 1342 1050 1364 ,
1093 1299 1182 1353 ἵνα
1224 1298 1298 1369 μὴ
1327 1298 1456 1371 δόξῃ
1507 1298 1650 1368 τάχα
1675 1296 1808 1369 ὕλης
1838 1297 1932 1351 καὶ⁹

335 1395 545 1464 φθορᾶς
561 1393 660 1446 ἄνθ
669 1409 870 1463 ρωπος,
887 1383 950 1444 οὗ
969 1391 1144 1444 πάντα
1157 1393 1406 1462 κρεῖττον
1423 1389 1608 1460 ἢκατὰ
1623 1389 1926 1460 ἄνθρωπον.

407 1487 520 1540 Καὶ
571 1485 762 1554 ἔμοιγε
815 1483 956 1554 πρὸς
1001 1485 1222 1554 μνήμην
1267 1482 1472 1536 τούτων
1523 1483 1552 1533 ό
1607 1481 1764 1550 λόγος
1815 1479 1928 1543 ἰὼν,

339 1576 592 1630 ἐϐούλετο
619 1575 736 1646 ἄρα
767 1575 862 1628 καὶ
885 1575 1180 1646 ἀναμέρος,
1209 1575 1286 1636 ὡς
1315 1573 1544 1626 ἕκαστον
1575 1571 1688 1642 ἔχει
1713 1570 1926 1637 διιέναι,

345 1667 460 1728 πῶς
485 1661 637 1730 οὗτος
670 1665 870 1736 κομιδῇ
908 1665 1100 1735 νήπιος
1127 1662 1222 1730 ὣν,
1256 1665 1352 1718 καὶ
1386 1663 1640 1732 ἀγκαλῶν
1675 1662 1930 1732 δεόμενος

341 1757 646 1826 μητρικῶν,
694 1757 792 1826 τὴν
825 1755 1022 1825 ἄφιλον
1068 1755 1286 1824 εκείνην
1315 1756 1410 1809 καὶ
1457 1756 1716 1826 τραχεῖαν
1759 1752 1931 1806 εἵλετο

340 1849 584 1916 ἀγωγὴν,
599 1848 690 1902 τὸν
711 1847 946 1918 ἄμικτον
969 1845 1104 1916 βίον,
1126 1845 1216 1902 τὸν
1233 1845 1618 1916 ἀκοινώνητον,
1642 1843 1736 1898 καὶ
1763 1843 1928 1912 ἐσχά-

2031 673 2174 712 nova
2217 667 2276 713 et
2304 659 2566 716 inusitata
2609 661 2838 716 haberet
2867 661 2978 724 ille,
3018 661 3112 730 qui
3134 661 3376 730 Spiritus
3406 659 3612 722 afﬂatu,

2033 749 2278 803 nondum
2310 766 2378 805 ex
2405 751 2492 816 iis,
2529 753 2738 820 quibus
2771 753 3050 807 involutus
3072 759 3213 816 erat,
3255 751 3439 806 fasciis
3463 765 3616 804 exso-

2032 841 2203 907 lutus,
2225 857 2470 898 eremum
2505 846 2692 898 statim
2721 845 2953 900 incoluit
2981 846 3099 899 sine
3121 850 3290 906 tecto,
3317 843 3436 897 sine
3465 841 3610 906 foco,

2032 935 2153 986 sine
2199 933 2347 998 cibo,
2399 935 2522 989 sino
2567 936 2680 990 ullo
2727 951 2854 991 cum
2897 936 3218 990 hominibus
3253 935 3610 990 commercio.

2030 1026 2168 1080 Nam
2195 1027 2348 1080 velut
2371 1029 2556 1082 carnis
2581 1043 2798 1098 expers,
2825 1037 2920 1082 aut
2943 1029 3127 1097 potius
3167 1029 3393 1099 angelus
3417 1043 3447 1082 e
3472 1027 3614 1082 coelo

2033 1115 2326 1187 delapsus,
2357 1119 2566 1174 victum
2603 1127 2659 1173 et
2700 1121 2866 1174 vitam
2897 1119 3161 1174 duntaxat
3193 1119 3615 1174 i-mmaterialem

2031 1206 2246 1273 habuit,
2295 1217 2360 1263 ut
2417 1225 2528 1264 non
2565 1209 2848 1264 videretur
2893 1209 3059 1264 homo
3095 1211 3336 1265 materiae
3387 1221 3444 1266 et
3487 1225 3613 1265 cor-

2033 1301 2278 1367 ruptioni
2331 1301 2618 1368 obnoxius,
2649 1304 2806 1374 cujus
2863 1303 3048 1358 omnia
3115 1318 3277 1372 supra
3333 1302 3612 1356 hominem

1995 1383 1998 1386 ⁴
2033 1391 2236 1447 forent.

2107 1484 2238 1538 Mihi
2278 1485 2498 1556 quidem
2525 1489 2646 1542 haec
2681 1487 2946 1542 memoria
2989 1487 3258 1557 repetenti
3301 1485 3468 1540 subiit
3502 1485 3616 1540 sin-

2032 1573 2157 1640 gula
2181 1589 2282 1643 per
2300 1585 2497 1646 partes
2523 1577 2757 1631 dicendo
2785 1577 3066 1648 persequi,
3089 1577 3366 1646 quomodo
3391 1576 3481 1629 ille
3498 1590 3616 1628 om-

2034 1665 2167 1720 nino
2205 1666 2405 1732 infans,
2433 1677 2488 1722 et
2530 1669 2795 1723 maternis
2823 1669 2969 1723 ulnis
3017 1668 3288 1738 indigens,
3337 1667 3615 1737 ingratum

2032 1766 2090 1812 et
2117 1773 2375 1826 asperum
2401 1759 2738 1824 institutum,
2767 1777 2832 1815 ac
2855 1761 3024 1814 vitam
3049 1759 3275 1814 humani
3302 1761 3318 1780 ‘
3348 1757 3616 1813 consortii

2033 1849 2428 1920 soeictatisque
2456 1858 2738 1920 expertem
2759 1861 2815 1906 et
2847 1852 3074 1906 omnino
3101 1851 3398 1906 solitariam
3433 1850 3614 1922 elege—

337 1956 445 2002 τως
489 1939 824 2010 μονότροπον
857 1956 870 1969 ·
911 1940 1076 1992 πόσον
1109 1956 1166 1992 τε
1199 1938 1291 1992 τὸν
1339 1939 1532 2010 χρόνον
1562 1935 1704 1990 οὕτω
1753 1933 1926 2004 διῆξε,

2035 1941 2139 2005 rit;
2177 1916 2446 2010 quantum
2493 1916 2758 2013 temporis
2792 1943 2866 1997 ita
2903 1942 3072 1998 fuerit
3103 1951 3372 2006 versatus,
3411 1943 3480 1996 ab
3501 1916 3617 1995 om-

342 2031 508 2100 μηδὲν
540 2032 668 2100 μήτ’
693 2032 750 2084 ἐν
787 2029 960 2102 ἀώρῳ
993 2033 1060 2102 τῇ
1087 2030 1290 2102 ἡλικίᾳ,
1328 2029 1452 2101 μήτ’
1479 2031 1560 2093 εἰς
1597 2028 1738 2098 ἥϐην
1756 2029 1926 2099 ἥκων,

340 2123 476 2192 πρός
507 2139 558 2174 τι
605 2121 712 2175 τῶν
745 2123 1108 2194 ἀνθρωπίνων
1153 2122 1512 2185 ἐπικλισθεὶς,
1549 2121 1666 2184 πῶς
1699 2138 1756 2172 τε
1787 2121 1931 2174 κατὰ

335 2215 477 2266 θεῖον
503 2215 890 2285 χρηματισμὸν
911 2215 990 2285 τῷ
1028 2215 1266 2286 Ἰορδάνῃ
1296 2213 1654 2283 ἑπεφοίτησεν
1682 2215 1740 2264 ἐν
1770 2211 1928 2266 ὑστέ-

335 2325 434 2378 ρῳ,
465 2309 638 2376 ἡνίκα
657 2307 756 2360 καὶ
779 2307 998 2378 πρῶτον
1029 2310 1142 2370 τοῖς
1169 2304 1479 2376 ἀνθρώποις
1501 2304 1697 2374 ἐφάνη,
1723 2305 1845 2356 τίνα
1869 2320 1928 2356 τε

333 2396 394 2470 ἦν
423 2397 462 2452 ἃ
499 2401 610 2462 τοῖς
635 2399 786 2462 λαοῖς
817 2399 1098 2470 βαπτίζων
1129 2399 1521 2470 παρηγγυᾶτο·
1567 2398 1662 2450 καὶ
1699 2396 1760 2448 τὸ
1787 2395 1929 2448 πάν-

335 2509 440 2544 των
477 2491 940 2562 παραδοξότατον,
977 2491 1094 2554 πῶς
1138 2491 1234 2544 καὶ
1281 2489 1444 2544 αὐτὸν
1489 2491 1548 2542 ἐν
1593 2491 1704 2552 τοῖς
1731 2487 1926 2542 ὕδασιν

335 2585 604 2638 ὲϐάπτισε
639 2585 732 2637 τὸν
763 2584 1061 2654 Δεσπότην,
1091 2585 1336 2652 κορυφῆς
1365 2581 1464 2650 τῆς
1493 2581 1684 2634 τούτου
1707 2581 1926 2650 ἁψάμε-

335 2693 440 2740 νος,
476 2676 793 2728 τελευταῖον
828 2675 946 2738 πῶς
973 2676 1062 2728 διὰ
1083 2675 1172 2728 τὸν
1195 2676 1473 2744 Δεσπότην
1507 2674 1602 2726 καὶ
1627 2673 1726 2743 τὴν
1753 2673 1928 2726 οἰκίαν

335 2769 648 2838 ἐκτέτμητο
687 2767 950 2838 κεφαλὴν,
980 2763 1048 2839 ἧς
1087 2767 1182 2820 καὶ
1219 2767 1282 2820 τὸ
1321 2766 1552 2834 ἀσελγὲς
1583 2767 1760 2820 έκεῖνο
1795 2783 1928 2818 κατ-

331 2861 628 2929 ωρχήσατο
651 2859 854 2927 κόριον.
1849 2921 1854 2924 _

395 2953 440 3002 Τ
443 2950 594 3002 αὔτα
626 2946 720 3002 οὖν
749 2949 930 3003 καὶτὰ
955 2948 1034 3002 έτι
1057 2948 1248 3002 τούτου
1281 2948 1452 3018 μείζω
1477 2948 1572 3000 καὶ
1597 2947 1924 3016 ὑψηλότερα,

331 3043 380 3094 εἴ
399 3059 466 3108 γε
509 3042 607 3094 καὶ
633 3039 918 3111 ἐνεχώρει.
965 3039 1180 3105 ἐξεῖπεν
1205 3041 1232 3092 ὁ
1273 3039 1428 3106 λόγος
1459 3039 1554 3090 καὶ
1587 3037 1930 3108 παρεστήσα’

331 3153 406 3200 το,
445 3135 620 3198 αὑτός
646 3151 708 3186 τε
741 3133 904 3204 ἡδίων
934 3133 1002 3203 τῇ
1032 3130 1236 3184 τούτων
1275 3129 1558 3199 γινόμενος
1595 3131 1804 3200 μνήμῃ,
1835 3129 1926 3180 καὶΙ

2033 2031 2199 2086 nibus
2219 2032 2386 2086 rebus
2408 2033 2687 2098 humanis,
2715 2049 2839 2087 cum
2869 2031 2923 2086 in
2945 2035 3123 2104 prima
3155 2035 3395 2099 aetatula,
3423 2041 3540 2088 tum
3559 2033 3616 2086 in

2027 2125 2322 2193 juventute
2357 2133 2680 2194 separatus;
2719 2124 2996 2194 quomodo
3021 2125 3176 2196 juxta
3218 2124 3468 2178 divinum
3495 2139 3619 2177 ora-

2033 2217 2218 2272 culum
2257 2217 2327 2272 ad
2375 2217 2672 2272 Jordanem
2723 2219 2925 2273 deinde
2956 2217 3191 2282 venerit,
3229 2216 3322 2270 ubi
3377 2217 3618 2286 primum

2032 2308 2352 2364 hominibus
2393 2309 2545 2364 visus
2579 2319 2693 2375 est;
2724 2325 2846 2379 quae
2877 2310 3082 2364 fuerint
3124 2311 3235 2374 illa,
3278 2325 3399 2379 quae
3441 2309 3622 2379 bapti-

2033 2415 2166 2454 zans
2189 2399 2410 2470 populis
2441 2400 2826 2468 denuntiaret;
2863 2409 2938 2468 et,
2995 2403 3143 2472 quod
3193 2402 3353 2456 fidem
3395 2417 3612 2457 omnem

2032 2499 2278 2561 superat,
2302 2492 2582 2561 quomodo
2623 2493 2680 2547 in
2707 2494 2867 2563 aquis
2900 2493 3078 2563 ipsum
3111 2493 3403 2548 Dominum
3433 2493 3616 2562 bapti-

2038 2583 2267 2648 zaverit,
2303 2585 2536 2654 ejusque
2563 2595 2729 2655 caput
2763 2585 3034 2655 tetigerit;
3071 2585 3308 2655 denique
3339 2585 3618 2654 quomodo

2031 2683 2261 2745 propter
2284 2665 2584 2730 hominum
2622 2693 2724 2731 suo
2759 2677 2877 2746 ipse
2917 2677 3180 2731 multatus
3209 2675 3377 2730 fuerit
3413 2675 3614 2744 capite,

2031 2768 2190 2837 cujus
2220 2781 2384 2822 causa
2419 2783 2621 2838 procax
2637 2768 2822 2838 puella
2844 2769 3156 2824 saltaverat.

2101 2939 2228 2994 l-lmc
2259 2951 2316 2995 et
2351 2939 2460 2994 alia
2492 2942 2698 3011 majora
2748 2941 3216 3012 sublimioraque,
3259 2943 3304 2997 si
3337 2942 3418 2996 fas
3448 2949 3616 3003 esset.

2031 3031 2270 3086 dicendo
2305 3031 2417 3102 96
2447 3041 2876 3102 persequeretur
2905 3034 3024 3090 haec
3051 3034 3228 3088 oratio
3260 3048 3402 3096 mea,
3433 3041 3616 3088 tanta-

2033 3139 2266 3192 rumque
2301 3139 2488 3178 rerum
2519 3125 3041 3180 commemoratione
3075 3124 3295 3180 suavior
3317 3123 3493 3188 fieret,
3517 3138 3620 3179 nec

329 3227 564 3296 άκροαίς
585 3222 858 3292 φιλοθέοις
883 3222 982 3290 οὐχ
1001 3222 1200 3292 ἥκιστα
1222 3220 1603 3290 χαριζόμενος.
1639 3218 1780 3270 Ἀλλ’
1807 3219 1927 3270 ἐπεὶ

2037 3215 2310 3286 religiosis
2359 3217 2588 3270 auribus
2637 3233 2831 3286 parum
2875 3217 3309 3287 gratificaretur;
3369 3215 3464 3270 sed
3513 3217 3618 3270 ista

327 3319 528 3388 ἑτέρου
559 3317 656 3369 καὶ
683 3316 846 3384 λόγου
877 3314 993 3368 ἐστὶ
1027 3313 1118 3367 κοιλ¹
1141 3312 1334 3383 καιροῦ
1365 3312 1434 3366 τὰ
1461 3311 1706 3372 τοιαῦτα.
1739 3309 1928 3364 καθότι

329 3411 418 3463 καὶ
465 3409 782 3478 ἀρχόμενος
819 3407 922 3478 ἤδη
955 3408 982 3458 ό
1020 3404 1175 3472 λόγος
1218 3405 1462 3476 εἰρήκει,
1511 3403 1668 3456 οὐδὲν
1697 3403 1837 3465 τέως
1872 3405 1929 3455 ὲν

328 3503 402 3572 τῷ
441 3501 686 3570 παρόντι
739 3503 870 3570 περὶ
915 3504 1140 3557 ἐκείνων
1191 3503 1324 3572 ἐρεῖ,
1381 3500 1542 3570 μόνον
1585 3497 1783 3570 δηλαδὴ
1819 3495 1930 3550 τῶν

330 3594 472 3648 κατὰ
509 3593 614 3664 τὴν
653 3593 910 3664 γέννησιν
947 3593 1318 3664 μεμνημένος,
1355 3592 1448 3644 καὶ
1479 3589 1586 3644 τῶν
1628 3589 1770 3643 κατὰ
1799 3589 1937 3642 ταύ-

329 3701 426 3755 την
469 3685 728 3754 τεράτων
767 3683 862 3736 καὶ
911 3683 1260 3754 θαυμασίων,
1313 3682 1412 3752 οὐχ
1449 3681 1591 3732 ὥστε
1629 3681 1724 3732 καὶ
1756 3681 1930 3731 εἰπεῖν

328 3795 376 3830 τι
403 3775 698 3830 κάνταῦθα
731 3774 910 3844 (τοῦτο
933 3776 1061 3844 γὰρ,
1083 3775 1156 3837 ὡς
1177 3775 1312 3840 ἴστε,
1344 3773 1438 3826 καὶ
1469 3772 1682 3842 φθάσας
1711 3770 1928 3842 πρῶτος

325 3869 650 3938 ἐδήλωσεν),
699 3867 808 3920 ἀλλ’
835 3865 974 3920 ὥστε
1014 3867 1106 3920 τὸν
1136 3865 1299 3919 πόθον
1335 3863 1694 3929 ἐνδείξασθαι,
1737 3864 1833 3917 καὶ
1861 3867 1930 3916 τὰ

325 3959 426 4028 τῆς
469 3957 693 4028 ἡμέρας
723 3958 1026 4026 ὲνσ-ημᾶναι
1055 3957 1394 4028 χαρμόσυνα.

395 4051 524 4104 Νῦν
569 4050 680 4119 γάρ
710 4049 784 4113 ὡς
813 4049 1030 4120 ἀληθῶς
1061 4051 1212 4102 πᾶσα
1241 4049 1426 4102 θάλλει
1451 4049 1668 4119 καρδία,
1701 4051 1794 4102 καὶ
1816 4051 1928 4111 τοῖς

321 4145 418 4197 τοῦ
467 4142 778 4212 θἐολήπτου
839 4143 1128 4212 συνήδεται
1177 4141 1478 4210 γενεσίοις·
1525 4140 1623 4194 νῦν
1668 4141 1928 4210 μειδίαμα

319 4235 422 4304 τὴν
453 4234 702 4288 ἑκάστου
741 4233 940 4304 ψυχὴν,
987 4232 1084 4286 καὶ
1121 4233 1428 4302 εὐφροσύνη
1465 4233 1792 4304 κατείληφεν
1831 4232 1930 4304 ἄῤ-

322 4329 494 4396 ρητος
523 4343 538 4356 ·
571 4323 669 4376 νῦν
697 4325 878 4396 χαίρει
913 4325 1010 4378 καὶ
1031 4325 1131 4392 ὅση
1167 4325 1278 4376 τῶν
1306 4325 1484 4378 actm
1507 4324 1688 4392 φύσις,
1713 4325 1806 4377 καὶ
1828 4326 1926 4394 ὅση

320 4417 416 4470 τδν
449 4417 580 4470 ἄνω
613 4415 788 4486 χῶρον
815 4419 976 4482 οἰκεῖ,
1007 4417 1102 4469 καὶ
1121 4417 1222 4487 ὅση
1253 4415 1344 4470 τὸν
1369 4416 1520 4470 κάτω
1543 4417 1650 4487 ἄρα
1675 4416 1770 4468 καὶ
1801 4416 1930 4468 ὑπο-

321 4509 574 4578 χθόνιον,
615 4508 702 4562 διὰ
739 4510 838 4579 τὴν
888 4509 1188 4580 μέλλουσαν
1220 4510 1437 4562 ἔσεσθαι
1477 4509 1752 4580 σωτηρίαν
1787 4509 1928 4561 ᾶπα-

2032 3321 2343 3362 sermoncm
2389 3307 2585 3371 alium,
2633 3307 2804 3372 aliud,
2849 3318 2908 3362 ut
2949 3309 3114 3379 hujus
3161 3308 3426 3363 orationis
3457 3308 3616 3362 initio

2032 3397 2318 3462 dicebam,
2346 3405 2566 3466 tempus
2610 3399 2855 3469 exigunt.
2885 3400 3034 3454 Nihil
3065 3417 3132 3454 ex
3176 3399 3286 3454 illis
3323 3399 3612 3470 attingam,

2029 3505 2222 3546 eorum
2251 3491 2678 3559 duntaxat'quze
2723 3491 2791 3545 ad
2825 3492 3167 3548 nativitatem
3215 3491 3514 3562 pertinent,
3561 3499 3618 3544 et

2031 3585 2409 3658 prodigiorum
2463 3589 2628 3652 atque
2661 3585 3053 3640 miraculorum
3090 3601 3212 3656 quae
3251 3593 3363 3638 tum
3403 3581 3618 3638 accide-

2033 3685 2180 3742 runt,
2218 3693 2460 3745 memor;
2493 3695 2602 3733 non
2635 3677 2780 3749 quod
2817 3677 2919 3732 ista
2944 3687 3242 3732 retractare
3267 3676 3452 3740 velim,
3472 3691 3611 3744 qure,

2032 3777 2093 3821 ut
2135 3768 2307 3833 scitis,
2344 3784 2472 3838 pars
2517 3769 2784 3824 orationis
2819 3769 2972 3838 prior
3029 3767 3340 3838 occupavit,
3390 3767 3485 3821 sed
3537 3767 3616 3821 sic

2031 3861 2316 3915 ostendam
2353 3877 2596 3916 amorem
2619 3901 2632 3925 ,
2673 3869 2730 3915 ct
2759 3877 2943 3916 meum
2979 3860 3047 3915 de
3085 3859 3192 3915 hoc
3225 3859 3314 3914 die
3353 3859 3613 3929 gaudium

2028 3952 2366 4022 significabo.

2099 4045 2258 4099 Nunc
2278 4059 2442 4113 quam
2457 4044 2744 4098 verissime
2767 4042 3403 4097 cxhilaranturomnium
3425 4041 3611 4104 corda,

2029 4147 2088 4192 et
2139 4137 2365 4192 Ioannis
2401 4135 2683 4190 natalibus
2731 4135 3103 4205 gratulantur;
3151 4149 3297 4187 nunc
3351 4133 3616 4188 uniuscu-

2026 4228 2228 4298 jusque
2281 4228 2466 4280 sinum
2511 4226 2763 4280 hilaritas
2811 4235 2868 4280 et
2930 4225 3189 4295 gaudium
3245 4225 3613 4279 inenarrabile

2031 4317 2328 4386 complevit
2366 4334 2378 4369 :
2423 4331 2572 4371 nunc
2599 4317 2828 4386 singulae
2849 4323 3060 4370 naturae
3090 4315 3426 4386 spirituales,
3453 4324 3615 4385 quot-

2029 4415 2167 4477 quot
2187 4408 2469 4462 caelestem
2499 4408 2780 4478 regionem
2813 4407 3080 4470 incolunt,
3117 4417 3174 4462 et
3198 4415 3468 4477 quotquot
3496 4407 3612 4462 sive

2033 4507 2228 4562 terras,
2287 4499 2404 4552 sive
2454 4497 2661 4554 inferos
2701 4499 3042 4562 inhabitant,
3075 4507 3302 4568 propter
3355 4499 3608 4564 salutem,

321 4617 412 4654 σιν
435 4619 450 4632 υ
490 4601 628 4670 ἄρτι
665 4601 726 4652 τὸ
763 4601 858 4653 ἀπ’
889 4601 1082 4664 αἰῶνος
1122 4601 1480 4672 σεσιγημένον
1519 4601 1812 4671 μυστήριον
1839 4601 1924 4653 ὲκ-

2033 4605 2156 4658 quaa
2194 4589 2322 4643 inde
2373 4589 2430 4642 in
2465 4603 2656 4644 omnes
2709 4591 2874 4644 debet
2923 4589 3255 4654 redundare,
3290 4590 3546 4644 ltetantur
3594 4607 3608 4645 :

318 4691 676 4744 καλύπτεται
705 4707 718 4720 ·
763 4691 892 4762 ἄρτι
931 4694 960 4745 ό
1011 4693 1306 4763 μονογενὴς
1347 4692 1444 4745 τοῦ
1481 4691 1616 4745 Θεοῦ
1649 4693 1797 4758 Υἱὸς,
1831 4691 1925 4745 καὶ

319 4785 452 4848 Υἱὸς
489 4784 790 4855 ἀνθρώπου
823 4784 1030 4853 γίνεται
1057 4785 1406 4856 ἁποῤῥήτως.

395 4943 568 5011 Ἄρτι
598 4941 820 5008 ἄγγελοι
851 4943 962 5004 τοῖς
985 4939 1291 5012 ἀνθρώποις
1324 4940 1704 5008 συνάπτονται,
1737 4943 1830 4994 καὶ
1855 4941 1926 4996 τὰ

317 5035 456 5104 πρὶν
480 5032 752 5086 διεστῶτα
785 5035 864 5096 εἰς
913 5031 972 5084 ἓν
1011 5031 1454 5102 συνεισέρχεται·
1496 5033 1672 5088 πάντα
1703 5033 1811 5104 γὰρ
1853 5034 1924 5088 τὰ

319 5127 570 5198 κρείττω
611 5127 678 5196 τῇ
717 5124 813 5178 τοῦ
843 5125 1164 5195 Προδρόμου
1209 5126 1490 5197 συντρέχει
1529 5127 1797 5196 γεννήσει,
1831 5127 1922 5180 καὶ

317 5217 500 5272 αὐτοῦ
555 5219 628 5288 τῇ
673 5217 920 5289 προσόδῳ
973 5219 1082 5271 πᾶν
1116 5215 1170 5269 εῐ
1207 5234 1258 5271 τι
1300 5217 1606 5284 κάλλιστον,
1641 5218 1743 5288 ἤδη
1784 5235 1922 5288 συμ-

317 5309 616 5380 πρόεισιν·
667 5309 896 5372 εἰκότως
941 5307 1069 5378 ἄρα,
1121 5310 1216 5362 καὶ
1261 5308 1332 5362 τὰ.
1374 5311 1495 5364 κατ’
1534 5310 1697 5364 αὐτὸν
1743 5313 1920 5364 πάντα

315 5401 520 5464 καινὰ,
552 5400 648 5454 καὶ
681 5399 942 5470 σύλληψις
971 5399 1110 5470 ἅμα,
1143 5400 1237 5454 καὶ
1268 5401 1540 5471 γέννησις,
1579 5403 1672 5454 καλ¹
1703 5401 1916 5473 ἀγωγὴ,

313 5493 417 5543 καὶ
451 5490 595 5560 βίκ,
621 5493 714 5544 καὶ
734 5492 835 5544 ὅσα
865 5491 998 5544 ἄλλα
1030 5492 1123 5544 ἐπὶ
1150 5493 1327 5562 τούτῳ
1355 5492 1676 5564 παραδόξως
1702 5509 1919 5546 συνετε-

313 5580 523 5651 λέσθη.

389 5670 614 5724 Οὐκοῦν
659 5672 848 5742 μηδεὶς
889 5671 1140 5742 στυγνὸς,
1175 5673 1370 5743 μηδεὶς
1413 5673 1685 5746 κατηφὴς,
1731 5676 1921 5748 μηδεὶς

313 5761 472 5832 λύπῃ
535 5763 812 5826 κατωπὸς,
849 5763 944 5816 τοῦ
993 5765 1262 5836 παρόντος
1319 5767 1594 5838 μετεχέτω
1636 5767 1916 5837 συλλόγου.

327 5854 506 5908 ’Δλλᾶ
555 5857 646 5910 καὶ
692 5855 873 5928 ψυχῆς
929 5857 1087 5912 ἀνίαν
1139 5859 1235 5912 καὶ
1285 5857 1532 5929 σώματος
1587 5860 1916 5926 ἀποτιναξά-

2033 4695 2178 4734 nunc
2202 4679 2584 4735 absconditum
2629 4696 2661 4734 a
2706 4682 2906 4737 sarculo
2949 4682 3270 4753 mysterium
3303 4683 3607 4748 revelatur;

2031 4787 2180 4826 nunc
2205 4773 2527 4842 unigenitus
2552 4772 2650 4827 Dei
2691 4773 2862 4830 Filius
2911 4776 2968 4827 tit
3005 4775 3269 4829 inetiabili
3319 4775 3480 4830 modo
3523 4776 3612 4832 Fi-

2029 4863 2138 4918 lius
2168 4865 2428 4920 hominis.

2099 4957 2218 5012 Jam
2261 4959 2438 5028 angeli
2473 4975 2598 5014 cum
2629 4959 2950 5015 hominibus
2982 4963 3424 5034 conjunguntur,
3463 4971 3518 5018 et
3553 4963 3608 5018 in

2029 5060 2200 5099 unum
2223 5046 2580 5114 conveniunt,
2602 5063 2724 5118 qua?
2755 5049 2910 5120 prius
2927 5062 3087 5106 erant
3105 5053 3446 5108 dissitaznam
3469 5053 3610 5121 opti-

2028 5151 2116 5190 ma
2145 5151 2377 5206 quaeque
2405 5153 2532 5193 cum
2555 5141 2918 5197 Prwcursoris
2943 5143 3218 5198 natalibus
3239 5152 3597 5208 concurrunt,

2027 5237 2082 5282 et
2116 5243 2240 5282 cum
2264 5229 2384 5299 ejus
2409 5229 2649 5286 adventu
2685 5233 3151 5290 excellentissima
3181 5247 3410 5301 qumque
3441 5233 3604 5288 simul

2027 5319 2347 5388 conﬂuunt;
2376 5337 2482 5378 nec
2505 5323 2785 5378 immerito
2809 5338 2938 5378 sane
2961 5323 3162 5386 omnia,
3189 5339 3310 5394 qum
3337 5324 3403 5379 ad
3427 5326 3603 5396 ipsum

2029 5411 2326 5480 pertinent,
2355 5427 2494 5467 nova
2526 5421 2675 5477 sunt,
2709 5422 3029 5482 conceptus,
3066 5413 3359 5481 nativitas,
3387 5415 3604 5471 institu-

2027 5511 2166 5568 tum,
2203 5504 2328 5559 vita;
2373 5520 2581 5576 genus,
2617 5511 2672 5557 et
2724 5501 2827 5556 alia
2861 5518 2981 5572 qua;
3035 5504 3088 5557 in
3135 5505 3253 5574 ipso
3299 5507 3492 5563 mirum
3547 5508 3604 5562 in

2029 5594 2254 5648 modum
2282 5595 2523 5665 perfecta
2551 5601 2699 5649 sunt.

2096 5684 2292 5740 Nullus
2320 5683 2486 5755 igitur
2513 5685 2810 5750 austerior,
2837 5685 3021 5740 nullus
3043 5683 3228 5755 pusilli
3261 5685 3449 5750 animi,
3473 5687 3600 5740 nul-

2025 5773 2112 5828 lus
2143 5775 2352 5830 tristior
2372 5773 2444 5828 sit
2471 5774 2636 5846 hujus
2665 5776 2934 5832 orationis
2955 5776 3260 5846 particeps:
3292 5776 3386 5830 sed
3423 5775 3516 5846 qui
3545 5785 3601 5831 et

2025 5865 2192 5920 animi
2233 5875 2288 5920 et
2342 5867 2626 5936 corporis“
2659 5883 2952 5924 maerorem
2989 5867 3100 5940 97
3131 5867 3352 5941 abjecit,
3380 5866 3603 5928 accedat
