4080 6456
397 444 464 507 47
1608 429 1923 491 ΟΡΕιιυΜ
1998 427 2006 445 ’

2111 422 2488 484 EODORETI
3613 419 3682 481 48

397 557 510 619 ille.
538 554 777 609 celebret
805 550 1070 622 precantis
1090 548 1313 612 natalia,
1342 555 1396 601 et
1424 547 1569 600 diem
1587 547 1737 599 hunc
1771 545 1990 599 faustis-

2111 555 2276 602 ιενος,
2306 538 2478 601 οὕτως
2508 536 2693 591 εἰσίτω
2728 537 3000 607 ἐορτάσων
3030 536 3124 589 τοῦ
3162 538 3405 609 κήρυκος
3434 536 3503 589 τὰ
3522 539 3682 604 γενέ-

400 648 602 703 simum
659 645 934 717 praedicet.
994 641 1135 708 Quid
1190 640 1336 694 enim
1395 641 1575 711 majus
1624 640 1692 693 ad
1756 638 1990 693 delicias

401 742 629 806 aﬂ‘erat.
684 756 809 794 cum
868 735 1240 807 pulcherrima
1271 748 1523 803 quaeque,
1578 743 1635 788 et
1668 731 1991 787 suavissima

400 847 631 902 quaeque
673 826 1181 899 perfectissimaque
1228 823 1284 876 in
1332 838 1503 876 unum
1560 830 1752 877 coacta
1784 820 1989 886 videat,

400 924 602 995 quibus
635 922 855 978 divinus
878 920 969 976 ille
1006 921 1351 992 praenuntius
1389 920 1694 974 instructus
1725 915 1850 972 est?

472 1078 609 1135 Cum
636 1078 801 1149 igitur
838 1085 910 1143 te,
936 1078 1255 1134 beatissime
1282 1078 1619 1144 Praacursor,
1649 1077 1728 1132 sic
1759 1076 1862 1132 via:
1894 1076 1996 1130 du-

402 1185 523 1225 cem
569 1185 632 1224 ac
663 1168 971 1240 principem
1023 1166 1439 1233 ornaverimus,
1476 1167 1576 1222 abs
1609 1175 1662 1223 te
1709 1166 1781 1223 sit
1836 1166 1996 1222 nobis

402 1261 616 1327 laetitia,
644 1262 824 1317 omnis
856 1277 984 1332 spes
1009 1271 1064 1316 ct
1096 1262 1383 1326 auxilium,
1407 1268 1605 1332 prmsto
1631 1260 1726 1325 sis,
1750 1266 1998 1314 amantes

404 1368 457 1411 te
512 1356 756 1421 redama,
798 1363 854 1410 et
910 1356 1120 1410 intimis
1178 1356 1344 1411 animi
1395 1355 1653 1410 sensibus
1711 1369 1838 1424 erga
1897 1368 2000 1408 nos

403 1459 742 1513 commotus,
764 1464 876 1505 non
903 1457 1090 1504 nostra
1118 1456 1336 1519 reputa,
1363 1462 1466 1503 nec
1490 1461 1605 1512 eas,
1630 1446 1832 1516 quibus
1856 1460 1997 1515 quo-

406 1543 538 1599 tidie
565 1541 937 1613 implicamur,
974 1540 1315 1611 iniquitates,
1342 1539 1438 1595 sed
1456 1538 1999 1595 commiserationem

402 1636 725 1690 errantibus
751 1636 972 1691 exhibe.
1010 1633 1094 1690 Ad
1120 1634 1413 1688 arbitrium
1437 1633 1611 1688 habes
1640 1632 1740 1688 tibi
1766 1647 2002 1687 consen—

406 1730 635 1783 tientem
668 1729 982 1793 Dominum,
1021 1728 1115 1798 qui
1142 1726 1302 1782 nobis
1323 1726 1619 1793 condonet,
1643 1726 1687 1781 si
1712 1724 1845 1795 quid
1876 1739 2003 1794 per-

403 1835 593 1890 peram
619 1819 797 1890 egisse
823 1820 1141 1885 videamur;
1169 1818 1335 1891 hujus
1363 1817 1510 1874 enim
1539 1833 1600 1873 es
1632 1817 1865 1883 amicus,
1893 1816 1998 1872 Ba-

2095 629 2237 694 Ολια,
2275 629 2368 683 καὶ
2416 629 2802 701 πανηγυρίσων
2839 632 2939 700 τῆς
2969 628 3183 700 ἡμέρας
3221 628 3291 682 τὰ
3326 628 3681 700 χαριστήρια.

2094 722 2160 775 Τί
2201 723 2310 793 γὰρ
2350 723 2445 777 καὶ
2491 724 2676 793 μεῖζον
2723 723 2804 787 είς
2844 723 3040 794 ἡδονὴν
3082 722 3358 793 κομιεῖται
3393 738 3477 785 τις
3524 720 3684 776 πάνθ’

2094 815 2236 885 ὁρῶν
2264 813 2361 869 νῦν
2385 814 2455 867 τὰ
2499 813 2762 869 κάλλιστα
2802 815 2941 885 ἃμα,
2969 815 3066 868 καὶ
3093 815 3310 885 ἥδιστα,
3351 812 3447 867 καὶ
3476 813 3688 867 λυσιτε-

2095 905 2329 961 λέστατα
2360 908 2441 973 εἰς
2469 906 2527 959 ἒν
2560 907 2904 973 συνελθόντα,
2938 906 3033 962 καὶ
3065 906 3312 979 μηνυτὴν
3354 905 3552 978 έχοντα
3584 906 3682 961 καὶ

2099 1001 2439 1072 προάγγελον
2470 1000 2563 1055 τὸν
2601 999 2896 1072 θεόληπτον
2918 1019 2933 1070 ;

2180 1091 2345 1144 Ἀλλὰ
2375 1091 2542 1161 γάρ⁸⁷
2572 1091 2696 1145 ἐπεὶ
2745 1091 2828 1154 σὲ,
2862 1086 2909 1146 ὦ
2953 1093 3346 1165 μακαριὼταιτε
3380 1093 3686 1166 Πρόδρομε,

2098 1183 2241 1238 οὕτω
2285 1184 2381 1237 καὶ
2433 1183 2626 1255 ὁδηγὸν
2677 1185 2772 1237 καὶ
2829 1184 3074 1255 ἀρχηγὸν
3115 1186 3173 1238 ἐν
3218 1187 3335 1249 τοῖς
3379 1185 3690 1256 κρείττοσιν

2099 1275 2534 1346 ἐπλουτήσαμεν,
2574 1275 2672 1330 καὶ
2708 1276 2861 1347 παρὰ
2894 1277 2990 1330 σοῦ
3021 1278 3155 1348 ἡμῖν
3198 1277 3296 1331 καὶ
3324 1275 3485 1349 ἡδονὴ
3517 1278 3689 1342 πᾶσα,

2101 1369 2196 1423 καὶ
2226 1367 2406 1434 ἐλπὶς,
2456 1369 2549 1422 καὶ
2601 1368 2842 1441 βοήθεια,
2878 1369 3102 1441 φάνηθι,
3145 1371 3240 1423 καὶ
3272 1369 3435 1433 αὐτὸς
3463 1371 3689 1424 ἀντιποο

2103 1454 2213 1508 Θῶν
2241 1455 2369 1518 τοὺς
2397 1455 2723 1520 ποθοῦντας,
2757 1458 2854 1511 καὶ
2886 1460 3149 1529 χρηστοῖς
3177 1459 3306 1529 περὶ
3334 1460 3482 1530 ἡμᾶς
3509 1458 3695 1513 κινού-

2105 1564 2265 1617 μενος
2296 1547 2647 1618 σπλάγχνοις,
2675 1548 2751 1619 μὴ
2781 1549 2849 1603 τὰ
2883 1551 3133 1622 ἡμέτερα
3155 1548 3529 1620 λογιζόμενος,
3571 1549 3695 1621 μηδ’

2101 1636 2182 1706 οἷς
2213 1640 2337 1695 καθ’
2369 1643 2587 1712 ἡμέραν
2624 1643 3038 1714 συνειλήμμεθα
3078 1642 3425 1713 αἰτιάμασιν,
3468 1643 3606 1696 ἀλλὰ
3631 1642 3696 1695 τὸ

2105 1735 2198 1789 σὺν
2230 1734 2513 1805 συμπαθὲς
2543 1734 2638 1789 καὶ
2671 1734 3001 1805 σφάλλουσιν
3035 1734 3467 1806 ἐνδεικνύμενος.
3508 1735 3696 1806 Ἔχεις

2103 1826 2210 1898 γὰρ
2295 1825 2622 1897 βουλόμενος
2688 1826 3007 1881 ἐπινεύοντα
3074 1828 3167 1882 τὸν
3222 1828 3503 1897 Δεσπότην
3530 1867 3546 1892 ,
3602 1827 3698 1879 καὶ

405 1912 591 1982 ptista,
626 1927 935 1982 praecursor
961 1920 1018 1967 et
1050 1911 1349 1982 propheta;
1377 1925 1505 1965 eum
1541 1911 1754 1965 caeteris
1788 1918 1844 1964 et
1867 1910 2005 1965 libe-

2111 1917 2334 1987 ἀφιέντα
2365 1919 2519 1990 ἡμῖν,
2543 1918 2596 1971 εί
2612 1936 2665 1972 τι
2699 1918 2773 1991 μὴ
2798 1919 2893 1973 καὶ
2911 1918 3137 1984 δεόντως
3160 1918 3488 1989 φαινοίμεθα
3515 1916 3693 1989 πράτ-

406 2006 522 2061 rius
546 2014 601 2061 et
617 2005 987 2062 conﬁdentius
1010 2005 1311 2076 alloqueris
1340 2023 1353 2058 :
1383 2005 1607 2060 auditur
1626 2005 1999 2075 interpellatio

408 2110 520 2162 tua,
548 2107 604 2153 et
655 2114 850 2170 preces
896 2099 1016 2154 sine
1062 2098 1231 2154 ullius
1262 2098 1576 2154 interventu
1608 2098 1674 2153 ad
1706 2114 1872 2154 aures
1902 2098 2001 2153 Dei

406 2192 589 2247 sta.im
656 2191 943 2246 accedunt.
999 2189 1274 2247 Caeterum
1328 2206 1430 2261 pro
1492 2190 1654 2246 nobis
1716 2205 1999 2261 nunquam

406 2299 590 2340 cesses
623 2283 939 2354 deprecari;
978 2299 1101 2355 quae
1144 2282 1305 2339 nobis
1356 2282 1710 2349 conducunt,
1746 2284 1998 2355 impetra,

410 2386 470 2433 ut
499 2376 827 2432 clementem
853 2377 1027 2432 Deum
1048 2375 1372 2441 habeamus,
1399 2382 1456 2431 et
1482 2375 1536 2430 in
1573 2374 1762 2431 futuro
1796 2376 2002 2431 smculo

410 2470 590 2541 ipsum
647 2484 1030 2541 assequamur,
1065 2469 1160 2539 qui
1196 2469 1524 2539 promissam
1578 2468 1740 2524 nobis
1772 2468 2001 2541 gloriam

408 2561 701 2627 concedat,
732 2562 787 2616 in
827 2561 1049 2617 Christo
1071 2561 1204 2617 Jesu
1232 2561 1465 2617 Domino
1493 2570 1707 2627 nostro,
1742 2577 1853 2616 una
1877 2576 2004 2617 cum

409 2653 746 2709 viviﬁcatore
792 2654 1025 2732 Spiritu,
1076 2670 1227 2710 nunc
1268 2662 1326 2710 et
1368 2669 1608 2725 semper,
1635 2662 1693 2709 et
1718 2655 1775 2710 in
1806 2654 2007 2710 saecula

408 2744 758 2799 saeculorum.
777 2744 974 2799 Amen.

2107 2024 2325 2072 τοντες·
2362 2008 2427 2061 σὺ
2476 2007 2585 2080 γάρ
2631 2008 2823 2063 τούτου
2870 2009 2967 2063 καὶ
3016 2009 3194 2079 φίλος,
3241 2009 3338 2061 καὶ
3372 2007 3697 2077 βαπτιστὴς,

2109 2101 2203 2155 καὶ
2236 2101 2562 2173 πρόδρομος,
2600 2103 2697 2155 καὶ
2740 2103 3063 2175 προφήτης,
3098 2101 3195 2156 καὶ
3225 2096 3321 2155 σοῦ
3357 2102 3391 2172 ἡ
3428 2100 3565 2171 πρὸς
3603 2099 3701 2152 at)»

2109 2191 2203 2246 τὸν
2245 2192 2526 2266 παρρησία
2574 2193 2777 2264 μείζων
2824 2196 2938 2258 τοῖς
2984 2194 3149 2261 ὅλοις,
3183 2192 3279 2248 καὶ
3325 2191 3694 2264 ἀπαράθετος,

2108 2283 2175 2337 δι’
2207 2283 2275 2354 ἦν
2303 2300 2385 2336 σοι
2422 2283 2569 2354 καὶὴ
2602 2283 2842 2350 ἔντευξις
2874 2286 3138 2356 άκουστὴ,
3172 2286 3269 2338 καὶ⁸
3296 2284 3329 2355 ἡ
3353 2283 3538 2354 δέησις
3561 2282 3702 2353 ἄμε-

2114 2392 2229 2441 σος,
2266 2376 2359 2429 καὶ
2395 2378 2476 2440 εἰς
2510 2370 2625 2429 ὦτα
2656 2375 2792 2430 Θεοῦ
2844 2378 3081 2448 μάλιστα
3127 2377 3423 2433 πίπτουσα.
3466 2375 3559 2446 Μὴ
3608 2368 3703 2427 οὖν

2112 2469 2350 2534 ἐλλίποις
2382 2468 2569 2524 λοιπὸν
2599 2469 2740 2541 ὑπὲρ
2765 2469 2967 2524 δούλων
2999 2468 3342 2543 πρεσϐεύων.
3377 2468 3474 2522 καὶ
3503 2465 3573 2519 τά
3602 2465 3701 2518 λυ-

2116 2562 2299 2632 σιτελῆ
2335 2563 2469 2633 ἡμῖν
2509 2561 2915 2632 ἐξαιτούμενος,
2957 2562 3036 2625 ὡς
3077 2561 3145 2615 ἂν
3183 2560 3279 2615 καὶ⁵
3322 2559 3456 2613 Θεὸν
3497 2554 3704 2628 εὐμενῆ

2118 2654 2404 2725 σχοίημεν,
2436 2653 2530 2707 καὶ
2559 2653 2723 2707 αὑτοῦ
2757 2653 2997 2726 Χριστοῦ
3015 2653 3063 2686 ⁸⁸
3094 2654 3155 2707 ἐν
3193 2651 3271 2723 τῷ
3311 2651 3562 2722 μέλλοντι
3607 2647 3705 2701 τύ-

2117 2764 2329 2819 χοιμεν,
2364 2745 2643 2817 βασιλείαν
2678 2748 2812 2817 ἡμῖν
2842 2746 2941 2817 τὴν
2975 2744 3397 2817 ἐπηγγελμένην
3433 2745 3708 2815 παρέχον-

408 2855 520 2901 τος,
575 2838 633 2891 ἐν
662 2836 882 2909 Χριστῷ
920 2836 1095 2909 Ἰησοῦ
1142 2839 1333 2910 Κυρίῳ
1382 2836 1543 2909 ἡμῶν
1597 2838 1713 2910 ἆμα
1754 2838 1830 2911 τῷ
1880 2838 2129 2914 ζωοποιῷ
2170 2837 2471 2909 Πνεύματι,
2506 2837 2600 2892 νῦν
2647 2838 2743 2893 καὶ
2776 2838 2863 2893 ἀεὶ
2894 2838 2990 2894 καὶ
3030 2839 3110 2901 εἰς
3161 2837 3290 2901 τοὺς
3345 2836 3550 2900 αἰῶνας
3596 2835 3706 2889 τῶν

409 2929 643 2985 αἰώνων.
690 2931 744 2984 Ἀ
754 2931 881 3003 μήν.

412 3042 526 3116 98
554 3042 639 3099 Ea:
664 3043 967 3101 Theodoreti
994 3047 1323 3122 sermonibus
1344 3050 1574 3122 quinque
1589 3051 1645 3105 in
1666 3048 1721 3105 S.
1746 3049 2006 3106 Joannem

2123 3052 2503 3122 Θεοδωρὴτου
2554 3053 2622 3105 ἐκ
2678 3050 2796 3105 τῶν
2835 3058 2878 3105 8'
2914 3052 3127 3122 λόγων,
3151 3052 3239 3115 εις
3270 3048 3376 3101 τὸν
3409 3048 3479 3102 ἐν
3515 3047 3707 3119 ἁγίοις

982 3116 1437 3189 (Ζίινῃεοεεοηιιίιπ.

2455 3123 2745 3189 Ἰωάννην
2788 3122 2896 3175 τὸν
2927 3121 3385 3189 Χρυσόστομον.

1576 3296 1656 3351 Ex
1694 3297 1874 3356 Photii
1909 3299 2255 3367 Bibliotheca,
2288 3296 2411 3353 cod.
2448 3296 2572 3351 275.

487 3462 641 3518 Lecti
687 3472 816 3520 sunt
852 3479 1160 3533 sermones,
1196 3482 1337 3538 quos
1380 3468 1578 3526 beatus
1627 3470 2013 3528 Theodoretus
2041 3487 2082 3545 (ς

416 3557 473 3611 in
532 3563 783 3612 sanctum
828 3558 1098 3618 Joannem
1147 3559 1603 3635 Chrysostomum
1652 3564 2004 3635 composuit:

416 3662 481 3701 ex
516 3646 585 3724 iis,
610 3646 881 3703 hactenus
904 3648 1153 3719 quinque
1186 3634 1397 3705 tantum
1436 3653 1695 3718 vidimus,
1714 3634 1861 3709 unde
1887 3667 2011 3724 quae

419 3723 729 3809 sequuntur
757 3739 1169 3809 descripsimus.

489 3920 744 3991 Quinque
787 3937 1107 3979 sermonum
1151 3926 1365 3995 primus
1396 3925 1618 3981 videtur
1663 3925 1833 3981 alium
1862 3924 2011 3995 prio-

420 4027 540 4067 rem
572 4012 761 4083 sequi,
793 4020 889 4068 aut
921 4023 1071 4071 certe
1110 4031 1240 4087 pars
1276 4017 1518 4090 alicujus
1559 4032 1701 4073 esse.
1736 4016 2010 4073 Caeterum

422 4112 623 4159 tractat
647 4106 924 4176 quomodo
947 4108 1228 4182 (Joannes)
1254 4119 1516 4167 evocatus
1547 4110 2013 4178 Constantinopo-

420 4196 517 4251 lim
558 4198 1121 4271 venerit,ipsiusque
1167 4203 1621 4275 archiepiscopus
1678 4201 2013 4280 constitutus

420 4288 493 4343 sit
531 4305 544 4340 :
580 4290 856 4358 quomodo
900 4292 1307 4365 presbyterium
1339 4302 1397 4349 et
1432 4308 1711 4349 summum
1756 4291 2014 4348 sacerdo-

422 4378 563 4434 tium
593 4379 662 4434 ad
694 4381 977 4451 antiquam
1022 4400 1273 4439 normam
1327 4385 1479 4439 omni
1522 4382 1707 4438 studio
1752 4398 2014 4438 revocare

422 4481 655 4529 conatus
705 4473 816 4529 sit:
851 4491 974 4547 quae
1015 4487 1209 4533 contra
1256 4476 1490 4537 Gainam
1536 4489 1840 4546 generosus
1875 4478 1887 4492 '
1922 4474 2014 4528 ille

422 4565 683 4633 Joannes,
712 4583 863 4624 nunc
908 4585 971 4624 os
1019 4569 1307 4626 ferocienti
1352 4566 1673 4629 occludens,
1713 4582 1864 4621 nunc
1915 4581 2016 4635 pro

424 4659 705 4714 communi
764 4660 1083 4731 reipublicae
1134 4661 1358 4737 negotio
1415 4659 1691 4731 legatione
1754 4657 2012 4728 fungens,

427 4749 641 4821 peregit
673 4769 686 4804 :
720 4751 999 4821 quomodo
1029 4751 1252 4807 tandem
1307 4751 1514 4807 invidia
1558 4749 1891 4806 sententiam
1922 4765 2018 4804 ex-

2201 3467 2544 3537 Ἀνεγνώσθη
2575 3466 2638 3520 ἐκ
2667 3466 2777 3519 τῶν
2802 3463 2895 3519 τοῦ
2939 3462 3212 3535 μακαρίου
3237 3462 3586 3537 Θεοδωρήτου
3617 3462 3707 3518 λό-

2118 3575 2253 3627 γων,
2284 3557 2380 3621 οὓς
2421 3558 2502 3621 είς
2530 3556 2619 3610 τὸν
2655 3558 2713 3609 ἐν
2748 3554 2927 3625 ἁγίοις
2970 3554 3229 3622 Ἰωάννην
3264 3555 3355 3609 τὸν
3397 3557 3711 3629 Χρυσόστο-

2123 3664 2222 3719 μον
2250 3647 2580 3712 συνετάξατο
2605 3687 2620 3711 ,
2654 3639 2730 3700 ὧν
2759 3647 2920 3717 ἡμεῖς
2953 3644 3117 3699 πέντε
3146 3646 3287 3709 τέως
3308 3646 3355 3679 ³⁸
3387 3646 3571 3718 ἷδομεν
3597 3687 3613 3713 ,
3649 3647 3710 3714 ἐξ

2119 3733 2196 3793 ὧν
2230 3739 2324 3793 καί
2353 3756 2507 3803 τινας
2540 3736 2772 3806 ἐκλογάς
2816 3737 2916 3802 τὰς
2946 3739 3398 3809 ὑποτεταγμένας
3424 3756 3708 3813 παρεγρα-

2118 3831 2363 3903 ψάμεβα.

2193 3924 2314 3978 Ὅτι
2348 3922 2458 3977 τῶν
2489 3923 2650 3978 πέντε
2680 3924 2856 3994 λόγων
2882 3925 2910 3977 ό
2943 3924 3181 3996 πρῶτος,
3213 3923 3373 3981 ἄλλον
3406 3921 3515 3994 πρὸ
3539 3923 3709 3981 αὐτοῦ

2119 4016 2268 4070 δοκεῖ
2294 4016 2568 4086 δέχεσθαι,
2602 4016 2635 4087 ἢ
2686 4016 2850 4087 μέρος
2891 4016 3058 4071 αὐτοῦ
3094 4015 3233 4071 εῖναι
3256 4034 3271 4048 ·
3313 4016 3453 4088 πλὴν
3482 4017 3712 4089 διαλαμ-

2122 4107 2311 4172 ϐάνει,
2351 4108 2476 4163 ὅθεν
2522 4125 2583 4162 τε
2627 4108 2965 4180 μετάκλητος
3012 4098 3109 4174 είς
3137 4109 3710 4163 Κωνσταντινούπολιν

2120 4194 2246 4272 ἧκε,
2279 4200 2375 4254 καὶ
2414 4200 2564 4263 ὅπως
2590 4200 2760 4270 αὐτῆς
2791 4200 3080 4272 ἀρχιερεὺς
3108 4200 3368 4271 κατέστη,
3396 4200 3487 4253 καὶ
3515 4199 3591 4262 ὼς
3611 4198 3711 4269 τὴν

2127 4288 2447 4362 ἱερωσύνην,
2497 4291 2593 4356 καὶ
2623 4289 3061 4361 ἀρχιερωσύνην,
3095 4291 3176 4353 είς
3221 4291 3315 4346 τὸν
3348 4292 3575 4365 ἀρχαῖον
3614 4291 3712 4345 κό-

2125 4396 2261 4452 σμον
2283 4382 2579 4448 ἐπανάγειν
2606 4382 2866 4451 ἐπειρᾶτο
2887 4380 3092 4452 σπουδῇ
3120 4381 3271 4455 πάσῃ
3294 4397 3308 4413 ⁸
3332 4384 3427 4437 καὶ
3451 4382 3550 4436 ὅσα
3575 4381 3713 4454 πρὸς

2122 4473 2324 4528 Γαῖναν
2356 4473 2424 4538 ⁸⁸,
2465 4472 2626 4525 τοῦτο
2658 4472 2758 4541 μὲν
2783 4473 2812 4522 ό
2837 4473 3087 4540 γενναῖος
3117 4472 3488 4543 ἐπιστομίζων
3529 4473 3714 4528 ἰωάν⁸

2124 4583 2245 4635 νης,
2294 4565 2452 4618 τοῦτο
2478 4564 2536 4618 δὲ
2574 4564 2713 4637 ὑπὲρ
2755 4564 2864 4617 τῶν
2902 4564 3099 4620 κοινῶν
3136 4566 3236 4636 τῆς
3280 4565 3558 4629 πολιτείας
3598 4564 3715 4618 δια-

2126 4655 2563 4728 πρεσϐευόμενος
2589 4656 2932 4728 πραγμάτων
2958 4656 3286 4729 διεπράξατο
3306 4674 3321 4689 ’
3354 4657 3451 4711 καὶ
3477 4656 3554 4721 ὡς
3580 4655 3715 4727 φθό-

2125 4765 2216 4812 νος
2245 4747 2397 4819 αὐτῷ
2427 4748 2527 4820 τὴν
2558 4749 2860 4822 ὑπερορίαν
2891 4749 2935 4783 ⁶¹
2963 4750 3290 4821 ἐψηφίσατο.
3315 4749 3426 4803 Καί
3452 4766 3577 4803 τινα
3604 4748 3718 4804 τῶν

426 4839 536 4895 silii
561 4841 617 4896 in
639 4856 765 4898 eum
812 4844 1060 4913 protulit.
1086 4842 1213 4900 Haec
1253 4852 1311 4898 et
1351 4844 1460 4898 alia
1498 4858 1623 4913 quae
1670 4842 1758 4897 vir
1795 4850 2006 4898 sanctus

2130 4838 2292 4911 μέχρι
2317 4839 2505 4904 τέλους
2534 4840 2766 4911 ἱστορῶν
2801 4839 2881 4910 τῷ
2913 4839 3187 4911 θεσπεσίῳ
3221 4839 3378 4911 ἀνδρὶ
3416 4838 3715 4911 διηνυσμέ-

426 4929 681 5000 perfecit,
730 4932 799 4987 ad
837 4931 999 4988 ﬁnem
1062 4948 1237 5003 usque
1297 4948 1533 4988 narrans
1564 4930 2017 5013 (Theodoretus),

429 5023 602 5079 multa
627 5025 1009 5092 nihilominus,
1041 5026 1152 5080 imo
1186 5025 1424 5095 plurima
1448 5026 1841 5096 praetermittit.

498 5113 604 5181 Qui
651 5114 903 5185 sequitur
939 5115 1138 5170 breves
1171 5113 1383 5183 aliquas
1428 5113 1639 5179 laudes,
1670 5113 1860 5170 brevis
1903 5116 2021 5187 ipse

2128 4949 2257 4998 νων,
2287 4930 2357 4986 τά
2385 4932 2577 4997 πολλὰ,
2615 4931 2816 5004 μᾶλλον
2835 4931 2893 4986 δὲ
2915 4931 2986 4986 τὰ
3018 4931 3246 4987 πλεῖστα
3276 4931 3640 5003 παριτρέχει.

2214 5111 2272 5165 Ὀ
2303 5110 2361 5166 δὲ
2397 5111 2596 5182 ἐφεξῆς
2637 5111 2794 5181 λόγος
2836 5112 3096 5175 ἐπαίνους
3133 5111 3286 5175 τινὰς
3322 5109 3718 5182 ὀλιγοστίχους,

429 5202 688 5269 absolvit,
720 5203 888 5257 ducto
915 5200 1042 5257 inde
1080 5201 1311 5257 exordio
1338 5221 1349 5255 :
1378 5202 1585 5258 Iterum
1619 5203 1765 5258 nobis
1794 5203 2006 5261 Joanni:

2134 5203 2228 5257 καὶ
2265 5203 2429 5267 αὐτὸς
2470 5203 2805 5274 όλιγόστιχος
2854 5202 2965 5267 ὣν,
3012 5203 3372 5275 διαπεραίνει,
3413 5202 3721 5274 ἀρχόμενος
3805 5224 3810 5229 ·

432 5295 691 5351 memoria
716 5301 1016 5350 revocatur.

504 5385 727 5442 Tertius
773 5384 1154 5443 laudationum
1188 5387 1335 5459 leges
1370 5398 1615 5461 superat.
1665 5389 1898 5445 Praestat
1927 5405 2026 5444 au-

2134 5289 2240 5349 ὧδε
2260 5311 2274 5325 ·
2313 5294 2505 5349 Πάλιν
2526 5292 2675 5364 ἡμῖν
2721 5293 3011 5350 Ἰωάννου
3039 5293 3107 5349 τὸ
3131 5295 3556 5365 μνημόσυνον.

2219 5388 2278 5441 Ὀ
2299 5387 2354 5440 δὲ
2383 5387 2521 5459 μετὰ
2547 5386 2755 5453 τοῦτον,
2788 5386 3082 5459 ἐγκωμίων
3109 5386 3208 5457 μὲν
3235 5386 3330 5440 καὶ
3354 5385 3519 5449 αὐτὸς
3557 5386 3727 5456 ὑπερε-

1721 5562 1953 5619 VARUE
1992 5563 2293 5620 LECTION
2303 5562 2407 5619 ES.

507 5705 555 5741 ⁸⁷
588 5705 750 5781 Ἀλλὰ
786 5704 914 5779 γὰρ,
951 5723 1004 5760 κ.
1037 5722 1088 5763 τ.
1119 5706 1168 5761 λ.
1201 5707 1273 5781 lit
1299 5706 1620 5781 tota__hujus_
1649 5705 1921 5781 orationis
1948 5705 2164 5781 indoles
2193 5721 2222 5762 a
2247 5706 2579 5781 politissimo
2623 5708 2960 5781 Theodoreti
2998 5708 3220 5781 ingenio
3244 5707 3577 5781 etmaseula
3605 5707 3727 5777 ejus

438 5776 754 5850 eloquentia
787 5776 875 5833 est
902 5778 1334 5850 quamgjmaxime
1369 5776 1570 5850 aliena,
1607 5778 1685 5832 ita
1718 5777 1976 5850 epilogus
2020 5776 2311 5850 iste_satis
2357 5779 2723 5834 recentiorem
2779 5776 3111 5850 scriptorem
3158 5778 3361 5850 prodit.
3441 5779 3487 5811 ⁸⁸
3516 5776 3697 5850 Legen

442 5846 573 5905 dum
606 5846 825 5903 videtur
868 5846 1128 5920 χρηστοῦ.
1206 5849 1249 5881 ⁵³
1272 5848 1430 5913 τέως.
1462 5846 1826 5920 [ζῷα-Νῶϊ,
1860 5846 1995 5911 πως.

2074 5849 2119 5880 ⁵⁸³
2137 5848 2369 5921 Photius
2392 5864 2453 5921 ρἒ
2478 5864 2555 5921 ηις
2593 5850 2749 5905 1515.
2778 5847 2999 5919 Γάῖναν,
3033 5851 3089 5905 in
3124 5847 3297 5921 marg.
3334 5849 3553 5906 Γαῖνᾶν.
3587 5847 3724 5906 Vide

444 5916 1096 5994 Iupra,t.lll,p'.'107l.
1176 5920 1219 5952 ⁶¹
1256 5920 1482 5991 ὐπερορ.
1525 5916 1668 5974 Ibid:
1710 5918 1767 5974 in
1824 5932 1996 5991 marg.
2047 5916 2474 5991 ὑπεροψίανᾞΗ.
2519 5918 2612 5994 St.
