4080 6466
462 364 540 433 ιε
1586 374 1911 434 AUCTARI
1923 375 2032 435 UM
2042 421 2055 434 .

2199 375 2297 432 AD
2331 375 2504 433 ΤΟΜ,
2554 375 2647 434 IV.
3677 378 3744 440 50

462 483 691 553 ἔρχεται
721 479 952 551 νόμους’
982 480 1231 554 διαφέρει
1269 481 1326 537 δὲ
1350 481 1460 536 τῶν
1494 483 1599 555 πρὸ
1632 483 1799 539 αὐτοῦ
1828 488 1895 557 τῇ
1928 485 2059 539 καλ-

2165 494 2271 539 tem
2300 484 2580 552 prioribus
2614 484 2906 539 verborum
2929 490 2984 539 et
3010 486 3408 545 sententiarum
3443 487 3744 556 pulchritu-

460 572 593 644 λονῇ
620 572 733 627 τῶν
757 590 819 626 τε
846 572 1132 645 ῥημάτων,
1162 574 1257 628 καὶ
1286 574 1396 628 τῶν
1426 575 1715 646 νοημάτων
1736 593 1749 607 ·
1783 578 2064 648 προοιμιάο

458 662 619 728 (erat
642 662 702 717 δὲ
737 662 917 717 οὕτω·
954 664 1355 733 Πολυστόμου
1397 663 1516 733 τὴν
1554 665 1874 734 παροῦσαν
1912 667 2062 722 ὑπό-

459 757 642 809 θεσιν
687 754 1027 825 σάλπιγγος
1065 755 1380 825 δεομένην,
1423 758 1496 811 ἐν
1526 757 1774 827 παιδικῇ
1798 760 1915 813 νῦν
1947 759 2062 828 ὁρῶ

456 842 961 899 κινδυνεύουσαν
1010 845 1241 916 γλώττῃ
1263 862 1279 877 ο
1337 846 1433 901 καὶ
1500 846 1727 914 κάλλος
1772 849 2058 915 ἀθλητοῦ,

451 936 711 1003 μυρίαις
760 938 1265 1007 συγγραφόμενον
1314 938 1574 1005 τέχναις,
1628 940 1874 995 ἀσθενεῖ
1919 942 2060 1005 κῦν,

456 1028 550 1092 εἰς
599 1024 847 1095 γραφὴν
886 1027 1019 1096 ἐμοὶ
1079 1027 1322 1097 τεχνίτῃ
1370 1030 1785 1099 προκείμενον.
1839 1030 1912 1084 Τὸ
1960 1030 2061 1101 μὲν

459 1116 759 1188 προοίμιον
801 1116 1046 1170 τοιοῦτον
1086 1134 1099 1148 ι
1156 1120 1376 1185 ’Ἄλλος
1419 1120 1609 1175 αὐτὸν
1635 1120 1801 1175 ἕλκει
1829 1121 2062 1189 ,ϐοηθὸν

461 1208 899 1278 ἁρπαζόμενος,
934 1209 1127 1276 ἄλλος
1148 1211 1326 1265 καλεῖ
1342 1211 1726 1282 δικαζόμενος
1744 1215 2057 1281 σύνδικον,

463 1299 664 1365 ἄλλος
719 1299 966 1364 πεινῶν,
1022 1301 1177 1370 ὑπὲρ
1214 1302 1444 1371 τροφῆς
1497 1305 1765 1367 ἱκετεύει,
1809 1304 2056 1375 γυμνὸς,

462 1389 625 1459 ὑπὲρ
674 1390 1031 1461 ἐνδύματος,
1070 1393 1264 1460 ἄλλος
1314 1394 1503 1448 αὐτὸν
1540 1395 1812 1463 άποδύει,
1869 1396 2061 1464 ἄλλος

467 1480 729 1547 πενθῶν,
770 1486 861 1550 εις
893 1483 1284 1552 παράκλησιν
1320 1485 1510 1541 δεῖται
1529 1505 1542 1518 ·
1582 1487 1822 1557 δεσμῶν
1859 1488 2060 1558 ἕτερος

475 1573 861 1642 ἀπολυθῆναι
891 1574 1054 1642 βοᾷο
1101 1576 1266 1629 ἕλκει
1322 1595 1413 1643 τις
1454 1578 1635 1632 αὑτὸν
1674 1578 1864 1645 ἄλλος
1910 1579 2061 1647 πρὸς

476 1664 675 1717 νόσων
694 1663 1049 1732 ἐπίσκεψιν,
1076 1664 1253 1732 ξένος
1278 1667 1435 1720 αἰτεῖ
1452 1667 1838 1738 καταγώγιον,
1859 1669 2059 1738 ἕτερος

471 1755 789 1822 παραστὰς
840 1754 1030 1824 χρέως
1083 1756 1382 1825 ὀδύρεται·
1416 1759 1609 1826 ἄλλος
1644 1761 1919 1831 ἐπόπτην
1960 1763 2059 1816 καὶ

466 1838 852 1909 διαλλακτὴν
896 1842 1016 1897 τῶν
1063 1845 1192 1898 κατ’
1226 1843 1397 1901 οἷκον
1427 1848 1870 1919 μεταπέμπεται
1916 1851 2059 1905 στά-
2092 1844 2136 1900 Β

464 1947 652 1995 σεων,
692 1932 837 1987 οὐδέ
872 1932 1097 2001 δοῦλος
1139 1938 1291 2006 πρὸς
1333 1937 1531 1993 ἄλλον
1576 1943 1936 2011 καταφεύγει
1969 1942 2063 1997 δε-

466 2025 706 2077 σπότου
734 2025 955 2094 πικρὰν
975 2028 1422 2098 ὀλοφυρόμενος
1445 2030 1877 2101 ἀγανάκτησιν.
1899 2035 2063 2103 Χήρα

457 2110 590 2180 ,βοᾷ
617 2112 708 2178 τὸ,
738 2112 1029 2184 Ἐλέησον
1066 2114 1229 2185 ἄλλη
1270 2116 1387 2185 τὴν
1431 2119 1726 2188 ὀρφανίαν
1766 2119 2059 2187 ὀδύρεται.

464 2206 692 2273 Μυρίαι
740 2205 822 2271 τῷ
874 2207 1053 2276 πατρὶ
1075 2210 1207 2263 καθ’
1239 2208 1512 2279 ἑκάστην
1563 2211 1713 2279 πρὸς
1766 2212 2063 2279 ἑκάστους

466 2296 626 2365 ὑπὲρ
653 2296 922 2352 ἑκάστου
961 2300 1195 2367 τροπαί.
1244 2300 1591 2368 Ἀρπάζεταί
1627 2320 1736 2368 τις,
1780 2303 1878 2355 καὶ
1904 2290 2063 2357 ⁸συν-

463 2387 698 2458 ήγορος
731 2393 766 2445 ὀ
796 2390 1022 2459 πατήρ*
1066 2392 1245 2462 λιμὸς
1289 2394 1549 2464 ἐνοχλεῖ,
1583 2396 1681 2449 καὶ
1712 2396 1969 2465 τροφεὺς
1994 2397 2062 2451 ἐκ

463 2483 822 2551 συνηγόρου
860 2484 1121 2554 τίνεται’
1168 2485 1348 2539 νοσεῖ
1383 2503 1497 2552 τις,
1530 2487 1627 2542 καὶ
1656 2490 1744 2553 εις
1785 2489 1988 2556 ἰατρὸν
2030 2491 2063 2543 ὀ

464 2572 732 2641 τροφεὺς
754 2574 1200 2647 μεταϐάλλεται
1229 2593 1241 2605 ·
1276 2576 1483 2630 πένθει
1510 2592 1599 2643 τις
1630 2576 2060 2645 περιπέπτωκε,

466 2663 575 2717 καὶ
617 2666 652 2717 ό
690 2665 1032 2735 νοσοκόμος
1061 2667 1403 2736 εὑρίσκεται
1452 2670 1827 2738 παραμύθιον
1850 2669 1929 2702 θ’·
1968 2669 2064 2734 ξέ-

466 2773 599 2811 νων
628 2757 863 2827 ἐπέστη
896 2759 1145 2828 φροντὶς
1163 2800 1178 2826 ,
1206 2760 1308 2815 καὶ
1334 2760 1659 2831 ξενοδόχος
1686 2765 1719 2816 ό
1741 2762 1938 2816 πάντα
1970 2779 2065 2832 7-s-

464 2849 669 2921 φονὼς
718 2849 1164 2908 ἀναδείκνυται.
1215 2855 1327 2907 Καὶ
1375 2855 1435 2906 τί
1482 2854 1600 2922 χρὴ
1626 2856 1753 2908 καθ’
1802 2855 2066 2910 ἕκαστον

464 2942 698 3013 λέγειν,
730 2943 850 2999 ὅσα
873 2945 1100 3014 χρόνου
1120 2945 1273 3015 μέρη
1300 2947 1408 2999 τὸν
1433 2948 1671 3002 ἐκείνου
1699 2946 1848 3012 ,ϐίον
1875 2947 2065 3018 διεμέ-

464 3052 723 3105 τρησεν,
753 3038 857 3092 ἵνα
876 3037 965 3108 μὴ
1010 3036 1126 3107 τὴν
1152 3039 1613 3108 ἀρχιερωσύνην
1639 3042 1837 3110 μόνην
1865 3042 2022 3112 λέγω
2045 3059 2063 3106 ;

470 3129 753 3197 Τοσαύτη
790 3129 934 3195 τοὺς
968 3128 1321 3198 ἀνθρώπους
1360 3131 1552 3201 ἔργων
1595 3134 1906 3201 σωτηρίων
1933 3149 2064 3187 ποι-

461 3223 640 3276 κιλία
662 3192 965 3291 προϊοῦσα
998 3192 1402 3279 oblitam-er:
1436 3192 1508 3278 ".0
1560 3192 1927 3294 στρατιώτου
1961 3227 2061 3282 καὶ
2093 3192 2135 3250 C

455 3312 620 3382 μετὰ
648 3311 947 3379 τελευτὴν
969 3312 1258 3381 ἀριστέως
1278 3328 1291 3343 ν
1320 3312 1368 3366 ὢ
1383 3316 1660 3385 λυπηροῦ
1677 3315 1801 3381 τοῖς
1825 3317 2064 3387 ἐχθροῖς

460 3402 568 3457 καὶ
596 3403 752 3469 μετὰ
774 3403 983 3472 τάφον
998 3405 1280 3459 ὁπλίτου·
1316 3403 1364 3458 ὢ
1392 3409 1807 3477 παναρμονίας
1849 3410 2060 3478 λύρας,

457 3493 733 3562 τελευτῇ
760 3494 1107 3563 λελυμένης
1125 3512 1138 3524 ·
1187 3495 1235 3547 ὢ
1265 3495 1677 3566 δικαστηρίων
1701 3500 2064 3568 τηλικοῦτον

452 3585 817 3654 ρυθμιστὴν
861 3583 1302 3655 ἐζημιωμένων·
1353 3585 1400 3640 ὦ
1449 3591 1750 3658 σωτηρίου
1790 3591 1917 3659 τοῖς
1957 3592 2064 3647 άν-

457 3671 732 3741 θρώποις
767 3677 855 3741 εις
901 3675 1166 3744 οὐρανὸν
1203 3678 1701 3748 ἀναρπασθείσης
1746 3682 2057 3752 day-rimo“

456 3765 514 3819 ὢ
539 3766 800 3835 δένδρου
854 3769 1007 3837 πρὸς
1036 3769 1301 3838 οὐρανὸν
1338 3771 1442 3825 καὶ
1488 3772 1606 3842 γῆν
1643 3773 2056 3843 μερισθέντος,

457 3856 571 3908 καὶ
632 3854 709 3924 τῇ
733 3856 853 3926 μὲν
903 3858 970 3911 τὸ
1018 3858 1211 3927 σῶμα,
1250 3858 1331 3924 τῷ
1361 3860 1432 3913 δὲ
1477 3861 1593 3930 τὴν
1624 3862 1840 3932 ψυχὴν
1868 3879 2060 3934 παρα-

454 3949 772 4016 σχόντος·
828 3949 898 4001 ἐν
940 3949 1108 4019 τάφῳ
1145 3951 1211 4004 τὸ
1257 3949 1370 4019 τῆς
1424 3955 1797 4022 Ἐκκλησίας
1836 3957 2060 4026 συγκέ-

453 4044 745 4096 κλεισται
769 4044 982 4110 στόμα.
1006 4038 1142 4111 Οἵος
1163 4046 1474 4112 εὐσεϐείας
1490 4046 1818 4116 ἀνθρώπων
1839 4050 2059 4119 spend.

2164 577 2313 631 dine.
2350 577 2440 632 Sic
2472 578 2665 648 incipit
2701 596 2713 630 :
2748 578 2857 632 Viri
2883 580 3213 633 disertissimi
3247 579 3606 634 laudationem
3633 598 3748 653 qum

2161 667 2273 737 99
2302 668 2428 723 tuba
2462 668 2740 739 indigeret,
2768 668 2961 739 puerili
2996 672 3323 740 prapositam
3367 670 3562 741 lingua:
3605 674 3745 741 peri-

2162 760 2340 815 clitari
2369 760 2516 816 video
2544 778 2561 815 :
2591 762 3034 832 quemadmodum
3069 773 3116 816 et
3148 764 3302 817 decus
3333 763 3568 829 athletae,
3602 763 3748 817 mille

2162 870 2280 906 cum
2311 853 2553 922 artiﬁciis
2595 853 2910 924 descriptum
2953 855 3078 907 mihi
3117 871 3254 909 nunc
3288 855 3543 911 imbecillo
3570 858 3747 911 animo

2164 944 2360 1013 artiﬁci
2396 946 2467 999 ad
2519 946 2918 1000 describendum
2957 949 3302 1017 propositum.
3352 948 3441 1003 Sic
3481 964 3540 1004 se
3580 949 3747 1004 habet

2162 1038 2521 1104 Prommium,
2561 1046 2873 1109 sequuntur
2903 1040 3005 1094 ista
3031 1057 3042 1091 :
3072 1038 3221 1094 Alius
3268 1039 3423 1094 illum
3450 1042 3663 1112 rapiens
3691 1042 3745 1093 in

2164 1129 2426 1184 amilium
2464 1131 2665 1196 trahit;
2696 1130 2836 1184 alius
2876 1131 2932 1184 in
2972 1131 3065 1201 jus
3103 1148 3292 1185 iocans
3328 1142 3611 1203 patronum
3644 1133 3746 1186 im—
3822 1190 3830 1197 ξ

2163 1216 2374 1288 plorat;
2426 1218 2565 1273 alius
2610 1219 2885 1288 famelicus
2929 1220 3129 1284 cibum,
3168 1222 3339 1275 nudus
3364 1230 3550 1276 vestem
3594 1231 3743 1287 orat;

2163 1308 2303 1364 alius
2348 1308 2504 1363 illum
2547 1312 2720 1375 exuit;
2779 1310 2917 1364 alius
2962 1310 3147 1365 dolens
3192 1311 3601 1365 consolationem
3655 1329 3746 1383 pc-

2164 1403 2257 1466 tit;
2300 1401 2440 1457 alius
2488 1402 2710 1456 vinculis
2759 1401 2955 1456 exsolvi
3001 1410 3281 1473 precatur;
3316 1403 3454 1456 alius
3495 1403 3564 1455 ad
3602 1419 3746 1456 mor-

2163 1492 2348 1546 borum
2378 1494 2757 1564 inspectionem
2792 1495 2968 1565 ipsum
3005 1495 3197 1559 trahit;
3228 1495 3536 1565 peregrinus
3571 1495 3744 1563 hospi-

2164 1585 2298 1638 tium
2347 1586 2579 1655 ﬁagitat,
2615 1592 2755 1639 astat
2797 1585 2934 1640 alius
2986 1585 3217 1640 debitum
3250 1586 3566 1658 deplorans,
3611 1588 3749 1642 alius

2165 1676 2446 1730 arbitrium
2493 1685 2541 1731 et
2581 1676 2971 1748 paciﬁcatorem
3020 1678 3425 1733 domesticarum
3474 1679 3757 1734 turbarum

2164 1770 2405 1833 accersit,
2439 1785 2532 1822 nec
2574 1769 2646 1823 ad
2672 1768 2840 1823 alium
2870 1769 3102 1839 confugit
3147 1786 3327 1824 servus
3360 1787 3609 1825 amaram
3659 1770 3752 1825 do-

2162 1861 2292 1915 mini
2322 1861 2739 1932 indignationem
2777 1862 2994 1933 deﬂens.
3025 1862 3153 1917 Inde
3190 1863 3349 1917 vidua
3396 1862 3616 1930 clamat,
3654 1864 3751 1918 Mi-

2164 1965 2380 2017 serere;
2425 1952 2548 2005 inde
2597 1953 2877 2007 orbitatem
2937 1952 3199 2023 deplorat.
3247 1953 3430 2009 Multa:
3482 1972 3545 2009 ac
3586 1958 3752 2011 varia:

2164 2043 2339 2112 patri,
2373 2044 2427 2097 in
2462 2043 2720 2114 singulos,
2762 2061 2857 2115 pro
2895 2043 3117 2115 singulis
3158 2049 3624 2113 commutationes;
3656 2065 3749 2102 ra-

2165 2134 2309 2203 pitur
2339 2135 2455 2204 quis
2501 2135 2556 2188 in
2582 2135 2867 2205 judicium,
2898 2143 3155 2206 patronus
3191 2138 3396 2204 etadit;
3442 2140 3608 2209 fames
3651 2139 3752 2194 ali-

2164 2241 2318 2294 quem
2344 2233 2518 2291 vexat,
2546 2225 2608 2295 ﬁt
2644 2228 2873 2281 nutritor
2902 2243 2965 2282 ea:
2999 2235 3253 2299 patrono;
3275 2228 3476 2301 aliquis
3507 2240 3747 2303 a’grolat,

2164 2317 2395 2370 nutritor
2418 2317 2471 2370 in
2495 2316 2751 2371 medicum
2782 2318 3038 2384 vertitur;
3070 2317 3250 2373 dolore
3273 2320 3465 2391 aliquis
3503 2323 3747 2386 concidit,

2163 2405 2400 2460 solamen
2461 2407 2649 2478 afferre
2698 2407 3104 2478 deprehenditur
3167 2410 3431 2476 medicus;
3490 2415 3750 2485 hospitum

2165 2514 2295 2551 cura
2342 2497 2547 2563 incidit,
2587 2499 2767 2552 omnia
2808 2498 2981 2568 factus
3035 2509 3387 2572 susceptorem
3425 2519 3480 2556 se
3525 2504 3747 2557 exhibet.

2167 2589 2307 2655 Quid
2349 2591 2537 2644 attinet
2567 2591 2812 2662 prosequi
2837 2591 3056 2646 dicendo
3079 2593 3318 2664 singulas
3345 2599 3594 2666 temporis
3619 2616 3748 2667 par-

2167 2690 2262 2747 tes,
2289 2698 2407 2753 qute
2432 2684 2597 2737 vitam
2620 2683 2786 2753 ipsius
2819 2683 3068 2739 dimensa:
3092 2693 3236 2752 sunt,
3262 2688 3308 2740 si
3337 2687 3400 2740 de
3431 2687 3542 2741 solo
3567 2706 3748 2743 succr—

2166 2775 2309 2829 dotio
2350 2774 2520 2829 dicere
2549 2777 2851 2847 nequeam?
2876 2785 3028 2831 tanta
3055 2777 3379 2834 salutarium
3415 2799 3630 2853 operum
3661 2801 3751 2837 va-

2168 2869 2329 2921 rietas
2368 2868 2601 2922 homines
2649 2885 2755 2922 non
2802 2867 2961 2938 plane
3012 2870 3246 2942 reliquit.
3283 2870 3329 2927 0
3363 2874 3545 2926 ducem
3590 2876 3750 2928 etiam

2167 2964 2283 3028 post
2308 2959 2428 3012 vita:
2449 2957 2612 3026 ﬁnem
2633 2958 2979 3027 fortissimum
2998 2961 3018 3014 !
3041 2977 3071 3014 ο
3096 2962 3315 3017 militem
3334 2965 3563 3019 hostibus
3592 2968 3750 3019 etiam

2168 3063 2196 3100 e
2223 3045 2464 3117 sepulcro
2502 3047 2830 3103 terribilem!
2856 3064 2885 3101 ο
2917 3035 3099 3121 lyram,
3128 3054 3297 3105 omnis
3327 3054 3620 3107 harmonia:
3655 3072 3748 3108 ca-

2169 3153 2372 3209 pacem,
2407 3146 2572 3192 morte
2586 3140 2708 3210 jam
2731 3138 3073 3195 dissolutam!
3087 3158 3116 3195 o
3141 3142 3432 3198 tribunalia
3453 3153 3599 3199 tanto
3626 3162 3753 3201 ora-

2171 3238 2283 3284 tore
2324 3230 2483 3300 ιοο
2517 3231 2741 3285 orbata!
2770 3248 2799 3285 ο
2831 3231 3125 3288 salutarem
3164 3236 3433 3290 hominum
3470 3254 3746 3308 sagenam,

2167 3323 2222 3376 in
2248 3322 2435 3377 caelum
2466 3331 2681 3394 raptam
2700 3324 2720 3378 !
2736 3341 2766 3377 ο
2782 3325 3026 3380 arborem
3043 3327 3129 3381 ‘in
3152 3326 3340 3382 caelum
3349 3329 3470 3398 jam
3487 3338 3750 3384 etterram

2168 3414 2428 3480 divisam,
2459 3421 2507 3468 et
2553 3416 2672 3469 huic
2720 3416 2927 3486 quidem
2963 3435 3170 3490 corpus,
3218 3419 3300 3475 illi
3345 3437 3468 3475 vero
3512 3424 3751 3477 animam

2167 3506 2502 3561 tradentem!
2543 3505 2611 3561 0s
2649 3506 2901 3579 Ecclesia:
2941 3510 2997 3562 in
3042 3510 3283 3581 sepulcro
3331 3512 3593 3567 occlusum
3639 3515 3753 3569 est!

2169 3595 2415 3663 Quantus
2444 3596 2641 3651 ocellus
2672 3597 2885 3667 pietatis
2919 3614 2984 3652 ex
3017 3600 3289 3654 hominum
3327 3608 3604 3673 conspectu
3632 3618 3750 3656 ere-

2164 3697 2286 3759 ptus
2319 3688 2432 3742 est!
2468 3687 2588 3742 Non
2637 3696 2877 3742 mortuus
2910 3705 2984 3747 es.
3021 3688 3319 3744 beatissime
3345 3690 3529 3755 Pater,
3563 3692 3655 3746 sed
3692 3699 3751 3744 ut

2165 3779 2247 3833 sol
2287 3779 2567 3833 occidisti:
2612 3778 2849 3850 lugemus
2890 3787 2960 3845 te,
2984 3796 3090 3834 non
3135 3789 3191 3835 ut
3232 3789 3521 3848 mortuum,
3562 3782 3654 3836 sed
3693 3790 3751 3836 ut

2168 3872 2314 3926 nobis
2375 3870 2737 3925 absconditum
2790 3886 2808 3924 :
2857 3860 3145 3942 quaerimus
3178 3879 3245 3937 te,
3296 3888 3399 3925 non
3447 3871 3595 3927 velut
3641 3874 3750 3927 vita

2168 3963 2427 4033 functum,
2465 3961 2557 4015 sed
2588 3970 2847 4032 tanquam
2888 3961 3151 4017 eleuatum
3180 3963 3236 4017 in
3263 3963 3469 4018 calum.
3511 3962 3601 4019 Sic
3634 3963 3751 4020 fere

2170 4054 2368 4109 tertius
2399 4054 2537 4124 (sive
2558 4053 2811 4125 quartus)
2838 4054 2999 4108 liber.

451 4138 582 4209 μὸς
604 4136 1009 4206 ἀνηρπάσθη]
1042 4141 1126 4194 Ui:
1154 4138 1473 4208 τέθνηκας,
1499 4138 1547 4197 ὦ
1576 4143 1830 4213 μακάριε
1859 4145 2073 4214 Πάτερ,
2113 4147 2252 4203 ἀλλ’
2288 4148 2370 4214 ὠς
2404 4146 2580 4215 ἥλιος
2604 4145 2767 4211 ἕδυς.
2812 4149 2936 4215 Οὐχ
2965 4148 3048 4212 ὡς
3091 4148 3502 4214 ἀποθανόντος
3524 4147 3747 4218 ἀλγοῦ-

449 4248 600 4303 μεν,
634 4231 774 4286 ἀλλ’
802 4232 877 4297 ὡς
908 4230 1056 4300 ἡμῖν
1086 4232 1500 4303 κεκρυμμένου
1520 4250 1532 4264 ·
1568 4238 1682 4304 οὐχ
1738 4237 1822 4303 ὡς
1884 4237 2177 4294 τεθνεῶτα
2208 4238 2516 4310 ζητοῦμεν,
2552 4238 2688 4294 ἀλλ’
2723 4239 2802 4304 ὡς
2838 4241 2926 4304 εἰς
2989 4239 3286 4309 οὐρανοὺς
3344 4239 3744 4310 μεταστάντα.

467 4322 647 4377 Ἀλλὰ
673 4322 897 4378 τοιαῦτα
932 4323 1053 4395 μὲν,
1083 4325 1179 4378 καὶ
1209 4324 1238 4377 b
1264 4326 1446 4396 τρίτος
1479 4326 1533 4397 (ἢ
1562 4328 1841 4401 τέταρτος)
1877 4329 2055 4400 λόγος.

549 4418 1028 4488 Ἐγκωμιαστικοῦ
1058 4418 1116 4471 δὲ
1145 4418 1315 4472 τύπον
1340 4419 1433 4472 καὶ.
1452 4420 1481 4472 ὁ
1498 4419 1758 4491 τέταρτος
1778 4423 2053 4489 διασώζει,

2235 4418 2477 4487 Quartus
2540 4420 2746 4490 pariter
2794 4421 3168 4476 encomiastici
3234 4421 3470 4478 formam
3539 4440 3744 4497 servat,

452 4515 533 4567 ὲκ
558 4509 658 4562 τοῦ
688 4509 801 4563 δεῖν
841 4510 1011 4580 τιμᾷν
1050 4509 1298 4580 πατέρας
1328 4508 1438 4563 τῶν
1465 4511 1707 4567 ἐπαίνων
1745 4512 2059 4585 ἀπαρχόμε-

2164 4514 2331 4569 ducto
2369 4511 2702 4567 laudationis
2727 4511 2885 4566 initio
2910 4527 2977 4567 ex
2999 4527 3067 4567 eo
3092 4513 3241 4583 quod
3275 4524 3528 4584 oporteat
3550 4534 3748 4588 paren-

453 4620 582 4668 νος,
612 4594 676 4655 οὗ
699 4604 818 4655 ἐστι
846 4604 943 4656 καὶ
968 4600 1174 4657 ταῦτα·

544 4781 782 4836 Τούτων
810 4780 934 4835 τῶν
971 4780 1275 4850 ποιμένων
1325 4778 1415 4848 εἷς
1459 4781 1560 4837 καὶ
1600 4785 1633 4837 ό
1676 4783 1984 4850 Ἰωάννης,
2014 4783 2053 4851 ἡ

452 4871 698 4936 ἄκακος
731 4871 1008 4938 σύνεσις,
1035 4874 1070 4924 ό
1099 4873 1524 4942 πολυόμματος
1543 4870 1712 4938 νοῦς.
1746 4869 1857 4939 τῆς
1883 4874 2056 4941 εὐαγ-

450 4961 722 5033 τελικῆς
746 4945 1056 5031 ἐμπειρίας
1090 4963 1129 5030 ὴ
1157 4962 1400 5029 βίϐλος,
1428 4964 1461 5016 ό
1494 4960 1685 5030 κηροῦ
1705 4960 1857 5028 πρὸς
1883 4962 2055 5016 διαλ-

454 5058 660 5123 λαγὰς
683 5054 1195 5122 εὐπλαστότερος,
1223 5055 1289 5107 τὸ
1316 5052 1470 5122 πρὸς
1498 5055 1840 5123 χαρίσματα
1869 5059 2058 5110 πέλα-

458 5165 593 5218 γος,
625 5150 660 5200 ὀ
699 5146 852 5215 πρὸς
894 5145 1122 5212 δόλους
1152 5146 1590 5215 πολεμούντων
1620 5145 1918 5214 ἀκέραιος,
1947 5147 2058 5216 τῆς

467 5238 843 5305 Ἐκκλησίας
902 5239 937 5291 ὀ
996 5236 1314 5306 περίϐολος
1347 5253 1360 5269 ’
1422 5235 1623 5302 οὐδεὶς
1681 5240 2058 5308 ὑποκρίσεως

454 5330 656 5387 αὐτὸν
686 5328 1085 5385 διελάνθανεν
1103 5328 1259 5397 ὄφις.
1277 5328 1469 5383 Πόθεν
1492 5343 1591 5383 σοι
1606 5329 1823 5393 βούλει
1850 5330 2053 5398 δείξω-

453 5439 578 5493 μεν
614 5421 723 5477 τὸν
765 5419 1058 5488 Ἰωάννην
1102 5418 1473 5490 πολύτιμον;
1527 5417 1622 5479 Ἐκ
1671 5419 2050 5490 φιλοξενίαςς

2164 4603 2316 4658 tibus
2369 4602 2636 4658 honorem
2697 4599 2981 4657 exhibere.
3040 4600 3167 4656 ιιωε
3227 4601 3357 4660 inde
3420 4604 3743 4680 deprompta

2163 4702 2293 4750 sunt
2321 4712 2333 4747 :

2228 4785 2462 4840 Joannes
2488 4787 2675 4840 horum
2709 4792 2985 4855 pastorum
3022 4803 3157 4842 unus
3199 4788 3318 4858 fuit,
3354 4789 3600 4845 voluntas
3630 4795 3745 4848 sine

2163 4875 2393 4939 malitia,
2430 4891 2575 4929 mens
2596 4873 2984 4940 oculatissimn,
3012 4878 3329 4949 evangelicae
3358 4883 3561 4951 peritia:
3592 4882 3740 4947 liber,

2158 4965 2225 5029 “,
2252 4983 2373 5020 cera
2397 4967 2449 5019 in
2472 4983 2652 5020 omnes
2679 4966 2880 5035 formas
2904 4969 3347 5037 commutabilior,
3369 4971 3589 5043 pelagus
3620 4992 3744 5046 gra-

2158 5060 2377 5122 tiarum,
2422 5066 2609 5112 contra
2659 5058 2811 5113 dolos
2877 5061 3106 5115 hostium
3158 5063 3441 5133 infractus,
3495 5064 3743 5121 Ecclesia'

2157 5153 2544 5205 munimentum
2576 5169 2593 5206 :
2632 5150 2813 5207 nullus
2846 5152 3002 5207 illum
3024 5155 3352 5225 hypocriseos
3393 5171 3607 5224 serpens
3654 5155 3738 5208 la-

2158 5245 2277 5297 tuit.
2317 5241 2462 5297 Unde
2486 5244 2578 5298 tibi
2606 5244 2682 5298 vis
2715 5244 3133 5323 demonstremus
3169 5243 3431 5296 Joannem
3477 5241 3742 5313 singulari

2161 5334 2358 5388 honore
2422 5333 2687 5406 dignum?
2742 5336 2806 5388 ab
2855 5332 3259 5403 hospitalitate?
3290 5331 3485 5403 Ecquis
3534 5334 3741 5391 Joanne

2163 5428 2430 5481 amantior
2469 5428 2732 5499 hospitum
2753 5427 2777 5479 ?
2802 5445 2833 5480 a
2866 5427 3163 5480 constantia
3207 5425 3260 5478 in
3310 5424 3741 5497 defensionibus."

1747 5604 1984 5659 VARle
2027 5605 2426 5661 LECTIONES.

530 5725 577 5794 ξ’
609 5721 759 5779 Edit.
818 5723 974 5792 prior
1028 5722 1393 5794 παραμυθίου.
1443 5724 1736 5793 Sequimur
1791 5723 2104 5789 lectionem,
2162 5742 2284 5794 quze
2343 5722 2715 5793 exstnt‘upud
2764 5724 3040 5780 Pholium.

3143 5724 3186 5756 ⁸³
3222 5723 3395 5779 l‘rocti.
3450 5724 3734 5795 Srripturtc

457 5812 490 5851 ι
523 5792 635 5849 Deo
661 5794 962 5865 inspiratw,
999 5792 1276 5864 impolluta
1307 5792 1638 5860 bibliotheca,
1676 5794 1865 5866 divina;
1897 5792 2597 5864 thesaurusintelligentia.
2628 5794 2794 5849 Cum.
