4080 6452
464 325 524 391 51
1680 328 1998 392 OPERUM
2035 332 2527 395 THEODORETI
3670 327 3742 390 58

463 443 660 515 Ecquas
683 443 839 499 illum
865 452 1096 516 potestas
1133 446 1421 519 prostravit
1442 447 1470 501 ?
1502 465 1534 503 a
1563 448 1739 503 studio
1773 450 1828 502 in
1856 448 2037 503 Eccle-

2149 449 2257 504 Καὶ
2312 449 2403 515 τις
2466 448 2740 503 Ἰωάννου
2802 444 3310 516 φιλοξενώτερος;
3372 443 3473 496 Ἕκ
3514 438 3621 506 τῆς
3671 444 3740 492 εν

461 534 640 589 siam?
662 534 958 606 Cujusnam
980 546 1055 591 est
1088 535 1187 593 illa
1210 541 1470 594 concinna
1492 538 1784 596 modulatio
1816 539 2037 612 psalmo-

2149 540 2547 609 προστασίαις
2578 540 2979 608 στερρότητος
3005 555 3023 602 ;
3062 537 3175 591 Καὶ
3209 536 3298 599 τίς
3328 533 3515 588 αὐτὸν
3552 531 3736 585 δυνα-

464 640 604 690 rum,
632 643 739 697 qua
754 626 1038 698 populares
1069 635 1257 684 turmae
1279 629 1335 684 in
1361 630 1497 685 hunc
1531 645 1697 701 usque
1718 630 1858 700 diem
1872 632 2048 685 conci-

464 723 595 769 nuat
610 715 638 770 2
661 715 789 772 Haec
814 725 1054 787 quartus
1069 732 1277 773 sermo.

2148 634 2321 688 στεία
2351 632 2724 702 κατῄδεσεν;
2768 632 2870 685 Ἐκ
2902 629 3015 697 τῆς
3046 628 3180 696 περὶ
3212 626 3327 694 τὴν
3366 624 3738 690 Ἐκκλησίαν

2148 721 2465 792 σπουδῆς;
2496 723 2608 777 Kal
2637 725 2803 789 τινος
2836 722 2875 789 ἡ
2904 719 3012 787 τῆς
3034 719 3384 789 ψαλμῳδίας
3413 715 3533 769 τῶν
3558 714 3737 782 δημο-

2147 791 2329 869 τικῶν
2351 791 2661 886 ταγμάτων
2677 813 2852 884 μέχρι
2873 812 2990 867 νῦν
3009 811 3299 880 εὐρυθςιὶα
3308 826 3329 873 ;
3344 803 3508 860 Ἀλλὰ
3522 807 3734 861 τοιαῦτα

2150 906 2249 975 μὲν
2271 906 2366 960 καὶ
2394 900 2551 969 οὗτος
2576 907 2604 960 ὁ
2627 905 2806 973 λόγος.

2227 995 2287 1050 '0
2318 995 2375 1048 δὲ
2396 995 2596 1066 ἑφεξῆς
2625 995 2754 1059 τοὺς
2778 994 2977 1058 αὐτοὺς
3011 992 3110 1064 μὲν
3136 991 3245 1045 τῶν
3275 988 3570 1059 ἐγκωμίων
3600 985 3731 1038 πλέ-

2147 1101 2234 1138 κει
2266 1086 2588 1155 στεφάνους,
2618 1084 3001 1157 λαμπρότερον
3031 1083 3088 1137 δέ
3115 1100 3235 1145 πως
3262 1080 3361 1152 τὴν
3388 1078 3498 1133 τῶν
3527 1078 3731 1148 νοημά-

2145 1193 2253 1229 των
2288 1176 2442 1247 ἰσχὺν
2472 1176 2825 1245 ἀπαγγέλλει.

2227 1268 2466 1323 Ἐοίκασι
2495 1268 2552 1322 δὲ
2578 1262 2726 1323 οὗτοι
2763 1269 2963 1330 πάντες
2995 1267 3046 1321 oi.
3079 1266 3240 1319 πέντε
3274 1265 3422 1333 λόγοι
3463 1260 3601 1332 μετά
3630 1260 3729 1327 τὴν

2145 1358 2254 1412 ἀπὸ
2284 1359 2385 1430 τῆς
2416 1359 2714 1431 ὑπερορίας
2744 1358 3084 1429 ἀνακομιδὴν
3115 1354 3498 1425 συντετάχθαι.
3534 1351 3643 1407 Τοῦ
3671 1352 3728 1404 δὲ

2145 1448 2241 1503 νῦν
2269 1450 2430 1519 λόγου
2470 1452 2636 1524 μέρος
2658 1451 2799 1505 εἰσὶν
2830 1452 2888 1504 αἱ
2927 1451 3227 1521 περικοπαὶ
3276 1446 3387 1500 τῶν
3426 1444 3729 1514 ὑποκειμέ-

2144 1556 2251 1596 νων
2283 1541 2566 1613 ῥημάτων.

400 1690 407 1697 ,
525 1626 611 1681 Da
650 1629 794 1683 nobis
825 1637 1068 1691 mutuam
1107 1629 1283 1701 lyram
1319 1638 1486 1696 tuam,
1516 1647 1547 1684 o
1570 1629 1757 1695 Pater,
1791 1630 1861 1685 da
1893 1638 2037 1684 tuum

2214 1634 2461 1703 Χρῆσον
2497 1633 2665 1705 ἡμῖν,
2692 1629 2743 1689 ὦ
2766 1634 2981 1702 Πάτερ,
3008 1634 3125 1701 τὴν
3169 1632 3364 1701 λύραν
3417 1626 3532 1697 τὴν
3579 1625 3725 1693 σὴν,

456 1718 525 1772 ad
563 1727 685 1773 tuas
719 1717 900 1773 laudes
934 1718 1213 1791 plectrum.
1253 1721 1372 1776 Etsi
1406 1722 1548 1775 enim
1576 1737 1766 1775 manus
1798 1721 2037 1777 resoluta:

2144 1725 2211 1778 τὸ
2244 1724 2364 1779 σὸν
2411 1728 2497 1792 εἰς
2544 1725 2659 1794 τὴν
2694 1726 2821 1795 σὴν
2877 1724 3180 1794 εὐφημίαν
3232 1721 3522 1776 δάνεισον
3569 1715 3723 1785 πλῆ-

454 1809 563 1863 sint
590 1818 799 1865 natura:
828 1809 957 1880 lege,
986 1812 1121 1865 dono
1149 1821 1323 1866 tamen
1349 1813 1537 1882 gratia:
1568 1811 1685 1883 lyra
1714 1829 1807 1883 per
1830 1829 2037 1866 onmem

2143 1833 2344 1883 κτρον.
2380 1818 2452 1871 El
2482 1792 2723 1887 γάρκαὶ
2766 1792 2833 1871 ἀι
2865 1792 3062 1886 χεῖρες
3110 1813 3423 1880 ἐλύθησαν
3452 1807 3531 1875 τῷ
3565 1812 3726 1877 νόμῳ

456 1905 655 1954 terram
689 1908 864 1957 sonat.
906 1902 991 1957 Da
1027 1901 1172 1955 nobis
1207 1900 1565 1956 immortalem
1590 1899 1742 1955 illam
1775 1899 2035 1973 linguam,

2145 1908 2258 1976 τῆς
2286 1908 2547 1978 φύσεως,
2587 1909 2728 1963 ἀλλ’
2756 1909 2797 1977 η
2822 1908 2982 1975 λύρα
3025 1905 3126 1960 διὰ
3155 1902 3359 1969 πάσης
3392 1899 3500 1968 τῆς
3531 1901 3724 1954 οἰκου-

455 2004 571 2058 quia
602 1989 717 2044 sola
742 1991 892 2046 rebus
924 1993 1028 2046 tuis
1057 1992 1373 2046 enarrandis
1400 2009 1500 2065 par
1529 2002 1605 2046 est
1637 1992 1703 2046 “.
1748 1992 2037 2065 Propterea

2138 1999 2330 2068 μένης
2349 1999 2486 2069 ἠχεῖ
2508 1997 2588 2065 τῷ
2618 1998 2781 2068 δώρῳ
2797 1999 2844 2031 ’⁸
2871 1997 2983 2066 τῆς
3006 1995 3247 2067 χάριτος
3265 2011 3279 2026 ·
3315 1993 3553 2059 ἐκείνης
3582 1989 3722 2059 ἡμῖν

452 2077 687 2146 Joannes
732 2080 994 2137 Joannem
1032 2084 1307 2160 antecessit
1340 2083 1411 2148 “,
1456 2083 1618 2138 libere
1661 2083 1877 2155 loquens
1922 2085 2036 2139 zelo

2146 2089 2255 2157 τῆς
2292 2089 2594 2145 ἀθανάτου
2630 2089 2897 2160 γλώττης
2924 2086 3208 2158 μετάδος’
3236 2085 3394 2154 μόνη
3428 2082 3537 2152 γὰρ
3563 2082 3600 2149 ἡ
3639 2079 3722 2147 σὴ

453 2170 763 2238 ardentem;
795 2174 885 2244 qui
912 2182 1029 2243 post
1059 2158 1277 2228 mortem
1305 2176 1481 2245 arguit
1514 2175 1888 2246 praedicantem
1919 2185 2036 2248 post

2141 2178 2375 2249 γλῶττα
2403 2177 2523 2233 τῶν
2555 2180 2685 2233 σῶν
2720 2176 3186 2247 κατορθωμάτων
3211 2175 3373 2240 ἀξΙα.
3402 2176 3505 2227 Διὰ
3537 2170 3725 2224 ταῦτα

379 2282 397 2306 κ
454 2268 675 2315 mortem
703 2277 724 2316 :
756 2264 849 2333 qui
890 2262 1156 2317 desertum
1200 2262 1340 2317 velut
1382 2263 1563 2318 urbem
1599 2265 1849 2331 instituit,
1885 2270 2037 2326 totius

2160 2271 2442 2339 Ἰωάννης
2501 2270 2788 2337 Ἰωάννην
2838 2270 3194 2338 ἀπείληφεν,
3226 2270 3259 2321 ό
3312 2266 3720 2333 πεπαρῤησια-

452 2353 594 2409 urbis
627 2356 1039 2411 emendatorem.
1060 2356 1235 2412 Habes
1271 2356 1437 2411 aliam
1459 2374 1579 2412 cum
1600 2358 1853 2429 apostolis
1880 2363 1925 2394 “
1957 2381 2037 2418 co-

2145 2360 2373 2433 σμένος
2402 2362 2510 2415 τὸν
2535 2360 2842 2429 ζηλωτήν·
2888 2364 2921 2416 ὁ
2961 2358 3114 2430 μετὰ
3151 2359 3413 2415 θάνατον
3456 2355 3724 2424 ἐλέγχων

452 2447 794 2514 gnationem;
815 2448 1018 2520 primus
1046 2449 1190 2519 apud
1219 2449 1573 2504 Hamaxobios
1590 2448 1811 2522 Scythas
1829 2453 1896 2519 ⁸⁷,
1915 2471 2037 2509 aras

2144 2454 2251 2508 τὸν
2274 2454 2646 2522 κηρύττοντά
2668 2455 2822 2523 μετὰ
2845 2452 3128 2517 θάνατον,
3158 2455 3192 2506 ό
3224 2450 3336 2519 τῆς
3366 2447 3591 2518 ἐρήμου
3614 2463 3720 2499 πο-

451 2538 698 2604 rrexisti,
728 2540 747 2559 ‘
779 2546 828 2593 et
857 2539 1115 2595 barbarus
1156 2543 1247 2612 qui
1283 2542 1370 2596 vix
1414 2541 1479 2595 ab
1522 2557 1655 2612 equo
1692 2542 1918 2608 dissilit,
1959 2543 2037 2598 di-

2141 2547 2351 2615 λὶτης,
2383 2545 2493 2600 τὸν
2518 2545 2722 2614 πάσης
2751 2547 2985 2611 πόλεως
3031 2541 3477 2613 σωφρονιστήν.
3516 2541 3717 2607 Ἔχεις

451 2628 577 2681 dicit
626 2645 765 2699 genu
802 2633 1043 2702 ﬂectere,
1080 2639 1130 2685 et
1177 2633 1248 2687 ad
1294 2633 1655 2704 pavimentum
1708 2635 1972 2704 prosterni
2020 2651 2037 2688 :

2140 2636 2258 2706 τὴν
2295 2636 2497 2705 ἀλλην
2538 2636 2690 2706 πρὸς
2724 2636 2866 2703 τοὺς
2905 2636 3293 2698 ἀποστόλους
3321 2628 3680 2702 συγγένειαν
3701 2642 3718 2658 ·

449 2721 541 2788 qui
581 2723 911 2791 captivorum
963 2724 1211 2797 lacrymis
1261 2742 1367 2780 non
1418 2733 1676 2792 movetur,
1719 2726 1901 2781 didicit
1943 2743 2037 2798 pro

2139 2726 2371 2797 πρῶτος
2417 2728 2575 2798 παρὰ
2626 2728 2751 2795 τοῖς
2801 2727 3170 2798 Ἀμαξοϐίοις
3214 2725 3471 2788 Σκύθαις
3506 2726 3711 2777 θυσια-

449 2814 673 2881 peccatis
693 2816 841 2885 ﬂere.
870 2814 1009 2881 Quin
1036 2819 1198 2872 etiam
1219 2818 1583 2889 jaculatorem
1611 2818 1832 2873 Persam
1854 2817 2037 2889 jaculo

2136 2820 2353 2890 στήρια
2379 2819 2641 2889 ἔπηξαςο
2676 2821 2776 2875 καὶ
2820 2821 2997 2890 μόλις
3040 2817 3160 2872 τῶν
3186 2818 3387 2871 ἵππων
3407 2810 3717 2880 ἀποπηδή-

450 2905 843 2974 prwdicationis
872 2910 1066 2980 petiisti
1078 2910 1155 2975 ⁶⁸;
1173 2911 1365 2982 quique
1396 2908 1530 2965 nihil
1550 2911 1784 2982 cogitant
1805 2911 1907 2964 nisi
1935 2910 2043 2984 {er-

448 3013 589 3065 rum,
622 2999 918 3056 didicerunt
951 3000 1278 3071 Cruci/istum
1312 3003 1560 3058 adorare.

2136 3003 2360 3075 ἔδαφος
2401 3004 2846 3071 ἐξαπλοῦσθαιο
2882 3003 2983 3057 καὶ
3037 3003 3072 3056 ό
3119 3000 3244 3065 τοῖς
3272 2997 3389 3053 τῶν
3419 2992 3712 3066 αἰχμαλώ-

445 3108 566 3145 των
622 3093 882 3165 δάκρυσι
933 3096 1020 3166 μὴ
1074 3099 1528 3169 καμπτόμενος,
1576 3098 1796 3168 ἔμαθεν
1848 3099 2002 3166 ὑπὲρ
2065 3097 2496 3171 ἁμαρτημάτων
2539 3100 2840 3170 δακρύειν.
2885 3097 2994 3153 Kal
3033 3097 3163 3166 μὴν
3199 3097 3297 3149 καὶ
3329 3094 3435 3148 τὸν
3461 3093 3719 3160 τοξότην

445 3179 688 3253 Πέρσην
759 3186 1198 3255 ἀντετόξευσας
1270 3190 1352 3257 τῷ
1410 3191 1783 3261 ,κηρύγματιυ
1864 3190 1963 3244 καὶ
2013 3193 2448 3265 σιδηρόφρονες
2514 3193 2973 3263 προσκυνοῦσιν
3022 3188 3238 3244 ἐκεῖνοι
3295 3188 3401 3242 τὸν
3455 3201 3719 3254 σταυρω-

532 993 783 1062 Sequens
831 992 1057 1049 easdem
1108 995 1285 1049 nectit
1343 993 1570 1048 laudum
1622 993 1900 1049 corollas:
1946 994 2044 1049 sed

458 1083 574 1137 vim
616 1091 672 1138 et
708 1084 880 1139 robur
924 1084 1330 1141 sententiarum
1355 1100 1580 1141 suarum
1616 1084 1673 1139 in
1711 1084 1928 1140 meliori
1960 1086 2045 1141 lu-

459 1174 608 1228 mine
643 1175 823 1244 ponit.

532 1266 686 1336 101
726 1266 998 1322 Videntur
1026 1282 1192 1337 porro
1228 1281 1422 1323 omnes
1451 1266 1532 1320 illi
1564 1280 1848 1322 sermones
1876 1267 2042 1337 quin-

456 1372 586 1426 que,
633 1365 760 1428 post
804 1361 1179 1416 reversionem
1211 1360 1282 1415 ab
1317 1359 1512 1415 exsilio
1543 1360 1855 1429 compositi.
1899 1358 2043 1415 Sub-

452 1447 597 1516 jecta
627 1446 932 1519 fragmenta
958 1465 1088 1520 pars
1117 1458 1246 1505 sunt
1271 1450 1561 1520 praesentis
1587 1450 1880 1505 sermonis.

2136 2928 2255 2980 σας
2283 2916 2317 2967 ό
2345 2912 2671 2981 βάρϐαρος,
2710 2913 2892 2982 ἔμαθε
2932 2911 3083 2981 γόνυ
3125 2908 3444 2979 κάμπτειν,
3482 2905 3582 2959 καὶ
3631 2906 3719 2968 εις
3824 2942 3831 2947 η

446 3278 650 3332 θέντα.

520 3369 678 3440 1ο2
719 3370 849 3426 Vicit
889 3380 981 3427 tua
1025 3374 1212 3445 lingua
1250 3338 1621 3432 Chaldaeorum
1659 3384 1710 3431 et
1754 3393 2029 3450 magorum
2057 3380 2103 3443 ο

446 3459 763 3532 pmstigias,
794 3460 1086 3519 Persarum
1113 3465 1397 3535 infecunda
1423 3474 1473 3522 et
1498 3466 1687 3538 glabra
1719 3468 1875 3523 tellus
1904 3486 2031 3524 ora-

446 3548 603 3606 tionis
641 3552 822 3608 domos
852 3555 1006 3626 quasi
1042 3557 1286 3627 germina
1326 3557 1593 3628 produxit.
1627 3558 1735 3614 Nec
1755 3561 1879 3631 jam
1911 3577 2030 3615 am-

447 3642 586 3713 plius
617 3642 859 3717 Babylon
893 3663 928 3701 a
958 3648 1045 3718 pio
1089 3646 1235 3701 cultu
1281 3647 1459 3704 aliena
1502 3658 1599 3717 est,
1632 3659 1787 3722 atque
1827 3653 1936 3706 hac
1980 3659 2031 3705 te

448 3734 699 3805 apostolis
726 3738 1021 3793 sociarant.

516 3823 672 3896 Apud
716 3843 810 3881 nos
850 3845 972 3883 vero
1014 3830 1308 3885 etiamnum
1346 3833 1551 3887 semina
1587 3828 1787 3905 lingula
1812 3842 1916 3890 tute
1951 3836 2029 3889 ita

448 3920 675 3989 ﬂorent,
725 3928 783 3975 ut
828 3922 875 3975 si
927 3922 1139 3993 quando
1196 3923 1390 3995 aliquis
1446 3925 1707 3982 Joannem
1761 3927 2026 3992 nominet,

451 4027 672 4082 magnus
689 4015 869 4068 statim
886 4031 1046 4070 sonus
1071 4018 1411 4084 exaudiatur,
1435 4017 1888 4089 ecclesiasticaque
1909 4016 2029 4087 lyra

447 4105 725 4176 antiquum
766 4104 1025 4178 plectrum
1069 4116 1345 4181 cognoscat
1376 4126 1394 4165 .'
1425 4109 1643 4182 syllable
1682 4109 1909 4165 nominis
1949 4106 2028 4162 tui

446 4211 540 4267 pro
568 4196 744 4267 digitis
769 4197 1055 4267 sufﬁciunt.

520 4290 655 4346 Vidit
680 4294 803 4349 urbs
828 4296 973 4367 regia
1005 4292 1259 4367 Syrorum
1287 4296 1416 4363 tela,
1446 4306 1493 4351 et
1535 4298 1862 4368 contempsit.
1889 4297 2025 4354 Vidit

447 4380 657 4454 lapillos
693 4383 921 4450 Indicos,
952 4393 1001 4440 et
1029 4386 1280 4459 despexit,
1318 4405 1411 4443 nec
1447 4387 1601 4443 illam
1636 4387 1758 4459 Tyri
1783 4404 2023 4460 purpura

445 4471 631 4542 affecit.
666 4471 950 4528 Mortalem
992 4475 1238 4532 ardenter
1275 4476 1568 4546 concupiuit
1613 4474 1872 4545 linguam,
1907 4492 2026 4546 quae

444 4562 769 4618 immortales
796 4564 1048 4623 doctrina:
1077 4566 1304 4640 liquores
1332 4565 1637 4622 distillaret.

2217 3378 2539 3444 Ἐνίκησεν
2568 3375 2605 3443 ἡ
2635 3373 2719 3442 σὴ
2752 3372 2988 3443 γλῶττα
3018 3369 3336 3427 Χαλδαίων
3362 3372 3463 3426 καὶ
3508 3373 3718 3443 μάγων

2129 3466 2633 3538 ματτανευτήρια,
2672 3466 2774 3519 καὶ
2808 3466 2848 3532 ἡ
2882 3463 3302 3533 κεχερσωμένη
3358 3464 3574 3533 Περσὶς
3614 3467 3712 3520 εὑ..

2130 3560 2412 3628 κτηρίους
2452 3558 2662 3622 οἴκους
2697 3554 3117 3623 ἐϐλάστησεν·
3163 3554 3363 3609 οὐκέτι
3399 3555 3509 3623 τῆς
3544 3557 3712 3610 εὺσε⁸

2132 3650 2277 3717 ϐοῦς
2313 3650 2643 3720 θρησκείας
2671 3649 2744 3703 τὰ
2784 3647 3140 3714 Βαϐυλῶνος
3166 3648 3457 3716 ἀλλότρια
3477 3663 3492 3679 ·
3522 3645 3714 3701 ταῦτά

2128 3757 2206 3798 σε
2231 3742 2359 3809 τοῖς
2380 3741 2747 3806 ἀποστόλοις
2770 3738 3134 3803 συνέζευξεν
3146 3738 3212 3793 τι.

2205 3833 2335 3885 Ἔτι
2363 3830 2501 3898 παρ’
2532 3829 2681 3899 ἡμῖν
2708 3830 2782 3883 τὰ
2817 3828 3131 3898 σπέρματα
3158 3826 3269 3896 τῆς
3290 3826 3412 3895 σῆς
3444 3827 3710 3897 γλώττης

2128 3921 2321 3986 ἀνθεῖ,
2353 3919 2472 3975 κᾶν
2516 3918 2809 3987 Ἰωάννην
2831 3936 2921 3984 τις
2946 3916 3243 3987 ὀνομάσῃ,
3269 3915 3468 3983 πολὺς
3486 3917 3521 3970 ό
3555 3915 3708 3985 ἦχος

2130 4012 2513 4081 ἐκκρούεταν
2544 4013 2584 4081 τι
2614 4011 2724 4081 τὰρ
2772 4007 3259 4079 ἐκκλησιαστικὴ
3295 4009 3453 4076 λύρα
3495 4007 3565 4061 τὸ
3592 4007 3708 4075 ἀρ-

2126 4104 2304 4175 χαῖον
2332 4102 2649 4174 πλῆκτρον
2699 4102 3113 4173 ἐπιγινώσκει·
3163 4102 3263 4155 καὶ
3309 4099 3444 4157 ἀντὶ
3487 4098 3698 4155 δακτύ-

2124 4200 2253 4252 λων
2283 4194 2583 4265 ἀρκοῦσιν
2610 4197 2672 4250 αι
2696 4194 2806 4251 τοῦ
2833 4194 2951 4250 σοῦ
2976 4194 3269 4264 ὀνόματος
3305 4191 3641 4248 συλλαϐαί.

2208 4290 2508 4345 meum
2545 4290 2585 4357 ἡ
2633 4287 2888 4354 βασιλὶς
2919 4286 3098 4353 πόλις
3126 4285 3200 4340 τὰ
3227 4286 3298 4340 ἐκ
3326 4284 3532 4353 Σύρων
3550 4280 3705 4352 ὑφά-

2125 4396 2347 4451 σματα,
2382 4373 2483 4435 καὶ
2536 4378 2822 4436 διέπτυον
2839 4394 2855 4411 ’
2914 4378 3149 4447 ἐθεώρει
3195 4377 3340 4443 τοὺς
3387 4377 3457 4441 ἐξ
3502 4373 3708 4430 Ἰνδῶν

2123 4474 2356 4539 λίθους,
2378 4471 2479 4529 καὶ
2496 4472 2850 4541 κατεφρόνει
2867 4486 2882 4502 ·
2900 4470 3044 4527 οὐδὲ
3063 4470 3177 4538 τῆς
3201 4470 3387 4538 Τύρου
3407 4469 3473 4523 τὸ
3490 4468 3707 4534 ἁλουρ-

2128 4563 2233 4634 γὲς
2252 4562 2449 4631 αὐτὴν
2471 4561 2721 4632 ἔτερπεν
2748 4562 2952 4629 ἄνθος.
2980 4563 3259 4630 Πηλινην
3286 4561 3487 4616 ἐπόθει
3520 4556 3707 4629 γλῶτ-
3783 4566 3789 4571 ’

2123 4672 2256 4721 ταν,
2287 4656 2557 4709 ἀθάνατα
2588 4653 2992 4720 διδασκαλίας
3018 4653 3407 4724 προχέουσαν
3446 4651 3702 4720 νάματα.

514 4738 646 4795 Vidit
664 4748 714 4795 te
727 4745 946 4815 antiqua
964 4745 1220 4817 Ephesus,
1240 4754 1289 4800 et
1302 4745 1567 4800 Joannem
1588 4760 1780 4799 novum
1800 4745 1933 4799 dixit
1949 4747 2014 4799 ”.

2196 4744 2339 4803 Εἷδέ
2362 4763 2437 4803 σε
2461 4747 2563 4802 και
2592 4748 2852 4818 Ἔφεσος
2876 4748 2915 4816 ἠ
2936 4722 3181 4816 ἀρχαία,
3209 4744 3310 4800 καὶ
3334 4743 3482 4799 νέον
3508 4740 3705 4798 Ἰωάν-

444 4827 599 4897 Vidit,
629 4840 679 4887 et
705 4836 989 4908 evangelici
1014 4838 1292 4893 recordata
1320 4845 1396 4891 est
1422 4836 1642 4890 tonitru.

510 5015 735 5087 Exinde,
765 5038 799 5077 ο
827 5022 1022 5087 dilecti,
1052 5038 1236 5077 cursus
1263 5020 1518 5077 orationis
1546 5020 1602 5075 in
1628 5018 1939 5091 confragosa
1967 5028 2019 5073 et

441 5127 629 5183 aspera
653 5114 963 5188 impellitur.
985 5115 1064 5172 Nc
1083 5124 1260 5170 tamen
1282 5113 1565 5184 asperitate
1587 5113 1825 5167 deterriti
1846 5112 2020 5185 fugia-

2122 4858 2241 4909 νην
2277 4842 2609 4909 προσεῖπεν
2625 4858 2640 4873 ·
2680 4837 2824 4907 εἶδε,
2868 4839 2968 4895 καὶ
3003 4833 3401 4908 εὐαγγελικῆς
3432 4831 3703 4903 ὑπεμνή-

2122 4935 2241 4998 σθη
2259 4933 2303 4965 τ’
2320 4929 2608 5000 βροντῆς.

2206 5019 2535 5086 Ἐντεῦθεν,
2557 5019 2879 5089 ἀγαπητοὶ,
2907 5017 2976 5073 τὸ
2996 5018 3193 5088 ῥεῦμα
3218 5015 3328 5071 τοῦ
3355 5017 3544 5083 λόγου
3570 5024 3705 5110 τρα-

2124 5113 2395 5183 κύνπαιο
2422 5112 2589 5168 ἀλλὰ
2609 5112 2697 5183 μὴ
2724 5112 3005 5197 φύγωμεν
3045 5108 3162 5178 τὴν
3191 5106 3557 5177 τραχύτητα,
3589 5106 3702 5169 τῆς

1707 5248 1941 5305 νΑῐὶΙλΕ
1981 5248 2386 5309 LECTIONES.

506 5359 754 5434 “Procl.
791 5360 985 5434 Nullus
1023 5362 1180 5434 digne
1221 5362 1461 5420 laudabit
1495 5364 1788 5431 Joannem,
1817 5369 1863 5423 si
1897 5384 2002 5422 non
2034 5368 2103 5421 sit
2142 5366 2280 5424 alius
2320 5368 2575 5425 Joannes.
2617 5369 2679 5426 ϐ.
2758 5371 2803 5402 ⁸⁸
2833 5368 3012 5424 Procl.
3050 5367 3284 5424 Joannes
3315 5365 3435 5430 ille,
3465 5363 3702 5434 Joannes

437 5432 573 5504 iste;
608 5432 719 5504 ille
737 5432 1093 5504 prazdicator,‘
1118 5433 1215 5504 iste
1266 5434 1417 5499 tuba,
1450 5442 1558 5492 etc.
1592 5436 1653 5493 ϐ.
1730 5438 1775 5469 ⁸⁸
1797 5438 1976 5493 Procl.
2021 5437 2255 5493 Joannes
2307 5456 2427 5493 cum
2473 5439 2772 5495 beatissimo
2816 5438 2991 5494 Paulo
3041 5447 3163 5493 tunc
3206 5437 3402 5491 clamat
3444 5433 3699 5489 :Christi

440 5502 617 5580 [tonus
654 5502 793 5580 odor
827 5516 1020 5580 sumus
1052 5521 1064 5557 :
1104 5502 1324 5580 anem
1357 5507 1496 5560 enim
1545 5505 1722 5580 locum
1746 5507 1811 5562 ab
1851 5523 2030 5562 errore
2058 5508 2326 5580 liberavit.
2364 5510 2433 5580 ϐ.
2505 5512 2548 5543 ³⁷
2584 5512 2761 5567 Procl.
2802 5510 2867 5564 In
2902 5510 3155 5580 plaustris
3193 5509 3450 5580 uiuentes,
3475 5505 3532 5580 _ii
3571 5512 3699 5580 sunt

435 5640 545 5695 side

436 5570 687 5694 Επιτοβωὶ
736 5569 960 5642 Scythas,
1010 5590 1043 5628 a
1098 5572 1485 5644 Chrysostomo,
1530 5594 1648 5630 cum
1682 5577 1870 5633 Cucusi
1916 5578 2204 5643 exsularet,

436 5640 545 5694 Sltle
626 5642 805 5694 erbum
842 5640 936 5694 Dei
971 5645 1264 5694 seminavit.
1302 5646 1363 5694 Ω.
1439 5648 1484 5680 ⁸³
1521 5646 1697 5694 Prnnl-
1728 5648 1786 5694 In
1816 5647 2016 5694 Enhesn
2050 5658 2204 5694 nrlen

2250 5579 2354 5647 ﬁde
2399 5579 2706 5637 Christiana
2738 5573 2946 5635 imbuti.
2988 5579 3049 5635 G.
3165 5579 3211 5612 ⁸⁸
3251 5576 3429 5632 Procl.
3466 5573 3699 5647 InPer-

626 5640 942 5717 erbuijei
971 5640 1363 5717 seminavit._G.
1439 5648 1484 5680 θ’
1520 5646 1697 5701 Procl.
1725 5648 1786 5702 In
1812 5647 2016 5717 Epheso
2050 5640 2220 5703 artem
2250 5640 2410 5705 Mida:
2436 5653 2653 5706 nudavit
2678 5669 2697 5707 :
2729 5660 2899 5709 artem
2931 5650 3196 5705 nefariam
3223 5645 3700 5717 eomparandipe-

436 5710 644 5766 cunias.
674 5711 736 5769 G.
812 5712 857 5745 "°
883 5712 1055 5787 δώρῳ.
1093 5715 1252 5771 Phot.
1277 5715 1331 5772 in
1359 5732 1530 5787 marg.
1607 5717 1770 5789 λόίῳ.
1843 5710 1886 5751 ⁷ἰ
1915 5719 2074 5775 Phot.
2121 5719 2177 5775 in
2222 5735 2390 5792 marg.
2444 5722 2751 5792 συνέταξεν.
2827 5722 2869 5755 ⁷¹
2896 5721 3053 5778 Phot.
3082 5721 3139 5776 in
3163 5710 3660 5790 margthswﬁbip
