4080 6536
488 328 523 388 5
988 295 989 298 ‘
1587 301 2054 388 AUCTABIUM.
2087 323 2155 335 -
2195 300 2294 358 AD
2333 298 2510 358 TOM.
2550 299 2648 357 Ν.
3698 292 3767 358 54

481 421 738 489 εἰρήνης
769 417 990 472 λοιπὸν
1023 417 1427 482 ὁδοποιούσης
1470 414 1549 479 τῷ
1564 381 1932 483 peullarle2
1971 412 2076 482 γάρ

2189 429 2324 475 mus,
2358 411 2783 482 quandoquidem
2815 425 2920 480 pax-
2955 408 3131 461 cursui
3164 409 3302 460 viam
3337 407 3525 476 aperit.
3560 407 3696 461 Nam
3723 412 3767 463 si

488 529 540 563 τι
567 511 722 578 πρὸς
754 509 894 574 τοὺς
929 509 1083 574 σοὺς
1115 507 1360 571 ναύτας,
1383 501 1429 560 ὦ
1454 507 1665 572 Πάτερ,
1691 504 2067 574 ἀγανακτεῖς,

487 603 548 654 εἴ
580 619 637 655 τι
670 602 818 670 πρὸς
861 599 1004 666 τοὺς
1042 599 1597 668 συμπεπλευκότας
1636 596 1839 664 λυπῇ,
1869 594 2079 660 ἐννόη-

483 709 633 759 σον,
667 695 756 747 ὅτι
787 693 1012 763 χειμὼν
1047 693 1149 746 καὶ
1189 691 1432 745 κλύδων
1456 691 1551 744 καὶ
1585 687 1868 743 θάλασσα
1895 689 2081 756 βρασ-

484 783 722 854 σομένη
757 784 1115 852 ἠνάγκασεν
1147 781 1368 848 αὐτοὺς
1405 781 1500 834 καὶ
1534 781 1791 845 ἄκοντας
1823 778 1930 832 τὸν
1974 779 2080 832 Ἰω-

482 874 608 930 νᾶν
628 876 960 944 προσρῖψαι
989 873 1116 938 τοῖς
1145 875 1428 942 κύμασιν.
1465 874 1585 924 Οὐκ
1615 869 1862 923 ἐκείνων
1876 868 2076 937 μῖσος,

483 968 656 1022 ἀλλὰ
699 968 817 1021 σὸν
857 966 1198 1036 γυμνάσιον
1244 967 1310 1018 τὸ
1363 962 1632 1033 συμϐάν·
1675 963 1786 1014 οὐκ
1835 960 2081 1013 ἐκείνων

483 1063 778 1130 πόλεμος,
811 1060 971 1114 ἀλλὰ
1005 1058 1119 1124 σὸς
1143 1057 1306 1127 ἀγὼν
1330 1055 1401 1108 τὰ
1424 1054 1714 1124 γενόμενα
1733 1069 1747 1083 ·
1785 1053 1895 1106 οὐκ
1927 1050 2078 1104 ἐκεῖ·

482 1170 583 1207 νοι
623 1152 735 1220 τῆς
766 1149 1107 1220 ἀδελφικῆς
1161 1148 1599 1216 ἀπηνέχθησαν
1657 1144 1890 1213 ψήφου,
1941 1144 2078 1196 ἀλλ’

482 1244 612 1298 ἔδει
640 1244 737 1296 καὶ
769 1243 844 1295 σὲ
873 1243 981 1296 τὸν
1011 1242 1268 1294 δίαυλον
1310 1239 1427 1292 τῶν
1450 1238 1766 1307 μαρτύρων
1793 1235 2037 1304 δραμεῖν
2064 1251 2076 1264 ο

491 1336 840 1405 ἀπόρρητος
869 1352 958 1400 τις
992 1333 1300 1401 οἰκονομία
1330 1328 1652 1398 σκάμματά
1675 1343 1773 1380 σοι
1803 1325 1900 1380 καὶ
1922 1325 2081 1378 διαύ-

485 1433 642 1494 λους
659 1429 704 1459 ⁷³
735 1427 1086 1495 ηὑτρέπισε.
1125 1423 1367 1486 Πάντως
1395 1419 1604 1488 ἐρρέθη
1649 1417 1744 1474 καὶ
1781 1416 1912 1483 περὶ
1963 1415 2078 1468 σοῦ

486 1518 641 1586 πρὸς
671 1518 780 1570 τὸν
814 1515 1026 1568 κοινὸν
1053 1514 1390 1568 ἀντίπαλον
1434 1509 1546 1577 τῆς
1588 1507 2074 1575 ἀνθρωπότητος·

492 1609 806 1678 Προσέσχες
840 1609 907 1674 τῇ
949 1604 1159 1674 διανοίᾳ
1190 1620 1281 1656 σου
1319 1600 1462 1655 κατὰ
1500 1599 1591 1653 τοῦ
1625 1598 1954 1668 Θεράποντός
1977 1613 2078 1667 μου

507 1699 783 1764 ‘lwiwou;
821 1696 920 1749 καὶ
954 1696 1022 1760 ἐξ
1032 1695 1121 1762 ἧς.

573 1787 1000 1856 Ἑχρεωστεῖτο
1043 1784 1121 1850 τῷ
1171 1782 1423 1854 λαμπρῴ
1467 1783 1606 1847 βίῳ,
1639 1781 1734 1834 καὶ
1771 1782 1806 1848 ἡ
1837 1778 2079 1848 λαμπρὰ
2112 1774 2152 1829 Β

483 1879 760 1946 τελευτή.
798 1878 1085 1931 Ἑπάλαιε
1117 1876 1234 1944 μὲν
1265 1874 1346 1940 τῷ
1389 1874 1520 1928 Ἰὼϐ
1545 1877 1577 1926 ὀ
1609 1872 1908 1936 διάϐολος,
1944 1869 2070 1921 ἐδό-

485 1988 642 2024 κουν
675 1968 745 2023 δὲ
795 1969 1202 2037 προσκρούειν
1235 1969 1287 2020 ol
1319 1966 1506 2035 φίλοι.
1539 1963 1642 2016 Διὰ
1677 1963 1856 2016 τοῦτο
1891 1963 2070 2014 ὔστε-

474 2078 597 2128 ρον
626 2063 661 2113 δ
688 2060 834 2125 Θεὸς
871 2057 1096 2121 ἐξιᾶται
1128 2055 1269 2120 τοὺς
1297 2054 1535 2124 φίλους,
1567 2051 1664 2105 καὶ
1703 2051 1826 2116 τοῖς
1873 2051 2071 2118 φίλοις

480 2153 672 2219 φίλον
708 2151 816 2204 τὸν
857 2149 976 2204 Ἰὼϐ
1005 2147 1354 2202 ἀποδίδωσι.
1403 2143 1582 2198 Τοῦτο
1647 2143 1744 2196 καὶ
1796 2142 1931 2205 νῦν,
1956 2140 2071 2193 ὣσ-

481 2260 597 2308 περ
638 2241 1022 2308 αἰσθάνομαι,
1054 2237 1320 2307 γεγονὸς,
1358 2231 1404 2290 ὦ
1434 2234 1644 2302 Πάτερ,
1679 2233 1778 2287 καὶ
1825 2232 1932 2299 τὰς
1977 2233 2070 2286 δε-

479 2333 619 2399 ξιὰς
661 2332 777 2386 τῶν
833 2332 1112 2399 Ῑιίιτέρων
1171 2328 1473 2394 ἀλλήλαις
1529 2324 2068 2395 συνεφαπτομένας

475 2427 866 2496 φαντάζομαι.
916 2424 1234 2478 Ἀπέλαϐεν
1279 2421 1409 2476 Ἰὼϐ
1451 2417 2070 2472 πολυπλασιασθέντα

473 2517 556 2569 τὰ
598 2515 903 2583 χρήματαο
960 2513 1261 2578 ἀπέλαϐες
1302 2510 1400 2564 καὶ
1429 2509 1510 2562 σὺ
1531 2513 1683 2578 μετὰ
1714 2509 2069 2576 προσθήκης

479 2607 602 2674 τὴν
633 2605 795 2673 παρὰ
830 2604 1074 2658 πάντων
1106 2604 1302 2672 τιμήν.

561 2693 769 2747 Τοῦτον
808 2693 898 2746 τὸν
925 2693 1153 2763 ἔσχατον
1185 2693 1342 2760 λόγον
1375 2696 1408 2763 ἡ
1436 2693 1715 2764 ἐπιγραφὴ
1744 2690 1897 2761 ἐντῷ
1929 2691 2067 2744 ἀπο-

477 2787 713 2856 στολείῳ
744 2786 996 2856 εξρῆσοαι
1021 2786 1192 2853 λέγει.
1228 2787 1300 2838 Τὸ
1336 2787 1392 2839 δὲ
1437 2787 1721 2858 προοίμιον
1748 2785 2063 2846 αἰνίττεται,

487 2877 570 2939 ὡς
597 2877 780 2931 ἄλλων
815 2876 1203 2946 προειπόντων,
1239 2878 1266 2929 ὁ
1294 2878 1644 2946 συγγραφεὺς
1674 2875 1790 2944 μετ’
1827 2873 2066 2935 ἐκείνους

471 2971 810 3039 δημηγορεῖ.
867 2969 1020 3037 Ἔχει
1059 2967 1168 3036 γὰρ
1215 2966 1419 3030 οὖτωςξ
1465 2966 1698 3034 Ἐπειδὴ
1734 2966 1889 3034 κάμὲ
1917 2964 2066 3032 πρὸς

475 3062 548 3114 τὸ
577 3060 786 3129 λέγειν
811 3064 842 3113 o’
869 3061 1096 3124 κύκλος
1133 3059 1475 3124 ἀνίστησιν,
1512 3058 1718 3125 ἐπειδὴ
1748 3057 1812 3111 τὸ
1846 3057 2066 3122 σύνθη-

469 3170 563 3222 μα
593 3153 748 3220 πρὸς
783 3150 902 3217 τὴν
931 3155 1148 3220 κοινὴν
1178 3153 1421 3220 χορείαν
1448 3151 1678 3219 ἐγείρει,
1712 3147 1955 3202 ἐπειδὰν
1979 3146 2068 3200 δεῖ
2096 3131 2137 3188 C

473 3245 637 3314 κάμὲ
689 3243 840 3311 πρὸς
887 3243 1190 3311 εὐφημίαν
1244 3242 1542 3311 πατρικὴν
1577 3241 2068 3308 ἀνακρούσασθαι

464 3333 687 3400 μέλος,
725 3333 822 3386 καὶ
853 3335 1068 3387 πολλοὶ
1098 3334 1214 3400 μὲν
1247 3337 1300 3387 οι
1347 3332 1412 3385 τὸ
1446 3333 1685 3401 ὄφλημα
1719 3331 1784 3384 τὸ
1813 3330 2065 3398 ἀπαραί-

474 3441 669 3489 τητον
714 3425 1112 3489 ἀπαιτοῦντες
1131 3425 1194 3489 ⁷³,
1235 3427 1371 3494 παρ’
1411 3424 1554 3494 ἡμῖν
1597 3423 1664 3476 δὲ
1720 3421 1900 3477 οὐδὲν
1961 3420 2065 3489 τῆς

474 3515 783 3583 πατρικῆς
826 3515 1164 3584 ἐφάμιλλον
1220 3513 1470 3584 ἀρετῆς⁹
1529 3513 1765 3583 χρῆσον
1801 3513 1966 3584 ἡμῖν,
2019 3508 2066 3570 ὦ

474 3607 680 3675 Πάτερ
721 3606 992 3674 Ἰωάννη,
1024 3607 1140 3675 τὴν
1165 3608 1361 3676 λύραν
1387 3607 1500 3675 τὴν
1525 3605 1667 3672 σήν.
2067 3602 2072 3606 ’

478 3828 646 3899 104
688 3828 769 3899 Ex
805 3827 1122 3884 allocutione
1157 3827 1479 3892 Theodoreti,
1505 3827 1643 3881 dicta
1669 3826 1916 3899 adversus
1941 3846 2068 3883 san-

549 3898 696 3951 ctum
721 3898 977 3969 Cyrillum
1009 3899 1365 3964 Calchedone,
1406 3916 1523 3952 cunt
1559 3899 1623 3952 ab
1655 3898 1860 3969 Epheso
1887 3916 2069 3954 ascert—

550 3971 730 4041 disset
746 3968 814 4022 ad
851 3969 1362 4041 ConstantinOpolim
1399 3986 1506 4023 una
1537 3986 1654 4022 cum
1696 3968 2070 4035 Orientalibus,

550 4056 651 4110 pro
680 4040 942 4107 Nestorio,
975 4041 1130 4110 quasi
1159 4042 1354 4111 injuste
1381 4041 1749 4093 condemnato.

548 4151 720 4205 Vides
751 4152 1028 4221 quomodo
1069 4161 1124 4207 et
1157 4151 1527 4208 dili‘erentiam
1564 4159 1887 4206 naturarum
1937 4154 2072 4216 scio,

468 4251 531 4297 et
562 4243 836 4298 unitatem
873 4260 981 4298 non
1017 4245 1191 4308 solvo,
1219 4260 1252 4298 θ
1282 4259 1423 4298 nove
1451 4243 1656 4298 Christi
1693 4244 2061 4314 impugnator,

470 4333 656 4401 magis
679 4349 809 4388 vero
832 4334 929 4388 Dei
963 4335 1316 4405 impugnator
1341 4352 1353 4389 :
1384 4335 1533 4389 Hunc
1563 4337 1866 4405 prwscripto
1890 4337 2063 4390 consi—

473 4424 544 4478 lic
565 4439 628 4482 ειη
651 4427 982 4494 prwscientia
1007 4424 1105 4480 Dei
1130 4426 1381 4481 traditum
1406 4429 1689 4496 capientes,
1716 4444 1810 4499 per
1844 4445 2063 4482 manum

472 4518 780 4588 iniquorum
802 4519 1085 4590 aﬂiigentes
1110 4521 1464 4590 interfecistis,
1491 4538 1640 4592 quem
1670 4521 1810 4577 Deus
1851 4524 2067 4576 resusci—
2097 4545 2144 4600 Β

474 4609 612 4662 tavit
640 4625 704 4662 ea:
729 4612 968 4677 mortuis,
991 4609 1175 4666 solutis
1201 4610 1421 4668 vinculis
1447 4613 1640 4681 inferni
1668 4612 1714 4666 ιι.

1048 4729 1200 4769 NOTAE
1239 4729 1502 4769 GARNERII.

547 4803 591 4857 l.
634 4803 978 4859 Theodoreti
1015 4805 1159 4860 hanc
1197 4821 1321 4861 esse
1365 4807 1753 4862 allocutionem
1801 4807 2063 4862 evincunt

473 4873 591 4928 duo
627 4891 639 4927 :
672 4875 974 4946 auctoritas
1003 4893 1035 4928 ν
1068 4877 1282 4941 synodi,
1315 4879 1474 4946 cujus
1504 4880 1642 4932 actis
1673 4878 1967 4942 inseritur;
2009 4892 2065 4930 et

471 4946 846 5017 consonantia
881 4945 1148 5000 doctrinae
1181 4962 1306 5017 eum
1340 4945 1427 5012 ea,
1474 4963 1637 5017 quam
1682 4948 2064 5003 Theodoretus

471 5014 807 5070 indubitatis
835 5016 889 5068 in
920 5017 1058 5070 locis
1086 5016 1270 5070 tradit.

545 5085 614 5138 ll.
664 5085 768 5157 Ubi
821 5085 1010 5157 habita
1059 5086 1148 5149 sit,
1200 5101 1310 5154 quo
1363 5095 1639 5157 tempore,
1692 5095 1748 5142 et
1799 5089 2062 5144 adversus

469 5171 673 5223 quem,
725 5155 1014 5226 inscriptio
1063 5157 1424 5212 demonstrat.
1472 5155 1810 5214 Deelamavit
1853 5161 2065 5216 scilicet

543 5295 571 5335 δ
597 5295 714 5351 Act.
751 5313 809 5362 η,
835 5296 926 5361 25,
953 5297 1045 5355 24.

2181 506 2325 575 quid,
2375 522 2404 558 ο
2444 513 2621 574 pater,
2681 503 2745 556 de
2783 500 3208 556 naviductoribus
3233 500 3279 531 ⁷⁸
3305 500 3677 569 conquereris;
3721 504 3767 554 si

2181 596 2306 666 quid
2337 596 2585 649 adversus
2613 612 2698 648 eos
2727 606 2776 648 te
2807 601 3111 655 commovet,
3143 592 3231 661 qui
3257 591 3438 644 eadem
3469 593 3590 644 nari
3617 594 3765 646 vehe—

2181 692 2375 744 bantur
2409 707 2425 743 :
2456 691 2627 760 cogita
2679 688 2933 759 quomodo
2978 704 3010 738 a
3061 692 3388 754 tempestate,
3434 683 3684 752 procella,
3720 693 3767 736 et

2181 787 2537 856 effervescente
2561 786 2698 838 mari
2730 785 2775 815 ⁷⁶
2799 784 2962 836 coacti
2990 791 3112 836 sunt
3145 780 3226 835 vel
3259 781 3409 846 inuiti
3443 780 3632 834 Ionam
3666 784 3767 852 ﬂu-

2181 879 2343 933 ctibus
2397 880 2729 947 immergere.
2771 875 2921 940 Quod
2961 875 3180 935 accidit,
3218 891 3322 928 non
3367 889 3547 927 eorum
3587 874 3765 926 odium

2181 972 2300 1040 fuit,
2330 971 2418 1024 sed
2455 978 2547 1024 tua
2589 969 2894 1022 exercitatio
2923 984 2939 1020 :
2968 967 3104 1036 quod
3141 967 3334 1036 factum
3373 975 3466 1030 est,
3499 982 3600 1018 non
3630 966 3766 1034 ipso-

2181 1082 2300 1118 rum
2328 1063 2522 1117 bellum
2558 1069 2692 1126 erat,
2727 1062 2818 1115 sed
2853 1069 3002 1113 tuum
3042 1067 3305 1112 certamen
3335 1075 3351 1112 :
3376 1075 3478 1111 non
3511 1057 3591 1110 illi
3622 1059 3684 1110 de
3718 1067 3766 1110 te

2181 1154 2338 1208 aliter
2389 1170 2549 1224 quam
2605 1152 2795 1221 fratres
2843 1150 3074 1212 decebat,
3119 1155 3423 1210 senserant;
3477 1147 3631 1216 103
3677 1148 3766 1200 sed

2181 1248 2412 1316 Oportuit
2459 1253 2516 1298 ut
2561 1244 2792 1298 stadium
2839 1249 3136 1312 martyrum
3185 1239 3504 1292 decu-rreres.
3551 1238 3762 1292 Arcana

2181 1337 2411 1408 quadam
2442 1337 2826 1406 dispensatione
2865 1333 3002 1386 Deus
3043 1332 3233 1395 locum,
3272 1334 3324 1384 in
3367 1349 3466 1401 quo
3502 1347 3762 1400 pugnares

2181 1435 2228 1481 et
2269 1444 2525 1492 curreres,
2563 1428 2904 1497 prarparavit.
2959 1424 3020 1479 Ut
3067 1425 3278 1477 omnino
3324 1423 3582 1476 (liceretur
3610 1423 3672 1475 de
3714 1430 3763 1474 te

2181 1531 2366 1574 contra
2411 1523 2568 1574 totius
2599 1521 2947 1573 humanitatis
2983 1518 3346 1571 mluersarium
3388 1531 3710 1568 communem
3743 1530 3761 1568 :

2180 1611 2440 1682 Nunquid
2472 1609 2833 1665 considerasti
2865 1625 3084 1665 servum
3109 1623 3290 1662 meum
3325 1605 3626 1662 Joannem?
3662 1614 3758 1658 etc.

2254 1786 2485 1840 Illustris
2527 1789 2633 1839 vita
2679 1785 2872 1838 illustri
2910 1795 3073 1838 morte
3112 1783 3392 1854 indigebat.
3435 1784 3761 1853 Oppugnavit

2183 1880 2422 1933 diabolus
2465 1879 2674 1941 Jobum,
2705 1878 3013 1931 videbantur
3050 1877 3150 1946 ipsi
3188 1892 3390 1946 quoque
3427 1876 3583 1928 amici
3623 1891 3762 1944 (egro

2181 1979 2227 2024 et
2268 1971 2471 2040 infenso
2512 1987 2620 2024 esse
2656 1971 2833 2022 animo
2867 1987 2882 2022 :
2915 1985 3078 2037 quare
3107 1967 3246 2020 Deus
3284 1975 3459 2037 postea
3493 1967 3617 2036 ipsis
3650 1982 3759 2019 me-

2181 2063 2410 2116 dicinam
2445 2067 2457 2082 ‘
2491 2063 2744 2124 adhibuit,
2791 2061 3082 2130 Jobumque
3131 2060 3348 2123 amicis,
3395 2058 3594 2146 amicos.
3632 2057 3760 2112 ,Ιοὺο

2182 2153 2403 2206 reddidit
2437 2169 2454 2204 :
2481 2153 2574 2205 hoc
2603 2153 2759 2204 etiam
2795 2167 2952 2213 nunc,
2983 2157 3038 2202 ut
3068 2151 3253 2213 sentio,
3283 2150 3477 2216 factum
3504 2149 3556 2199 in
3590 2155 3637 2197 te
3662 2157 3758 2212 est,

2180 2259 2208 2295 ο
2232 2242 2416 2307 Pater,
2441 2243 2758 2312 dextrasque
2782 2242 3004 2295 Patrum
3033 2241 3203 2294 videre
3229 2240 3356 2293 mihi
3381 2239 3556 2292 videor
3581 2247 3758 2291 mutuo

2170 2333 2409 2401 junctus.
2460 2331 2668 2401 Recepit
2717 2331 2876 2385 Jobus
2927 2331 3106 2401 plura,
3150 2347 3310 2400 quam
3354 2330 3498 2399 prius
3544 2327 3752 2390 habuit,

2179 2423 2416 2492 recepisti
2462 2429 2510 2474 et
2558 2431 2610 2475 tu
2659 2440 2774 2475 cum
2820 2423 3059 2476 auctario
3090 2420 3314 2490 gloriam
3360 2419 3594 2472 omnibus
3641 2432 3756 2471 ma-

2167 2529 2341 2582 jorem
2353 2553 2364 2565 .

2247 2703 2406 2756 Hunc
2448 2713 2786 2772 postremum
2837 2719 3143 2758 sermonem
3187 2701 3470 2773 inscriptio
3507 2702 3666 2756 docet
3701 2702 3754 2756 in

2177 2793 2478 2862 apostolico
2514 2796 2715 2863 templo
2751 2794 3018 2848 habitum.
3067 2794 3401 2848 Prooemium
3448 2809 3578 2849 vero
3619 2795 3755 2849 indi-

2177 2890 2262 2936 cat
2294 2884 2362 2937 ab
2398 2894 2623 2938 auctore
2653 2885 2878 2948 factum,
2907 2894 3193 2954 postquam
3223 2885 3315 2939 alii
3346 2885 3629 2940 dixissent.
3668 2886 3754 2940 Sic

2175 2974 2321 3026 enim
2361 2991 2418 3028 se
2452 2976 2619 3029 habet
2655 2995 2666 3027 :
2702 2976 2832 3030 Cum
2872 2993 2953 3030 me
2997 2977 3122 3029 ordo
3155 2977 3223 3031 ad
3267 2977 3542 3030 dicendum
3575 2994 3755 3031 assur-

2173 3080 2293 3133 gere
2310 3064 2516 3134 jubeat,
2547 3067 2858 3135 signumque
2882 3066 2950 3118 ad
2980 3082 3302 3119 communem
3336 3067 3487 3135 quasi
3515 3067 3755 3119 choream

2173 3155 2379 3217 excitet,
2415 3170 2531 3207 cum
2579 3171 2656 3222 me
2703 3157 2861 3208 etiam
2911 3164 3149 3226 oporteat
3191 3154 3482 3208 laudationi
3525 3163 3757 3225 paterna?

2171 3243 2486 3314 prwludere,
2515 3255 2564 3298 et
2592 3246 2756 3299 ordiri
2790 3245 2970 3309 melos,
3001 3247 3313 3316 eafigantque
3350 3243 3500 3298 multi
3537 3245 3750 3300 indecli‘

2126 3324 2128 3326 V
2174 3335 2347 3390 nabile
2373 3336 2601 3390 debitum
2626 3337 2689 3390 ab
2713 3353 2790 3403 eo,
2811 3338 2900 3408 qui
2918 3354 3019 3390 non
3043 3336 3194 3390 habet
3213 3353 3312 3406 par
3350 3337 3636 3407 quidquam
3661 3354 3754 3405 pa-

2183 3434 2349 3482 terna:
2377 3429 2559 3482 virtuti
2592 3427 2936 3483 celebrandae.
2970 3427 3051 3481 Da
3085 3435 3326 3482 mutuam
3365 3427 3538 3495 nobis,
3566 3427 3751 3493 Pater,

2175 3521 2349 3590 lyram
2389 3529 2556 3576 tuam.

2169 3828 2551 3884 Theodoretus
2597 3825 2979 3890 Calchedona,
3032 3838 3219 3879 mense
3265 3823 3573 3892 Septembri
3619 3839 3748 3878 ann.

2168 3901 2294 3965 451,
2329 3906 2523 3955 contra
2557 3897 2613 3952 S.
2647 3895 2932 3967 Cyrillum.
2963 3910 3141 3967 quem
3169 3894 3373 3967 ubique
3413 3894 3613 3963 passim
3657 3910 3750 3948 ac-

2170 3963 2324 4025 cusat
2369 3963 2712 4023 confusionis
2753 3974 3078 4019 naturarum
3130 3965 3185 4019 in
3228 3963 3468 4028 Christo,
3499 3974 3555 4018 et
3586 3980 3616 4018 a
3642 3980 3751 4033 quo

2171 4049 2438 4095 assertum
2469 4039 2737 4093 unitatem
2770 4036 2891 4088 καθ’
2922 4035 3217 4088 ὑπόστασιν
3253 4034 3466 4088 irridet.

2243 4111 2332 4163 ΙΙΙ.
2376 4108 2508 4174 Quae
2551 4107 2807 4168 diximus,
2844 4120 3093 4172 magnam
3141 4103 3421 4172 accipiunt
3464 4105 3642 4174 lucem
3684 4120 3749 4157 ex

2171 4173 2424 4248 cpistola,
2453 4192 2617 4248 quam
2633 4175 3026 4248 Theodoretus
3047 4173 3390 4248 Calchedone
3419 4173 3487 4248 ad
3514 4173 3748 4248 Alexan-

2173 4241 2334 4303 drum
2371 4241 2838 4316 Hierapolitanum
2873 4244 3074 4316 Ephesi
3114 4252 3418 4316 vomentem
3454 4241 3606 4296 dedit
3635 4261 3661 4316 :_
3683 4259 3749 4297 ex

2174 4319 2278 4374 hac
2323 4317 2468 4373 enim
2514 4313 2858 4386 intelligitur,
2901 4314 3144 4386 quinque
3194 4313 3602 4367 Theodoretum
3649 4314 3747 4366 ha-

2174 4388 2360 4444 buisse
2405 4387 2751 4443 Calehedone
2806 4385 3125 4446 conciones,
3172 4391 3408 4453 quatuor
3457 4391 3746 4450 antequam

2174 4459 2482 4514 Alexandro
2500 4457 2770 4512 scriberet
2792 4475 2803 4508 :
2823 4455 3209 4510 Celebravimus
3223 4471 3448 4516 sanates
3465 4454 3746 4516 maximas,

2174 4472 2482 4514 Alexandro
2500 4472 2770 4512 SCl‘IDel‘Cl
2792 4475 2803 4508 :
2823 4472 2848 4510 I.
2866 4472 3209 4508 eteorammus
3223 4473 3268 4507 si
3287 4472 3448 4508 nares
3465 4472 3746 4516 maximas,

2172 4539 2222 4601 e_t
2257 4539 2455 4601 quarto
2490 4529 2616 4598 ipsis
2646 4533 2968 4601 enarratum
2999 4535 3094 4601 _est_
3128 4525 3190 4577 de
3231 4472 3370 4601 ﬁ/de;
3403 4538 3588 4601 unam,
3625 4539 3748 4601 cum

2173 4593 2547 4655 Orientalibus
2594 4597 2661 4652 ad
2716 4613 2842 4650 snas
2890 4595 3169 4665 Ecclesias
3215 4595 3516 4665 remigrare
3556 4593 3746 4664 jussis,

2172 4671 2504 4724 valediceret
2530 4668 2676 4738 plebi
2698 4663 3338 4738 Constantinopolitante.

2247 4741 2333 4795 IV.
2370 4741 2449 4794 Ex
2494 4734 2581 4793 his
2625 4739 2746 4792 dua:
2779 4736 2928 4790 omni
2971 4751 3038 4788 ex
3073 4744 3224 4803 parte
3265 4735 3582 4803 perierunt;
3619 4734 3753 4788 alia-

2172 4826 2295 4865 rum
2323 4811 2557 4866 duarum
2582 4809 2777 4877 exigua
2805 4808 3103 4877 fragmenta
3133 4815 3442 4877 superanti;
3464 4821 3585 4877 una
3614 4819 3752 4877 pene

2172 4881 2383 4950 integra
2425 4887 2636 4933 servata
2679 4875 2763 4950 est
2809 4878 2863 4930 in
2913 4875 3051 4929 actis
3096 4875 3445 4950 conciliabuli
3489 4875 3750 4943 Ephesini

2170 4945 2553 5012 Orientalium,
2587 4965 2708 5017 qum
2745 4948 3064 5002 inseruntur
3103 4946 3158 4999 in
3211 4945 3506 5000 secundam
3539 4953 3751 5014 partem

2171 5021 2397 5100 concilii
2411 5020 2712 5100 _Ephcsini.
3165 5088 3176 5100 .

2245 5091 2313 5144 Et
2343 5083 2691 5161 diﬂl’rentiam
2731 5096 3066 5161 naturarum
3103 5088 3229 5150 scio,
3264 5095 3371 5141 etc.
3419 5083 3749 5161 Alt/creanti:

2172 5161 2274 5216 bus
2298 5157 2426 5215 hinc
2451 5160 2576 5214 inde
2603 5160 2871 5230 partibus,
2889 5159 2955 5214 de
2979 5158 3178 5213 unione
3197 5167 3518 5214 naturarum
3547 5157 3748 5224 φυσικῇ

1754 5392 1986 5448 VARle
2024 5392 2432 5450 LECTIONES.

546 5529 594 5562 ⁷³
617 5529 781 5585 Phot.
816 5528 872 5583 in
913 5543 1089 5600 marg.
1136 5531 1366 5600 σκάμμα.
1417 5549 1499 5586 σοι
1542 5531 1632 5585 καὶ
1682 5531 1916 5588 δίαυλον.
1955 5532 2277 5590 Scammatis
2318 5548 2507 5587 vocem
2556 5547 2656 5598 pro
2701 5545 2880 5600 arcum
2917 5536 3056 5600 meta
3101 5539 3156 5584 et
3197 5533 3443 5600 palaestra
3487 5533 3751 5589 adhibent.-

470 5600 854 5671 Tertltlliatllls
882 5608 938 5654 et
966 5597 1347 5671 llieronyiuus.
1389 5604 1446 5656 In
1483 5602 1719 5656 Scholiis
1760 5602 1824 5656 ad
1858 5603 1913 5656 h.
1954 5604 1991 5656 1.

467 5670 678 5742 minis,
715 5685 942 5742 campus
987 5670 1299 5726 athleticus.
1338 5674 1536 5742 Epiph.
1572 5672 1752 5741 p.2l6.
1793 5670 2050 5726 Ambros:
2074 5677 2110 5729 l.
2143 5692 2157 5726 ι
2192 5675 2264 5727 De
2309 5674 2593 5742 o/Iiciiscc.
2629 5671 2708 5723 ιδ.

1905 5744 1945 5772 7“
1977 5746 2127 5800 Aulu‘
2170 5745 2250 5798 ira
2297 5738 2362 5797 et
2391 5741 2598 5795 invidia
2645 5746 2868 5809 propter
2913 5738 3230 5792 li'udoxiam.
3263 5741 3322 5795 (ἶ.

464 5741 712 5803 τοῦντες.
758 5739 823 5794 ιι.
857 5740 938 5795 St.
1021 5741 1062 5771 ⁷⁵
1096 5739 1418 5797 Pastorihus
1447 5739 1736 5799 Ecclesiae.
1764 5743 1822 5795 D.

2035 5621 2089 5674 ιι.
2144 5606 2266 5667 100,
2316 5609 2500 5658 monet
2541 5599 2924 5674 llutsehelius:
2971 5599 3334 5674 'l‘lnoxcippa,
3387 5603 3538 5659 locus
3573 5612 3752 5659 certa-

2786 5669 2827 5696 7"
2863 5669 2960 5743 an.
3013 5668 3245 5743 l‘liotius
3273 5670 3326 5743 i_n
3354 5688 3524 5743 marg.
3556 5691 3751 5743 παραι-

3731 5888 3761 5918 Ι
