4080 6476
354 366 425 432 σι
1479 349 2022 412 AUC’I‘ARIUM.—
2051 350 2147 408 AD
2182 328 2359 409 Ton.
2396 350 2485 410 1v.
3537 346 3607 407 58

355 474 702 541 ﬁdis-ﬂuctus
729 468 969 525 transire
1000 467 1116 523 ausi
1150 466 1303 532 estis,
1331 475 1392 521 ut
1422 477 1664 520 nostram
1696 464 1930 519 audiatis
1964 467 2009 522 Α
2103 462 2233 517 Vere
2262 463 2575 535 obstupescit
2604 462 2791 518 coelum
2816 462 2884 516 ad
2912 464 3026 526 hoc,
3059 469 3108 514 et
3137 460 3340 513 horruit
3380 458 3610 530 amplius

350 583 574 633 vocem,
616 577 788 636 quam
830 561 1007 618 vestri
1056 560 1297 632 pastoris
1347 558 1500 613 vocis
1551 557 1781 629 etﬁgiem
1835 572 1935 626 pu-

352 660 503 715 tatis.

420 745 761 806 Desideratis
798 745 948 801 enim
989 743 1179 798 audire
1219 740 1491 814 iucundas
1532 739 1702 795 vestri
1751 747 1936 809 pasto-

351 841 427 897 ris
465 839 676 894 ﬁstulas
711 855 727 892 :
760 837 1022 908 pastoris,
1059 850 1223 905 quem
1256 842 1509 904 pastores
1546 831 1683 887 socii
1717 830 1937 885 calamis

350 930 695 992 occiderunt,
734 934 797 983 ut
841 935 1060 998 putant,
1096 925 1167 980 ad
1205 940 1347 994 quos
1382 924 1529 979 Deus
1561 938 1663 994 per
1699 922 1936 992 prophe-

353 1029 460 1076 tam
510 1020 710 1074 clamat
759 1036 773 1072 :
825 1018 1076 1073 Pastores
1131 1016 1287 1071 multi
1329 1022 1678 1087 corruperunt
1722 1014 1936 1068 vineam

352 1125 555 1174 meam,
608 1107 1024 1179 coinquinarunt
1068 1106 1362 1177 portionem
1403 1120 1605 1168 meam,
1653 1111 1936 1174 posuerunt

353 1206 559 1272 partem
608 1215 786 1255 meum
824 1197 1230 1263 desiderabilem
1277 1198 1334 1250 in
1373 1195 1710 1250 solitudinem
1743 1196 1937 1265 imper-

354 1293 499 1350 viam
522 1289 573 1347 ι.
610 1291 765 1346 Dicat
789 1290 859 1346 de
883 1290 1037 1360 ipsis,
1054 1297 1109 1343 et
1129 1304 1228 1359 per
1251 1289 1417 1343 alium
1450 1288 1775 1358 prophetam
1802 1309 1817 1341 .-
1843 1285 1936 1342 Se-

355 1384 579 1442 cundum
601 1382 997 1437 multitudinem
1024 1384 1260 1454 ipsorum
1290 1382 1365 1434 ita
1389 1386 1730 1451 peccaverunt
1758 1380 1884 1433 mihi
1917 1397 1930 1433 :

357 1476 577 1549 gloriam
610 1491 795 1530 eorum
823 1475 879 1529 in
903 1474 1253 1545 ignominiam
1280 1488 1476 1543 ponam
1507 1470 1550 1526 ι.
1581 1471 1734 1526 Dicat
1757 1479 1814 1527 et
1839 1486 1938 1541 per

328 1567 523 1624 earnm
548 1566 755 1623 iterum
786 1565 1113 1635 prophetam
1143 1581 1158 1618 :
1188 1563 1274 1619 Va:
1305 1562 1407 1632 ﬁlii
1437 1569 1713 1633 apostatee,
1744 1562 1936 1633 fecistis

366 1658 643 1725 eonsiBum,
700 1666 752 1712 et
805 1674 912 1711 non
969 1673 1033 1711 ea:
1091 1672 1204 1724 me;
1261 1663 1312 1709 et
1359 1664 1536 1726 pacta,
1587 1662 1639 1709 et
1686 1670 1793 1709 non
1844 1670 1939 1725 per

361 1751 592 1822 spiritum
633 1764 838 1814 meum;
870 1754 928 1800 ut
966 1746 1231 1817 adjiciatis
1270 1756 1540 1816 peccatum
1571 1761 1730 1816 super
1758 1760 1940 1816 pecca-

359 1850 497 1906 tum;
523 1839 758 1893 conversi
786 1838 934 1901 estis,
961 1836 1051 1906 qui
1076 1834 1397 1905 profundum
1425 1833 1701 1888 consilium
1730 1830 1938 1887 consul-

360 1933 500 1997 κει,
538 1938 590 1993 et
612 1930 873 2002 injustam
907 1940 969 1982 ιιι.
1002 1928 1159 1983 Dicat
1186 1927 1254 1982 ad
1287 1942 1383 1982 eos
1409 1934 1465 1981 et
1496 1927 1665 1981 Isaias
1696 1942 1710 1980 :
1747 1925 1936 1980 Manus

354 2024 687 2081 «iuuare
701 2019 917 2092 polluta:
936 2019 1348 2089 suntsanguine,
1370 2018 1526 2088 107
1547 2024 1597 2070 et
1612 2017 1762 2086 digiti
1780 2017 1937 2070 vestri

354 2114 571 2182 peccatis
608 2129 623 2165 :
657 2111 842 2182 lingua
882 2117 1058 2165 uestra
1102 2108 1279 2162 locuta
1318 2115 1394 2162 est
1432 2107 1771 2177 injustitiam,
1802 2115 1851 2160 et
1879 2123 1936 2161 os

350 2213 579 2260 uestram
620 2205 958 2275 iniquitatem
995 2202 1305 2255 meditatum
1346 2207 1442 2253 est.
1476 2197 1668 2254 Nullus
1706 2197 1937 2268 loquitur

341 2293 513 2364 facta,
701 2293 1001 2363 concipiunt
1042 2289 1294 2356 laborem,
1326 2296 1377 2342 et
1418 2290 1637 2360 pariunt
1682 2289 1937 2358 iniquita-

348 2393 467 2440 tem.
498 2386 520 2405 ⁹
549 2383 663 2441 θνα
714 2383 961 2457 aspidum
1013 2381 1385 2447 excluserunt,
1434 2388 1486 2435 et
1532 2379 1669 2434 telas
1719 2395 1936 2434 aranea:

345 2485 589 2532 texerant
621 2487 673 2530 ³³.

409 2567 608 2623 Videte
648 2566 1056 2623 accusationem
1098 2566 1339 2631 malitiae,
1375 2573 1432 2620 et
1470 2564 1785 2635 putredinis
1818 2579 1935 2617 ma-

345 2658 469 2714 litia:
492 2643 898 2724 indicium,ova
931 2657 1273 2728 aspidum,et
1295 2655 1431 2710 telas
1451 2670 1666 2710 aranea:
1700 2671 1713 2707 :
1739 2663 1933 2724 partus

342 2751 565 2823 quidem
582 2751 1184 2821 malitiam,conceptus
1211 2756 1397 2804 autem
1434 2747 1809 2802 inﬁrmitatem
1834 2747 1934 2801 ha-

342 2842 446 2899 bet.
470 2842 593 2900 Ova
620 2843 876 2913 aspidum
901 2842 1125 2898 malitia:
1157 2840 1403 2911 species;
1444 2840 1553 2895 tela
1594 2854 1809 2894 araneae
1840 2838 1930 2893 in-

341 2932 622 2991 ﬁrmitatis
663 2941 1053 3006 argumentum
1112 2941 1235 3000 est;
1286 2940 1345 2989 et
1416 2931 1712 2987 comedens
1764 2946 1929 2985 ovum

338 3040 529 3082 eorum
562 3025 938 3090 confractum,
972 3032 1233 3096 putamen
1272 3022 1504 3079 invenit.
1550 3021 1742 3078 Vidisti
1774 3021 1931 3075 mali-

338 3117 461 3172 tiam
500 3116 929 3173 inﬁrmantem?
970 3116 1155 3171 vidisti
1190 3114 1566 3171 oﬁ'endentem
1607 3127 1719 3166 non
1755 3110 1931 3167 oﬁ‘en—

338 3208 607 3266 dentem?
630 3208 816 3264 vidisti
842 3223 994 3272 eum,
1022 3206 1117 3276 qui
1143 3207 1521 3276 impugnatur,
1562 3203 1931 3259 coronatum?

334 3309 385 3356 et
409 3304 500 3373 qui
532 3300 767 3356 comedit
795 3316 957 3355 ouum
981 3315 1165 3353 eorum
1194 3298 1547 3368 confractum,
1578 3297 1760 3351 arium
1794 3295 1938 3350 inue-

335 3395 430 3449 nit.
451 3394 659 3450 Urium
696 3400 883 3447 autem
916 3399 1001 3447 est
1033 3390 1238 3461 aliquid
1271 3389 1482 3455 sterile,
1538 3389 1646 3444 hoc
1696 3397 1802 3455 est,
1837 3388 1940 3443 im-

332 3484 675 3555 perfectum.
724 3483 887 3548 Isaia,
938 3483 1222 3554 promulga
1265 3480 1428 3536 nobis
1464 3489 1523 3535 et
1560 3479 1781 3535 malitias
1813 3494 1940 3549 spe-

333 3577 494 3633 ciem.
549 3575 627 3631 Et
672 3577 731 3630 in
771 3577 886 3646 ipso
928 3573 1222 3629 basiliscas.
1251 3573 1369 3629 Hoc
1421 3582 1607 3629 autem
1658 3571 1934 3639 mirabile,

331 3667 481 3738 quod
525 3666 827 3722 basiliscos
852 3665 910 3720 in
935 3665 1052 3729 illo,
1089 3673 1147 3719 et
1193 3663 1399 3729 urium,
1444 3664 1551 3718 hoc
1581 3669 1686 3728 est,
1728 3662 1934 3719 sterile.

331 3755 643 3813 Basiliscus
661 3765 848 3812 autem
868 3756 1132 3811 malitiam
1158 3755 1462 3825 signiﬁcat;
1489 3752 1936 3824 quandoquidem

332 3843 582 3902 bestiola
611 3846 732 3901 haec
769 3845 1019 3901 omnium
1064 3844 1345 3914 reptilium
1380 3843 1719 3899 ferocissima
1745 3850 1850 3908 est,
1883 3841 1935 3898 ei

332 3937 557 3994 confert
585 3936 812 3991 malitiae
841 3936 1089 3992 sobolem
1112 3953 1129 4001 ;
1152 3951 1346 3991 verum
1382 3942 1441 3989 et
1485 3935 1577 3989 illa
1620 3934 1737 4004 ipsa
1774 3933 1935 3989 urion

329 4038 435 4093 est,
469 4036 714 4099 propter
738 4025 1121 4082 inﬁrmitatem
1143 4026 1369 4081 malitiae
1395 4043 1409 4079 :
1440 4024 1660 4079 inﬁrma
1675 4024 1823 4079 enim
1850 4032 1937 4079 est

332 4120 576 4178 malitia.

395 4208 681 4281 Sequitur
709 4207 1153 4265 demonstratio:
1202 4204 1328 4260 Tela
1378 4220 1562 4258 eorum
1597 4220 1702 4258 non
1744 4205 1841 4257 erit
1878 4206 1934 4256 in

328 4304 756 4366 vestimentum;
798 4317 907 4355 non
943 4301 1087 4354 enim
1127 4299 1425 4354 vestiuntur
1455 4297 1520 4351 ab
1551 4294 1790 4368 aperibus
1819 4311 1936 4348 ma-

330 4410 505 4449 nuum
548 4409 799 4448 suarum.
829 4391 1068 4459 Quare?
1113 4389 1252 4456 Quia
1280 4405 1443 4460 opera
1494 4386 1790 4457 injustitite.
1842 4385 1936 4440 Dic

2037 563 2203 619 terra,
2236 555 2362 609 dicit
2399 555 2678 619 Dominus,
2721 555 2846 625 quia
2897 552 2999 605 duo
3046 552 3154 606 [nec
3191 549 3338 604 mala
3370 550 3487 620 fecit
3515 566 3613 619 po-

2039 647 2194 717 palus
2239 648 2359 701 iste.
2401 647 2506 713 Me,
2542 648 2742 717 inquit,
2787 644 3201 716 dereliquerunt,
3233 644 3432 709 fontem
3463 658 3615 714 aqua:

2036 739 2185 803 vicre,
2217 748 2266 792 et
2296 738 2542 808 foderunt
2571 739 2665 793 sibi
2686 740 2941 792 cisternas
2970 737 3213 801 detritus,
3244 751 3360 806 qua:
3390 752 3492 788 non
3524 752 3616 805 p0-

2037 836 2216 882 ternnt
2259 846 2457 900 aquam
2501 830 2774 883 continere
2804 836 2849 881 P.
2902 828 3057 881 Dicat
3095 826 3164 881 ad
3208 842 3307 881 eos
3336 827 3480 880 Deus
3516 840 3615 894 per

2035 920 2328 976 Jeremiam
2363 921 2690 990 prophetam
2729 938 2741 972 :
2772 921 3011 975 Transite
3042 919 3110 972 ad
3154 918 3358 972 insulas
3389 917 3612 980 Chetim,

2036 1020 2087 1064 et
2114 1012 2306 1077 uidete;
2334 1020 2384 1065 et
2430 1013 2487 1065 in
2527 1011 2699 1067 Cedar
2730 1013 2943 1077 mittite,
2978 1019 3028 1063 et
3059 1011 3387 1064 considerate
3415 1010 3542 1063 bene
3569 1011 3615 1062 si

2037 1103 2178 1172 facta
2207 1104 2316 1156 sint
2357 1101 2511 1168 talia,
2543 1102 2728 1175 qualia
2782 1106 2913 1168 hinc,
2968 1102 3014 1157 si
3066 1101 3381 1156 mutaverint
3437 1109 3613 1171 gentes

2035 1194 2159 1248 deos
2185 1210 2306 1248 suos
2331 1204 2385 1246 ει.

2112 1307 2349 1363 Transito
2396 1308 2467 1362 ad
2518 1308 2728 1362 insulas
2775 1305 2995 1363 Chetim.
3037 1305 3159 1361 Non
3187 1306 3375 1371 vultis,
3415 1304 3613 1375 inquit,

2036 1398 2181 1455 ferre
2205 1399 2373 1454 verba
2396 1414 2517 1454 mea
2541 1416 2557 1466 ;
2588 1415 2699 1454 non
2726 1400 2879 1455 fertis
2905 1398 3239 1469 prophetas;
3280 1412 3391 1451 non
3420 1398 3619 1467 accipi-

2037 1492 2110 1547 tis
2137 1491 2358 1563 legem;
2402 1506 2513 1546 non
2560 1491 2786 1546 creditis
2829 1491 3034 1545 divinis
3079 1488 3418 1560 Scripturis?
3469 1504 3619 1543 assu-

2038 1584 2171 1639 mite
2195 1583 2483 1655 gentilium
2514 1599 2720 1654 pueros
2748 1584 2804 1638 in
2834 1582 3130 1647 doctores;
3175 1581 3251 1635 ite
3299 1580 3367 1635 ad
3406 1586 3616 1651 gentes,

2037 1686 2093 1733 et
2113 1677 2308 1733 discite
2333 1676 2612 1747 quomodo
2633 1674 2886 1730 colantur
2905 1674 2974 1728 ab
2994 1673 3102 1727 illis
3126 1671 3203 1726 dii
3232 1670 3617 1741 putativi,cum

2042 1786 2150 1823 non
2179 1770 2290 1824 sint
2317 1769 2396 1824 dii
2425 1787 2439 1823 :
2466 1768 2705 1822 Transite
2741 1767 2811 1820 ad
2838 1764 3043 1820 insulas
3073 1763 3302 1829 Chetim,
3341 1770 3389 1814 et
3431 1761 3619 1815 mittite

2039 1861 2095 1912 in
2125 1858 2316 1924 Cedar,
2348 1866 2396 1912 et
2427 1858 2555 1912 bene
2600 1857 2948 1921 considerate,
3007 1856 3054 1909 si
3106 1856 3248 1925 facta
3304 1854 3409 1907 sint
3460 1852 3614 1917 talia,

2037 1948 2221 2020 qualia
2260 1949 2409 2012 lure,-
2447 1964 2573 2000 num
2618 1946 2938 2000 mutaverint
2971 1949 3146 2013 gentes
3191 1941 3311 1994 deos
3354 1939 3519 1993 suos?
3561 1946 3618 1992 et

2038 2036 2214 2106 quos?
2252 2044 2303 2089 et
2333 2034 2417 2090 illi
2448 2052 2552 2089 non
2577 2042 2700 2088 sunt
2726 2033 2819 2087 dii.
2852 2033 2922 2086 Et
2946 2046 3118 2101 quare
3150 2031 3269 2084 haec
3293 2028 3432 2083 dicis
3457 2029 3480 2080 ?
3510 2026 3616 2081 Po-

2040 2128 2194 2201 pulus
2220 2146 2363 2183 meus
2392 2128 2616 2182 mutavit
2633 2126 2861 2198 gloriam
2887 2140 3042 2179 suam
3068 2140 3084 2179 :
3111 2122 3255 2177 unde
3277 2121 3485 2175 nullam
3503 2119 3614 2174 uti-

2038 2223 2249 2278 litatem
2287 2222 2544 2292 accipiet.

2107 2335 2237 2390 Haec
2254 2341 2310 2389 et
2335 2334 2403 2388 de
2427 2333 2536 2387 illis
2565 2330 2819 2402 congruit
2838 2329 2965 2384 dici.
3005 2327 3204 2399 Pagani
3233 2327 3381 2396 ligna
3403 2333 3459 2379 et
3479 2323 3617 2394 lapi—

2036 2426 2137 2481 des
2157 2432 2507 2489 venerantes,
2527 2421 3109 2492 ut108immortalia
3138 2419 3230 2473 illa
3245 2419 3507 2472 salutant.
3532 2416 3614 2469 Tu

2035 2525 2244 2582 autem,
2279 2516 2388 2570 illis
2420 2514 2727 2585 praedicans
2749 2528 2813 2568 ea
2838 2512 3087 2567 venerari
3112 2526 3223 2564 non
3248 2509 3475 2569 debere,
3519 2506 3615 2561 sed

2037 2609 2215 2663 solum
2248 2621 2443 2663 verum
2471 2606 2668 2669 Deum,
2724 2606 2814 2675 qui
2874 2603 3141 2657 constituit
3172 2609 3368 2655 montes
3415 2599 3473 2652 in
3502 2605 3613 2652 sta-

2040 2707 2175 2762 tera,
2208 2705 2256 2751 et
2284 2696 2443 2751 silvas
2499 2697 2556 2749 in
2605 2695 2762 2758 libra,
2795 2704 2843 2748 et
2875 2695 3090 2748 metitur
3121 2708 3286 2747 manu
3322 2707 3539 2762 aquam,
3571 2698 3620 2743 et

2036 2790 2228 2845 cwlum
2264 2788 2466 2860 palmo,
2502 2796 2551 2842 et
2582 2804 2790 2841 omnem
2824 2794 3024 2840 terram
3055 2783 3285 2855 pugillo;
3315 2784 3405 2854 qui
3433 2781 3622 2835 consti—

2037 2881 2135 2933 tuit
2164 2878 2350 2933 arium
2371 2879 2524 2943 quasi
2554 2893 2846 2941 cameram,
2868 2877 2957 2946 qui
2980 2877 3211 2928 continet
3243 2873 3621 2927 rotunditatem

2035 2970 2204 3023 omnis
2255 2975 2426 3033 terrm,
2473 2975 2521 3019 et
2560 2967 2858 3020 habitantes
2885 2967 2941 3019 in
2970 2963 3069 3018 illa
3100 2964 3253 3034 quasi
3304 2962 3531 3016 locustas
3572 2971 3618 3020 ι’.

2035 3068 2091 3126 et
2121 3058 2291 3121 hunc,
2319 3056 2414 3126 qui
2443 3055 2628 3110 omnia
2668 3055 2835 3109 verbo
2870 3053 3019 3117 fecit,
3069 3062 3124 3107 et
3158 3052 3321 3107 unica
3354 3051 3620 3106 momenti

1958 3152 2004 3213 ο
2038 3149 2395 3207 inclinatione
2424 3147 2652 3203 exhibet
2673 3162 2739 3202 ea
2770 3161 2893 3216 quae
2930 3161 3042 3201 non
3086 3152 3235 3209 sunt,
3278 3152 3342 3198 ut
3386 3143 3525 3207 sint;
3565 3150 3623 3197 et

2039 3241 2195 3297 dedit
2221 3241 2308 3296 his
2338 3256 2461 3310 quae
2484 3255 2595 3294 non
2630 3245 2811 3302 erant,
2842 3245 2904 3291 ut
2933 3244 3139 3300 essent,
3168 3235 3284 3290 sola
3313 3234 3617 3297 voluntate;

2038 3330 2197 3401 quasi
2217 3329 2425 3384 oblitus
2440 3329 2640 3384 horum
2660 3327 2928 3391 omnium,
2947 3325 3299 3396 passionibus
3319 3322 3620 3378 obnoxium

2037 3421 2193 3485 facis,
2221 3428 2277 3475 et
2308 3420 2485 3491 legem
2530 3419 2713 3488 ponis,
2761 3425 2824 3472 ut
2859 3417 3125 3472 adoretur
3158 3414 3295 3469 Deus
3337 3411 3619 3485 passibilis.

2108 3512 2178 3568 Et
2198 3511 2391 3583 pagani
2411 3511 2734 3582 quidem,ut
2755 3508 3080 3580 praedictum
3102 3513 3206 3570 est,
3232 3504 3475 3559 avaritiae
3492 3517 3623 3559 ver-

2037 3605 2111 3661 bo
2134 3605 2302 3674 capti,
2339 3604 2506 3659 etiam
2529 3604 2732 3659 ccelum
2754 3600 3094 3671 impassibile
3119 3606 3339 3662 vocant,
3371 3606 3426 3650 ct
3449 3596 3621 3651 solem

2038 3692 2434 3764 impassibilem
2474 3691 2771 3762 appellant,
2801 3697 2858 3745 et
2880 3690 3066 3745 stellas
3119 3686 3457 3742 immortales
3513 3694 3621 3740 sta-

2038 3791 2223 3845 tuunt,
2254 3790 2313 3837 et
2341 3791 2541 3837 terram
2563 3796 2725 3850 quam
2746 3780 2979 3845 calcant,
3000 3778 3145 3833 inter
3160 3776 3292 3831 deos
3305 3781 3618 3829 numerant.

2035 3874 2146 3929 Nos
2165 3883 2350 3929 autem
2369 3871 2721 3937 invisibilem,
2739 3870 3120 3940 Unigenitum,
3149 3863 3622 3936 incomprehensi-

2036 3964 2226 4030 bilem,
2248 3962 2748 4033 inexcogitabilem,
2781 3960 3101 4030 passibilem
3145 3973 3267 4013 esse
3294 3952 3625 4011 credemus?

2037 4055 2207 4111 absit.
2236 4054 2491 4109 Salvator
2507 4059 2765 4107 nosteret
2778 4049 3131 4115 benefactor;
3166 4063 3238 4102 ne
3262 4048 3343 4102 sic
3358 4052 3623 4116 apostatm

2037 4145 2212 4201 simus
2232 4141 2569 4199 adorationis
2590 4148 2696 4194 tua:
2713 4157 2729 4206 ;
2749 4154 2818 4193 ne
2838 4139 2920 4194 sic
2944 4138 3261 4208 ignoremus
3287 4144 3435 4190 tuam
3455 4144 3620 4187 natu-

2039 4249 2180 4298 ram,
2207 4248 2277 4287 ne
2310 4231 2392 4287 sic
2430 4229 2632 4300 ingrati
2663 4228 2837 4283 simus
2864 4226 2932 4281 de
2980 4225 3091 4281 tuis
3120 4225 3304 4290 donis,
3343 4237 3414 4278 ne
3444 4221 3622 4291 suspi-

2037 4341 2232 4382 cemur
2264 4322 2585 4394 passibilem
2634 4327 2886 4376 nostrum
2930 4302 3303 4382 liberatorem,
3334 4315 3430 4385 qui
3458 4330 3558 4368 nos
3588 4328 3620 4368 e

2038 4416 2394 4490 passionibus
2421 4413 2489 4469 ad
2528 4411 3023 4483 impassibilitatem
3052 4408 3350 4471 transtulit,
3378 4415 3435 4461 et
3461 4404 3621 4459 nobis

332 4482 592 4581 gecﬁem
627 4478 1114 4581 ίηίυεῖξὴίἓζιίεᾷεδ
1130 4493 1328 4581 ξῳωξί
1356 4477 1414 4530 in
1450 4474 1657 4581 mliti"?
1683 4480 1930 4581 “frnfm'
1965 4485 2011 4541 Β
2041 4474 2392 4581 passionibus
2417 4474 2673 4560 obnoxiis
2704 4499 3200 4572 impassibilitatem
3239 4496 3472 4567 largitus
3513 4502 3618 4549 est.

328 4573 621 4629 Nimirum
647 4580 710 4627 ut
733 4568 1082 4642 aliquidﬁat.
1123 4569 1193 4623 Et
1219 4567 1420 4623 veloces
1458 4566 1527 4621 ad
1568 4564 1938 4637 eﬂ'undendum

327 4666 679 4736 sanguinem.
712 4662 854 4728 Quid
889 4661 959 4716 ad
993 4660 1151 4716 haec?
1172 4659 1454 4716 Cunctatio
1484 4666 1533 4710 et
1562 4656 1850 4728 infelicitas
1879 4658 1937 4710 in

329 4757 428 4811 aiis
444 4771 663 4811 eorum.
687 4753 825 4809 Nam
844 4754 943 4808 vite
965 4768 1151 4807 eorum
1168 4760 1443 4819 tortuosae,
1465 4765 1605 4822 quas
1624 4753 1937 4815 transeunt,

329 4858 388 4905 et
408 4851 565 4904 viam
598 4848 746 4918 pacis
777 4847 1075 4900 nescierunt
1110 4851 1166 4898 ο..

399 4940 555 4997 Vere
582 4937 846 4993 lamentis
875 4936 1040 5007 digna
1091 4943 1223 4992 sunt
1268 4934 1409 4995 haec,
1436 4931 1585 5004 quod
1619 4928 1938 4987 sacerdotes

329 5040 537 5088 ωηιξη
571 5030 901 5087 sacerdotes
928 5029 1060 5084 talia
1083 5028 1286 5083 dicant.
1332 5027 1532 5084 Verum
1552 5026 1659 5081 hoc
1683 5024 1938 5089 dicimus,

331 5138 448 5177 non
476 5121 635 5193 quod
671 5129 887 5177 tantum
931 5133 1256 5175 accusemus
1287 5118 1432 5185 illos,
1474 5125 1743 5190 quantum
1770 5112 1941 5172 vestri

335 5229 540 5270 curam
570 5216 839 5284 gerimus.
864 5211 935 5267 Et
955 5222 1080 5282 post
1101 5210 1207 5267 alia
1237 5228 1251 5266 :
1798 5215 1807 5219 ’

2039 4601 2194 4656 Hanc
2226 4605 2283 4653 et
2317 4612 2420 4668 pro
2444 4595 2601 4650 vobis
2650 4594 2979 4664 legationem
3030 4589 3314 4645 aﬂ‘erimus
3339 4588 3451 4643 Deo
3483 4601 3497 4638 :
3530 4585 3618 4641 cui

2039 4692 2212 4765 gloria
2238 4690 2298 4745 in
2326 4688 2544 4744 saecula.
2579 4685 2754 4739 Amen
2774 4730 2793 4745 ,

2599 4838 2750 4878 ΝΟΤ.¹Ε
2789 4835 3036 4877 GARNERII
3044 4859 3058 4873 .

2119 4917 2375 4975 Homilia.
2407 4915 2551 4983 Quin
2577 4914 2681 4968 ista
2710 4913 2783 4983 sit
2816 4907 3174 4983 Theodoreti,
3201 4907 3400 4983 nullus_
3413 4915 3498 4962 est
3521 4903 3623 4983 du-

2047 4989 2260 5048 bitandi
2301 4977 2454 5042 locus
2482 5003 2496 5040 ε
2526 4998 2655 5039 nam
2683 4982 2924 5037 refertur
2951 4978 2999 5012 '°
3027 4988 3085 5034 et
3113 4978 3167 5033 in
3195 4977 3437 5034 secunda
3456 4982 3624 5048 parte

2048 5047 2269 5117 eoncilii
2307 5055 2573 5127 Ephesini
2623 5054 2772 5127 inter
2818 5059 2953 5127 acta
2978 5049 3350 5127 conciliabuli
3375 5047 3625 5127 Orienta-

2047 5113 2217 5195 lium,
2248 5136 2305 5184 et
2417 5144 2452 5182 v
2481 5124 2718 5197 synodo,
2769 5130 2878 5197 act.
2923 5121 3003 5197 5,_
3008 5120 3106 5174 ubi
3138 5113 3623 5197 instituitur‘judif

2048 5183 2299 5258 cium'de
2326 5183 2661 5253 Theodoreti
2688 5183 2933 5263 scriptis.
2964 5183 3115 5245 Pene
3158 5188 3368 5256 integra
3386 5183 3625 5238 habetur

390 5368 659 5429 l‘Jerem.
690 5387 788 5436 xu,
822 5369 910 5426 {0.
1007 5367 1029 5408 ι
1067 5369 1227 5426 Osee.
1267 5386 1341 5433 Iv,
1378 5370 1432 5424 7.
1538 5378 1577 5407 ω
1609 5368 1715 5426 Isa.
1737 5382 1865 5433 xxx,
1891 5367 1935 5421 ί.

2036 5362 2178 5420 uisa.
2221 5359 2415 5429 uua,
2450 5358 2484 5415 5
2555 5350 2911 5416 °ibid.6,8.
3021 5318 3617 5410 rlerem.n,l2,15.

330 5452 364 5494 ι
389 5441 543 5499 ibid.
578 5440 668 5509 10,
700 5442 788 5496 il.
862 5450 885 5479 ι·
915 5440 1021 5496 lsa.
1044 5456 1132 5507 XL,
1173 5440 1262 5505 12,
1284 5439 1376 5495 22.

3392 5436 3405 5445 ιν

1622 5531 1860 5588 νΑιὶιιιΕ
1899 5528 2192 5589 LECTION
2200 5529 2301 5584 ES.

402 5656 455 5690 ⁸⁸
493 5652 639 5709 Nam
687 5655 940 5724 refertur.
972 5662 1091 5710 emt.
1125 5654 1223 5709 llis
1258 5652 1481 5724 quidem
1520 5653 1858 5722 argumentis
1908 5664 2101 5724 parum
2138 5647 2439 5724 inniterey.
2473 5641 2725 5724 Constat.
2749 5634 2897 5691 enim
2940 5619 3621 5724 alia.Ietiaultng‘llfmstil:

334 5727 469 5782 ﬁcto
508 5695 701 5794 Cyr'illi
1240 5695 1481 5779 n‘ohiihe“
1909 5695 2764 5784 {cure‘ba-nluurnscripta,inserta
2803 5720 2922 5761 esse
2970 5701 3117 5759 Actis
3164 5695 3518 5755 conciliorum
3560 5701 3622 5747 et

331 5795 545 5871 synodi
568 5794 791 5866 quintae.
