2040 3229
739 220 759 248 Α
765 220 858 249 UCTA
864 220 901 249 Ill
908 221 959 250 ΗΜ

1012 222 1080 251 -AD
1098 222 1184 252 ΤΟΜ.
1208 224 1253 252 ιν.
1789 227 1824 257 (36

181 273 283 302 Latine
300 278 418 303 tantum.
437 275 492 305 llos
505 277 626 312 quinque
639 277 725 305 libros
739 278 943 305 'l‘lieodoretum
967 278 1077 306 diabolo
1094 280 1240 315 instigante
1259 281 1413 315 scripsisse,
1430 282 1520 316 lepida
1541 286 1584 309 est
1602 283 1679 309 Marii
1694 283 1825 310 Mercato-

178 321 220 351 ris
230 323 381 356 sententia,
396 332 489 359 quam.
500 324 652 352 defendere
677 334 732 352 non
749 326 862 353 erubuit
881 326 1042 358 Garnerins,
1065 336 1127 354 eum
1142 329 1200 355 sine
1221 330 1275 356 ulla
1293 329 1456 363 probatione
1469 335 1648 365 supponeret,
1667 330 1824 357 Theodore-

178 372 241 396 ιιιω
257 368 286 396 in
301 369 347 397 his
360 369 442 398 libris
454 369 557 406 Gyrillo
568 370 753 398 Alexandrino
765 376 792 398 et
809 371 936 398 Patribus
950 372 1097 406 Eplicsinis
1112 374 1246 400 maculam
1262 382 1407 409 aspergere
1424 375 1555 402 voluisse.
1574 374 1627 402 Sed
1643 375 1723 410 longe
1741 375 1823 402 aliam

177 416 268 445 fuisse
287 417 432 452 scriptoris
452 418 541 446 nostri
557 423 689 451 mentem,
711 419 791 446 facile
811 419 946 454 intelliget
967 421 1015 454 qui
1038 420 1189 455 fragmenta
1210 422 1260 449 ista
1279 422 1370 449 animo
1388 431 1402 449 a
1426 423 1625 458 prmconceplis
1646 423 1824 458 opinionibus

177 463 272 491 libero
286 463 397 500 legerit.
417 464 518 492 Parum
534 465 562 491 in
580 465 632 493 hac
646 473 756 501 quoque
769 474 798 493 re
809 466 862 493 sibi
877 470 987 493 constat
1003 467 1165 500 Garnerius,
1177 468 1223 502 qui
1237 469 1290 496 alio
1303 469 1363 495 loco
1380 469 1521 504 (Auctarii,
1538 477 1564 503 p.
1577 469 1630 496 256
1643 469 1709 496 edit.
1723 469 1822 504 Paris.)

177 509 292 543 statuit,
308 509 397 538 libros
415 510 456 537 De
470 510 601 545 theologia
617 515 645 538 et
659 511 698 537 De
718 512 914 544 incarnatione,
937 520 1055 547 quorum
1073 513 1263 540 Tlteodoretus
1279 514 1305 540 in
1325 514 1448 548 Epistola
1468 514 1502 541 ad
1519 514 1638 540 Leonem
1654 514 1822 541 mentionem

177 553 259 589 fecit,
271 557 387 585 eosdem
399 565 461 586 esse
473 559 608 595 dialogos,
627 560 674 595 qui
691 560 841 588 Athanasio
859 561 894 588 ab
905 561 966 588 aliis
982 569 1126 596 perperam
1141 562 1311 588 tribuuntur.
1329 562 1444 589 Mutavit
1461 566 1552 588 autem
1565 561 1742 592 sententiam,
1758 568 1822 587 cum

178 600 414 638 inoonjecturam
440 605 588 637 incideret,
615 606 673 633 lucc
698 606 851 642 fragmenta
873 611 980 642 partem
1003 607 1172 634 constituere
1183 607 1287 634 codicis
1307 607 1510 642 quadragesimi
1529 606 1609 637 sexti,
1624 613 1705 640 quem
1719 605 1823 639 legitet

177 646 330 683 descripsit
353 649 481 678 Photius.
507 649 602 678 Simile
619 652 731 686 quidem
752 657 944 687 argumentum
963 661 1009 680 sex
1029 653 1153 687 priorum
1176 653 1242 680 dicti
1260 653 1364 680 codicis
1380 653 1514 679 librorum
1538 652 1622 678 fuisse
1637 651 1756 682 videtur,
1774 650 1822 677 sed

178 701 292 727 vereor,
316 702 352 723 ne
379 697 456 732 justo
480 698 614 725 audacius
627 697 742 733 vestigia
758 699 809 725 ista
825 703 986 733 persecutus
999 698 1034 725 sit
1051 699 1211 731 Garncrius,
1229 703 1275 726 aut
1294 698 1386 733 potius
1400 699 1500 725 Marius
1512 698 1655 728 Mercator,
1671 704 1753 731 quem
1769 697 1821 723 du-

178 746 240 768 cem
256 739 367 768 habuit.
381 741 504 778 Uterque
519 743 594 771 enim
607 743 712 778 absque
726 744 780 770 ulla
799 744 970 771 hzcsitationc
986 745 1051 772 huic
1067 745 1107 772 vel
1126 745 1165 771 illi
1184 745 1338 780 fragmento
1358 745 1450 771 locum
1475 744 1637 779 assignavit,
1650 749 1678 770 et
1694 743 1769 774 libri,
1787 744 1821 770 ad

180 793 266 821 quem
275 786 375 815 referri
388 788 499 821 debeat,
516 797 662 817 numerum
677 790 814 825 ascripsit.
829 791 884 818 Nec
905 791 1042 818 dubitavit
1057 791 1208 819 Garnerius
1227 792 1269 818 his
1284 792 1445 826 fragmentis
1458 791 1568 818 titulum
1587 789 1737 825 Penlalogii
1753 790 1820 825 adji-

183 838 257 864 cere,
274 832 327 861 etsi
341 842 390 861 sea;
404 834 509 862 fuerint
527 835 592 862 libri
621 836 703 871 huius
721 837 886 871 argumenti,
904 845 973 871 quos
987 838 1014 864 in
1037 838 1133 865 codice
1154 846 1205 865 suo
1223 846 1252 865 sc
1266 838 1364 873 legisse
1379 841 1496 865 testatur
1513 837 1638 864 Photius.
1656 836 1684 864 Si
1696 836 1762 871 quid
1778 844 1822 863 er—

182 880 274 904 ratum
288 877 336 910 sit,
353 879 466 914 culpam
481 887 591 907 omnem
606 881 738 908 transfert
752 881 779 908 in
793 882 933 913 Photium,
947 891 1028 917 qttem
1043 883 1111 909 dicit
1125 891 1209 909 unum
1225 884 1323 910 borum
1341 883 1474 910 librorum
1491 884 1518 910 in
1533 883 1602 911 duos
1613 882 1779 910 dissolvisse.
1792 881 1819 908 Si

177 921 352 960 itajudicare
373 925 558 954 liceatcodicc
574 935 630 954 non
646 928 780 963 inspecto,
793 936 859 956 sane
881 933 972 956 actum
992 934 1066 957 esset
1079 930 1113 957 de
1140 930 1229 957 Pliotii
1247 930 1312 957 fide.
1335 930 1388 957 Sed
1411 930 1565 957 rectissime
1589 928 1819 959 Montfauconius,

177 974 209 998 III
229 971 315 999 animi
341 971 483 1000 levitatem
507 973 535 1000 in
549 973 685 1002 Garnerio
703 976 773 1003 adeo
796 977 975 1011 conspicuam
1001 982 1140 1011 argueret,
1168 977 1251 1003 simili
1265 978 1410 1004 occasione
1430 977 1549 1009 monuit,
1565 977 1611 1004 vix
1632 976 1709 1004 credi
1726 981 1818 1010 posse,

176 1016 317 1050 Photinm,
336 1016 366 1044 in
386 1018 531 1046 codicibus
554 1022 766 1055 perlraetandis,
785 1023 806 1049 si
827 1023 890 1057 quis
914 1031 1035 1057 unquam
1049 1023 1130 1055 alius,
1146 1024 1376 1056 vei-satissimum,
1402 1031 1498 1051 errore
1524 1024 1630 1058 lapsum
1656 1029 1727 1050 esse.

1526 1133 1800 1142 _._.____.__——

183 1125 848 1141 h——-—————__.

726 1209 1237 1268 ΘΕΟΔΩΡΗΤΟΥ

435 1330 837 1374 ΠΕΝΤΑΛΟΓΙΟΝ
875 1332 1005 1375 ΠΕΡΙ
1041 1333 1543 1378 ΕΝΑΝΘΡΩΠΗΣΕΩΣ.

498 1500 1515 1560 THEODORETIPENTALOGIUM

805 1613 851 1642 DE
874 1612 1172 1642 INCARNATIONE.

205 1757 293 1785 una
305 1758 360 1793 μὴν
373 1757 511 1793 οἰκτείρας
522 1758 536 1785 ό
551 1758 668 1794 Hom-ri};
682 1759 731 1794 τὴν
750 1760 853 1786 οἰκείαν
868 1760 959 1787 εἰκόνα

1051 1761 1130 1796 116
1138 1761 1283 1788 Enimvero
1295 1760 1441 1788 miseratus
1449 1761 1563 1789 Creator
1574 1760 1718 1796 imaginem
1732 1769 1809 1788 suam

165 1803 382 1840 πολεμουμένην
399 1804 448 1831 καὶ
469 1804 576 1840 θανάτῳ
596 1806 866 1841 παραπεμπομὲνην,
884 1806 959 1833 Emit

1017 1807 1052 1835 ab
1078 1807 1156 1834 hoste
1180 1807 1309 1834 afflictam
1332 1807 1470 1841 mortique
1488 1806 1626 1834 addictam
1644 1815 1649 1833 :
1666 1806 1809 1833 Inclinavit

163 1857 221 1876 νεν-
231 1848 386 1884 οὐρανοὺς
397 1850 449 1877 καὶ
464 1850 574 1884 κατέϐη
585 1859 591 1866 ι
605 1851 635 1877 οὺ
649 1850 729 1877 τόπον
749 1851 867 1886 ἀμείψας
883 1851 959 1887 (πλη-

1016 1852 1102 1884 atlas,
1118 1857 1142 1879 et
1166 1853 1296 1879 descendit
1312 1858 1339 1884 ﬂ;
1366 1860 1421 1879 non
1444 1852 1554 1886 quidem
1574 1852 1664 1879 locum
1681 1857 1807 1884 mutans,

165 1895 210 1931 ροῖ
222 1894 323 1931 γὰρτὰ
332 1895 510 1931 σύμπαντα),
526 1896 593 1923 ἀλλὰ
608 1897 791 1930 συγκαταϐὰς.
805 1897 963 1924 Κατάϐασιν

164 1941 223 1978 γὰρ
243 1942 363 1978 νοοῦμεν
392 1942 443 1978 τὴν
463 1944 680 1978 συγκατάὸασιν.
710 1944 765 1970 Καὶ
795 1944 962 1979 παρθενικὴν

163 1986 251 2022 νηδὺν
266 1986 448 2022 ἐκλεξάμενος
467 1988 552 2024 κόρης
566 1989 647 2023 ἁγίας
667 1989 714 2015 καὶ
728 1989 854 2024 εὐσεϐείᾳ
869 1998 962 2016 συντε-

164 2033 343 2069 οραμμένης,
358 2033 392 2060 δι’
408 2034 558 2071 ἀγγελικῆς
578 2037 670 2071 φωνῆς
685 2036 900 2070 προμηνυσάσης
916 2036 962 2063 τὸν

162 2077 257 2110 τόκον,
286 2078 336 2105 καὶ
358 2078 409 2114 τῆς
433 2080 590 2115 συλλήψεως
611 2081 821 2115 ἑρμηνευσάσης
851 2081 896 2107 τὸν
917 2082 962 2108 ἀν-

163 2123 336 2159 ερμήνευτον
352 2124 464 2160 τρόπον,
479 2126 526 2151 καὶ
546 2125 597 2159 τῆς
613 2126 748 2161 παρθένου
768 2126 814 2152 τὸν
829 2126 910 2160 φόὸον
927 2128 959 2162 τῇ

163 2169 303 2205 ἑρμηνείᾳ
312 2169 444 2206 λυαάσης,
458 2170 635 2203 εἰσοικίζεταί
643 2180 673 2198 τε
687 2172 734 2198 καὶ
748 2172 811 2198 ναὸν
823 2172 897 2208 αὐτῷ
912 2181 961 2199 κα-

162 2214 344 2248 τασκευάζει,
360 2215 410 2242 καὶ
425 2216 476 2251 τὴν
493 2217 634 2252 ἄσπαρτον
660 2217 720 2246 καὶ,
733 2218 864 2253 ἁνήροτον
894 2226 961 2253 σκη-

161 2260 215 2295 νὴν
227 2261 237 2277 ⁸
253 2260 425 2289 διαπλάττει.

205 2307 321 2343 Ἐπειδὴ
344 2308 391 2334 καὶ
413 2309 427 2335 ό
449 2308 557 2344 πρῶτος
580 2307 735 2344 ἄνθρωπος,
753 2309 767 2335 ὁ
786 2310 818 2344 τῇ
837 2309 960 2345 ἁμαρτίᾳ

161 2352 276 2388 πρῶτος
298 2353 458 2387 δουλεύσας,
481 2354 597 2389 ἀπάτωρ
625 2354 768 2389 ἐτύγχανε,
802 2355 907 2390 μητέρα
930 2355 959 2381 δὲ

162 2397 254 2434 μόνην
279 2395 337 2434 εῐχι
367 2397 417 2434 τὴν
441 2398 512 2433 γῆν·
530 2398 638 2425 Ἕλαόε
656 2399 720 2433 γὰρ,
740 2398 833 2433 φησὶν,
851 2400 867 2425 ό
886 2399 959 2432 Θεὸς

160 2443 242 2479 χοί-ι·
255 2443 317 2470 ἀπὸ
332 2442 389 2477 τῆς
408 2442 475 2479 γῆς,
499 2443 549 2470 καὶ
568 2444 686 2471 ἔπλασε
710 2443 760 2470 τὸν
784 2443 957 2477 ἄνθρωπον·

159 2489 204 2516 διὸ
219 2489 271 2516 καὶ
289 2489 305 2515 ὁ
327 2488 464 2524 μακάριος
483 2488 590 2520 Παῦλός
609 2496 706 2523 φησιν·
730 2488 761 2514 '0
778 2487 894 2522 πρῶτος
907 2489 959 2515 ἇν-

160 2535 282 2568 θρωπος
297 2533 333 2561 ἐκ
356 2533 414 2569 γῆς
437 2534 555 2568 χοϊκός·
572 2534 669 2561 τούτου
687 2534 767 2569 χάριν
783 2535 797 2560 ὁ
811 2534 958 2569 μονογενὴς

159 2579 211 2606 τοῦ
229 2579 299 2606 Θεοῦ
314 2579 400 2614 Λόγος
414 2579 446 2606 ἐκ
461 2578 602 2615 Παρθένου
619 2579 703 2614 μόνης
714 2579 765 2610 τὰς
784 2579 835 2613 τῆς
847 2579 957 2606 διαπλά-

159 2633 233 2657 σεως
259 2624 350 2652 λαϐὼν
383 2625 522 2660 ἀφορμὰς,
547 2625 596 2652 καὶ
624 2624 712 2660 τούτῳ
734 2624 772 2660 τῷ
793 2625 886 2660 τρόπῳ
912 2625 957 2651 τὸν

157 2671 341 2707 ἀγεώργητον
368 2670 432 2698 ναδν
456 2671 675 2707 δημιουργήσας,
701 2671 749 2697 καὶ
782 2671 871 2706 ἑαυτῷ
895 2680 957 2697 συν-

155 2716 245 2751 άψας,
260 2716 385 2751 πρόεισιν
413 2716 447 2743 ἐκ
474 2716 524 2751 τῆς
552 2717 704 2751 Παρθένου,
726 2716 776 2751 τὴν
789 2716 955 2753 παρθενικὴν

976 2431 996 2458 Β

191 2802 204 2817 ι
215 2795 291 2824 Psal.
307 2803 373 2828 xvn,
390 2795 434 2822 lo.
469 2795 484 2815 ιι
503 2794 572 2822 Gen.
587 2803 616 2827 ιι,
629 2794 654 2821 7.
695 2799 706 2814 ο
721 2794 807 2822 lCor.
823 2803 866 2828 xv,
882 2795 925 2822 L7.

1016 1906 1077 1925 cum
1090 1898 1202 1933 impleat
1214 1898 1316 1930 omnia,
1332 1898 1379 1925 sed
1392 1897 1626 1925 condescendens.
1642 1898 1808 1925 Descensum

1015 1943 1115 1978 quippe
1132 1943 1310 1976 intelligimus
1322 1943 1550 1970 condcscensum.
1568 1943 1601 1970 Et
1616 1944 1704 1970 electo
1722 1943 1808 1978 virgi—

1013 1989 1069 2015 nali
1083 1994 1161 2016 utero
1175 1989 1272 2023 puellae
1284 1993 1386 2016 sancta:
1404 1988 1556 2023 pietatique
1570 1988 1724 2020 innutritze,
1739 1996 1808 2016 voce

1014 2034 1135 2069 angelica
1156 2039 1264 2068 partum
1284 2033 1496 2068 prmnuntiante,
1522 2033 1690 2068 modumque
1704 2042 1803 2062 conce-

1013 2080 1116 2118 ptionis
1133 2079 1301 2106 ineffabilem
1320 2079 1528 2113 interpretante,
1551 2082 1632 2113 atque
1650 2078 1701 2105 hac
1718 2079 1805 2113 expli-

1013 2124 1121 2150 catione
1138 2128 1243 2150 metum
1260 2123 1375 2158 virginis
1391 2123 1524 2153 solvente,
1542 2123 1705 2158 ingreditur,
1725 2131 1757 2150 ac
1769 2123 1806 2150 si-

1013 2168 1098 2196 bimet
1116 2173 1251 2204 prwparat
1269 2170 1399 2204 templum
1412 2189 1418 2201 ,
1439 2168 1570 2204 ﬁngitque
1585 2169 1804 2202 tabernaculum,

1012 2223 1101 2250 neque
1115 2221 1214 2249 satum,
1229 2223 1318 2250 neque
1332 2220 1450 2243 aratum.

1046 2306 1180 2339 Quoniam
1201 2314 1267 2333 vero
1283 2306 1360 2341 prior
1376 2307 1470 2339 homo,
1492 2307 1539 2341 qui
1561 2307 1667 2342 primus
1691 2314 1803 2342 peccato

1010 2353 1136 2385 servivit,
1160 2353 1220 2380 sine
1237 2357 1315 2387 patre
1333 2349 1449 2384 exstitit,
1472 2353 1613 2388 solamque
1631 2357 1732 2381 terram
1752 2354 1802 2381 ba-

1010 2397 1071 2425 buit
1084 2406 1134 2433 pro
1152 2402 1238 2426 matre
1252 2408 1258 2425 :
1274 2399 1378 2434 Accepit
1395 2399 1465 2425 enim
1483 2398 1553 2425 Deus
1573 2398 1657 2426 lutum
1672 2399 1703 2426 de
1719 2403 1801 2432 terra,

1013 2448 1037 2471 ct
1054 2445 1176 2479 formavit
1191 2445 1322 2471 hominem
1338 2445 1370 2477 b;
1389 2444 1461 2471 unde
1475 2448 1503 2471 et
1517 2444 1615 2472 beatus
1633 2445 1735 2472 Paulus
1744 2445 1801 2472 ait:

1011 2489 1118 2516 Primus
1133 2490 1209 2516 homo
1225 2490 1256 2516 de
1268 2494 1340 2517 terra
1356 2494 1475 2516 terrenus
1492 2496 1502 2509 ε
1516 2499 1524 2523 ;
1543 2490 1605 2518 ideo
1630 2491 1802 2526 unigenitum

1011 2534 1060 2561 Dei
1084 2534 1215 2567 Verbum,
1243 2535 1392 2570 assumptis
1414 2543 1448 2563 ex
1472 2535 1583 2570 Virgine
1610 2536 1666 2563 sola
1697 2541 1802 2563 natura:

1011 2581 1168 2617 principiis,
1189 2586 1334 2617 postquam
1358 2583 1489 2617 templum
1514 2590 1568 2609 non
1588 2590 1671 2609 manu
1697 2582 1800 2609 factum
1837 2576 1847 2587 “

1011 2627 1135 2662 perfecit,
1152 2628 1259 2663 sibique
1274 2628 1422 2663 copulavit,
1441 2628 1543 2662 prodiit
1562 2635 1595 2655 ex
1615 2626 1735 2662 Virgine,
1754 2633 1800 2653 zo-

1010 2681 1073 2700 nam
1090 2673 1252 2709 virginalem
1272 2681 1362 2708 ncque
1377 2672 1557 2707 conceptione
1575 2671 1695 2704 solvens,
1709 2677 1798 2705 neque

1010 2719 1187 2754 generatione
1205 2719 1382 2754 diﬂ'ringcns,
1401 2717 1450 2745 sed
1470 2718 1656 2753 incorruptam
1673 2722 1796 2749 servam,

807 2862 925 2889 VARle
946 2861 1144 2892 LECTlONES.

196 2934 205 2951 ³
219 2932 271 2970 τὴν
285 2933 356 2961 dim.
373 2931 422 2960 καὶ
435 2932 479 2960 ἂν.
496 2940 540 2959 σκ.
555 2930 585 2959 ld
602 2935 655 2964 cst,
676 2930 736 2958 sine
749 2929 803 2957 viri
816 2937 909 2966 opera.
926 2930 1010 2960 (ἕλιξιν.
