  <div class='ocr_page' id='page_1' title='image "/cluster/home/n/w/nwhite01/storage/ocr_20150623/84:no.5/coo.31924054869858/041.png"; bbox 0 0 4080 6466; ppageno 0'>
   <div class='ocr_carea' id='block_1_1' title="bbox 519 430 3783 504">
    <p class='ocr_par' dir='ltr' id='par_1_1' title="bbox 519 430 3783 504">
     <span class='ocr_line' id='line_1_1' title="bbox 519 430 3783 504; baseline 0.007 -23"><span class='ocrx_word' id='word_1_1' title='bbox 519 431 585 495; x_wconf 74' lang='lat'><strong>6‘,‘</strong></span> <span class='ocrx_word' id='word_1_2' title='bbox 1712 430 2027 489; x_wconf 83' lang='lat' dir='ltr'><strong>OPERUM</strong></span> <span class='ocrx_word' id='word_1_3' title='bbox 2076 431 2564 492; x_wconf 80' lang='grc' dir='ltr'><strong>ἸἩΕῡΒΟΒΕΤΙ</strong></span> <span class='ocrx_word' id='word_1_4' title='bbox 3714 442 3783 504; x_wconf 76' lang='grc'><strong>(58</strong></span> 
     </span>
    </p>
   </div>
   <div class='ocr_carea' id='block_1_2' title="bbox 519 540 2095 624">
    <p class='ocr_par' dir='ltr' id='par_1_2' title="bbox 519 540 2095 619">
     <span class='ocr_line' id='line_1_2' title="bbox 519 540 2095 619; baseline -0.005 -16"><span class='ocrx_word' id='word_1_5' title='bbox 519 558 683 619; x_wconf 86' lang='lat' dir='ltr'><strong>atque</strong></span> <span class='ocrx_word' id='word_1_6' title='bbox 708 546 986 610; x_wconf 90' lang='lat' dir='ltr'><strong>intactam,</strong></span> <span class='ocrx_word' id='word_1_7' title='bbox 1015 557 1269 613; x_wconf 88' lang='lat' dir='ltr'><strong>magnum</strong></span> <span class='ocrx_word' id='word_1_8' title='bbox 1301 540 1438 597; x_wconf 87' lang='lat' dir='ltr'><strong>illud</strong></span> <span class='ocrx_word' id='word_1_9' title='bbox 1463 550 1519 596; x_wconf 91' lang='lat' dir='ltr'><strong>et</strong></span> <span class='ocrx_word' id='word_1_10' title='bbox 1556 540 1840 596; x_wconf 72' lang='lat' dir='ltr'><strong>ineﬂ‘abile</strong></span> <span class='ocrx_word' id='word_1_11' title='bbox 1868 543 2095 596; x_wconf 88' lang='lat' dir='ltr'><strong>miracu-</strong></span> 
     </span>
    </p>
   </div>
   <div class='ocr_carea' id='block_1_3' title="bbox 2200 540 3782 624">
    <p class='ocr_par' dir='ltr' id='par_1_3' title="bbox 2209 543 3782 624">
     <span class='ocr_line' id='line_1_3' title="bbox 2209 543 3782 624; baseline 0.007 -30"><span class='ocrx_word' id='word_1_12' title='bbox 2209 543 2385 613; x_wconf 79' lang='grc' dir='ltr'>ζώνην</span> <span class='ocrx_word' id='word_1_13' title='bbox 2416 544 2476 597; x_wconf 91' lang='grc' dir='ltr'><strong>οὐ</strong></span> <span class='ocrx_word' id='word_1_14' title='bbox 2514 547 2579 615; x_wconf 81' lang='grc' dir='ltr'>τῇ</span> <span class='ocrx_word' id='word_1_15' title='bbox 2632 544 2890 616; x_wconf 75' lang='grc' dir='ltr'>συλλήψει</span> <span class='ocrx_word' id='word_1_16' title='bbox 2944 548 3133 614; x_wconf 88' lang='grc' dir='ltr'>λύσας,</span> <span class='ocrx_word' id='word_1_17' title='bbox 3166 550 3227 604; x_wconf 87' lang='grc' dir='ltr'><strong>οὐ</strong></span> <span class='ocrx_word' id='word_1_18' title='bbox 3257 552 3321 621; x_wconf 75' lang='grc' dir='ltr'>τῇ</span> <span class='ocrx_word' id='word_1_19' title='bbox 3355 551 3608 622; x_wconf 81' lang='grc' dir='ltr'><strong>γεννήσει</strong></span> <span class='ocrx_word' id='word_1_20' title='bbox 3634 551 3782 624; x_wconf 79' lang='grc' dir='ltr'>διαρ-</span> 
     </span>
    </p>
   </div>
   <div class='ocr_carea' id='block_1_4' title="bbox 520 640 910 709">
    <p class='ocr_par' dir='ltr' id='par_1_4' title="bbox 520 640 910 709">
     <span class='ocr_line' id='line_1_4' title="bbox 520 640 910 709; baseline -0.01 -14"><span class='ocrx_word' id='word_1_21' title='bbox 520 641 633 695; x_wconf 87' lang='lat' dir='ltr'><strong>lum</strong></span> <span class='ocrx_word' id='word_1_22' title='bbox 660 640 910 709; x_wconf 89' lang='lat' dir='ltr'><strong>patravit.</strong></span> 
     </span>
    </p>
   </div>
   <div class='ocr_carea' id='block_1_5' title="bbox 584 925 2097 997">
    <p class='ocr_par' dir='ltr' id='par_1_5' title="bbox 584 925 2097 997">
     <span class='ocr_line' id='line_1_5' title="bbox 584 925 2097 997; baseline -0.003 -14"><span class='ocrx_word' id='word_1_23' title='bbox 584 929 836 997; x_wconf 76' lang='lat' dir='ltr'><strong>Magnum</strong></span> <span class='ocrx_word' id='word_1_24' title='bbox 859 927 1145 982; x_wconf 85' lang='lat' dir='ltr'><strong>enimvero</strong></span> <span class='ocrx_word' id='word_1_25' title='bbox 1171 934 1228 981; x_wconf 92' lang='lat' dir='ltr'><strong>et</strong></span> <span class='ocrx_word' id='word_1_26' title='bbox 1263 925 1825 996; x_wconf 88' lang='lat' dir='ltr'><strong>ineomprehensibile</strong></span> <span class='ocrx_word' id='word_1_27' title='bbox 1860 926 2097 980; x_wconf 86' lang='lat' dir='ltr'><strong>miracu-</strong></span> 
     </span>
    </p>
   </div>
   <div class='ocr_carea' id='block_1_6' title="bbox 516 1016 2099 1087">
    <p class='ocr_par' dir='ltr' id='par_1_6' title="bbox 516 1016 2099 1087">
     <span class='ocr_line' id='line_1_6' title="bbox 516 1016 2099 1087; baseline 0 -16"><span class='ocrx_word' id='word_1_28' title='bbox 516 1019 652 1081; x_wconf 87' lang='lat' dir='ltr'><strong>lum,</strong></span> <span class='ocrx_word' id='word_1_29' title='bbox 693 1032 1025 1087; x_wconf 87' lang='lat' dir='ltr'><strong>omnemque</strong></span> <span class='ocrx_word' id='word_1_30' title='bbox 1054 1017 1274 1073; x_wconf 80' lang='lat' dir='ltr'><strong>dicendi</strong></span> <span class='ocrx_word' id='word_1_31' title='bbox 1314 1017 1631 1073; x_wconf 80' lang='lat' dir='ltr'><strong>facultatem</strong></span> <span class='ocrx_word' id='word_1_32' title='bbox 1665 1016 1974 1072; x_wconf 78' lang='lat' dir='ltr'><strong>excedens!</strong></span> <span class='ocrx_word' id='word_1_33' title='bbox 2006 1017 2099 1073; x_wconf 85' lang='lat' dir='ltr'><strong>Vi-</strong></span> 
     </span>
    </p>
   </div>
   <div class='ocr_carea' id='block_1_7' title="bbox 514 1108 2095 1193">
    <p class='ocr_par' dir='ltr' id='par_1_7' title="bbox 514 1108 2095 1193">
     <span class='ocr_line' id='line_1_7' title="bbox 514 1108 2095 1193; baseline -0.003 -27"><span class='ocrx_word' id='word_1_34' title='bbox 514 1113 644 1166; x_wconf 85' lang='lat' dir='ltr'><strong>dere</strong></span> <span class='ocrx_word' id='word_1_35' title='bbox 695 1125 975 1165; x_wconf 84' lang='lat' dir='ltr'><strong>racemum</strong></span> <span class='ocrx_word' id='word_1_36' title='bbox 1013 1126 1081 1165; x_wconf 79' lang='lat' dir='ltr'><strong>ex</strong></span> <span class='ocrx_word' id='word_1_37' title='bbox 1128 1119 1273 1163; x_wconf 90' lang='lat' dir='ltr'><strong>terra</strong></span> <span class='ocrx_word' id='word_1_38' title='bbox 1317 1109 1437 1165; x_wconf 88' lang='lat' dir='ltr'><strong>sine</strong></span> <span class='ocrx_word' id='word_1_39' title='bbox 1482 1108 1801 1193; x_wconf 74' lang='lat' dir='ltr'><strong>palmitibus</strong></span> <span class='ocrx_word' id='word_1_40' title='bbox 1841 1116 2095 1174; x_wconf 89' lang='lat' dir='ltr'><strong>enatum;</strong></span> 
     </span>
    </p>
   </div>
   <div class='ocr_carea' id='block_1_8' title="bbox 512 1200 2098 1271">
    <p class='ocr_par' dir='ltr' id='par_1_8' title="bbox 512 1200 2098 1271">
     <span class='ocr_line' id='line_1_8' title="bbox 512 1200 2098 1271; baseline -0.001 -15"><span class='ocrx_word' id='word_1_41' title='bbox 512 1205 850 1257; x_wconf 78' lang='lat' dir='ltr'><strong>frumentum</strong></span> <span class='ocrx_word' id='word_1_42' title='bbox 894 1203 1014 1257; x_wconf 88' lang='lat' dir='ltr'><strong>sine</strong></span> <span class='ocrx_word' id='word_1_43' title='bbox 1066 1210 1313 1256; x_wconf 86' lang='lat' dir='ltr'><strong>semente</strong></span> <span class='ocrx_word' id='word_1_44' title='bbox 1362 1200 1728 1271; x_wconf 88' lang='lat' dir='ltr'><strong>productum;</strong></span> <span class='ocrx_word' id='word_1_45' title='bbox 1782 1208 2098 1256; x_wconf 81' lang='lat' dir='ltr'><strong>contextam</strong></span> 
     </span>
    </p>
   </div>
   <div class='ocr_carea' id='block_1_9' title="bbox 510 1291 2097 1361">
    <p class='ocr_par' dir='ltr' id='par_1_9' title="bbox 510 1291 2097 1361">
     <span class='ocr_line' id='line_1_9' title="bbox 510 1291 2097 1361; baseline -0.003 -12"><span class='ocrx_word' id='word_1_46' title='bbox 510 1294 628 1349; x_wconf 87' lang='lat' dir='ltr'><strong>sine</strong></span> <span class='ocrx_word' id='word_1_47' title='bbox 655 1294 762 1348; x_wconf 86' lang='lat' dir='ltr'><strong>ﬁlis</strong></span> <span class='ocrx_word' id='word_1_48' title='bbox 797 1308 862 1349; x_wconf 89' lang='lat' dir='ltr'><strong>ac</strong></span> <span class='ocrx_word' id='word_1_49' title='bbox 894 1292 1151 1347; x_wconf 90' lang='lat' dir='ltr'><strong>manibus</strong></span> <span class='ocrx_word' id='word_1_50' title='bbox 1178 1291 1431 1346; x_wconf 82' lang='lat' dir='ltr'><strong>textoriis</strong></span> <span class='ocrx_word' id='word_1_51' title='bbox 1452 1300 1696 1357; x_wconf 82' lang='lat' dir='ltr'><strong>vestem;</strong></span> <span class='ocrx_word' id='word_1_52' title='bbox 1741 1306 1943 1361; x_wconf 89' lang='lat' dir='ltr'><strong>panem</strong></span> <span class='ocrx_word' id='word_1_53' title='bbox 1984 1305 2097 1344; x_wconf 89' lang='lat' dir='ltr'><strong>non</strong></span> 
     </span>
    </p>
   </div>
   <div class='ocr_carea' id='block_1_10' title="bbox 510 1380 2099 1463">
    <p class='ocr_par' dir='ltr' id='par_1_10' title="bbox 510 1380 2099 1463">
     <span class='ocr_line' id='line_1_10' title="bbox 510 1380 2099 1463; baseline -0.003 -23"><span class='ocrx_word' id='word_1_54' title='bbox 510 1387 677 1451; x_wconf 88' lang='lat' dir='ltr'><strong>mola,</strong></span> <span class='ocrx_word' id='word_1_55' title='bbox 725 1386 882 1463; x_wconf 75' lang='lat'><strong>117</strong></span> <span class='ocrx_word' id='word_1_56' title='bbox 934 1400 1043 1438; x_wconf 93' lang='lat' dir='ltr'><strong>non</strong></span> <span class='ocrx_word' id='word_1_57' title='bbox 1087 1383 1365 1447; x_wconf 86' lang='lat' dir='ltr'><strong>manibus,</strong></span> <span class='ocrx_word' id='word_1_58' title='bbox 1405 1396 1519 1436; x_wconf 89' lang='lat' dir='ltr'><strong>non</strong></span> <span class='ocrx_word' id='word_1_59' title='bbox 1560 1382 1684 1452; x_wconf 89' lang='lat' dir='ltr'><strong>igne</strong></span> <span class='ocrx_word' id='word_1_60' title='bbox 1713 1380 1950 1446; x_wconf 84' lang='lat' dir='ltr'><strong>factum,</strong></span> <span class='ocrx_word' id='word_1_61' title='bbox 2000 1380 2099 1436; x_wconf 89' lang='lat' dir='ltr'><strong>sed</strong></span> 
     </span>
    </p>
   </div>
   <div class='ocr_carea' id='block_1_11' title="bbox 510 1472 2098 1544">
    <p class='ocr_par' dir='ltr' id='par_1_11' title="bbox 510 1472 2098 1544">
     <span class='ocr_line' id='line_1_11' title="bbox 510 1472 2098 1544; baseline -0.004 -12"><span class='ocrx_word' id='word_1_62' title='bbox 510 1478 866 1533; x_wconf 75' lang='lat' dir='ltr'><strong>ineﬂ&#39;abiliter</strong></span> <span class='ocrx_word' id='word_1_63' title='bbox 897 1492 965 1531; x_wconf 81' lang='lat' dir='ltr'><strong>ex</strong></span> <span class='ocrx_word' id='word_1_64' title='bbox 983 1474 1179 1529; x_wconf 83' lang='lat' dir='ltr'><strong>farinis</strong></span> <span class='ocrx_word' id='word_1_65' title='bbox 1205 1473 1573 1544; x_wconf 82' lang='lat' dir='ltr'><strong>virginalibus</strong></span> <span class='ocrx_word' id='word_1_66' title='bbox 1607 1472 1978 1538; x_wconf 87' lang='lat' dir='ltr'><strong>elaboratum,</strong></span> <span class='ocrx_word' id='word_1_67' title='bbox 2002 1472 2098 1541; x_wconf 86' lang='lat' dir='ltr'><strong>qui</strong></span> 
     </span>
    </p>
   </div>
   <div class='ocr_carea' id='block_1_12' title="bbox 511 1563 2100 1634">
    <p class='ocr_par' dir='ltr' id='par_1_12' title="bbox 511 1563 2100 1634">
     <span class='ocr_line' id='line_1_12' title="bbox 511 1563 2100 1634; baseline -0.004 -10"><span class='ocrx_word' id='word_1_68' title='bbox 511 1578 687 1624; x_wconf 89' lang='lat' dir='ltr'><strong>totum</strong></span> <span class='ocrx_word' id='word_1_69' title='bbox 728 1576 1002 1623; x_wconf 90' lang='lat' dir='ltr'><strong>terrarum</strong></span> <span class='ocrx_word' id='word_1_70' title='bbox 1041 1566 1231 1621; x_wconf 86' lang='lat' dir='ltr'><strong>orbem</strong></span> <span class='ocrx_word' id='word_1_71' title='bbox 1267 1565 1578 1621; x_wconf 83' lang='lat' dir='ltr'><strong>abscondit.</strong></span> <span class='ocrx_word' id='word_1_72' title='bbox 1632 1563 1716 1619; x_wconf 82' lang='lat' dir='ltr'><strong>Ad</strong></span> <span class='ocrx_word' id='word_1_73' title='bbox 1746 1564 1893 1628; x_wconf 62' lang='lat' dir='ltr'><strong>hac,</strong></span> <span class='ocrx_word' id='word_1_74' title='bbox 1929 1564 2100 1634; x_wconf 89' lang='lat' dir='ltr'><strong>virgi-</strong></span> 
     </span>
    </p>
   </div>
   <div class='ocr_carea' id='block_1_13' title="bbox 509 1656 2102 1730">
    <p class='ocr_par' dir='ltr' id='par_1_13' title="bbox 509 1656 2102 1730">
     <span class='ocr_line' id='line_1_13' title="bbox 509 1656 2102 1730; baseline -0.004 -15"><span class='ocrx_word' id='word_1_75' title='bbox 509 1677 635 1715; x_wconf 88' lang='lat' dir='ltr'><strong>nem</strong></span> <span class='ocrx_word' id='word_1_76' title='bbox 688 1660 914 1730; x_wconf 85' lang='lat' dir='ltr'><strong>proprio</strong></span> <span class='ocrx_word' id='word_1_77' title='bbox 963 1658 1076 1713; x_wconf 80' lang='lat' dir='ltr'><strong>lilio</strong></span> <span class='ocrx_word' id='word_1_78' title='bbox 1120 1672 1387 1712; x_wconf 86' lang='lat' dir='ltr'><strong>mammas</strong></span> <span class='ocrx_word' id='word_1_79' title='bbox 1424 1658 1783 1727; x_wconf 65' lang='lat' dir='ltr'><strong>praebentem,</strong></span> <span class='ocrx_word' id='word_1_80' title='bbox 1833 1656 2102 1726; x_wconf 79' lang='lat' dir='ltr'><strong>lactisque</strong></span> 
     </span>
    </p>
   </div>
   <div class='ocr_carea' id='block_1_14' title="bbox 509 1744 2104 1819">
    <p class='ocr_par' dir='ltr' id='par_1_14' title="bbox 509 1744 2104 1819">
     <span class='ocr_line' id='line_1_14' title="bbox 509 1744 2104 1819; baseline -0.004 -16"><span class='ocrx_word' id='word_1_81' title='bbox 509 1750 688 1805; x_wconf 82' lang='lat' dir='ltr'><strong>fontes</strong></span> <span class='ocrx_word' id='word_1_82' title='bbox 755 1756 1162 1819; x_wconf 86' lang='lat' dir='ltr'><strong>suggerentem,</strong></span> <span class='ocrx_word' id='word_1_83' title='bbox 1199 1746 1310 1800; x_wconf 92' lang='lat' dir='ltr'><strong>imo</strong></span> <span class='ocrx_word' id='word_1_84' title='bbox 1346 1755 1403 1800; x_wconf 91' lang='lat' dir='ltr'><strong>et</strong></span> <span class='ocrx_word' id='word_1_85' title='bbox 1451 1757 1685 1801; x_wconf 88' lang='lat' dir='ltr'><strong>matrem</strong></span> <span class='ocrx_word' id='word_1_86' title='bbox 1732 1744 1929 1800; x_wconf 89' lang='lat' dir='ltr'><strong>factam</strong></span> <span class='ocrx_word' id='word_1_87' title='bbox 1992 1744 2104 1799; x_wconf 87' lang='lat' dir='ltr'><strong>vir-</strong></span> 
     </span>
    </p>
   </div>
   <div class='ocr_carea' id='block_1_15' title="bbox 508 1834 2098 1911">
    <p class='ocr_par' dir='ltr' id='par_1_15' title="bbox 508 1834 2098 1911">
     <span class='ocr_line' id='line_1_15' title="bbox 508 1834 2098 1911; baseline -0.002 -18"><span class='ocrx_word' id='word_1_88' title='bbox 508 1839 737 1911; x_wconf 86' lang='lat' dir='ltr'><strong>ginitate</strong></span> <span class='ocrx_word' id='word_1_89' title='bbox 798 1840 1005 1904; x_wconf 73' lang='lat' dir='ltr'><strong>illaesa;</strong></span> <span class='ocrx_word' id='word_1_90' title='bbox 1059 1845 1293 1893; x_wconf 87' lang='lat' dir='ltr'><strong>matrem</strong></span> <span class='ocrx_word' id='word_1_91' title='bbox 1338 1836 1539 1892; x_wconf 80' lang='lat' dir='ltr'><strong>factam</strong></span> <span class='ocrx_word' id='word_1_92' title='bbox 1588 1834 1924 1890; x_wconf 88' lang='lat' dir='ltr'><strong>matrimonii</strong></span> <span class='ocrx_word' id='word_1_93' title='bbox 1980 1835 2098 1906; x_wconf 87' lang='lat' dir='ltr'><strong>lege</strong></span> 
     </span>
    </p>
   </div>
   <div class='ocr_carea' id='block_1_16' title="bbox 509 1926 2092 1999">
    <p class='ocr_par' dir='ltr' id='par_1_16' title="bbox 509 1926 2092 1999">
     <span class='ocr_line' id='line_1_16' title="bbox 509 1926 2092 1999; baseline -0.004 -14"><span class='ocrx_word' id='word_1_94' title='bbox 509 1945 622 1987; x_wconf 91' lang='lat' dir='ltr'><strong>non</strong></span> <span class='ocrx_word' id='word_1_95' title='bbox 694 1937 977 1999; x_wconf 88' lang='lat' dir='ltr'><strong>suscepta;</strong></span> <span class='ocrx_word' id='word_1_96' title='bbox 1044 1936 1277 1984; x_wconf 88' lang='lat' dir='ltr'><strong>matrem</strong></span> <span class='ocrx_word' id='word_1_97' title='bbox 1302 1966 1317 1994; x_wconf 89' lang='lat'><strong>,</strong></span> <span class='ocrx_word' id='word_1_98' title='bbox 1379 1929 1581 1983; x_wconf 84' lang='lat' dir='ltr'><strong>factam</strong></span> <span class='ocrx_word' id='word_1_99' title='bbox 1629 1942 1756 1982; x_wconf 91' lang='lat' dir='ltr'><strong>cum</strong></span> <span class='ocrx_word' id='word_1_100' title='bbox 1820 1926 2092 1992; x_wconf 84' lang='lat' dir='ltr'><strong>nesciret,</strong></span> 
     </span>
    </p>
   </div>
   <div class='ocr_carea' id='block_1_17' title="bbox 507 2014 2100 2093">
    <p class='ocr_par' dir='ltr' id='par_1_17' title="bbox 507 2014 2100 2093">
     <span class='ocr_line' id='line_1_17' title="bbox 507 2014 2100 2093; baseline -0.003 -16"><span class='ocrx_word' id='word_1_101' title='bbox 507 2014 784 2093; x_wconf 78' lang='lat' dir='ltr'><strong>quomodo</strong></span> <span class='ocrx_word' id='word_1_102' title='bbox 836 2022 908 2077; x_wconf 87' lang='lat' dir='ltr'><strong>sit</strong></span> <span class='ocrx_word' id='word_1_103' title='bbox 959 2031 1166 2087; x_wconf 84' lang='lat' dir='ltr'><strong>mater;</strong></span> <span class='ocrx_word' id='word_1_104' title='bbox 1222 2027 1457 2075; x_wconf 85' lang='lat' dir='ltr'><strong>matrem</strong></span> <span class='ocrx_word' id='word_1_105' title='bbox 1505 2020 1725 2082; x_wconf 84' lang='lat' dir='ltr'><strong>factam,</strong></span> <span class='ocrx_word' id='word_1_106' title='bbox 1777 2033 1901 2074; x_wconf 92' lang='lat' dir='ltr'><strong>cum</strong></span> <span class='ocrx_word' id='word_1_107' title='bbox 1943 2019 2100 2088; x_wconf 85' lang='lat' dir='ltr'><strong>prius</strong></span> 
     </span>
    </p>
   </div>
   <div class='ocr_carea' id='block_1_18' title="bbox 511 2115 2096 2185">
    <p class='ocr_par' dir='ltr' id='par_1_18' title="bbox 511 2115 2096 2185">
     <span class='ocr_line' id='line_1_18' title="bbox 511 2115 2096 2185; baseline -0.003 -13"><span class='ocrx_word' id='word_1_108' title='bbox 511 2134 650 2172; x_wconf 80' lang='lat' dir='ltr'><strong>uxor</strong></span> <span class='ocrx_word' id='word_1_109' title='bbox 696 2133 807 2172; x_wconf 91' lang='lat' dir='ltr'><strong>non</strong></span> <span class='ocrx_word' id='word_1_110' title='bbox 870 2117 1097 2182; x_wconf 80' lang='lat' dir='ltr'><strong>fuisset,</strong></span> <span class='ocrx_word' id='word_1_111' title='bbox 1168 2116 1262 2171; x_wconf 89' lang='lat' dir='ltr'><strong>sed</strong></span> <span class='ocrx_word' id='word_1_112' title='bbox 1326 2117 1384 2171; x_wconf 91' lang='lat' dir='ltr'><strong>in</strong></span> <span class='ocrx_word' id='word_1_113' title='bbox 1436 2115 1753 2185; x_wconf 80' lang='lat' dir='ltr'><strong>virginitate</strong></span> <span class='ocrx_word' id='word_1_114' title='bbox 1823 2122 2096 2169; x_wconf 89' lang='lat' dir='ltr'><strong>tumorem</strong></span> 
     </span>
    </p>
   </div>
   <div class='ocr_carea' id='block_1_19' title="bbox 511 2205 2099 2272">
    <p class='ocr_par' dir='ltr' id='par_1_19' title="bbox 511 2205 2099 2272">
     <span class='ocr_line' id='line_1_19' title="bbox 511 2205 2099 2272; baseline -0.004 -7"><span class='ocrx_word' id='word_1_115' title='bbox 511 2210 718 2266; x_wconf 86' lang='lat' dir='ltr'><strong>ventris</strong></span> <span class='ocrx_word' id='word_1_116' title='bbox 759 2217 1084 2272; x_wconf 85' lang='lat' dir='ltr'><strong>ostentaret,</strong></span> <span class='ocrx_word' id='word_1_117' title='bbox 1141 2217 1198 2263; x_wconf 88' lang='lat' dir='ltr'><strong>et</strong></span> <span class='ocrx_word' id='word_1_118' title='bbox 1245 2207 1416 2263; x_wconf 86' lang='lat' dir='ltr'><strong>ferret</strong></span> <span class='ocrx_word' id='word_1_119' title='bbox 1458 2207 1717 2263; x_wconf 88' lang='lat' dir='ltr'><strong>manibus</strong></span> <span class='ocrx_word' id='word_1_120' title='bbox 1752 2205 2015 2269; x_wconf 84' lang='lat' dir='ltr'><strong>fructum,</strong></span> <span class='ocrx_word' id='word_1_121' title='bbox 2042 2212 2099 2259; x_wconf 91' lang='lat' dir='ltr'><strong>et</strong></span> 
     </span>
    </p>
   </div>
   <div class='ocr_carea' id='block_1_20' title="bbox 510 2296 2098 2370">
    <p class='ocr_par' dir='ltr' id='par_1_20' title="bbox 510 2296 2098 2370">
     <span class='ocr_line' id='line_1_20' title="bbox 510 2296 2098 2370; baseline -0.003 -16"><span class='ocrx_word' id='word_1_122' title='bbox 510 2316 632 2370; x_wconf 67' lang='lat' dir='ltr'><strong>qua:</strong></span> <span class='ocrx_word' id='word_1_123' title='bbox 659 2309 789 2355; x_wconf 87' lang='lat' dir='ltr'><strong>sunt</strong></span> <span class='ocrx_word' id='word_1_124' title='bbox 815 2298 1005 2354; x_wconf 84' lang='lat' dir='ltr'><strong>matris</strong></span> <span class='ocrx_word' id='word_1_125' title='bbox 1033 2304 1243 2369; x_wconf 83' lang='lat' dir='ltr'><strong>ageret,</strong></span> <span class='ocrx_word' id='word_1_126' title='bbox 1282 2299 1300 2317; x_wconf 81' lang='lat'><strong><em>&#39;</em></strong></span> <span class='ocrx_word' id='word_1_127' title='bbox 1336 2297 1485 2352; x_wconf 89' lang='lat' dir='ltr'><strong>salva</strong></span> <span class='ocrx_word' id='word_1_128' title='bbox 1514 2296 1867 2367; x_wconf 75' lang='lat' dir='ltr'><strong>virginitate;</strong></span> <span class='ocrx_word' id='word_1_129' title='bbox 1899 2306 1957 2351; x_wconf 92' lang='lat' dir='ltr'><strong>et</strong></span> <span class='ocrx_word' id='word_1_130' title='bbox 1986 2296 2098 2350; x_wconf 90' lang='lat' dir='ltr'><strong>vir-</strong></span> 
     </span>
    </p>
   </div>
   <div class='ocr_carea' id='block_1_21' title="bbox 509 2391 2095 2463">
    <p class='ocr_par' dir='ltr' id='par_1_21' title="bbox 509 2391 2095 2463">
     <span class='ocr_line' id='line_1_21' title="bbox 509 2391 2095 2463; baseline -0.004 -17"><span class='ocrx_word' id='word_1_131' title='bbox 509 2393 691 2463; x_wconf 88' lang='lat' dir='ltr'><strong>ginem</strong></span> <span class='ocrx_word' id='word_1_132' title='bbox 719 2391 941 2461; x_wconf 81' lang='lat' dir='ltr'><strong>quidem</strong></span> <span class='ocrx_word' id='word_1_133' title='bbox 978 2397 1249 2454; x_wconf 86' lang='lat' dir='ltr'><strong>vocatam,</strong></span> <span class='ocrx_word' id='word_1_134' title='bbox 1277 2404 1398 2459; x_wconf 65' lang='lat' dir='ltr'><strong>quae</strong></span> <span class='ocrx_word' id='word_1_135' title='bbox 1436 2396 1612 2442; x_wconf 90' lang='lat' dir='ltr'><strong>mater</strong></span> <span class='ocrx_word' id='word_1_136' title='bbox 1634 2395 1813 2452; x_wconf 84' lang='lat' dir='ltr'><strong>esset;</strong></span> <span class='ocrx_word' id='word_1_137' title='bbox 1866 2395 2095 2442; x_wconf 90' lang='lat' dir='ltr'><strong>matrem</strong></span> 
     </span>
    </p>
   </div>
   <div class='ocr_carea' id='block_1_22' title="bbox 509 2478 2095 2553">
    <p class='ocr_par' dir='ltr' id='par_1_22' title="bbox 509 2478 2095 2553">
     <span class='ocr_line' id='line_1_22' title="bbox 509 2478 2095 2553; baseline -0.002 -17"><span class='ocrx_word' id='word_1_138' title='bbox 509 2498 663 2548; x_wconf 88' lang='lat' dir='ltr'><strong>vero,</strong></span> <span class='ocrx_word' id='word_1_139' title='bbox 683 2498 804 2553; x_wconf 70' lang='lat' dir='ltr'><strong>qua:</strong></span> <span class='ocrx_word' id='word_1_140' title='bbox 831 2483 1021 2552; x_wconf 86' lang='lat' dir='ltr'><strong>virgo:</strong></span> <span class='ocrx_word' id='word_1_141' title='bbox 1046 2489 1209 2551; x_wconf 89' lang='lat' dir='ltr'><strong>atque</strong></span> <span class='ocrx_word' id='word_1_142' title='bbox 1235 2480 1309 2535; x_wconf 90' lang='lat' dir='ltr'><strong>ita</strong></span> <span class='ocrx_word' id='word_1_143' title='bbox 1335 2479 1610 2535; x_wconf 82' lang='lat' dir='ltr'><strong>contraria</strong></span> <span class='ocrx_word' id='word_1_144' title='bbox 1635 2478 1878 2545; x_wconf 77' lang='lat' dir='ltr'><strong>nomina,</strong></span> <span class='ocrx_word' id='word_1_145' title='bbox 1896 2493 2095 2547; x_wconf 84' lang='lat' dir='ltr'><strong>resque</strong></span> 
     </span>
    </p>
   </div>
   <div class='ocr_carea' id='block_1_23' title="bbox 510 2574 1338 2629">
    <p class='ocr_par' dir='ltr' id='par_1_23' title="bbox 510 2574 1338 2629">
     <span class='ocr_line' id='line_1_23' title="bbox 510 2574 1338 2629; baseline -0.007 0"><span class='ocrx_word' id='word_1_146' title='bbox 510 2574 770 2629; x_wconf 86' lang='lat' dir='ltr'><strong>adversas</strong></span> <span class='ocrx_word' id='word_1_147' title='bbox 802 2574 966 2629; x_wconf 90' lang='lat' dir='ltr'><strong>simul</strong></span> <span class='ocrx_word' id='word_1_148' title='bbox 993 2574 1338 2629; x_wconf 90' lang='lat' dir='ltr'><strong>conciliaret.</strong></span> 
     </span>
    </p>
   </div>
   <div class='ocr_carea' id='block_1_24' title="bbox 564 2723 2093 2797">
    <p class='ocr_par' dir='ltr' id='par_1_24' title="bbox 564 2723 2093 2797">
     <span class='ocr_line' id='line_1_24' title="bbox 564 2723 2093 2797; baseline -0.004 -14"><span class='ocrx_word' id='word_1_149' title='bbox 564 2728 831 2783; x_wconf 84' lang='lat' dir='ltr'><strong>&#39;Humana</strong></span> <span class='ocrx_word' id='word_1_150' title='bbox 860 2735 1057 2781; x_wconf 89' lang='lat' dir='ltr'><strong>natura</strong></span> <span class='ocrx_word' id='word_1_151' title='bbox 1090 2732 1369 2795; x_wconf 88' lang='lat' dir='ltr'><strong>assumpta</strong></span> <span class='ocrx_word' id='word_1_152' title='bbox 1402 2724 1588 2797; x_wconf 89' lang='lat' dir='ltr'><strong>(Deus)</strong></span> <span class='ocrx_word' id='word_1_153' title='bbox 1618 2723 1911 2795; x_wconf 81' lang='lat' dir='ltr'><strong>imaginem</strong></span> <span class='ocrx_word' id='word_1_154' title='bbox 1937 2739 2093 2778; x_wconf 88' lang='lat' dir='ltr'><strong>suam</strong></span> 
     </span>
    </p>
   </div>
   <div class='ocr_carea' id='block_1_25' title="bbox 510 2817 2094 2890">
    <p class='ocr_par' dir='ltr' id='par_1_25' title="bbox 510 2817 2094 2890">
     <span class='ocr_line' id='line_1_25' title="bbox 510 2817 2094 2890; baseline -0.002 -16"><span class='ocrx_word' id='word_1_155' title='bbox 510 2829 739 2876; x_wconf 87' lang='lat' dir='ltr'><strong>renovat</strong></span> <span class='ocrx_word' id='word_1_156' title='bbox 779 2828 1007 2890; x_wconf 87' lang='lat' dir='ltr'><strong>peccato</strong></span> <span class='ocrx_word' id='word_1_157' title='bbox 1034 2827 1384 2889; x_wconf 80' lang='lat' dir='ltr'><strong>corruptam;</strong></span> <span class='ocrx_word' id='word_1_158' title='bbox 1425 2826 1481 2873; x_wconf 86' lang='lat' dir='ltr'><strong>et</strong></span> <span class='ocrx_word' id='word_1_159' title='bbox 1510 2818 1864 2873; x_wconf 85' lang='lat' dir='ltr'><strong>simulacrum</strong></span> <span class='ocrx_word' id='word_1_160' title='bbox 1893 2817 2094 2887; x_wconf 89' lang='lat' dir='ltr'><strong>nequi-</strong></span> 
     </span>
    </p>
   </div>
   <div class='ocr_carea' id='block_1_26' title="bbox 511 2906 2094 2979">
    <p class='ocr_par' dir='ltr' id='par_1_26' title="bbox 511 2906 2094 2979">
     <span class='ocr_line' id='line_1_26' title="bbox 511 2906 2094 2979; baseline 0.001 -19"><span class='ocrx_word' id='word_1_161' title='bbox 511 2909 599 2966; x_wconf 66' lang='lat' dir='ltr'><strong>tia)</strong></span> <span class='ocrx_word' id='word_1_162' title='bbox 658 2910 913 2979; x_wconf 84' lang='lat' dir='ltr'><strong>rubigine</strong></span> <span class='ocrx_word' id='word_1_163' title='bbox 972 2909 1341 2964; x_wconf 87' lang='lat' dir='ltr'><strong>inveteratum</strong></span> <span class='ocrx_word' id='word_1_164' title='bbox 1392 2914 1702 2973; x_wconf 88' lang='lat' dir='ltr'><strong>restaurat,</strong></span> <span class='ocrx_word' id='word_1_165' title='bbox 1759 2906 2094 2977; x_wconf 76' lang='lat' dir='ltr'><strong>exhibetque</strong></span> 
     </span>
    </p>
   </div>
   <div class='ocr_carea' id='block_1_27' title="bbox 508 2994 2111 3079">
    <p class='ocr_par' dir='ltr' id='par_1_27' title="bbox 508 2994 2111 3079">
     <span class='ocr_line' id='line_1_27' title="bbox 508 2994 2111 3079; baseline -0.003 -25"><span class='ocrx_word' id='word_1_166' title='bbox 508 2999 794 3054; x_wconf 87' lang='lat' dir='ltr'><strong>venustius</strong></span> <span class='ocrx_word' id='word_1_167' title='bbox 818 2999 1027 3069; x_wconf 88' lang='lat' dir='ltr'><strong>priore;</strong></span> <span class='ocrx_word' id='word_1_168' title='bbox 1062 3013 1172 3053; x_wconf 92' lang='lat' dir='ltr'><strong>non</strong></span> <span class='ocrx_word' id='word_1_169' title='bbox 1212 3014 1280 3052; x_wconf 81' lang='lat' dir='ltr'><strong>ex</strong></span> <span class='ocrx_word' id='word_1_170' title='bbox 1314 3004 1486 3062; x_wconf 90' lang='lat' dir='ltr'><strong>terra,</strong></span> <span class='ocrx_word' id='word_1_171' title='bbox 1517 3004 1577 3051; x_wconf 89' lang='lat' dir='ltr'><strong>ut</strong></span> <span class='ocrx_word' id='word_1_172' title='bbox 1609 2997 1772 3061; x_wconf 91' lang='lat' dir='ltr'><strong>olim,</strong></span> <span class='ocrx_word' id='word_1_173' title='bbox 1804 2997 1911 3051; x_wconf 89' lang='lat' dir='ltr'><strong>hoc</strong></span> <span class='ocrx_word' id='word_1_174' title='bbox 1930 2994 2111 3079; x_wconf 30' lang='lat' dir='ltr'><strong>retin-2</strong></span> 
     </span>
    </p>
   </div>
   <div class='ocr_carea' id='block_1_28' title="bbox 507 3089 2091 3165">
    <p class='ocr_par' dir='ltr' id='par_1_28' title="bbox 507 3089 2091 3165">
     <span class='ocr_line' id='line_1_28' title="bbox 507 3089 2091 3165; baseline -0.004 -17"><span class='ocrx_word' id='word_1_175' title='bbox 507 3109 661 3165; x_wconf 83' lang='lat' dir='ltr'><strong>gens,</strong></span> <span class='ocrx_word' id='word_1_176' title='bbox 697 3092 797 3153; x_wconf 82' lang='lat' dir='ltr'><strong>sed</strong></span> <span class='ocrx_word' id='word_1_177' title='bbox 843 3091 979 3146; x_wconf 89' lang='lat' dir='ltr'><strong>illud</strong></span> <span class='ocrx_word' id='word_1_178' title='bbox 1009 3091 1126 3161; x_wconf 90' lang='lat' dir='ltr'><strong>ipse</strong></span> <span class='ocrx_word' id='word_1_179' title='bbox 1152 3105 1465 3156; x_wconf 90' lang='lat' dir='ltr'><strong>assumens;</strong></span> <span class='ocrx_word' id='word_1_180' title='bbox 1500 3105 1603 3143; x_wconf 91' lang='lat' dir='ltr'><strong>nec</strong></span> <span class='ocrx_word' id='word_1_181' title='bbox 1641 3099 1825 3145; x_wconf 90' lang='lat' dir='ltr'><strong>tamen</strong></span> <span class='ocrx_word' id='word_1_182' title='bbox 1850 3089 2091 3143; x_wconf 83' lang='lat' dir='ltr'><strong>divinam</strong></span> 
     </span>
    </p>
   </div>
   <div class='ocr_carea' id='block_1_29' title="bbox 509 3181 2092 3249">
    <p class='ocr_par' dir='ltr' id='par_1_29' title="bbox 509 3181 2092 3249">
     <span class='ocr_line' id='line_1_29' title="bbox 509 3181 2092 3249; baseline -0.007 -4"><span class='ocrx_word' id='word_1_183' title='bbox 509 3200 759 3245; x_wconf 88' lang='lat' dir='ltr'><strong>naturam</strong></span> <span class='ocrx_word' id='word_1_184' title='bbox 795 3187 851 3241; x_wconf 90' lang='lat' dir='ltr'><strong>in</strong></span> <span class='ocrx_word' id='word_1_185' title='bbox 891 3187 1189 3249; x_wconf 82' lang='lat' dir='ltr'><strong>humanam</strong></span> <span class='ocrx_word' id='word_1_186' title='bbox 1223 3192 1581 3248; x_wconf 90' lang='lat' dir='ltr'><strong>convertens,</strong></span> <span class='ocrx_word' id='word_1_187' title='bbox 1616 3182 1713 3239; x_wconf 89' lang='lat' dir='ltr'><strong>sed</strong></span> <span class='ocrx_word' id='word_1_188' title='bbox 1753 3197 1878 3238; x_wconf 90' lang='lat' dir='ltr'><strong>cum</strong></span> <span class='ocrx_word' id='word_1_189' title='bbox 1906 3181 2092 3236; x_wconf 89' lang='lat' dir='ltr'><strong>divina</strong></span> 
     </span>
    </p>
   </div>
   <div class='ocr_carea' id='block_1_30' title="bbox 510 3275 2091 3346">
    <p class='ocr_par' dir='ltr' id='par_1_30' title="bbox 510 3275 2091 3346">
     <span class='ocr_line' id='line_1_30' title="bbox 510 3275 2091 3346; baseline -0.003 -11"><span class='ocrx_word' id='word_1_190' title='bbox 510 3282 808 3335; x_wconf 87' lang='lat' dir='ltr'><strong>humanam</strong></span> <span class='ocrx_word' id='word_1_191' title='bbox 850 3284 1188 3332; x_wconf 91' lang='lat' dir='ltr'><strong>connectens</strong></span> <span class='ocrx_word' id='word_1_192' title='bbox 1230 3293 1243 3329; x_wconf 90' lang='lat'><strong>:</strong></span> <span class='ocrx_word' id='word_1_193' title='bbox 1295 3291 1523 3331; x_wconf 89' lang='lat' dir='ltr'><strong>manens</strong></span> <span class='ocrx_word' id='word_1_194' title='bbox 1570 3277 1720 3331; x_wconf 91' lang='lat' dir='ltr'><strong>enim</strong></span> <span class='ocrx_word' id='word_1_195' title='bbox 1761 3275 1909 3346; x_wconf 89' lang='lat' dir='ltr'><strong>quod</strong></span> <span class='ocrx_word' id='word_1_196' title='bbox 1950 3284 2091 3341; x_wconf 89' lang='lat' dir='ltr'><strong>erat,</strong></span> 
     </span>
    </p>
   </div>
   <div class='ocr_carea' id='block_1_31' title="bbox 510 3363 2088 3437">
    <p class='ocr_par' dir='ltr' id='par_1_31' title="bbox 510 3363 2088 3437">
     <span class='ocr_line' id='line_1_31' title="bbox 510 3363 2088 3437; baseline -0.003 -15"><span class='ocrx_word' id='word_1_197' title='bbox 510 3367 811 3437; x_wconf 88' lang='lat' dir='ltr'><strong>assumpsit</strong></span> <span class='ocrx_word' id='word_1_198' title='bbox 844 3364 991 3435; x_wconf 90' lang='lat' dir='ltr'><strong>quod</strong></span> <span class='ocrx_word' id='word_1_199' title='bbox 1025 3379 1139 3419; x_wconf 90' lang='lat' dir='ltr'><strong>non</strong></span> <span class='ocrx_word' id='word_1_200' title='bbox 1174 3374 1312 3419; x_wconf 87' lang='lat' dir='ltr'><strong>erat.</strong></span> <span class='ocrx_word' id='word_1_201' title='bbox 1345 3363 1481 3419; x_wconf 86' lang='lat' dir='ltr'><strong>Cum</strong></span> <span class='ocrx_word' id='word_1_202' title='bbox 1505 3374 1654 3420; x_wconf 89' lang='lat' dir='ltr'><strong>esset</strong></span> <span class='ocrx_word' id='word_1_203' title='bbox 1688 3365 1746 3419; x_wconf 89' lang='lat' dir='ltr'><strong>in</strong></span> <span class='ocrx_word' id='word_1_204' title='bbox 1768 3364 1946 3418; x_wconf 90' lang='lat' dir='ltr'><strong>forma</strong></span> <span class='ocrx_word' id='word_1_205' title='bbox 1968 3363 2088 3429; x_wconf 89' lang='lat' dir='ltr'><strong>Dei,</strong></span> 
     </span>
    </p>
   </div>
   <div class='ocr_carea' id='block_1_32' title="bbox 511 3453 2084 3526">
    <p class='ocr_par' dir='ltr' id='par_1_32' title="bbox 511 3453 2084 3526">
     <span class='ocr_line' id='line_1_32' title="bbox 511 3453 2084 3526; baseline -0.005 -11"><span class='ocrx_word' id='word_1_206' title='bbox 511 3459 654 3515; x_wconf 83' lang='lat' dir='ltr'><strong>servi</strong></span> <span class='ocrx_word' id='word_1_207' title='bbox 697 3460 950 3523; x_wconf 78' lang='lat' dir='ltr'><strong>formam,</strong></span> <span class='ocrx_word' id='word_1_208' title='bbox 988 3455 1044 3510; x_wconf 91' lang='lat' dir='ltr'><strong>id</strong></span> <span class='ocrx_word' id='word_1_209' title='bbox 1074 3462 1178 3521; x_wconf 86' lang='lat' dir='ltr'><strong>est,</strong></span> <span class='ocrx_word' id='word_1_210' title='bbox 1210 3456 1505 3511; x_wconf 88' lang='lat' dir='ltr'><strong>essentiam</strong></span> <span class='ocrx_word' id='word_1_211' title='bbox 1531 3456 1777 3526; x_wconf 85' lang='lat' dir='ltr'><strong>accepit;</strong></span> <span class='ocrx_word' id='word_1_212' title='bbox 1812 3456 1867 3509; x_wconf 83' lang='lat' dir='ltr'><strong>in</strong></span> <span class='ocrx_word' id='word_1_213' title='bbox 1897 3453 2084 3508; x_wconf 77' lang='lat' dir='ltr'><strong>simili-</strong></span> 
     </span>
    </p>
   </div>
   <div class='ocr_carea' id='block_1_33' title="bbox 511 3545 2089 3617">
    <p class='ocr_par' dir='ltr' id='par_1_33' title="bbox 511 3545 2089 3617">
     <span class='ocr_line' id='line_1_33' title="bbox 511 3545 2089 3617; baseline -0.004 -13"><span class='ocrx_word' id='word_1_214' title='bbox 511 3551 691 3604; x_wconf 81' lang='lat' dir='ltr'><strong>tudine</strong></span> <span class='ocrx_word' id='word_1_215' title='bbox 721 3549 944 3603; x_wconf 80' lang='lat' dir='ltr'><strong>hominis</strong></span> <span class='ocrx_word' id='word_1_216' title='bbox 981 3548 1170 3617; x_wconf 71' lang='lat' dir='ltr'><strong>factus,</strong></span> <span class='ocrx_word' id='word_1_217' title='bbox 1195 3554 1243 3600; x_wconf 81' lang='lat' dir='ltr'><strong>et</strong></span> <span class='ocrx_word' id='word_1_218' title='bbox 1273 3547 1453 3601; x_wconf 83' lang='lat' dir='ltr'><strong>habitu</strong></span> <span class='ocrx_word' id='word_1_219' title='bbox 1483 3549 1745 3613; x_wconf 80' lang='lat' dir='ltr'><strong>inventus,</strong></span> <span class='ocrx_word' id='word_1_220' title='bbox 1777 3554 1835 3599; x_wconf 83' lang='lat' dir='ltr'><strong>ut</strong></span> <span class='ocrx_word' id='word_1_221' title='bbox 1863 3545 2089 3611; x_wconf 73' lang='lat' dir='ltr'><strong>Izomod,</strong></span> 
     </span>
    </p>
   </div>
   <div class='ocr_carea' id='block_1_34' title="bbox 510 3638 2094 3712">
    <p class='ocr_par' dir='ltr' id='par_1_34' title="bbox 510 3638 2094 3712">
     <span class='ocr_line' id='line_1_34' title="bbox 510 3638 2094 3712; baseline -0.003 -17"><span class='ocrx_word' id='word_1_222' title='bbox 510 3643 639 3712; x_wconf 86' lang='lat' dir='ltr'><strong>quia</strong></span> <span class='ocrx_word' id='word_1_223' title='bbox 671 3640 775 3695; x_wconf 88' lang='lat' dir='ltr'><strong>etsi</strong></span> <span class='ocrx_word' id='word_1_224' title='bbox 822 3648 1068 3694; x_wconf 89' lang='lat' dir='ltr'><strong>nostram</strong></span> <span class='ocrx_word' id='word_1_225' title='bbox 1109 3647 1365 3693; x_wconf 88' lang='lat' dir='ltr'><strong>naturam</strong></span> <span class='ocrx_word' id='word_1_226' title='bbox 1401 3638 1660 3704; x_wconf 87' lang='lat' dir='ltr'><strong>haberet,</strong></span> <span class='ocrx_word' id='word_1_227' title='bbox 1712 3654 1824 3692; x_wconf 89' lang='lat' dir='ltr'><strong>non</strong></span> <span class='ocrx_word' id='word_1_228' title='bbox 1865 3645 1985 3693; x_wconf 89' lang='lat' dir='ltr'><strong>erat</strong></span> <span class='ocrx_word' id='word_1_229' title='bbox 2015 3645 2094 3691; x_wconf 89' lang='lat' dir='ltr'><strong>ta-</strong></span> 
     </span>
    </p>
   </div>
   <div class='ocr_carea' id='block_1_35' title="bbox 513 3728 2091 3800">
    <p class='ocr_par' dir='ltr' id='par_1_35' title="bbox 513 3728 2091 3800">
     <span class='ocr_line' id='line_1_35' title="bbox 513 3728 2091 3800; baseline -0.003 -12"><span class='ocrx_word' id='word_1_230' title='bbox 513 3750 636 3790; x_wconf 87' lang='lat' dir='ltr'><strong>men</strong></span> <span class='ocrx_word' id='word_1_231' title='bbox 670 3731 821 3786; x_wconf 92' lang='lat' dir='ltr'><strong>omni</strong></span> <span class='ocrx_word' id='word_1_232' title='bbox 858 3746 925 3785; x_wconf 81' lang='lat' dir='ltr'><strong>ex</strong></span> <span class='ocrx_word' id='word_1_233' title='bbox 950 3738 1106 3800; x_wconf 86' lang='lat' dir='ltr'><strong>parte</strong></span> <span class='ocrx_word' id='word_1_234' title='bbox 1140 3730 1301 3786; x_wconf 89' lang='lat' dir='ltr'><strong>nobis</strong></span> <span class='ocrx_word' id='word_1_235' title='bbox 1329 3729 1546 3784; x_wconf 90' lang='lat' dir='ltr'><strong>similis.</strong></span> <span class='ocrx_word' id='word_1_236' title='bbox 1579 3730 1780 3785; x_wconf 86' lang='lat' dir='ltr'><strong>Sumus</strong></span> <span class='ocrx_word' id='word_1_237' title='bbox 1803 3728 1948 3783; x_wconf 92' lang='lat' dir='ltr'><strong>enim</strong></span> <span class='ocrx_word' id='word_1_238' title='bbox 1978 3728 2091 3783; x_wconf 92' lang='lat' dir='ltr'><strong>nati</strong></span> 
     </span>
    </p>
   </div>
   <div class='ocr_carea' id='block_1_36' title="bbox 511 3821 2092 3893">
    <p class='ocr_par' dir='ltr' id='par_1_36' title="bbox 511 3821 2092 3893">
     <span class='ocr_line' id='line_1_36' title="bbox 511 3821 2092 3893; baseline -0.004 -11"><span class='ocrx_word' id='word_1_239' title='bbox 511 3843 578 3882; x_wconf 84' lang='lat' dir='ltr'><strong>ex</strong></span> <span class='ocrx_word' id='word_1_240' title='bbox 618 3826 872 3889; x_wconf 88' lang='lat' dir='ltr'><strong>muliere,</strong></span> <span class='ocrx_word' id='word_1_241' title='bbox 913 3831 1076 3878; x_wconf 90' lang='lat' dir='ltr'><strong>natus</strong></span> <span class='ocrx_word' id='word_1_242' title='bbox 1100 3831 1154 3877; x_wconf 91' lang='lat' dir='ltr'><strong>et</strong></span> <span class='ocrx_word' id='word_1_243' title='bbox 1178 3823 1315 3893; x_wconf 89' lang='lat' dir='ltr'><strong>ipse,</strong></span> <span class='ocrx_word' id='word_1_244' title='bbox 1347 3822 1442 3878; x_wconf 87' lang='lat' dir='ltr'><strong>sed</strong></span> <span class='ocrx_word' id='word_1_245' title='bbox 1466 3838 1577 3876; x_wconf 92' lang='lat' dir='ltr'><strong>non</strong></span> <span class='ocrx_word' id='word_1_246' title='bbox 1602 3821 1857 3875; x_wconf 90' lang='lat' dir='ltr'><strong>similiter</strong></span> <span class='ocrx_word' id='word_1_247' title='bbox 1881 3829 1941 3874; x_wconf 95' lang='lat' dir='ltr'><strong>ut</strong></span> <span class='ocrx_word' id='word_1_248' title='bbox 1970 3836 2092 3886; x_wconf 89' lang='lat' dir='ltr'><strong>nos,</strong></span> 
     </span>
    </p>
   </div>
   <div class='ocr_carea' id='block_1_37' title="bbox 512 3909 2095 3983">
    <p class='ocr_par' dir='ltr' id='par_1_37' title="bbox 512 3909 2095 3983">
     <span class='ocr_line' id='line_1_37' title="bbox 512 3909 2095 3983; baseline -0.005 -12"><span class='ocrx_word' id='word_1_249' title='bbox 512 3931 639 3971; x_wconf 89' lang='lat' dir='ltr'><strong>cum</strong></span> <span class='ocrx_word' id='word_1_250' title='bbox 681 3930 749 3969; x_wconf 78' lang='lat' dir='ltr'><strong>ex</strong></span> <span class='ocrx_word' id='word_1_251' title='bbox 779 3914 901 3968; x_wconf 90' lang='lat' dir='ltr'><strong>alvo</strong></span> <span class='ocrx_word' id='word_1_252' title='bbox 938 3912 1193 3981; x_wconf 85' lang='lat' dir='ltr'><strong>virginali</strong></span> <span class='ocrx_word' id='word_1_253' title='bbox 1226 3912 1519 3983; x_wconf 88' lang='lat' dir='ltr'><strong>prodierit.</strong></span> <span class='ocrx_word' id='word_1_254' title='bbox 1568 3909 1857 3965; x_wconf 79' lang='lat' dir='ltr'><strong>Perfectus</strong></span> <span class='ocrx_word' id='word_1_255' title='bbox 1886 3918 1970 3964; x_wconf 90' lang='lat' dir='ltr'><strong>est</strong></span> <span class='ocrx_word' id='word_1_256' title='bbox 1996 3910 2095 3964; x_wconf 77' lang='lat' dir='ltr'><strong>lto—</strong></span> 
     </span>
    </p>
   </div>
   <div class='ocr_carea' id='block_1_38' title="bbox 514 3997 2091 4071">
    <p class='ocr_par' dir='ltr' id='par_1_38' title="bbox 514 3997 2091 4071">
     <span class='ocr_line' id='line_1_38' title="bbox 514 3997 2091 4071; baseline -0.006 -10"><span class='ocrx_word' id='word_1_257' title='bbox 514 4023 625 4071; x_wconf 90' lang='lat' dir='ltr'><strong>mo,</strong></span> <span class='ocrx_word' id='word_1_258' title='bbox 651 4004 813 4061; x_wconf 91' lang='lat' dir='ltr'><strong>sicuti</strong></span> <span class='ocrx_word' id='word_1_259' title='bbox 843 4019 974 4068; x_wconf 88' lang='lat' dir='ltr'><strong>nos;</strong></span> <span class='ocrx_word' id='word_1_260' title='bbox 1013 4002 1107 4057; x_wconf 90' lang='lat' dir='ltr'><strong>sed</strong></span> <span class='ocrx_word' id='word_1_261' title='bbox 1141 4002 1333 4057; x_wconf 85' lang='lat' dir='ltr'><strong>habuit</strong></span> <span class='ocrx_word' id='word_1_262' title='bbox 1362 4001 1651 4071; x_wconf 85' lang='lat' dir='ltr'><strong>plusquam</strong></span> <span class='ocrx_word' id='word_1_263' title='bbox 1678 4014 1781 4054; x_wconf 85' lang='lat' dir='ltr'><strong>nos</strong></span> <span class='ocrx_word' id='word_1_264' title='bbox 1802 3999 1898 4053; x_wconf 89' lang='lat' dir='ltr'><strong>Dei</strong></span> <span class='ocrx_word' id='word_1_265' title='bbox 1927 3997 2091 4055; x_wconf 84' lang='lat' dir='ltr'><strong>Verbi</strong></span> 
     </span>
    </p>
   </div>
   <div class='ocr_carea' id='block_1_39' title="bbox 516 4089 2096 4160">
    <p class='ocr_par' dir='ltr' id='par_1_39' title="bbox 516 4089 2096 4160">
     <span class='ocr_line' id='line_1_39' title="bbox 516 4089 2096 4160; baseline -0.005 -7"><span class='ocrx_word' id='word_1_266' title='bbox 516 4096 973 4154; x_wconf 75' lang='lat' dir='ltr'><strong>inliabitationem</strong></span> <span class='ocrx_word' id='word_1_267' title='bbox 1009 4103 1066 4149; x_wconf 91' lang='lat' dir='ltr'><strong>et</strong></span> <span class='ocrx_word' id='word_1_268' title='bbox 1100 4095 1395 4149; x_wconf 88' lang='lat' dir='ltr'><strong>unionem:</strong></span> <span class='ocrx_word' id='word_1_269' title='bbox 1438 4092 1598 4160; x_wconf 78' lang='lat'><strong>118</strong></span> <span class='ocrx_word' id='word_1_270' title='bbox 1646 4103 1868 4145; x_wconf 86' lang='lat' dir='ltr'><strong>carnem</strong></span> <span class='ocrx_word' id='word_1_271' title='bbox 1901 4089 2096 4145; x_wconf 87' lang='lat' dir='ltr'><strong>habuit</strong></span> 
     </span>
    </p>
   </div>
   <div class='ocr_carea' id='block_1_40' title="bbox 515 4179 2091 4254">
    <p class='ocr_par' dir='ltr' id='par_1_40' title="bbox 515 4179 2091 4254">
     <span class='ocr_line' id='line_1_40' title="bbox 515 4179 2091 4254; baseline -0.006 -9"><span class='ocrx_word' id='word_1_272' title='bbox 515 4191 789 4246; x_wconf 84' lang='lat' dir='ltr'><strong>viventem</strong></span> <span class='ocrx_word' id='word_1_273' title='bbox 820 4196 877 4242; x_wconf 91' lang='lat' dir='ltr'><strong>et</strong></span> <span class='ocrx_word' id='word_1_274' title='bbox 915 4186 1259 4251; x_wconf 89' lang='lat' dir='ltr'><strong>rationalem,</strong></span> <span class='ocrx_word' id='word_1_275' title='bbox 1298 4181 1528 4254; x_wconf 88' lang='lat' dir='ltr'><strong>perinde</strong></span> <span class='ocrx_word' id='word_1_276' title='bbox 1567 4196 1631 4237; x_wconf 91' lang='lat' dir='ltr'><strong>ac</strong></span> <span class='ocrx_word' id='word_1_277' title='bbox 1665 4196 1798 4249; x_wconf 90' lang='lat' dir='ltr'><strong>nos;</strong></span> <span class='ocrx_word' id='word_1_278' title='bbox 1834 4180 1928 4235; x_wconf 90' lang='lat' dir='ltr'><strong>sed</strong></span> <span class='ocrx_word' id='word_1_279' title='bbox 1964 4179 2091 4251; x_wconf 82' lang='lat' dir='ltr'><strong>pec-</strong></span> 
     </span>
    </p>
   </div>
   <div class='ocr_carea' id='block_1_41' title="bbox 511 4271 2093 4338">
    <p class='ocr_par' dir='ltr' id='par_1_41' title="bbox 511 4271 2093 4338">
     <span class='ocr_line' id='line_1_41' title="bbox 511 4271 2093 4338; baseline -0.007 -3"><span class='ocrx_word' id='word_1_280' title='bbox 511 4280 620 4335; x_wconf 88' lang='lat' dir='ltr'><strong>cati</strong></span> <span class='ocrx_word' id='word_1_281' title='bbox 663 4286 846 4333; x_wconf 85' lang='lat' dir='ltr'><strong>motus</strong></span> <span class='ocrx_word' id='word_1_282' title='bbox 901 4292 1014 4330; x_wconf 91' lang='lat' dir='ltr'><strong>non</strong></span> <span class='ocrx_word' id='word_1_283' title='bbox 1049 4275 1331 4337; x_wconf 86' lang='lat' dir='ltr'><strong>sustinuit,</strong></span> <span class='ocrx_word' id='word_1_284' title='bbox 1366 4273 1511 4326; x_wconf 91' lang='lat' dir='ltr'><strong>sicut</strong></span> <span class='ocrx_word' id='word_1_285' title='bbox 1556 4286 1693 4338; x_wconf 90' lang='lat' dir='ltr'><strong>nos;</strong></span> <span class='ocrx_word' id='word_1_286' title='bbox 1737 4272 1848 4325; x_wconf 92' lang='lat' dir='ltr'><strong>imo</strong></span> <span class='ocrx_word' id='word_1_287' title='bbox 1878 4271 1934 4325; x_wconf 91' lang='lat' dir='ltr'><strong>in</strong></span> <span class='ocrx_word' id='word_1_288' title='bbox 1970 4286 2093 4325; x_wconf 89' lang='lat' dir='ltr'><strong>cor-</strong></span> 
     </span>
    </p>
   </div>
   <div class='ocr_carea' id='block_1_42' title="bbox 513 4362 2090 4444">
    <p class='ocr_par' dir='ltr' id='par_1_42' title="bbox 513 4362 2090 4444">
     <span class='ocr_line' id='line_1_42' title="bbox 513 4362 2090 4444; baseline -0.008 -18"><span class='ocrx_word' id='word_1_289' title='bbox 513 4388 667 4444; x_wconf 86' lang='lat' dir='ltr'><strong>pore,</strong></span> <span class='ocrx_word' id='word_1_290' title='bbox 692 4369 839 4441; x_wconf 85' lang='lat' dir='ltr'><strong>quod</strong></span> <span class='ocrx_word' id='word_1_291' title='bbox 872 4366 1296 4439; x_wconf 88' lang='lat' dir='ltr'><strong>oppugnabatur</strong></span> <span class='ocrx_word' id='word_1_292' title='bbox 1320 4379 1350 4417; x_wconf 92' lang='lat' dir='ltr'><strong>a</strong></span> <span class='ocrx_word' id='word_1_293' title='bbox 1380 4372 1627 4433; x_wconf 87' lang='lat' dir='ltr'><strong>peccato,</strong></span> <span class='ocrx_word' id='word_1_294' title='bbox 1666 4362 1877 4432; x_wconf 87' lang='lat' dir='ltr'><strong>peccati</strong></span> <span class='ocrx_word' id='word_1_295' title='bbox 1905 4370 2090 4432; x_wconf 86' lang='lat' dir='ltr'><strong>tyran-</strong></span> 
     </span>
    </p>
   </div>
   <div class='ocr_carea' id='block_1_43' title="bbox 513 4460 994 4520">
    <p class='ocr_par' dir='ltr' id='par_1_43' title="bbox 513 4460 994 4520">
     <span class='ocr_line' id='line_1_43' title="bbox 513 4460 994 4520; baseline -0.012 0"><span class='ocrx_word' id='word_1_296' title='bbox 513 4463 697 4520; x_wconf 91' lang='lat' dir='ltr'><strong>nidem</strong></span> <span class='ocrx_word' id='word_1_297' title='bbox 723 4460 994 4517; x_wconf 87' lang='lat' dir='ltr'><strong>dissolvit.</strong></span> 
     </span>
    </p>
   </div>
   <div class='ocr_carea' id='block_1_44' title="bbox 580 4628 2097 4705">
    <p class='ocr_par' dir='ltr' id='par_1_44' title="bbox 580 4628 2097 4705">
     <span class='ocr_line' id='line_1_44' title="bbox 580 4628 2097 4705; baseline -0.008 -12"><span class='ocrx_word' id='word_1_298' title='bbox 580 4637 754 4693; x_wconf 87' lang='lat' dir='ltr'><strong>Porro</strong></span> <span class='ocrx_word' id='word_1_299' title='bbox 778 4645 962 4690; x_wconf 88' lang='lat' dir='ltr'><strong>autem</strong></span> <span class='ocrx_word' id='word_1_300' title='bbox 996 4635 1017 4666; x_wconf 92' lang='grc'>³</span> <span class='ocrx_word' id='word_1_301' title='bbox 1050 4632 1269 4705; x_wconf 82' lang='lat' dir='ltr'><strong>proficit</strong></span> <span class='ocrx_word' id='word_1_302' title='bbox 1298 4639 1458 4686; x_wconf 70' lang='lat' dir='ltr'><strong>aatatc</strong></span> <span class='ocrx_word' id='word_1_303' title='bbox 1490 4628 1713 4699; x_wconf 83' lang='lat' dir='ltr'><strong>quidem</strong></span> <span class='ocrx_word' id='word_1_304' title='bbox 1757 4642 1977 4698; x_wconf 85' lang='lat' dir='ltr'><strong>corpus,</strong></span> <span class='ocrx_word' id='word_1_305' title='bbox 2011 4642 2097 4682; x_wconf 87' lang='lat' dir='ltr'><strong>sa-</strong></span> 
     </span>
    </p>
   </div>
   <div class='ocr_carea' id='block_1_45' title="bbox 515 4717 2096 4796">
    <p class='ocr_par' dir='ltr' id='par_1_45' title="bbox 515 4717 2096 4796">
     <span class='ocr_line' id='line_1_45' title="bbox 515 4717 2096 4796; baseline -0.006 -16"><span class='ocrx_word' id='word_1_306' title='bbox 515 4722 720 4796; x_wconf 80' lang='lat' dir='ltr'><strong>pientia</strong></span> <span class='ocrx_word' id='word_1_307' title='bbox 754 4742 885 4780; x_wconf 77' lang='lat' dir='ltr'><strong>vero</strong></span> <span class='ocrx_word' id='word_1_308' title='bbox 932 4726 1150 4779; x_wconf 88' lang='lat' dir='ltr'><strong>animus</strong></span> <span class='ocrx_word' id='word_1_309' title='bbox 1180 4734 1204 4762; x_wconf 76' lang='grc' dir='ltr'>θ</span> <span class='ocrx_word' id='word_1_310' title='bbox 1247 4739 1260 4774; x_wconf 93' lang='lat'><strong>:</strong></span> <span class='ocrx_word' id='word_1_311' title='bbox 1307 4736 1487 4790; x_wconf 90' lang='lat' dir='ltr'><strong>neque</strong></span> <span class='ocrx_word' id='word_1_312' title='bbox 1523 4719 1671 4772; x_wconf 92' lang='lat' dir='ltr'><strong>enim</strong></span> <span class='ocrx_word' id='word_1_313' title='bbox 1703 4717 1877 4772; x_wconf 92' lang='lat' dir='ltr'><strong>ullum</strong></span> <span class='ocrx_word' id='word_1_314' title='bbox 1915 4717 2096 4771; x_wconf 89' lang='lat' dir='ltr'><strong>incre-</strong></span> 
     </span>
    </p>
   </div>
   <div class='ocr_carea' id='block_1_46' title="bbox 515 4811 2097 4881">
    <p class='ocr_par' dir='ltr' id='par_1_46' title="bbox 515 4811 2097 4881">
     <span class='ocr_line' id='line_1_46' title="bbox 515 4811 2097 4881; baseline -0.005 -8"><span class='ocrx_word' id='word_1_315' title='bbox 515 4826 761 4873; x_wconf 88' lang='lat' dir='ltr'><strong>mentum</strong></span> <span class='ocrx_word' id='word_1_316' title='bbox 819 4818 1079 4873; x_wconf 87' lang='lat' dir='ltr'><strong>divinitas</strong></span> <span class='ocrx_word' id='word_1_317' title='bbox 1139 4814 1422 4870; x_wconf 88' lang='lat' dir='ltr'><strong>admittit:</strong></span> <span class='ocrx_word' id='word_1_318' title='bbox 1462 4827 1588 4867; x_wconf 91' lang='lat' dir='ltr'><strong>nam</strong></span> <span class='ocrx_word' id='word_1_319' title='bbox 1636 4811 1786 4865; x_wconf 91' lang='lat' dir='ltr'><strong>omni</strong></span> <span class='ocrx_word' id='word_1_320' title='bbox 1830 4826 1895 4865; x_wconf 79' lang='lat' dir='ltr'><strong>ex</strong></span> <span class='ocrx_word' id='word_1_321' title='bbox 1940 4817 2097 4881; x_wconf 87' lang='lat' dir='ltr'><strong>parte</strong></span> 
     </span>
    </p>
   </div>
   <div class='ocr_carea' id='block_1_47' title="bbox 514 4902 2097 4980">
    <p class='ocr_par' dir='ltr' id='par_1_47' title="bbox 514 4902 2097 4980">
     <span class='ocr_line' id='line_1_47' title="bbox 514 4902 2097 4980; baseline -0.006 -17"><span class='ocrx_word' id='word_1_322' title='bbox 514 4907 818 4980; x_wconf 83' lang='lat' dir='ltr'><strong>perfectum</strong></span> <span class='ocrx_word' id='word_1_323' title='bbox 856 4915 941 4961; x_wconf 91' lang='lat' dir='ltr'><strong>est</strong></span> <span class='ocrx_word' id='word_1_324' title='bbox 977 4907 1073 4960; x_wconf 89' lang='lat' dir='ltr'><strong>Dei</strong></span> <span class='ocrx_word' id='word_1_325' title='bbox 1107 4904 1380 4962; x_wconf 84' lang='lat' dir='ltr'><strong>Verbum:</strong></span> <span class='ocrx_word' id='word_1_326' title='bbox 1412 4902 1804 4958; x_wconf 84' lang='lat' dir='ltr'><strong>convenienter</strong></span> <span class='ocrx_word' id='word_1_327' title='bbox 1850 4916 1981 4955; x_wconf 90' lang='lat' dir='ltr'><strong>vero</strong></span> <span class='ocrx_word' id='word_1_328' title='bbox 2008 4916 2097 4955; x_wconf 83' lang='lat' dir='ltr'><strong>sa-</strong></span> 
     </span>
    </p>
   </div>
   <div class='ocr_carea' id='block_1_48' title="bbox 516 4984 2098 5071">
    <p class='ocr_par' dir='ltr' id='par_1_48' title="bbox 516 4984 2098 5071">
     <span class='ocr_line' id='line_1_48' title="bbox 516 4984 2098 5071; baseline -0.003 -19"><span class='ocrx_word' id='word_1_329' title='bbox 516 5000 735 5071; x_wconf 74' lang='lat' dir='ltr'><strong>pientia:</strong></span> <span class='ocrx_word' id='word_1_330' title='bbox 783 4999 1190 5052; x_wconf 89' lang='lat' dir='ltr'><strong>incrementum</strong></span> <span class='ocrx_word' id='word_1_331' title='bbox 1237 4992 1523 5064; x_wconf 82' lang='lat' dir='ltr'><strong>conjunxit</strong></span> <span class='ocrx_word' id='word_1_332' title='bbox 1569 4984 1940 5065; x_wconf 71' lang='lat' dir='ltr'><strong>(evangelista)</strong></span> <span class='ocrx_word' id='word_1_333' title='bbox 1974 5007 2098 5047; x_wconf 92' lang='lat' dir='ltr'><strong>cum</strong></span> 
     </span>
    </p>
   </div>
   <div class='ocr_carea' id='block_1_49' title="bbox 434 5084 2094 5161">
    <p class='ocr_par' dir='ltr' id='par_1_49' title="bbox 434 5084 2094 5161">
     <span class='ocr_line' id='line_1_49' title="bbox 434 5084 2094 5161; baseline -0.003 -16"><span class='ocrx_word' id='word_1_334' title='bbox 434 5152 445 5161; x_wconf 38' lang='grc' dir='ltr'><em>η</em></span> <span class='ocrx_word' id='word_1_335' title='bbox 513 5091 690 5146; x_wconf 76' lang='lat' dir='ltr'><strong>zetatis</strong></span> <span class='ocrx_word' id='word_1_336' title='bbox 749 5097 1080 5159; x_wconf 89' lang='lat' dir='ltr'><strong>augmento:</strong></span> <span class='ocrx_word' id='word_1_337' title='bbox 1117 5085 1386 5154; x_wconf 87' lang='lat' dir='ltr'><strong>siquidem</strong></span> <span class='ocrx_word' id='word_1_338' title='bbox 1431 5085 1497 5138; x_wconf 87' lang='lat' dir='ltr'><strong>ad</strong></span> <span class='ocrx_word' id='word_1_339' title='bbox 1546 5098 1862 5140; x_wconf 89' lang='lat' dir='ltr'><strong>mensuram</strong></span> <span class='ocrx_word' id='word_1_340' title='bbox 1919 5084 2094 5140; x_wconf 74' lang='lat' dir='ltr'><strong>aetatis</strong></span> 
     </span>
    </p>
   </div>
   <div class='ocr_carea' id='block_1_50' title="bbox 514 5174 2095 5251">
    <p class='ocr_par' dir='ltr' id='par_1_50' title="bbox 514 5174 2095 5251">
     <span class='ocr_line' id='line_1_50' title="bbox 514 5174 2095 5251; baseline -0.004 -16"><span class='ocrx_word' id='word_1_341' title='bbox 514 5181 764 5251; x_wconf 87' lang='lat' dir='ltr'><strong>corporis</strong></span> <span class='ocrx_word' id='word_1_342' title='bbox 827 5192 985 5234; x_wconf 90' lang='lat' dir='ltr'><strong>suam</strong></span> <span class='ocrx_word' id='word_1_343' title='bbox 1039 5175 1226 5231; x_wconf 88' lang='lat' dir='ltr'><strong>divina</strong></span> <span class='ocrx_word' id='word_1_344' title='bbox 1293 5184 1489 5230; x_wconf 90' lang='lat' dir='ltr'><strong>natura</strong></span> <span class='ocrx_word' id='word_1_345' title='bbox 1551 5174 1875 5245; x_wconf 85' lang='lat' dir='ltr'><strong>sapientiam</strong></span> <span class='ocrx_word' id='word_1_346' title='bbox 1935 5190 2095 5230; x_wconf 89' lang='lat' dir='ltr'><strong>reve-</strong></span> 
     </span>
    </p>
   </div>
   <div class='ocr_carea' id='block_1_51' title="bbox 517 5272 670 5326">
    <p class='ocr_par' dir='ltr' id='par_1_51' title="bbox 517 5272 670 5326">
     <span class='ocr_line' id='line_1_51' title="bbox 517 5272 670 5326; baseline -0.007 0"><span class='ocrx_word' id='word_1_347' title='bbox 517 5272 670 5326; x_wconf 80' lang='lat' dir='ltr'><strong>lavit.</strong></span> 
     </span>
    </p>
   </div>
   <div class='ocr_carea' id='block_1_52' title="bbox 586 5356 2094 5429">
    <p class='ocr_par' dir='ltr' id='par_1_52' title="bbox 586 5356 2094 5429">
     <span class='ocr_line' id='line_1_52' title="bbox 586 5356 2094 5429; baseline -0.005 -11"><span class='ocrx_word' id='word_1_348' title='bbox 586 5361 826 5418; x_wconf 89' lang='lat' dir='ltr'><strong>Omnino</strong></span> <span class='ocrx_word' id='word_1_349' title='bbox 879 5356 1097 5414; x_wconf 84' lang='lat' dir='ltr'><strong>Gabriel</strong></span> <span class='ocrx_word' id='word_1_350' title='bbox 1135 5360 1157 5390; x_wconf 73' lang='grc' dir='ltr'>δ</span> <span class='ocrx_word' id='word_1_351' title='bbox 1184 5372 1308 5413; x_wconf 90' lang='lat' dir='ltr'><strong>cum</strong></span> <span class='ocrx_word' id='word_1_352' title='bbox 1340 5358 1548 5429; x_wconf 83' lang='lat' dir='ltr'><strong>Virgini</strong></span> <span class='ocrx_word' id='word_1_353' title='bbox 1601 5358 1787 5413; x_wconf 63' lang='lat' dir='ltr'><strong>laetum</strong></span> <span class='ocrx_word' id='word_1_354' title='bbox 1837 5357 2094 5413; x_wconf 87' lang='lat' dir='ltr'><strong>nuntium</strong></span> 
     </span>
    </p>
   </div>
   <div class='ocr_carea' id='block_1_53' title="bbox 585 5493 1642 5563">
    <p class='ocr_par' dir='ltr' id='par_1_53' title="bbox 585 5493 1642 5563">
     <span class='ocr_line' id='line_1_53' title="bbox 585 5493 1642 5563; baseline -0.004 -12"><span class='ocrx_word' id='word_1_355' title='bbox 585 5495 611 5535; x_wconf 69' lang='grc' dir='ltr'><em>δ</em></span> <span class='ocrx_word' id='word_1_356' title='bbox 635 5493 871 5563; x_wconf 87' lang='lat' dir='ltr'><strong>Philipp.</strong></span> <span class='ocrx_word' id='word_1_357' title='bbox 907 5508 966 5559; x_wconf 89' lang='grc' dir='ltr'>ιι,</span> <span class='ocrx_word' id='word_1_358' title='bbox 995 5493 1047 5557; x_wconf 88' lang='grc'>6,</span> <span class='ocrx_word' id='word_1_359' title='bbox 1079 5494 1131 5548; x_wconf 89' lang='lat'><strong>7.</strong></span> <span class='ocrx_word' id='word_1_360' title='bbox 1207 5505 1232 5534; x_wconf 72' lang='grc' dir='ltr'>θ</span> <span class='ocrx_word' id='word_1_361' title='bbox 1261 5495 1392 5551; x_wconf 91' lang='lat' dir='ltr'><strong>Luc.</strong></span> <span class='ocrx_word' id='word_1_362' title='bbox 1417 5511 1474 5562; x_wconf 91' lang='grc' dir='ltr'>ιι,</span> <span class='ocrx_word' id='word_1_363' title='bbox 1504 5496 1558 5562; x_wconf 84' lang='grc'>5,</span> <span class='ocrx_word' id='word_1_364' title='bbox 1588 5494 1642 5548; x_wconf 75' lang='lat'><strong>2.</strong></span> 
     </span>
    </p>
   </div>
   <div class='ocr_carea' id='block_1_54' title="bbox 2086 633 3779 712">
    <p class='ocr_par' dir='ltr' id='par_1_54' title="bbox 2086 633 3779 712">
     <span class='ocr_line' id='line_1_54' title="bbox 2086 633 3779 712; baseline 0.003 -20"><span class='ocrx_word' id='word_1_365' title='bbox 2086 682 2095 692; x_wconf 92' lang='lat'><strong>.</strong></span> <span class='ocrx_word' id='word_1_366' title='bbox 2202 633 2395 705; x_wconf 73' lang='grc' dir='ltr'>ῥήξας,</span> <span class='ocrx_word' id='word_1_367' title='bbox 2427 636 2541 690; x_wconf 85' lang='grc' dir='ltr'>ἀλλ’</span> <span class='ocrx_word' id='word_1_368' title='bbox 2598 639 2892 708; x_wconf 56' lang='grc' dir='ltr'>ἀκήρατον</span> <span class='ocrx_word' id='word_1_369' title='bbox 2941 641 3036 695; x_wconf 75' lang='grc' dir='ltr'>καὶ</span> <span class='ocrx_word' id='word_1_370' title='bbox 3092 642 3375 709; x_wconf 78' lang='grc' dir='ltr'><strong>ἀνέπαφον</strong></span> <span class='ocrx_word' id='word_1_371' title='bbox 3427 641 3779 712; x_wconf 73' lang='grc' dir='ltr'><strong>διαφυλάξας,</strong></span> 
     </span>
    </p>
   </div>
   <div class='ocr_carea' id='block_1_55' title="bbox 2199 726 3781 805">
    <p class='ocr_par' dir='ltr' id='par_1_55' title="bbox 2199 726 3781 805">
     <span class='ocr_line' id='line_1_55' title="bbox 2199 726 3781 805; baseline 0.004 -27"><span class='ocrx_word' id='word_1_372' title='bbox 2199 727 2294 779; x_wconf 76' lang='grc' dir='ltr'>καὶ</span> <span class='ocrx_word' id='word_1_373' title='bbox 2336 726 2396 779; x_wconf 85' lang='grc' dir='ltr'>τὸ</span> <span class='ocrx_word' id='word_1_374' title='bbox 2446 728 2588 797; x_wconf 88' lang='grc' dir='ltr'>μέγα</span> <span class='ocrx_word' id='word_1_375' title='bbox 2620 728 2782 782; x_wconf 85' lang='grc' dir='ltr'>τοῦτο</span> <span class='ocrx_word' id='word_1_376' title='bbox 2838 731 2932 784; x_wconf 81' lang='grc' dir='ltr'><strong>καὶ</strong></span> <span class='ocrx_word' id='word_1_377' title='bbox 2993 732 3232 804; x_wconf 72' lang='grc' dir='ltr'>ἄρρητον</span> <span class='ocrx_word' id='word_1_378' title='bbox 3284 733 3781 805; x_wconf 78' lang='grc' dir='ltr'>θαυματουργήσας</span> 
     </span>
    </p>
   </div>
   <div class='ocr_carea' id='block_1_56' title="bbox 2198 817 2400 889">
    <p class='ocr_par' dir='ltr' id='par_1_56' title="bbox 2198 817 2400 889">
     <span class='ocr_line' id='line_1_56' title="bbox 2198 817 2400 889; baseline 0.015 -19"><span class='ocrx_word' id='word_1_379' title='bbox 2198 817 2297 871; x_wconf 72' lang='grc' dir='ltr'><strong>θαῦ</strong></span> <span class='ocrx_word' id='word_1_380' title='bbox 2304 836 2400 889; x_wconf 89' lang='grc' dir='ltr'>μα.</span> 
     </span>
    </p>
   </div>
   <div class='ocr_carea' id='block_1_57' title="bbox 2268 913 3779 988">
    <p class='ocr_par' dir='ltr' id='par_1_57' title="bbox 2268 913 3779 988">
     <span class='ocr_line' id='line_1_57' title="bbox 2268 913 3779 988; baseline 0.002 -22"><span class='ocrx_word' id='word_1_381' title='bbox 2268 913 2430 981; x_wconf 84' lang='grc' dir='ltr'><strong>Μέγα</strong></span> <span class='ocrx_word' id='word_1_382' title='bbox 2472 914 2584 985; x_wconf 76' lang='grc' dir='ltr'><strong>γάρ</strong></span> <span class='ocrx_word' id='word_1_383' title='bbox 2635 914 2713 986; x_wconf 81' lang='grc' dir='ltr'>τῷ</span> <span class='ocrx_word' id='word_1_384' title='bbox 2751 914 2867 969; x_wconf 80' lang='grc' dir='ltr'>ὄντι</span> <span class='ocrx_word' id='word_1_385' title='bbox 2909 917 3004 970; x_wconf 77' lang='grc' dir='ltr'>καὶ</span> <span class='ocrx_word' id='word_1_386' title='bbox 3045 917 3431 988; x_wconf 73' lang='grc' dir='ltr'><strong>ἀκατάληπτον</strong></span> <span class='ocrx_word' id='word_1_387' title='bbox 3481 918 3578 970; x_wconf 82' lang='grc' dir='ltr'>καὶ</span> <span class='ocrx_word' id='word_1_388' title='bbox 3625 917 3779 984; x_wconf 85' lang='grc' dir='ltr'><strong>λόγου</strong></span> 
     </span>
    </p>
   </div>
   <div class='ocr_carea' id='block_1_58' title="bbox 2198 1003 3780 1081">
    <p class='ocr_par' dir='ltr' id='par_1_58' title="bbox 2198 1003 3780 1081">
     <span class='ocr_line' id='line_1_58' title="bbox 2198 1003 3780 1081; baseline 0.004 -23"><span class='ocrx_word' id='word_1_389' title='bbox 2198 1003 2431 1076; x_wconf 88' lang='grc' dir='ltr'>δύναμιν</span> <span class='ocrx_word' id='word_1_390' title='bbox 2479 1005 2826 1077; x_wconf 82' lang='grc' dir='ltr'>ὐπερὸαῖνον,</span> <span class='ocrx_word' id='word_1_391' title='bbox 2862 1008 3060 1081; x_wconf 79' lang='grc' dir='ltr'><strong>βότρυν</strong></span> <span class='ocrx_word' id='word_1_392' title='bbox 3097 1008 3228 1062; x_wconf 79' lang='grc' dir='ltr'>ἰδεῖν</span> <span class='ocrx_word' id='word_1_393' title='bbox 3260 1010 3325 1063; x_wconf 85' lang='grc' dir='ltr'>ὲκ</span> <span class='ocrx_word' id='word_1_394' title='bbox 3352 1010 3455 1079; x_wconf 83' lang='grc' dir='ltr'>γῆς</span> <span class='ocrx_word' id='word_1_395' title='bbox 3486 1009 3616 1063; x_wconf 74' lang='grc' dir='ltr'>ἄνευ</span> <span class='ocrx_word' id='word_1_396' title='bbox 3650 1011 3780 1079; x_wconf 83' lang='grc' dir='ltr'>κλη-</span> 
     </span>
    </p>
   </div>
   <div class='ocr_carea' id='block_1_59' title="bbox 2202 1096 3779 1171">
    <p class='ocr_par' dir='ltr' id='par_1_59' title="bbox 2202 1096 3779 1171">
     <span class='ocr_line' id='line_1_59' title="bbox 2202 1096 3779 1171; baseline 0.001 -21"><span class='ocrx_word' id='word_1_397' title='bbox 2202 1097 2388 1165; x_wconf 82' lang='grc' dir='ltr'><strong>μάτων</strong></span> <span class='ocrx_word' id='word_1_398' title='bbox 2420 1096 2819 1169; x_wconf 83' lang='grc' dir='ltr'>βλαστήσαντα,</span> <span class='ocrx_word' id='word_1_399' title='bbox 2855 1103 3001 1153; x_wconf 82' lang='grc' dir='ltr'>σῖτον</span> <span class='ocrx_word' id='word_1_400' title='bbox 3034 1101 3165 1155; x_wconf 83' lang='grc' dir='ltr'>ἄνευ</span> <span class='ocrx_word' id='word_1_401' title='bbox 3223 1102 3555 1171; x_wconf 79' lang='grc' dir='ltr'><strong>σπερμάτων</strong></span> <span class='ocrx_word' id='word_1_402' title='bbox 3586 1099 3779 1168; x_wconf 80' lang='grc' dir='ltr'>φύντα,</span> 
     </span>
    </p>
   </div>
   <div class='ocr_carea' id='block_1_60' title="bbox 2200 1188 3784 1263">
    <p class='ocr_par' dir='ltr' id='par_1_60' title="bbox 2200 1188 3784 1263">
     <span class='ocr_line' id='line_1_60' title="bbox 2200 1188 3784 1263; baseline 0.003 -23"><span class='ocrx_word' id='word_1_403' title='bbox 2200 1188 2403 1258; x_wconf 85' lang='grc' dir='ltr'>χιτῶνα</span> <span class='ocrx_word' id='word_1_404' title='bbox 2431 1190 2689 1259; x_wconf 84' lang='grc' dir='ltr'><strong>νημάτων</strong></span> <span class='ocrx_word' id='word_1_405' title='bbox 2722 1191 2892 1262; x_wconf 80' lang='grc' dir='ltr'>χωρὶς</span> <span class='ocrx_word' id='word_1_406' title='bbox 2926 1192 3020 1246; x_wconf 74' lang='grc' dir='ltr'>καὶ</span> <span class='ocrx_word' id='word_1_407' title='bbox 3064 1192 3264 1263; x_wconf 82' lang='grc' dir='ltr'>χειρῶν</span> <span class='ocrx_word' id='word_1_408' title='bbox 3302 1191 3613 1260; x_wconf 84' lang='grc' dir='ltr'>ὐφαντικῶν</span> <span class='ocrx_word' id='word_1_409' title='bbox 3645 1191 3784 1260; x_wconf 85' lang='grc' dir='ltr'>ὐφα-</span> 
     </span>
    </p>
   </div>
   <div class='ocr_carea' id='block_1_61' title="bbox 2201 1276 3785 1352">
    <p class='ocr_par' dir='ltr' id='par_1_61' title="bbox 2201 1276 3785 1352">
     <span class='ocr_line' id='line_1_61' title="bbox 2201 1276 3785 1352; baseline 0.002 -24"><span class='ocrx_word' id='word_1_410' title='bbox 2201 1276 2420 1346; x_wconf 82' lang='grc' dir='ltr'><strong>σμένον,</strong></span> <span class='ocrx_word' id='word_1_411' title='bbox 2450 1278 2614 1349; x_wconf 84' lang='grc' dir='ltr'>άρτον</span> <span class='ocrx_word' id='word_1_412' title='bbox 2653 1278 2715 1332; x_wconf 90' lang='grc' dir='ltr'><strong>οὐ</strong></span> <span class='ocrx_word' id='word_1_413' title='bbox 2760 1279 2905 1352; x_wconf 77' lang='grc' dir='ltr'>μύλῃ</span> <span class='ocrx_word' id='word_1_414' title='bbox 2948 1280 3043 1333; x_wconf 74' lang='grc' dir='ltr'>καὶ</span> <span class='ocrx_word' id='word_1_415' title='bbox 3071 1282 3228 1350; x_wconf 78' lang='grc' dir='ltr'>χερσὶ</span> <span class='ocrx_word' id='word_1_416' title='bbox 3256 1281 3351 1334; x_wconf 79' lang='grc' dir='ltr'>καὶ</span> <span class='ocrx_word' id='word_1_417' title='bbox 3374 1281 3509 1352; x_wconf 72' lang='grc' dir='ltr'>πυρὶ</span> <span class='ocrx_word' id='word_1_418' title='bbox 3528 1280 3785 1349; x_wconf 89' lang='grc' dir='ltr'>δημιουρ-</span> 
     </span>
    </p>
   </div>
   <div class='ocr_carea' id='block_1_62' title="bbox 2200 1367 3784 1443">
    <p class='ocr_par' dir='ltr' id='par_1_62' title="bbox 2200 1367 3784 1443">
     <span class='ocr_line' id='line_1_62' title="bbox 2200 1367 3784 1443; baseline 0 -22"><span class='ocrx_word' id='word_1_419' title='bbox 2200 1367 2457 1438; x_wconf 85' lang='grc' dir='ltr'>γηθέντα,</span> <span class='ocrx_word' id='word_1_420' title='bbox 2519 1369 2636 1423; x_wconf 82' lang='grc' dir='ltr'>ἀλλ’</span> <span class='ocrx_word' id='word_1_421' title='bbox 2687 1370 2946 1441; x_wconf 69' lang='grc' dir='ltr'>ἀρρήτως</span> <span class='ocrx_word' id='word_1_422' title='bbox 3003 1371 3065 1436; x_wconf 77' lang='grc' dir='ltr'><strong>ἐξ</strong></span> <span class='ocrx_word' id='word_1_423' title='bbox 3122 1371 3369 1442; x_wconf 76' lang='grc' dir='ltr'><strong>ἀλεύρων</strong></span> <span class='ocrx_word' id='word_1_424' title='bbox 3432 1369 3784 1443; x_wconf 82' lang='grc' dir='ltr'>παρθενικῶν</span> 
     </span>
    </p>
   </div>
   <div class='ocr_carea' id='block_1_63' title="bbox 2201 1460 3786 1533">
    <p class='ocr_par' dir='ltr' id='par_1_63' title="bbox 2201 1460 3786 1533">
     <span class='ocr_line' id='line_1_63' title="bbox 2201 1460 3786 1533; baseline 0.002 -21"><span class='ocrx_word' id='word_1_425' title='bbox 2201 1461 2588 1530; x_wconf 81' lang='grc' dir='ltr'>γεγενημένον,</span> <span class='ocrx_word' id='word_1_426' title='bbox 2629 1462 2724 1515; x_wconf 78' lang='grc' dir='ltr'><strong>καὶ</strong></span> <span class='ocrx_word' id='word_1_427' title='bbox 2757 1460 2855 1532; x_wconf 76' lang='grc' dir='ltr'>τὴν</span> <span class='ocrx_word' id='word_1_428' title='bbox 2902 1463 3233 1533; x_wconf 78' lang='grc' dir='ltr'>οἰκουμένην</span> <span class='ocrx_word' id='word_1_429' title='bbox 3260 1463 3613 1532; x_wconf 64' lang='grc' dir='ltr'>καλύῲανταυ</span> <span class='ocrx_word' id='word_1_430' title='bbox 3647 1462 3786 1533; x_wconf 78' lang='grc' dir='ltr'>πρὸς</span> 
     </span>
    </p>
   </div>
   <div class='ocr_carea' id='block_1_64' title="bbox 2201 1550 3785 1625">
    <p class='ocr_par' dir='ltr' id='par_1_64' title="bbox 2201 1550 3785 1625">
     <span class='ocr_line' id='line_1_64' title="bbox 2201 1550 3785 1625; baseline -0.001 -20"><span class='ocrx_word' id='word_1_431' title='bbox 2201 1551 2257 1605; x_wconf 80' lang='grc' dir='ltr'>δὲ</span> <span class='ocrx_word' id='word_1_432' title='bbox 2288 1550 2523 1618; x_wconf 82' lang='grc' dir='ltr'><strong>τούτοις,</strong></span> <span class='ocrx_word' id='word_1_433' title='bbox 2585 1551 2856 1625; x_wconf 85' lang='grc' dir='ltr'>παρθένον</span> <span class='ocrx_word' id='word_1_434' title='bbox 2903 1554 3088 1624; x_wconf 77' lang='grc' dir='ltr'>οἰκείῳ</span> <span class='ocrx_word' id='word_1_435' title='bbox 3140 1553 3330 1625; x_wconf 81' lang='grc' dir='ltr'>βρέφει</span> <span class='ocrx_word' id='word_1_436' title='bbox 3363 1554 3532 1624; x_wconf 86' lang='grc' dir='ltr'>θηλὴν</span> <span class='ocrx_word' id='word_1_437' title='bbox 3554 1552 3785 1624; x_wconf 77' lang='grc' dir='ltr'>ὀρέγου-</span> 
     </span>
    </p>
   </div>
   <div class='ocr_carea' id='block_1_65' title="bbox 2203 1643 3788 1715">
    <p class='ocr_par' dir='ltr' id='par_1_65' title="bbox 2203 1643 3788 1715">
     <span class='ocr_line' id='line_1_65' title="bbox 2203 1643 3788 1715; baseline -0.001 -18"><span class='ocrx_word' id='word_1_438' title='bbox 2203 1661 2327 1706; x_wconf 83' lang='grc' dir='ltr'>σαν,</span> <span class='ocrx_word' id='word_1_439' title='bbox 2358 1644 2452 1698; x_wconf 75' lang='grc' dir='ltr'>καὶ</span> <span class='ocrx_word' id='word_1_440' title='bbox 2487 1643 2759 1712; x_wconf 85' lang='grc' dir='ltr'>γάλακτος</span> <span class='ocrx_word' id='word_1_441' title='bbox 2797 1644 3142 1715; x_wconf 84' lang='grc' dir='ltr'>χορηγοῦσαν</span> <span class='ocrx_word' id='word_1_442' title='bbox 3188 1644 3395 1714; x_wconf 83' lang='grc' dir='ltr'>πηγὰς,</span> <span class='ocrx_word' id='word_1_443' title='bbox 3434 1645 3530 1698; x_wconf 76' lang='grc' dir='ltr'>καὶ</span> <span class='ocrx_word' id='word_1_444' title='bbox 3567 1645 3788 1715; x_wconf 83' lang='grc' dir='ltr'>μητέρα</span> 
     </span>
    </p>
   </div>
   <div class='ocr_carea' id='block_1_66' title="bbox 2201 1734 3787 1808">
    <p class='ocr_par' dir='ltr' id='par_1_66' title="bbox 2201 1734 3787 1808">
     <span class='ocr_line' id='line_1_66' title="bbox 2201 1734 3787 1808; baseline 0 -21"><span class='ocrx_word' id='word_1_445' title='bbox 2201 1736 2504 1806; x_wconf 81' lang='grc' dir='ltr'>γενομένην</span> <span class='ocrx_word' id='word_1_446' title='bbox 2568 1735 2996 1807; x_wconf 81' lang='grc' dir='ltr'>πεφυλαγμένης</span> <span class='ocrx_word' id='word_1_447' title='bbox 3037 1736 3137 1807; x_wconf 82' lang='grc' dir='ltr'>τῆς</span> <span class='ocrx_word' id='word_1_448' title='bbox 3190 1737 3511 1808; x_wconf 87' lang='grc' dir='ltr'>παρθενίας,</span> <span class='ocrx_word' id='word_1_449' title='bbox 3572 1734 3787 1805; x_wconf 80' lang='grc' dir='ltr'>μητέρα</span> 
     </span>
    </p>
   </div>
   <div class='ocr_carea' id='block_1_67' title="bbox 2201 1826 3787 1900">
    <p class='ocr_par' dir='ltr' id='par_1_67' title="bbox 2201 1826 3787 1900">
     <span class='ocr_line' id='line_1_67' title="bbox 2201 1826 3787 1900; baseline -0.002 -20"><span class='ocrx_word' id='word_1_450' title='bbox 2201 1828 2504 1898; x_wconf 82' lang='grc' dir='ltr'>γενομένην</span> <span class='ocrx_word' id='word_1_451' title='bbox 2546 1826 2645 1899; x_wconf 86' lang='grc' dir='ltr'>τὴν</span> <span class='ocrx_word' id='word_1_452' title='bbox 2693 1828 2872 1898; x_wconf 83' lang='grc' dir='ltr'>γάμου</span> <span class='ocrx_word' id='word_1_453' title='bbox 2930 1829 3092 1899; x_wconf 85' lang='grc' dir='ltr'>νόμον</span> <span class='ocrx_word' id='word_1_454' title='bbox 3119 1829 3182 1881; x_wconf 87' lang='grc' dir='ltr'><strong>οὐ</strong></span> <span class='ocrx_word' id='word_1_455' title='bbox 3210 1827 3532 1900; x_wconf 81' lang='grc' dir='ltr'>δεξαμένην,</span> <span class='ocrx_word' id='word_1_456' title='bbox 3573 1826 3787 1896; x_wconf 80' lang='grc' dir='ltr'>μητέρα</span> 
     </span>
    </p>
   </div>
   <div class='ocr_carea' id='block_1_68' title="bbox 2204 1916 3784 1991">
    <p class='ocr_par' dir='ltr' id='par_1_68' title="bbox 2204 1916 3784 1991">
     <span class='ocr_line' id='line_1_68' title="bbox 2204 1916 3784 1991; baseline -0.004 -20"><span class='ocrx_word' id='word_1_457' title='bbox 2204 1918 2503 1989; x_wconf 81' lang='grc' dir='ltr'>γενομένην</span> <span class='ocrx_word' id='word_1_458' title='bbox 2532 1918 2627 1989; x_wconf 76' lang='grc' dir='ltr'>τὴν</span> <span class='ocrx_word' id='word_1_459' title='bbox 2663 1918 2779 1981; x_wconf 83' lang='grc' dir='ltr'>πῶς</span> <span class='ocrx_word' id='word_1_460' title='bbox 2807 1918 3016 1988; x_wconf 87' lang='grc' dir='ltr'>γίνεται</span> <span class='ocrx_word' id='word_1_461' title='bbox 3048 1919 3233 1991; x_wconf 83' lang='grc' dir='ltr'>μήτηρ</span> <span class='ocrx_word' id='word_1_462' title='bbox 3263 1920 3364 1974; x_wconf 89' lang='grc' dir='ltr'><strong>οὐκ</strong></span> <span class='ocrx_word' id='word_1_463' title='bbox 3386 1916 3784 1987; x_wconf 78' lang='grc' dir='ltr'>ἐπισταμένην,</span> 
     </span>
    </p>
   </div>
   <div class='ocr_carea' id='block_1_69' title="bbox 2206 2007 3784 2083">
    <p class='ocr_par' dir='ltr' id='par_1_69' title="bbox 2206 2007 3784 2083">
     <span class='ocr_line' id='line_1_69' title="bbox 2206 2007 3784 2083; baseline -0.008 -12"><span class='ocrx_word' id='word_1_464' title='bbox 2206 2011 2423 2083; x_wconf 81' lang='grc' dir='ltr'>μητέρα.</span> <span class='ocrx_word' id='word_1_465' title='bbox 2440 2011 2742 2082; x_wconf 86' lang='grc' dir='ltr'>γενομένην</span> <span class='ocrx_word' id='word_1_466' title='bbox 2769 2013 2869 2081; x_wconf 84' lang='grc' dir='ltr'>τὴν</span> <span class='ocrx_word' id='word_1_467' title='bbox 2893 2012 3126 2080; x_wconf 87' lang='grc' dir='ltr'>γυναῖκα</span> <span class='ocrx_word' id='word_1_468' title='bbox 3158 2010 3427 2082; x_wconf 88' lang='grc' dir='ltr'>πρότερον</span> <span class='ocrx_word' id='word_1_469' title='bbox 3457 2010 3518 2062; x_wconf 92' lang='grc' dir='ltr'><strong>οὐ</strong></span> <span class='ocrx_word' id='word_1_470' title='bbox 3554 2007 3784 2079; x_wconf 78' lang='grc' dir='ltr'>γενομέ-</span> 
     </span>
    </p>
   </div>
   <div class='ocr_carea' id='block_1_70' title="bbox 2202 2099 3784 2174">
    <p class='ocr_par' dir='ltr' id='par_1_70' title="bbox 2202 2099 3784 2174">
     <span class='ocr_line' id='line_1_70' title="bbox 2202 2099 3784 2174; baseline 0.001 -23"><span class='ocrx_word' id='word_1_471' title='bbox 2202 2118 2323 2172; x_wconf 90' lang='grc' dir='ltr'>νην,</span> <span class='ocrx_word' id='word_1_472' title='bbox 2351 2101 2467 2155; x_wconf 56' lang='lat' dir='ltr'><strong>(illi</strong></span> <span class='ocrx_word' id='word_1_473' title='bbox 2496 2102 2557 2155; x_wconf 76' lang='grc' dir='ltr'>ὲν</span> <span class='ocrx_word' id='word_1_474' title='bbox 2590 2101 2863 2174; x_wconf 79' lang='grc' dir='ltr'>παρθενίᾳ</span> <span class='ocrx_word' id='word_1_475' title='bbox 2908 2103 3003 2156; x_wconf 76' lang='grc' dir='ltr'>καὶ</span> <span class='ocrx_word' id='word_1_476' title='bbox 3052 2102 3146 2156; x_wconf 83' lang='grc' dir='ltr'>τὸν</span> <span class='ocrx_word' id='word_1_477' title='bbox 3189 2102 3353 2171; x_wconf 74' lang='grc' dir='ltr'>ὄγκον</span> <span class='ocrx_word' id='word_1_478' title='bbox 3397 2103 3496 2171; x_wconf 82' lang='grc' dir='ltr'>τῆς</span> <span class='ocrx_word' id='word_1_479' title='bbox 3545 2099 3784 2172; x_wconf 79' lang='grc' dir='ltr'>γαστρὸς</span> 
     </span>
    </p>
   </div>
   <div class='ocr_carea' id='block_1_71' title="bbox 2203 2190 3783 2263">
    <p class='ocr_par' dir='ltr' id='par_1_71' title="bbox 2203 2190 3783 2263">
     <span class='ocr_line' id='line_1_71' title="bbox 2203 2190 3783 2263; baseline 0 -20"><span class='ocrx_word' id='word_1_480' title='bbox 2203 2190 2616 2258; x_wconf 75' lang='grc' dir='ltr'>ὲπιδεικνῦσαν,</span> <span class='ocrx_word' id='word_1_481' title='bbox 2651 2193 2746 2246; x_wconf 76' lang='grc' dir='ltr'>καὶ</span> <span class='ocrx_word' id='word_1_482' title='bbox 2776 2193 2868 2247; x_wconf 81' lang='grc' dir='ltr'>τὸν</span> <span class='ocrx_word' id='word_1_483' title='bbox 2902 2194 3113 2263; x_wconf 79' lang='grc' dir='ltr'>καρπὸν</span> <span class='ocrx_word' id='word_1_484' title='bbox 3158 2194 3216 2247; x_wconf 88' lang='grc' dir='ltr'>ὲν</span> <span class='ocrx_word' id='word_1_485' title='bbox 3267 2195 3388 2255; x_wconf 81' lang='grc' dir='ltr'>ταῖς</span> <span class='ocrx_word' id='word_1_486' title='bbox 3431 2192 3588 2263; x_wconf 59' lang='grc' dir='ltr'><strong>χερσὶ⁸</strong></span> <span class='ocrx_word' id='word_1_487' title='bbox 3623 2206 3783 2263; x_wconf 85' lang='grc' dir='ltr'>περι-</span> 
     </span>
    </p>
   </div>
   <div class='ocr_carea' id='block_1_72' title="bbox 2203 2281 3787 2355">
    <p class='ocr_par' dir='ltr' id='par_1_72' title="bbox 2203 2281 3787 2355">
     <span class='ocr_line' id='line_1_72' title="bbox 2203 2281 3787 2355; baseline -0.001 -20"><span class='ocrx_word' id='word_1_488' title='bbox 2203 2283 2496 2353; x_wconf 77' lang='grc' dir='ltr'>φέρουσαν,</span> <span class='ocrx_word' id='word_1_489' title='bbox 2531 2284 2627 2336; x_wconf 60' lang='grc' dir='ltr'><strong>καὶ⁹</strong></span> <span class='ocrx_word' id='word_1_490' title='bbox 2676 2283 2745 2337; x_wconf 84' lang='grc' dir='ltr'><strong>τά</strong></span> <span class='ocrx_word' id='word_1_491' title='bbox 2793 2284 2999 2355; x_wconf 85' lang='grc' dir='ltr'>μητρὸς</span> <span class='ocrx_word' id='word_1_492' title='bbox 3052 2283 3429 2355; x_wconf 77' lang='grc' dir='ltr'>ἐργαζομένην</span> <span class='ocrx_word' id='word_1_493' title='bbox 3471 2281 3787 2353; x_wconf 71' lang='grc' dir='ltr'>σωζομένης</span> 
     </span>
    </p>
   </div>
   <div class='ocr_carea' id='block_1_73' title="bbox 2202 2372 3787 2445">
    <p class='ocr_par' dir='ltr' id='par_1_73' title="bbox 2202 2372 3787 2445">
     <span class='ocr_line' id='line_1_73' title="bbox 2202 2372 3787 2445; baseline 0 -20"><span class='ocrx_word' id='word_1_494' title='bbox 2202 2374 2303 2443; x_wconf 75' lang='grc' dir='ltr'>τῆς</span> <span class='ocrx_word' id='word_1_495' title='bbox 2338 2372 2654 2444; x_wconf 80' lang='grc' dir='ltr'>παρθενίας,</span> <span class='ocrx_word' id='word_1_496' title='bbox 2688 2372 2784 2425; x_wconf 75' lang='grc' dir='ltr'>καὶ</span> <span class='ocrx_word' id='word_1_497' title='bbox 2825 2372 3098 2443; x_wconf 82' lang='grc' dir='ltr'>παρθένον</span> <span class='ocrx_word' id='word_1_498' title='bbox 3148 2373 3247 2443; x_wconf 85' lang='grc' dir='ltr'>μὲν</span> <span class='ocrx_word' id='word_1_499' title='bbox 3286 2373 3384 2444; x_wconf 79' lang='grc' dir='ltr'>τὴν</span> <span class='ocrx_word' id='word_1_500' title='bbox 3422 2373 3642 2445; x_wconf 85' lang='grc' dir='ltr'>μητέρα</span> <span class='ocrx_word' id='word_1_501' title='bbox 3683 2390 3787 2425; x_wconf 91' lang='grc' dir='ltr'>κα-</span> 
     </span>
    </p>
   </div>
   <div class='ocr_carea' id='block_1_74' title="bbox 2203 2463 3784 2537">
    <p class='ocr_par' dir='ltr' id='par_1_74' title="bbox 2203 2463 3784 2537">
     <span class='ocr_line' id='line_1_74' title="bbox 2203 2463 3784 2537; baseline 0 -19"><span class='ocrx_word' id='word_1_502' title='bbox 2203 2465 2496 2535; x_wconf 86' lang='grc' dir='ltr'>λουμένην,</span> <span class='ocrx_word' id='word_1_503' title='bbox 2528 2463 2740 2535; x_wconf 88' lang='grc' dir='ltr'>μητέρα</span> <span class='ocrx_word' id='word_1_504' title='bbox 2777 2464 2834 2516; x_wconf 84' lang='grc' dir='ltr'>δὲ</span> <span class='ocrx_word' id='word_1_505' title='bbox 2872 2465 2971 2533; x_wconf 80' lang='grc' dir='ltr'>τὴν</span> <span class='ocrx_word' id='word_1_506' title='bbox 2997 2465 3269 2536; x_wconf 89' lang='grc' dir='ltr'>παρθένον</span> <span class='ocrx_word' id='word_1_507' title='bbox 3301 2465 3784 2537; x_wconf 85' lang='grc' dir='ltr'>προσαγορευομέ-</span> 
     </span>
    </p>
   </div>
   <div class='ocr_carea' id='block_1_75' title="bbox 2203 2539 3788 2631">
    <p class='ocr_par' dir='ltr' id='par_1_75' title="bbox 2203 2539 3788 2631">
     <span class='ocr_line' id='line_1_75' title="bbox 2203 2539 3788 2631; baseline 0.001 -21"><span class='ocrx_word' id='word_1_508' title='bbox 2203 2575 2323 2629; x_wconf 89' lang='grc' dir='ltr'>νην,</span> <span class='ocrx_word' id='word_1_509' title='bbox 2352 2558 2446 2612; x_wconf 81' lang='grc' dir='ltr'>καὶ</span> <span class='ocrx_word' id='word_1_510' title='bbox 2472 2556 2732 2611; x_wconf 85' lang='grc' dir='ltr'>τάναντία</span> <span class='ocrx_word' id='word_1_511' title='bbox 2772 2556 3014 2626; x_wconf 85' lang='grc' dir='ltr'>ὀνόματά</span> <span class='ocrx_word' id='word_1_512' title='bbox 3045 2575 3104 2610; x_wconf 88' lang='grc' dir='ltr'><strong>τε</strong></span> <span class='ocrx_word' id='word_1_513' title='bbox 3161 2539 3255 2613; x_wconf 75' lang='grc' dir='ltr'>καὶ</span> <span class='ocrx_word' id='word_1_514' title='bbox 3284 2559 3584 2631; x_wconf 86' lang='grc' dir='ltr'>πράγματα</span> <span class='ocrx_word' id='word_1_515' title='bbox 3641 2559 3788 2612; x_wconf 88' lang='grc' dir='ltr'><strong>κατά</strong></span> 
     </span>
    </p>
   </div>
   <div class='ocr_carea' id='block_1_76' title="bbox 2203 2647 2789 2720">
    <p class='ocr_par' dir='ltr' id='par_1_76' title="bbox 2203 2647 2789 2720">
     <span class='ocr_line' id='line_1_76' title="bbox 2203 2647 2789 2720; baseline -0.002 -17"><span class='ocrx_word' id='word_1_516' title='bbox 2203 2648 2400 2720; x_wconf 79' lang='grc' dir='ltr'>ταυτὸν</span> <span class='ocrx_word' id='word_1_517' title='bbox 2427 2647 2789 2716; x_wconf 85' lang='grc' dir='ltr'>συνάγουσαν.</span> 
     </span>
    </p>
   </div>
   <div class='ocr_carea' id='block_1_77' title="bbox 2272 2735 3784 2812">
    <p class='ocr_par' dir='ltr' id='par_1_77' title="bbox 2272 2735 3784 2812">
     <span class='ocr_line' id='line_1_77' title="bbox 2272 2735 3784 2812; baseline 0.002 -21"><span class='ocrx_word' id='word_1_518' title='bbox 2272 2737 2383 2791; x_wconf 72' lang='grc' dir='ltr'><strong>Καὶ</strong></span> <span class='ocrx_word' id='word_1_519' title='bbox 2408 2737 2508 2807; x_wconf 82' lang='grc' dir='ltr'>τὴν</span> <span class='ocrx_word' id='word_1_520' title='bbox 2553 2735 2898 2806; x_wconf 84' lang='grc' dir='ltr'>ἀνθρωπείαν</span> <span class='ocrx_word' id='word_1_521' title='bbox 2931 2735 3096 2806; x_wconf 81' lang='grc' dir='ltr'>φύσιν</span> <span class='ocrx_word' id='word_1_522' title='bbox 3140 2738 3424 2792; x_wconf 75' lang='grc' dir='ltr'>ἀναλαϐὼν</span> <span class='ocrx_word' id='word_1_523' title='bbox 3450 2739 3547 2812; x_wconf 79' lang='grc' dir='ltr'>τὴν</span> <span class='ocrx_word' id='word_1_524' title='bbox 3575 2741 3784 2795; x_wconf 79' lang='grc' dir='ltr'>οἰκείαν</span> 
     </span>
    </p>
   </div>
   <div class='ocr_carea' id='block_1_78' title="bbox 2201 2826 3785 2900">
    <p class='ocr_par' dir='ltr' id='par_1_78' title="bbox 2201 2826 3785 2900">
     <span class='ocr_line' id='line_1_78' title="bbox 2201 2826 3785 2900; baseline 0.003 -21"><span class='ocrx_word' id='word_1_525' title='bbox 2201 2826 2387 2880; x_wconf 76' lang='grc' dir='ltr'>εἰκόνα.</span> <span class='ocrx_word' id='word_1_526' title='bbox 2421 2829 2676 2891; x_wconf 86' lang='grc' dir='ltr'>νεοποιεῖ,</span> <span class='ocrx_word' id='word_1_527' title='bbox 2708 2829 2775 2899; x_wconf 80' lang='grc' dir='ltr'>τῇ</span> <span class='ocrx_word' id='word_1_528' title='bbox 2807 2828 3053 2900; x_wconf 73' lang='grc' dir='ltr'>ἁμαρτία</span> <span class='ocrx_word' id='word_1_529' title='bbox 3097 2828 3509 2899; x_wconf 80' lang='grc' dir='ltr'>διαφθαρεῖσαν,</span> <span class='ocrx_word' id='word_1_530' title='bbox 3539 2828 3634 2882; x_wconf 72' lang='grc' dir='ltr'>καὶ</span> <span class='ocrx_word' id='word_1_531' title='bbox 3690 2829 3785 2884; x_wconf 81' lang='grc' dir='ltr'>τὸν</span> 
     </span>
    </p>
   </div>
   <div class='ocr_carea' id='block_1_79' title="bbox 2199 2915 3784 2990">
    <p class='ocr_par' dir='ltr' id='par_1_79' title="bbox 2199 2915 3784 2990">
     <span class='ocr_line' id='line_1_79' title="bbox 2199 2915 3784 2990; baseline 0.002 -21"><span class='ocrx_word' id='word_1_532' title='bbox 2199 2916 2492 2985; x_wconf 79' lang='grc' dir='ltr'>ἀνδριάντα</span> <span class='ocrx_word' id='word_1_533' title='bbox 2543 2915 2634 2971; x_wconf 85' lang='grc' dir='ltr'>τὸν</span> <span class='ocrx_word' id='word_1_534' title='bbox 2684 2916 2791 2969; x_wconf 83' lang='grc' dir='ltr'>ὐπὸ</span> <span class='ocrx_word' id='word_1_535' title='bbox 2835 2917 2930 2971; x_wconf 88' lang='grc' dir='ltr'><strong>τοῦ</strong></span> <span class='ocrx_word' id='word_1_536' title='bbox 2964 2918 3066 2990; x_wconf 81' lang='grc' dir='ltr'><strong>τῆς</strong></span> <span class='ocrx_word' id='word_1_537' title='bbox 3106 2918 3370 2989; x_wconf 83' lang='grc' dir='ltr'>πονηρίας</span> <span class='ocrx_word' id='word_1_538' title='bbox 3419 2918 3498 2971; x_wconf 90' lang='grc' dir='ltr'><strong>ἰοῦ</strong></span> <span class='ocrx_word' id='word_1_539' title='bbox 3538 2918 3784 2972; x_wconf 89' lang='grc' dir='ltr'>παλαιω-</span> 
     </span>
    </p>
   </div>
   <div class='ocr_carea' id='block_1_80' title="bbox 2201 3008 3785 3082">
    <p class='ocr_par' dir='ltr' id='par_1_80' title="bbox 2201 3008 3785 3082">
     <span class='ocr_line' id='line_1_80' title="bbox 2201 3008 3785 3082; baseline 0 -20"><span class='ocrx_word' id='word_1_540' title='bbox 2201 3008 2362 3062; x_wconf 84' lang='grc' dir='ltr'>θέντα</span> <span class='ocrx_word' id='word_1_541' title='bbox 2389 3010 2605 3061; x_wconf 85' lang='grc' dir='ltr'>ἀνανεοῖ</span> <span class='ocrx_word' id='word_1_542' title='bbox 2632 3008 2725 3061; x_wconf 72' lang='grc' dir='ltr'>καὶ</span> <span class='ocrx_word' id='word_1_543' title='bbox 2755 3008 2850 3062; x_wconf 88' lang='grc' dir='ltr'><strong>τοῦ</strong></span> <span class='ocrx_word' id='word_1_544' title='bbox 2884 3009 3151 3082; x_wconf 87' lang='grc' dir='ltr'>προτέρου</span> <span class='ocrx_word' id='word_1_545' title='bbox 3182 3009 3536 3079; x_wconf 85' lang='grc' dir='ltr'>χαριέστερον</span> <span class='ocrx_word' id='word_1_546' title='bbox 3571 3010 3785 3063; x_wconf 83' lang='grc' dir='ltr'>δείκνυ-</span> 
     </span>
    </p>
   </div>
   <div class='ocr_carea' id='block_1_81' title="bbox 2202 3099 3782 3174">
    <p class='ocr_par' dir='ltr' id='par_1_81' title="bbox 2202 3099 3782 3174">
     <span class='ocr_line' id='line_1_81' title="bbox 2202 3099 3782 3174; baseline 0.003 -21"><span class='ocrx_word' id='word_1_547' title='bbox 2202 3117 2306 3166; x_wconf 91' lang='grc' dir='ltr'>σιν,</span> <span class='ocrx_word' id='word_1_548' title='bbox 2343 3101 2443 3153; x_wconf 92' lang='grc' dir='ltr'><strong>οὐκ</strong></span> <span class='ocrx_word' id='word_1_549' title='bbox 2482 3099 2590 3154; x_wconf 82' lang='grc' dir='ltr'>ἀπὸ</span> <span class='ocrx_word' id='word_1_550' title='bbox 2639 3100 2745 3171; x_wconf 81' lang='grc' dir='ltr'>γῆς</span> <span class='ocrx_word' id='word_1_551' title='bbox 2794 3101 2870 3164; x_wconf 85' lang='grc' dir='ltr'>ὡς</span> <span class='ocrx_word' id='word_1_552' title='bbox 2918 3100 3087 3155; x_wconf 85' lang='grc' dir='ltr'>πάλαι</span> <span class='ocrx_word' id='word_1_553' title='bbox 3111 3101 3301 3155; x_wconf 86' lang='grc' dir='ltr'>τοῦτον</span> <span class='ocrx_word' id='word_1_554' title='bbox 3350 3101 3782 3174; x_wconf 81' lang='grc' dir='ltr'>δημιουργήσας,</span> 
     </span>
    </p>
   </div>
   <div class='ocr_carea' id='block_1_82' title="bbox 2200 3191 3781 3264">
    <p class='ocr_par' dir='ltr' id='par_1_82' title="bbox 2200 3191 3781 3264">
     <span class='ocr_line' id='line_1_82' title="bbox 2200 3191 3781 3264; baseline 0 -18"><span class='ocrx_word' id='word_1_555' title='bbox 2200 3191 2317 3246; x_wconf 80' lang='grc' dir='ltr'>ἀλλ’</span> <span class='ocrx_word' id='word_1_556' title='bbox 2367 3192 2526 3256; x_wconf 83' lang='grc' dir='ltr'>αὐτὸς</span> <span class='ocrx_word' id='word_1_557' title='bbox 2571 3192 3028 3263; x_wconf 81' lang='grc' dir='ltr'>καταδεξάμενος,</span> <span class='ocrx_word' id='word_1_558' title='bbox 3073 3193 3133 3246; x_wconf 93' lang='grc' dir='ltr'><strong>οὐ</strong></span> <span class='ocrx_word' id='word_1_559' title='bbox 3168 3193 3265 3263; x_wconf 81' lang='grc' dir='ltr'>τὴν</span> <span class='ocrx_word' id='word_1_560' title='bbox 3308 3194 3458 3247; x_wconf 85' lang='grc' dir='ltr'>θείαν</span> <span class='ocrx_word' id='word_1_561' title='bbox 3492 3195 3652 3264; x_wconf 82' lang='grc' dir='ltr'>φύσιν</span> <span class='ocrx_word' id='word_1_562' title='bbox 3701 3199 3781 3258; x_wconf 81' lang='grc' dir='ltr'><strong>είς</strong></span> 
     </span>
    </p>
   </div>
   <div class='ocr_carea' id='block_1_83' title="bbox 2201 3282 3785 3358">
    <p class='ocr_par' dir='ltr' id='par_1_83' title="bbox 2201 3282 3785 3358">
     <span class='ocr_line' id='line_1_83' title="bbox 2201 3282 3785 3358; baseline 0.001 -21"><span class='ocrx_word' id='word_1_563' title='bbox 2201 3283 2547 3354; x_wconf 78' lang='grc' dir='ltr'>ἀνθρωπείαν</span> <span class='ocrx_word' id='word_1_564' title='bbox 2580 3282 2923 3354; x_wconf 77' lang='grc' dir='ltr'>μεταϐαλὼν,</span> <span class='ocrx_word' id='word_1_565' title='bbox 2972 3284 3109 3337; x_wconf 90' lang='grc' dir='ltr'><strong>ἀλλά</strong></span> <span class='ocrx_word' id='word_1_566' title='bbox 3141 3287 3208 3356; x_wconf 80' lang='grc' dir='ltr'>τῇ</span> <span class='ocrx_word' id='word_1_567' title='bbox 3270 3285 3392 3357; x_wconf 78' lang='grc' dir='ltr'>θείᾳ</span> <span class='ocrx_word' id='word_1_568' title='bbox 3423 3286 3523 3357; x_wconf 82' lang='grc' dir='ltr'><strong>τὴν</strong></span> <span class='ocrx_word' id='word_1_569' title='bbox 3572 3286 3785 3358; x_wconf 87' lang='grc' dir='ltr'>ἀνθρω-</span> 
     </span>
    </p>
   </div>
   <div class='ocr_carea' id='block_1_84' title="bbox 2202 3372 3782 3450">
    <p class='ocr_par' dir='ltr' id='par_1_84' title="bbox 2202 3372 3782 3450">
     <span class='ocr_line' id='line_1_84' title="bbox 2202 3372 3782 3450; baseline 0.004 -23"><span class='ocrx_word' id='word_1_570' title='bbox 2202 3375 2362 3428; x_wconf 87' lang='grc' dir='ltr'>πείαν</span> <span class='ocrx_word' id='word_1_571' title='bbox 2400 3374 2662 3444; x_wconf 76' lang='grc' dir='ltr'>συνάψας.</span> <span class='ocrx_word' id='word_1_572' title='bbox 2720 3376 2918 3430; x_wconf 85' lang='grc' dir='ltr'>Μένων</span> <span class='ocrx_word' id='word_1_573' title='bbox 2957 3374 3065 3446; x_wconf 83' lang='grc' dir='ltr'><strong>γὰρ</strong></span> <span class='ocrx_word' id='word_1_574' title='bbox 3095 3375 3123 3428; x_wconf 81' lang='grc' dir='ltr'><strong>ὃ</strong></span> <span class='ocrx_word' id='word_1_575' title='bbox 3156 3372 3245 3448; x_wconf 81' lang='grc' dir='ltr'>ἦν,</span> <span class='ocrx_word' id='word_1_576' title='bbox 3305 3377 3496 3430; x_wconf 77' lang='grc' dir='ltr'>ἔλασεν</span> <span class='ocrx_word' id='word_1_577' title='bbox 3517 3378 3544 3431; x_wconf 83' lang='grc' dir='ltr'><strong>ὃ</strong></span> <span class='ocrx_word' id='word_1_578' title='bbox 3573 3380 3673 3431; x_wconf 81' lang='grc' dir='ltr'><strong>οὐκ</strong></span> <span class='ocrx_word' id='word_1_579' title='bbox 3693 3375 3782 3450; x_wconf 80' lang='grc' dir='ltr'><strong>ἦν.</strong></span> 
     </span>
    </p>
   </div>
   <div class='ocr_carea' id='block_1_85' title="bbox 2213 3467 3781 3543">
    <p class='ocr_par' dir='ltr' id='par_1_85' title="bbox 2213 3467 3781 3543">
     <span class='ocr_line' id='line_1_85' title="bbox 2213 3467 3781 3543; baseline 0.004 -23"><span class='ocrx_word' id='word_1_580' title='bbox 2213 3468 2301 3521; x_wconf 88' lang='grc' dir='ltr'>Ἐν</span> <span class='ocrx_word' id='word_1_581' title='bbox 2351 3470 2532 3539; x_wconf 71' lang='grc' dir='ltr'>μορφῇ</span> <span class='ocrx_word' id='word_1_582' title='bbox 2562 3467 2699 3521; x_wconf 82' lang='grc' dir='ltr'>Θεοῦ</span> <span class='ocrx_word' id='word_1_583' title='bbox 2746 3467 2845 3535; x_wconf 86' lang='grc' dir='ltr'>ὢν,</span> <span class='ocrx_word' id='word_1_584' title='bbox 2880 3467 3038 3522; x_wconf 76' lang='grc' dir='ltr'>ἔλαϐε</span> <span class='ocrx_word' id='word_1_585' title='bbox 3071 3469 3170 3541; x_wconf 80' lang='grc' dir='ltr'><strong>τὴν</strong></span> <span class='ocrx_word' id='word_1_586' title='bbox 3195 3469 3287 3524; x_wconf 83' lang='grc' dir='ltr'><strong>τοῦ</strong></span> <span class='ocrx_word' id='word_1_587' title='bbox 3325 3469 3511 3525; x_wconf 88' lang='grc' dir='ltr'>δούλου</span> <span class='ocrx_word' id='word_1_588' title='bbox 3547 3472 3781 3543; x_wconf 76' lang='grc' dir='ltr'>μορφὴν,</span> 
     </span>
    </p>
   </div>
   <div class='ocr_carea' id='block_1_86' title="bbox 2200 3559 3780 3634">
    <p class='ocr_par' dir='ltr' id='par_1_86' title="bbox 2200 3559 3780 3634">
     <span class='ocr_line' id='line_1_86' title="bbox 2200 3559 3780 3634; baseline 0.018 -28"><span class='ocrx_word' id='word_1_589' title='bbox 2200 3562 2367 3634; x_wconf 50' lang='lat' dir='ltr'><strong>{Now</strong></span> <span class='ocrx_word' id='word_1_590' title='bbox 2417 3560 2625 3624; x_wconf 86' lang='grc' dir='ltr'>οὐσίαν,</span> <span class='ocrx_word' id='word_1_591' title='bbox 2663 3560 2733 3613; x_wconf 82' lang='grc' dir='ltr'><strong>ἐν</strong></span> <span class='ocrx_word' id='word_1_592' title='bbox 2787 3559 3105 3630; x_wconf 77' lang='grc' dir='ltr'>ὁμοιώματι</span> <span class='ocrx_word' id='word_1_593' title='bbox 3155 3561 3505 3629; x_wconf 64' lang='grc' dir='ltr'>ἀνθρώπιν’</span> <span class='ocrx_word' id='word_1_594' title='bbox 3541 3564 3752 3633; x_wconf 68' lang='grc' dir='ltr'>γενόμε</span> <span class='ocrx_word' id='word_1_595' title='bbox 3763 3593 3780 3603; x_wconf 84' lang='grc'><strong><em>⁸</em></strong></span> 
     </span>
    </p>
   </div>
   <div class='ocr_carea' id='block_1_87' title="bbox 2200 3654 3781 3726">
    <p class='ocr_par' dir='ltr' id='par_1_87' title="bbox 2200 3654 3781 3726">
     <span class='ocr_line' id='line_1_87' title="bbox 2200 3654 3781 3726; baseline -0.003 -14"><span class='ocrx_word' id='word_1_596' title='bbox 2200 3676 2327 3724; x_wconf 80' lang='grc' dir='ltr'>νος,</span> <span class='ocrx_word' id='word_1_597' title='bbox 2363 3656 2461 3711; x_wconf 78' lang='grc' dir='ltr'><strong>καί</strong></span> <span class='ocrx_word' id='word_1_598' title='bbox 2496 3656 2764 3725; x_wconf 82' lang='grc' dir='ltr'>σχήματι</span> <span class='ocrx_word' id='word_1_599' title='bbox 2795 3654 3058 3723; x_wconf 80' lang='grc' dir='ltr'>εὑρεθείς</span> <span class='ocrx_word' id='word_1_600' title='bbox 3082 3657 3160 3723; x_wconf 86' lang='grc' dir='ltr'>ὠς</span> <span class='ocrx_word' id='word_1_601' title='bbox 3199 3655 3536 3726; x_wconf 77' lang='grc' dir='ltr'>ἄνθρωπος·</span> <span class='ocrx_word' id='word_1_602' title='bbox 3567 3658 3648 3711; x_wconf 83' lang='grc' dir='ltr'>ὅτι</span> <span class='ocrx_word' id='word_1_603' title='bbox 3685 3654 3781 3726; x_wconf 82' lang='grc' dir='ltr'>τὴν</span> 
     </span>
    </p>
   </div>
   <div class='ocr_carea' id='block_1_88' title="bbox 2199 3745 3782 3819">
    <p class='ocr_par' dir='ltr' id='par_1_88' title="bbox 2199 3745 3782 3819">
     <span class='ocr_line' id='line_1_88' title="bbox 2199 3745 3782 3819; baseline 0 -19"><span class='ocrx_word' id='word_1_604' title='bbox 2199 3748 2472 3819; x_wconf 77' lang='grc' dir='ltr'>ἡμετέραν</span> <span class='ocrx_word' id='word_1_605' title='bbox 2522 3747 2686 3816; x_wconf 83' lang='grc' dir='ltr'>φύσιν</span> <span class='ocrx_word' id='word_1_606' title='bbox 2740 3746 2902 3817; x_wconf 79' lang='grc' dir='ltr'>ἔχων,</span> <span class='ocrx_word' id='word_1_607' title='bbox 2954 3746 3015 3799; x_wconf 91' lang='grc' dir='ltr'><strong>οὐ</strong></span> <span class='ocrx_word' id='word_1_608' title='bbox 3080 3747 3222 3801; x_wconf 87' lang='grc' dir='ltr'><strong>κατά</strong></span> <span class='ocrx_word' id='word_1_609' title='bbox 3266 3748 3443 3801; x_wconf 87' lang='grc' dir='ltr'>πάντα</span> <span class='ocrx_word' id='word_1_610' title='bbox 3498 3747 3629 3818; x_wconf 77' lang='grc' dir='ltr'>ἡμῖν</span> <span class='ocrx_word' id='word_1_611' title='bbox 3669 3745 3782 3810; x_wconf 64' lang='lat' dir='ltr'><strong>(eo;</strong></span> 
     </span>
    </p>
   </div>
   <div class='ocr_carea' id='block_1_89' title="bbox 2197 3837 3779 3909">
    <p class='ocr_par' dir='ltr' id='par_1_89' title="bbox 2197 3837 3779 3909">
     <span class='ocr_line' id='line_1_89' title="bbox 2197 3837 3779 3909; baseline -0.002 -17"><span class='ocrx_word' id='word_1_612' title='bbox 2197 3839 2511 3909; x_wconf 71' lang='grc' dir='ltr'>ἐτύγχανεν.</span> <span class='ocrx_word' id='word_1_613' title='bbox 2550 3838 2952 3909; x_wconf 79' lang='grc' dir='ltr'>Ἐγεννήθημεν</span> <span class='ocrx_word' id='word_1_614' title='bbox 2983 3837 3093 3908; x_wconf 86' lang='grc' dir='ltr'>γὰρ</span> <span class='ocrx_word' id='word_1_615' title='bbox 3127 3839 3189 3891; x_wconf 82' lang='grc' dir='ltr'>ὲκ</span> <span class='ocrx_word' id='word_1_616' title='bbox 3221 3837 3498 3907; x_wconf 82' lang='grc' dir='ltr'>γυναικὸς,</span> <span class='ocrx_word' id='word_1_617' title='bbox 3538 3837 3633 3892; x_wconf 78' lang='grc' dir='ltr'>καὶ</span> <span class='ocrx_word' id='word_1_618' title='bbox 3678 3837 3779 3890; x_wconf 87' lang='grc' dir='ltr'>αὐ-</span> 
     </span>
    </p>
   </div>
   <div class='ocr_carea' id='block_1_90' title="bbox 2195 3928 3781 4001">
    <p class='ocr_par' dir='ltr' id='par_1_90' title="bbox 2195 3928 3781 4001">
     <span class='ocr_line' id='line_1_90' title="bbox 2195 3928 3781 4001; baseline -0.003 -18"><span class='ocrx_word' id='word_1_619' title='bbox 2195 3932 2308 3997; x_wconf 81' lang='grc' dir='ltr'>τὸς,</span> <span class='ocrx_word' id='word_1_620' title='bbox 2333 3930 2447 3986; x_wconf 81' lang='grc' dir='ltr'>ἀλλ’</span> <span class='ocrx_word' id='word_1_621' title='bbox 2473 3930 2572 4000; x_wconf 87' lang='grc' dir='ltr'><strong>οὐχ</strong></span> <span class='ocrx_word' id='word_1_622' title='bbox 2604 3929 2810 4001; x_wconf 87' lang='grc' dir='ltr'>ὁμοίως</span> <span class='ocrx_word' id='word_1_623' title='bbox 2854 3932 3013 4000; x_wconf 75' lang='grc' dir='ltr'>ἡμῖν’</span> <span class='ocrx_word' id='word_1_624' title='bbox 3041 3932 3105 3984; x_wconf 81' lang='grc' dir='ltr'>ὲκ</span> <span class='ocrx_word' id='word_1_625' title='bbox 3141 3928 3477 4000; x_wconf 81' lang='grc' dir='ltr'>παρθενικῆς</span> <span class='ocrx_word' id='word_1_626' title='bbox 3517 3929 3624 3999; x_wconf 78' lang='grc' dir='ltr'><strong>γάρ</strong></span> <span class='ocrx_word' id='word_1_627' title='bbox 3672 3928 3781 3999; x_wconf 78' lang='grc' dir='ltr'><strong>μή·</strong></span> 
     </span>
    </p>
   </div>
   <div class='ocr_carea' id='block_1_91' title="bbox 2195 4018 3773 4093">
    <p class='ocr_par' dir='ltr' id='par_1_91' title="bbox 2195 4018 3773 4093">
     <span class='ocr_line' id='line_1_91' title="bbox 2195 4018 3773 4093; baseline -0.003 -18"><span class='ocrx_word' id='word_1_628' title='bbox 2195 4040 2328 4093; x_wconf 84' lang='grc' dir='ltr'>τρας</span> <span class='ocrx_word' id='word_1_629' title='bbox 2384 4021 2704 4092; x_wconf 77' lang='grc' dir='ltr'>ἐϐλάστησε.</span> <span class='ocrx_word' id='word_1_630' title='bbox 2762 4021 2873 4074; x_wconf 76' lang='grc' dir='ltr'>Καὶ</span> <span class='ocrx_word' id='word_1_631' title='bbox 2932 4020 3137 4085; x_wconf 84' lang='grc' dir='ltr'>τέλειος</span> <span class='ocrx_word' id='word_1_632' title='bbox 3185 4020 3286 4090; x_wconf 85' lang='grc' dir='ltr'>μὲν</span> <span class='ocrx_word' id='word_1_633' title='bbox 3334 4020 3642 4091; x_wconf 79' lang='grc' dir='ltr'>ἄνθρωπος·</span> <span class='ocrx_word' id='word_1_634' title='bbox 3696 4018 3773 4082; x_wconf 78' lang='grc' dir='ltr'><strong>ὡς</strong></span> 
     </span>
    </p>
   </div>
   <div class='ocr_carea' id='block_1_92' title="bbox 2196 4108 3779 4187">
    <p class='ocr_par' dir='ltr' id='par_1_92' title="bbox 2196 4108 3779 4187">
     <span class='ocr_line' id='line_1_92' title="bbox 2196 4108 3779 4187; baseline -0.001 -21"><span class='ocrx_word' id='word_1_635' title='bbox 2196 4108 2511 4187; x_wconf 76' lang='grc' dir='ltr'>ήμεῖς,εῖχε</span> <span class='ocrx_word' id='word_1_636' title='bbox 2541 4113 2596 4167; x_wconf 82' lang='grc' dir='ltr'>δὲ</span> <span class='ocrx_word' id='word_1_637' title='bbox 2623 4113 2785 4168; x_wconf 86' lang='grc' dir='ltr'>πλέον</span> <span class='ocrx_word' id='word_1_638' title='bbox 2822 4113 2982 4185; x_wconf 82' lang='grc' dir='ltr'>ἡμῶν</span> <span class='ocrx_word' id='word_1_639' title='bbox 3007 4113 3102 4168; x_wconf 88' lang='grc' dir='ltr'><strong>τοῦ</strong></span> <span class='ocrx_word' id='word_1_640' title='bbox 3133 4112 3268 4167; x_wconf 85' lang='grc' dir='ltr'>Θεοῦ</span> <span class='ocrx_word' id='word_1_641' title='bbox 3300 4113 3475 4182; x_wconf 85' lang='grc' dir='ltr'>Λόγου</span> <span class='ocrx_word' id='word_1_642' title='bbox 3516 4114 3614 4184; x_wconf 79' lang='grc' dir='ltr'>τὴν</span> <span class='ocrx_word' id='word_1_643' title='bbox 3643 4112 3779 4166; x_wconf 75' lang='grc' dir='ltr'>ἐνοί-</span> 
     </span>
    </p>
   </div>
   <div class='ocr_carea' id='block_1_93' title="bbox 2199 4198 3778 4276">
    <p class='ocr_par' dir='ltr' id='par_1_93' title="bbox 2199 4198 3778 4276">
     <span class='ocr_line' id='line_1_93' title="bbox 2199 4198 3778 4276; baseline -0.003 -18"><span class='ocrx_word' id='word_1_644' title='bbox 2199 4204 2359 4276; x_wconf 88' lang='grc' dir='ltr'>κησίν</span> <span class='ocrx_word' id='word_1_645' title='bbox 2388 4220 2445 4257; x_wconf 85' lang='grc' dir='ltr'><strong>τε</strong></span> <span class='ocrx_word' id='word_1_646' title='bbox 2483 4203 2577 4257; x_wconf 77' lang='grc' dir='ltr'>καὶ</span> <span class='ocrx_word' id='word_1_647' title='bbox 2616 4201 2831 4267; x_wconf 68' lang='grc' dir='ltr'>ἕνωσιν,</span> <span class='ocrx_word' id='word_1_648' title='bbox 2865 4203 2961 4257; x_wconf 76' lang='grc' dir='ltr'>καὶ</span> <span class='ocrx_word' id='word_1_649' title='bbox 2997 4204 3178 4274; x_wconf 87' lang='grc' dir='ltr'>σάρκα</span> <span class='ocrx_word' id='word_1_650' title='bbox 3233 4203 3334 4274; x_wconf 77' lang='grc' dir='ltr'>μὲν</span> <span class='ocrx_word' id='word_1_651' title='bbox 3380 4198 3493 4274; x_wconf 75' lang='grc' dir='ltr'>εἶχε</span> <span class='ocrx_word' id='word_1_652' title='bbox 3536 4201 3778 4273; x_wconf 77' lang='grc' dir='ltr'>ἔμψυχόν</span> 
     </span>
    </p>
   </div>
   <div class='ocr_carea' id='block_1_94' title="bbox 2197 4291 3778 4365">
    <p class='ocr_par' dir='ltr' id='par_1_94' title="bbox 2197 4291 3778 4365">
     <span class='ocr_line' id='line_1_94' title="bbox 2197 4291 3778 4365; baseline -0.001 -18"><span class='ocrx_word' id='word_1_653' title='bbox 2197 4312 2257 4347; x_wconf 86' lang='grc' dir='ltr'><strong>τε</strong></span> <span class='ocrx_word' id='word_1_654' title='bbox 2281 4294 2377 4347; x_wconf 79' lang='grc' dir='ltr'>καὶ</span> <span class='ocrx_word' id='word_1_655' title='bbox 2406 4292 2653 4364; x_wconf 78' lang='grc' dir='ltr'>λογικὴν,</span> <span class='ocrx_word' id='word_1_656' title='bbox 2687 4293 2935 4365; x_wconf 84' lang='grc' dir='ltr'>καθάπερ</span> <span class='ocrx_word' id='word_1_657' title='bbox 2960 4295 3142 4364; x_wconf 72' lang='grc' dir='ltr'>ἡμεῖς,</span> <span class='ocrx_word' id='word_1_658' title='bbox 3168 4293 3277 4347; x_wconf 84' lang='grc' dir='ltr'>τῶν</span> <span class='ocrx_word' id='word_1_659' title='bbox 3302 4294 3356 4346; x_wconf 72' lang='grc' dir='ltr'>δὲ</span> <span class='ocrx_word' id='word_1_660' title='bbox 3374 4292 3475 4362; x_wconf 80' lang='grc' dir='ltr'><strong>τῆς</strong></span> <span class='ocrx_word' id='word_1_661' title='bbox 3505 4291 3778 4365; x_wconf 82' lang='grc' dir='ltr'>ἁμαρτίας</span> 
     </span>
    </p>
   </div>
   <div class='ocr_carea' id='block_1_95' title="bbox 2201 4380 3779 4461">
    <p class='ocr_par' dir='ltr' id='par_1_95' title="bbox 2201 4380 3779 4461">
     <span class='ocr_line' id='line_1_95' title="bbox 2201 4380 3779 4461; baseline 0.001 -25"><span class='ocrx_word' id='word_1_662' title='bbox 2201 4383 2517 4461; x_wconf 82' lang='grc' dir='ltr'>κινημάτων</span> <span class='ocrx_word' id='word_1_663' title='bbox 2548 4382 2648 4437; x_wconf 87' lang='grc' dir='ltr'><strong>οὐκ</strong></span> <span class='ocrx_word' id='word_1_664' title='bbox 2681 4383 2942 4454; x_wconf 75' lang='grc' dir='ltr'>ἠνέσχετο</span> <span class='ocrx_word' id='word_1_665' title='bbox 2983 4384 3171 4452; x_wconf 82' lang='grc' dir='ltr'>ὥσπερ</span> <span class='ocrx_word' id='word_1_666' title='bbox 3205 4385 3366 4455; x_wconf 76' lang='grc' dir='ltr'>ἡμεῖς</span> <span class='ocrx_word' id='word_1_667' title='bbox 3388 4400 3402 4414; x_wconf 77' lang='grc' dir='ltr'><strong>ο</strong></span> <span class='ocrx_word' id='word_1_668' title='bbox 3435 4383 3551 4437; x_wconf 88' lang='grc' dir='ltr'>ἀλλ’</span> <span class='ocrx_word' id='word_1_669' title='bbox 3586 4387 3645 4441; x_wconf 79' lang='grc' dir='ltr'>ὲν</span> <span class='ocrx_word' id='word_1_670' title='bbox 3674 4380 3779 4438; x_wconf 83' lang='grc' dir='ltr'>σώ-</span> 
     </span>
    </p>
   </div>
   <div class='ocr_carea' id='block_1_96' title="bbox 2204 4472 3776 4546">
    <p class='ocr_par' dir='ltr' id='par_1_96' title="bbox 2204 4472 3776 4546">
     <span class='ocr_line' id='line_1_96' title="bbox 2204 4472 3776 4546; baseline 0.002 -20"><span class='ocrx_word' id='word_1_671' title='bbox 2204 4491 2333 4543; x_wconf 87' lang='grc' dir='ltr'>ματι</span> <span class='ocrx_word' id='word_1_672' title='bbox 2385 4472 2477 4541; x_wconf 72' lang='grc' dir='ltr'>ὐφ’</span> <span class='ocrx_word' id='word_1_673' title='bbox 2529 4474 2805 4544; x_wconf 84' lang='grc' dir='ltr'>ἁμαρτίας</span> <span class='ocrx_word' id='word_1_674' title='bbox 2852 4474 3274 4546; x_wconf 86' lang='grc' dir='ltr'>πολεμουμένῳ,</span> <span class='ocrx_word' id='word_1_675' title='bbox 3312 4475 3409 4544; x_wconf 84' lang='grc' dir='ltr'>τὴν</span> <span class='ocrx_word' id='word_1_676' title='bbox 3468 4474 3564 4545; x_wconf 82' lang='grc' dir='ltr'>τῆς</span> <span class='ocrx_word' id='word_1_677' title='bbox 3605 4476 3776 4545; x_wconf 83' lang='grc' dir='ltr'>ἀμαρ-</span> 
     </span>
    </p>
   </div>
   <div class='ocr_carea' id='block_1_97' title="bbox 2198 4564 2955 4636">
    <p class='ocr_par' dir='ltr' id='par_1_97' title="bbox 2198 4564 2955 4636">
     <span class='ocr_line' id='line_1_97' title="bbox 2198 4564 2955 4636; baseline 0.005 -20"><span class='ocrx_word' id='word_1_678' title='bbox 2198 4564 2326 4629; x_wconf 84' lang='grc' dir='ltr'>τίας</span> <span class='ocrx_word' id='word_1_679' title='bbox 2360 4565 2622 4623; x_wconf 77' lang='grc' dir='ltr'>κατέλυσε</span> <span class='ocrx_word' id='word_1_680' title='bbox 2644 4566 2955 4636; x_wconf 82' lang='grc' dir='ltr'>τυραννίδα.</span> 
     </span>
    </p>
   </div>
   <div class='ocr_carea' id='block_1_98' title="bbox 2272 4656 3767 4731">
    <p class='ocr_par' dir='ltr' id='par_1_98' title="bbox 2272 4656 3767 4731">
     <span class='ocr_line' id='line_1_98' title="bbox 2272 4656 3767 4731; baseline -0.016 -20"><span class='ocrx_word' id='word_1_681' title='bbox 2272 4657 2573 4728; x_wconf 80' lang='grc' dir='ltr'>Προκόπτει</span> <span class='ocrx_word' id='word_1_682' title='bbox 2608 4657 2665 4711; x_wconf 78' lang='grc' dir='ltr'>δὲ</span> <span class='ocrx_word' id='word_1_683' title='bbox 2700 4656 2888 4731; x_wconf 77' lang='grc' dir='ltr'>ἡλικίᾳ</span> <span class='ocrx_word' id='word_1_684' title='bbox 2925 4657 3025 4730; x_wconf 85' lang='grc' dir='ltr'>μὲν</span> <span class='ocrx_word' id='word_1_685' title='bbox 3056 4657 3237 4729; x_wconf 79' lang='grc' dir='ltr'>σῶμα,</span> <span class='ocrx_word' id='word_1_686' title='bbox 3283 4658 3447 4729; x_wconf 71' lang='grc' dir='ltr'>σοφίᾳ</span> <span class='ocrx_word' id='word_1_687' title='bbox 3490 4659 3549 4713; x_wconf 67' lang='grc' dir='ltr'><strong>δὲ</strong></span> <span class='ocrx_word' id='word_1_688' title='bbox 3586 4658 3732 4729; x_wconf 64' lang='grc' dir='ltr'>ψυχή</span> <span class='ocrx_word' id='word_1_689' title='bbox 3756 4675 3767 4687; x_wconf 94' lang='grc'><strong>.</strong></span> 
     </span>
    </p>
   </div>
   <div class='ocr_carea' id='block_1_99' title="bbox 2199 4746 3772 4819">
    <p class='ocr_par' dir='ltr' id='par_1_99' title="bbox 2199 4746 3772 4819">
     <span class='ocr_line' id='line_1_99' title="bbox 2199 4746 3772 4819; baseline 0.001 -18"><span class='ocrx_word' id='word_1_690' title='bbox 2199 4746 2389 4819; x_wconf 85' lang='grc' dir='ltr'>θεότης</span> <span class='ocrx_word' id='word_1_691' title='bbox 2443 4747 2546 4819; x_wconf 73' lang='grc' dir='ltr'><strong>γάρ</strong></span> <span class='ocrx_word' id='word_1_692' title='bbox 2594 4749 2883 4819; x_wconf 85' lang='grc' dir='ltr'>οὐδετέραν</span> <span class='ocrx_word' id='word_1_693' title='bbox 2913 4749 3157 4804; x_wconf 78' lang='grc' dir='ltr'>ἐπίδοσιν</span> <span class='ocrx_word' id='word_1_694' title='bbox 3203 4749 3545 4819; x_wconf 73' lang='grc' dir='ltr'>ἐπιδέχεταισ</span> <span class='ocrx_word' id='word_1_695' title='bbox 3576 4749 3772 4802; x_wconf 85' lang='grc' dir='ltr'>παντέ-</span> 
     </span>
    </p>
   </div>
   <div class='ocr_carea' id='block_1_100' title="bbox 2198 4832 3770 4912">
    <p class='ocr_par' dir='ltr' id='par_1_100' title="bbox 2198 4832 3770 4912">
     <span class='ocr_line' id='line_1_100' title="bbox 2198 4832 3770 4912; baseline 0.002 -22"><span class='ocrx_word' id='word_1_696' title='bbox 2198 4840 2339 4902; x_wconf 86' lang='grc' dir='ltr'>λειος</span> <span class='ocrx_word' id='word_1_697' title='bbox 2364 4839 2470 4909; x_wconf 86' lang='grc' dir='ltr'><strong>γὰρ</strong></span> <span class='ocrx_word' id='word_1_698' title='bbox 2490 4840 2517 4892; x_wconf 83' lang='grc' dir='ltr'>ὁ</span> <span class='ocrx_word' id='word_1_699' title='bbox 2537 4838 2630 4891; x_wconf 83' lang='grc' dir='ltr'><strong>τοῦ</strong></span> <span class='ocrx_word' id='word_1_700' title='bbox 2656 4837 2790 4892; x_wconf 83' lang='grc' dir='ltr'>Θεοῦ</span> <span class='ocrx_word' id='word_1_701' title='bbox 2816 4838 2986 4907; x_wconf 86' lang='grc' dir='ltr'>Λόγος</span> <span class='ocrx_word' id='word_1_702' title='bbox 3006 4856 3018 4869; x_wconf 90' lang='grc'><strong>·</strong></span> <span class='ocrx_word' id='word_1_703' title='bbox 3050 4838 3273 4902; x_wconf 72' lang='grc' dir='ltr'>εἰκότως</span> <span class='ocrx_word' id='word_1_704' title='bbox 3306 4838 3360 4892; x_wconf 87' lang='grc' dir='ltr'>δὲ</span> <span class='ocrx_word' id='word_1_705' title='bbox 3390 4832 3677 4905; x_wconf 69' lang='grc' dir='ltr'>συνέζευξε</span> <span class='ocrx_word' id='word_1_706' title='bbox 3704 4842 3770 4912; x_wconf 82' lang='grc' dir='ltr'>τῇ</span> 
     </span>
    </p>
   </div>
   <div class='ocr_carea' id='block_1_101' title="bbox 2199 4927 3772 5001">
    <p class='ocr_par' dir='ltr' id='par_1_101' title="bbox 2199 4927 3772 5001">
     <span class='ocr_line' id='line_1_101' title="bbox 2199 4927 3772 5001; baseline -0.001 -18"><span class='ocrx_word' id='word_1_707' title='bbox 2199 4931 2299 5001; x_wconf 81' lang='grc' dir='ltr'>τῆς</span> <span class='ocrx_word' id='word_1_708' title='bbox 2332 4930 2549 5001; x_wconf 77' lang='grc' dir='ltr'>ἡλικίας</span> <span class='ocrx_word' id='word_1_709' title='bbox 2577 4928 2803 5001; x_wconf 80' lang='grc' dir='ltr'>αὐξήσει</span> <span class='ocrx_word' id='word_1_710' title='bbox 2829 4928 2927 4999; x_wconf 76' lang='grc' dir='ltr'>τὴν</span> <span class='ocrx_word' id='word_1_711' title='bbox 2971 4929 3070 4996; x_wconf 83' lang='grc' dir='ltr'>τῆς</span> <span class='ocrx_word' id='word_1_712' title='bbox 3094 4927 3286 4997; x_wconf 80' lang='grc' dir='ltr'>σοφίας</span> <span class='ocrx_word' id='word_1_713' title='bbox 3320 4930 3561 4987; x_wconf 76' lang='grc' dir='ltr'>ἐπίδοσιν</span> <span class='ocrx_word' id='word_1_714' title='bbox 3582 4946 3594 4958; x_wconf 89' lang='grc'><strong>·</strong></span> <span class='ocrx_word' id='word_1_715' title='bbox 3636 4932 3772 5000; x_wconf 78' lang='grc' dir='ltr'>πρὸς</span> 
     </span>
    </p>
   </div>
   <div class='ocr_carea' id='block_1_102' title="bbox 2199 5023 3778 5095">
    <p class='ocr_par' dir='ltr' id='par_1_102' title="bbox 2199 5023 3778 5095">
     <span class='ocr_line' id='line_1_102' title="bbox 2199 5023 3778 5095; baseline -0.001 -16"><span class='ocrx_word' id='word_1_716' title='bbox 2199 5024 2307 5095; x_wconf 80' lang='grc' dir='ltr'><strong>γὰρ</strong></span> <span class='ocrx_word' id='word_1_717' title='bbox 2356 5023 2417 5079; x_wconf 74' lang='grc' dir='ltr'><strong>τὸ</strong></span> <span class='ocrx_word' id='word_1_718' title='bbox 2452 5025 2651 5095; x_wconf 85' lang='grc' dir='ltr'>μέτρον</span> <span class='ocrx_word' id='word_1_719' title='bbox 2687 5024 2786 5092; x_wconf 82' lang='grc' dir='ltr'>τῆς</span> <span class='ocrx_word' id='word_1_720' title='bbox 2829 5024 2923 5076; x_wconf 82' lang='grc' dir='ltr'><strong>τοῦ</strong></span> <span class='ocrx_word' id='word_1_721' title='bbox 2964 5023 3214 5093; x_wconf 84' lang='grc' dir='ltr'>σώματος</span> <span class='ocrx_word' id='word_1_722' title='bbox 3242 5024 3459 5092; x_wconf 84' lang='grc' dir='ltr'>ἡλικίας</span> <span class='ocrx_word' id='word_1_723' title='bbox 3504 5025 3778 5081; x_wconf 84' lang='grc' dir='ltr'>ἀπεκάλυ-</span> 
     </span>
    </p>
   </div>
   <div class='ocr_carea' id='block_1_103' title="bbox 2200 5112 3354 5184">
    <p class='ocr_par' dir='ltr' id='par_1_103' title="bbox 2200 5112 3354 5184">
     <span class='ocr_line' id='line_1_103' title="bbox 2200 5112 3354 5184; baseline -0.001 -15"><span class='ocrx_word' id='word_1_724' title='bbox 2200 5131 2334 5169; x_wconf 83' lang='grc' dir='ltr'>πτεν</span> <span class='ocrx_word' id='word_1_725' title='bbox 2372 5114 2406 5184; x_wconf 76' lang='grc' dir='ltr'>ἡ</span> <span class='ocrx_word' id='word_1_726' title='bbox 2442 5113 2561 5169; x_wconf 85' lang='grc' dir='ltr'>θεία</span> <span class='ocrx_word' id='word_1_727' title='bbox 2585 5112 2747 5182; x_wconf 76' lang='grc' dir='ltr'>φύσις</span> <span class='ocrx_word' id='word_1_728' title='bbox 2778 5113 2877 5184; x_wconf 82' lang='grc' dir='ltr'>τὴν</span> <span class='ocrx_word' id='word_1_729' title='bbox 2902 5114 3107 5167; x_wconf 85' lang='grc' dir='ltr'>οίκείαν</span> <span class='ocrx_word' id='word_1_730' title='bbox 3143 5114 3354 5184; x_wconf 70' lang='grc' dir='ltr'>σοφίαν.</span> 
     </span>
    </p>
   </div>
   <div class='ocr_carea' id='block_1_104' title="bbox 2288 5353 3775 5426">
    <p class='ocr_par' dir='ltr' id='par_1_104' title="bbox 2288 5353 3775 5426">
     <span class='ocr_line' id='line_1_104' title="bbox 2288 5353 3775 5426; baseline -0.001 -19"><span class='ocrx_word' id='word_1_731' title='bbox 2288 5353 2505 5425; x_wconf 84' lang='grc' dir='ltr'>Ἀμέλει</span> <span class='ocrx_word' id='word_1_732' title='bbox 2532 5355 2559 5408; x_wconf 85' lang='grc' dir='ltr'>ὁ</span> <span class='ocrx_word' id='word_1_733' title='bbox 2586 5353 2825 5425; x_wconf 78' lang='grc' dir='ltr'>Γαϐριὴλ</span> <span class='ocrx_word' id='word_1_734' title='bbox 2859 5354 2959 5424; x_wconf 83' lang='grc' dir='ltr'><strong>τὴν</strong></span> <span class='ocrx_word' id='word_1_735' title='bbox 2992 5353 3269 5426; x_wconf 84' lang='grc' dir='ltr'>Παρθένον</span> <span class='ocrx_word' id='word_1_736' title='bbox 3294 5354 3775 5425; x_wconf 74' lang='grc' dir='ltr'>εὐαγγελιζόμενος</span> 
     </span>
    </p>
   </div>
   <div class='ocr_carea' id='block_1_105' title="bbox 1814 5604 2497 5663">
    <p class='ocr_par' dir='ltr' id='par_1_105' title="bbox 1814 5604 2497 5663">
     <span class='ocr_line' id='line_1_105' title="bbox 1814 5604 2497 5663; baseline -0.001 -1"><span class='ocrx_word' id='word_1_737' title='bbox 1814 5606 2053 5662; x_wconf 71' lang='lat' dir='ltr'><strong>VARl/E</strong></span> <span class='ocrx_word' id='word_1_738' title='bbox 2089 5604 2497 5663; x_wconf 77' lang='lat' dir='ltr'><strong>LECTIONES.</strong></span> 
     </span>
    </p>
   </div>
   <div class='ocr_carea' id='block_1_106' title="bbox 590 5718 3775 5791">
    <p class='ocr_par' dir='ltr' id='par_1_106' title="bbox 590 5718 3775 5791">
     <span class='ocr_line' id='line_1_106' title="bbox 590 5718 3775 5791; baseline 0.001 -16"><span class='ocrx_word' id='word_1_739' title='bbox 590 5724 610 5757; x_wconf 82' lang='grc'>¹</span> <span class='ocrx_word' id='word_1_740' title='bbox 637 5718 905 5791; x_wconf 34' lang='grc' dir='ltr'>Ιλοοοηοίι.</span> <span class='ocrx_word' id='word_1_741' title='bbox 926 5724 1047 5791; x_wconf 65' lang='lat' dir='ltr'><strong>,leg.</strong></span> <span class='ocrx_word' id='word_1_742' title='bbox 1093 5720 1412 5791; x_wconf 83' lang='grc' dir='ltr'>ἀνθρώπων.</span> <span class='ocrx_word' id='word_1_743' title='bbox 1487 5722 1507 5752; x_wconf 85' lang='grc'>³</span> <span class='ocrx_word' id='word_1_744' title='bbox 1528 5720 1700 5774; x_wconf 86' lang='lat' dir='ltr'><strong>Porro</strong></span> <span class='ocrx_word' id='word_1_745' title='bbox 1731 5729 1931 5783; x_wconf 83' lang='lat' dir='ltr'><strong>autem,</strong></span> <span class='ocrx_word' id='word_1_746' title='bbox 1962 5727 2080 5791; x_wconf 70' lang='lat' dir='ltr'><strong>etc.</strong></span> <span class='ocrx_word' id='word_1_747' title='bbox 2127 5718 2209 5791; x_wconf 64' lang='lat' dir='ltr'><strong>Ad</strong></span> <span class='ocrx_word' id='word_1_748' title='bbox 2260 5721 2560 5791; x_wconf 82' lang='lat' dir='ltr'><strong>marginem</strong></span> <span class='ocrx_word' id='word_1_749' title='bbox 2610 5724 2794 5791; x_wconf 89' lang='lat' dir='ltr'><strong>posuit</strong></span> <span class='ocrx_word' id='word_1_750' title='bbox 2834 5723 3136 5780; x_wconf 87' lang='lat' dir='ltr'><strong>Garnerius</strong></span> <span class='ocrx_word' id='word_1_751' title='bbox 3165 5744 3177 5777; x_wconf 88' lang='lat'><strong>:</strong></span> <span class='ocrx_word' id='word_1_752' title='bbox 3210 5744 3228 5775; x_wconf 78' lang='grc' dir='ltr'>ι</span> <span class='ocrx_word' id='word_1_753' title='bbox 3258 5725 3331 5778; x_wconf 84' lang='lat' dir='ltr'><strong>Ex</strong></span> <span class='ocrx_word' id='word_1_754' title='bbox 3360 5724 3499 5779; x_wconf 88' lang='lat' dir='ltr'><strong>libro</strong></span> <span class='ocrx_word' id='word_1_755' title='bbox 3532 5724 3775 5778; x_wconf 72' lang='lat' dir='ltr'><strong>secundo</strong></span> 
     </span>
    </p>
   </div>
   <div class='ocr_carea' id='block_1_107' title="bbox 520 5789 3778 5859">
    <p class='ocr_par' dir='ltr' id='par_1_107' title="bbox 520 5789 3778 5859">
     <span class='ocr_line' id='line_1_107' title="bbox 520 5789 3778 5859; baseline -0.001 -9"><span class='ocrx_word' id='word_1_756' title='bbox 520 5789 839 5859; x_wconf 83' lang='lat' dir='ltr'><strong>Pentalogii.</strong></span> <span class='ocrx_word' id='word_1_757' title='bbox 868 5807 886 5839; x_wconf 72' lang='grc' dir='ltr'><strong>ι</strong></span> <span class='ocrx_word' id='word_1_758' title='bbox 925 5789 1041 5846; x_wconf 82' lang='lat' dir='ltr'><strong>Non</strong></span> <span class='ocrx_word' id='word_1_759' title='bbox 1067 5789 1242 5846; x_wconf 82' lang='lat' dir='ltr'><strong>exstat</strong></span> <span class='ocrx_word' id='word_1_760' title='bbox 1265 5799 1448 5846; x_wconf 83' lang='lat' dir='ltr'><strong>autem</strong></span> <span class='ocrx_word' id='word_1_761' title='bbox 1489 5791 1592 5845; x_wconf 89' lang='lat' dir='ltr'><strong>iste</strong></span> <span class='ocrx_word' id='word_1_762' title='bbox 1634 5791 1788 5843; x_wconf 90' lang='lat' dir='ltr'><strong>locus</strong></span> <span class='ocrx_word' id='word_1_763' title='bbox 1831 5789 1976 5859; x_wconf 90' lang='lat' dir='ltr'><strong>apud</strong></span> <span class='ocrx_word' id='word_1_764' title='bbox 2027 5789 2256 5843; x_wconf 85' lang='lat' dir='ltr'><strong>Marium</strong></span> <span class='ocrx_word' id='word_1_765' title='bbox 2303 5789 2682 5847; x_wconf 78' lang='lat' dir='ltr'><strong>Mercatorein.</strong></span> <span class='ocrx_word' id='word_1_766' title='bbox 2761 5793 3024 5848; x_wconf 68' lang='lat' dir='ltr'><strong>‘Omnino</strong></span> <span class='ocrx_word' id='word_1_767' title='bbox 3064 5793 3295 5855; x_wconf 80' lang='lat' dir='ltr'><strong>Gabriel,</strong></span> <span class='ocrx_word' id='word_1_768' title='bbox 3346 5804 3450 5850; x_wconf 89' lang='lat' dir='ltr'><strong>etc.</strong></span> <span class='ocrx_word' id='word_1_769' title='bbox 3504 5793 3585 5848; x_wconf 82' lang='lat' dir='ltr'><strong>Ad</strong></span> <span class='ocrx_word' id='word_1_770' title='bbox 3633 5808 3778 5847; x_wconf 83' lang='lat' dir='ltr'><strong>mar-</strong></span> 
     </span>
    </p>
   </div>
   <div class='ocr_carea' id='block_1_108' title="bbox 518 5859 1822 5938">
    <p class='ocr_par' dir='ltr' id='par_1_108' title="bbox 518 5859 1822 5938">
     <span class='ocr_line' id='line_1_108' title="bbox 518 5859 1822 5938; baseline -0.002 -20"><span class='ocrx_word' id='word_1_771' title='bbox 518 5865 701 5938; x_wconf 77' lang='lat' dir='ltr'><strong>ginem</strong></span> <span class='ocrx_word' id='word_1_772' title='bbox 748 5860 937 5916; x_wconf 84' lang='lat' dir='ltr'><strong>eadem</strong></span> <span class='ocrx_word' id='word_1_773' title='bbox 981 5861 1143 5917; x_wconf 84' lang='lat' dir='ltr'><strong>verba</strong></span> <span class='ocrx_word' id='word_1_774' title='bbox 1186 5870 1343 5917; x_wconf 89' lang='lat' dir='ltr'><strong>erant</strong></span> <span class='ocrx_word' id='word_1_775' title='bbox 1389 5862 1586 5931; x_wconf 84' lang='lat' dir='ltr'><strong>posita,</strong></span> <span class='ocrx_word' id='word_1_776' title='bbox 1635 5859 1822 5915; x_wconf 89' lang='lat' dir='ltr'><strong>addito</strong></span> 
     </span>
    </p>
   </div>
   <div class='ocr_carea' id='block_1_109' title="bbox 1922 5860 3775 5951">
    <p class='ocr_par' dir='ltr' id='par_1_109' title="bbox 1922 5860 3775 5951">
     <span class='ocr_line' id='line_1_109' title="bbox 1922 5860 3775 5951; baseline 0.003 -36"><span class='ocrx_word' id='word_1_777' title='bbox 1922 5860 2188 5917; x_wconf 81' lang='lat' dir='ltr'><strong>creatoris</strong></span> <span class='ocrx_word' id='word_1_778' title='bbox 2217 5861 2459 5951; x_wconf 73' lang='lat' dir='ltr'><strong>nomine,</strong></span> <span class='ocrx_word' id='word_1_779' title='bbox 2492 5861 2651 5932; x_wconf 78' lang='lat' dir='ltr'><strong>cujus</strong></span> <span class='ocrx_word' id='word_1_780' title='bbox 2667 5864 2834 5921; x_wconf 87' lang='lat' dir='ltr'><strong>verba</strong></span> <span class='ocrx_word' id='word_1_781' title='bbox 2875 5864 3343 5937; x_wconf 84' lang='lat' dir='ltr'><strong>interpretationis</strong></span> <span class='ocrx_word' id='word_1_782' title='bbox 3372 5865 3494 5921; x_wconf 88' lang='lat' dir='ltr'><strong>loco</strong></span> <span class='ocrx_word' id='word_1_783' title='bbox 3526 5864 3579 5918; x_wconf 90' lang='lat' dir='ltr'><strong>in</strong></span> <span class='ocrx_word' id='word_1_784' title='bbox 3620 5872 3775 5920; x_wconf 77' lang='lat' dir='ltr'><strong>textu</strong></span> 
     </span>
    </p>
   </div>
  </div>
