4080 6460
501 423 568 489 71
1704 426 2023 489 OPERUM
2060 429 2548 495 THEODORETI
3715 466 3788 525 7.2

566 542 726 600 Lude
801 556 1037 612 puerum
1096 542 1347 597 nominat
1389 543 1617 608 Jesum,
1672 544 2066 614 appellatione:

2171 594 2177 610 ,
2259 551 2498 652 ΔΠαιδίον
2528 554 2636 624 γὰρ
2673 555 2929 652 ὁνομόιζει
2976 558 3068 613 τὸν
3126 562 3354 636 Ἳησοῦν,
3384 572 3449 642 τῇ
3484 577 3785 652 φαινομένῃ

502 636 646 690 hanc
696 644 909 689 naturae
966 634 1239 700 tribuens,
1297 650 1421 704 quae
1479 635 1722 689 videtur.
1780 636 1901 706 Ipsa
1943 637 2066 692 enin

2200 644 2359 743 (ρύσει
2391 645 2487 743 την
2522 649 2895 743 προσηγορίαν
2923 652 3129 725 ταύτην
3145 634 3334 724 τιθείς.
3552 634 3662 741 γὰρ
3683 634 3784 743 uti:

500 727 802 791 crescebat,
834 727 1107 797 siquidem
1135 743 1339 797 corpus
1359 727 1475 782 suis
1496 728 1856 784 incrementis
1886 745 2087 800 seque-

442 821 446 825 ’
499 817 664 873 batur
698 827 908 872 natura:
931 817 1127 887 legem.

563 912 634 966 Et
693 911 1094 981 confortabatur
1151 909 1354 981 Spiritu
1394 927 1414 965 :
1453 904 1549 981 qui
1594 925 1792 980 nempe
1840 912 1914 977 ei,
1963 927 2090 967 cum

494 1002 851 1066 formaretur,
895 1002 1120 1068 aderat;
1170 1016 1408 1071 cumque
1457 1012 1837 1072 generaretur,
1872 1019 1938 1059 ac
1989 1005 2091 1059 ba-

494 1097 825 1167 ptizaretur,
846 1104 910 1151 et
934 1095 1200 1149 miracula
1234 1103 1500 1164 patraret.

608 1188 806 1243 Plenus
859 1187 1156 1257 sapientia,
1217 1185 1401 1239 innuit
1452 1195 1664 1241 natura:
1724 1185 2091 1242 inhabitantis

489 1281 1019 1345 manifestationem,
1077 1295 1202 1349 qua:
1246 1279 1511 1349 paulatim
1563 1280 1762 1335 ﬁeret:
1807 1280 1875 1334 Et
1904 1280 2085 1351 gratia

490 1373 588 1428 Dei
608 1382 723 1428 erat
747 1375 803 1426 in
841 1372 957 1428 illo.
989 1403 1060 1412 —
1090 1372 1155 1426 In
1186 1373 1299 1443 ipso
1351 1373 1492 1425 enim
1523 1373 1727 1427 habitat
1767 1373 1939 1429 omnis
1972 1372 2078 1444 ple—

489 1465 675 1518 nitudo
711 1463 1002 1517 divinitatis
1036 1462 1390 1533 corporaliter
1424 1465 1468 1514 ί.

557 1556 684 1611 Haec
733 1555 901 1610 Isaias
939 1570 1162 1625 quoque
1200 1570 1326 1610 cum
1360 1554 1709 1625 pradiceret,
1762 1556 2080 1612 clamabat:

491 1648 808 1719 Egredietur
852 1649 1001 1718 virga
1050 1646 1113 1699 de
1175 1647 1352 1701 radice
1394 1647 1563 1712 Jesse,
1605 1655 1655 1700 et
1683 1650 1779 1718 ﬂos
1809 1648 1872 1702 de
1909 1649 2085 1703 radice

487 1740 602 1809 ejus
635 1738 899 1802 ascendet,
930 1744 979 1791 et
1009 1738 1294 1802 requiescet
1329 1754 1492 1809 super
1536 1755 1656 1792 eum
1697 1738 1929 1810 Spiritus
1958 1739 2079 1804 Dei,

484 1834 702 1901 spiritus
732 1832 1008 1901 sapientia:
1052 1838 1100 1883 et
1137 1829 1458 1894 intellectus,
1509 1832 1730 1901 spiritus
1778 1831 1990 1887 consilii
2030 1840 2081 1886 et

2198 735 2353 800 ξανε·
2372 739 2559 833 Ασῶμα
2598 741 2708 812 γὰρ
2738 737 2806 810 ἦν
2827 744 2971 797 κατὰ
3003 747 3168 818 μέρος
3209 735 3525 823 προϐαῖνον,
3556 735 3652 815 καλ.
3680 735 3783 833 ᾠο-

2197 843 2336 891 σεως
2366 830 2512 900 ὅροις
2543 832 2644 885 ὲπό
2651 850 2831 902 μενον.

2265 920 2377 1017 imi
2414 921 2803 1017 ἐκραταιοῦτο
2840 931 3171 1000 Πνεύματι’
3200 934 3230 987 ὃ
3256 938 3350 991 καὶ
3396 940 3781 1017 πλαττομένῳ,

2200 1010 2296 1116 καὶ,
2325 1015 2655 1087 τικτομένῳ,
2690 1019 2786 1074 καλ⁵
2847 1020 3252 1099 βαπτιζομένῳ,
3290 1030 3385 1084 καὶ
3435 1010 3784 1109 θαυματουρ-

2194 1110 2381 1174 γοῦντι
2415 1110 2618 1181 παρῆν.

2258 1202 2693 1273 Πληρούμενον
2725 1210 2974 1279 σοφίας,
3017 1211 3116 1284 τὴν
3156 1216 3302 1269 κατὰ
3358 1216 3524 1289 μέρος
3569 1220 3784 1277 ἀποκά-

2189 1288 2349 1359 λυψιν
2407 1294 2643 1349 ἐνταῦθα
2694 1301 2794 1370 τῆς
2830 1303 3150 1376 ὲνοικούσης
3193 1306 3494 1362 αἰνίττεται
3539 1312 3776 1379 φύσεως.

2186 1382 2297 1435 Καὶ
2329 1383 2502 1451 χάρις
2533 1389 2682 1443 Θεοῦ
2707 1387 2798 1461 -ἦν
2816 1393 3109 1461 ἐπάὐτῷ.
3144 1398 3251 1453 Ἔν
3271 1399 3464 1466 αῠτῷ⁸
3498 1402 3612 1472 γὰρ
3640 1422 3780 1460 κατ-

2197 1475 2355 1528 οικεῖ
2374 1476 2502 1533 πᾶν
2519 1480 2587 1532 τὸ
2610 1482 2904 1554 πλήρωμα
2927 1485 3033 1557 τῆς
3065 1491 3346 1559 θεότητος
3374 1495 3746 1565 σωματικῶς.
3853 1511 3874 1529 ⁸

2256 1567 2443 1623 Ταῦτα
2479 1574 2574 1625 καὶ
2616 1574 2842 1633 Ἡσαΐας
2862 1582 3286 1652 προαγορεύωνθ
3316 1585 3473 1640 ὲϐόαο
3516 1588 3774 1653 Ἐξελεὸ-

2184 1672 2355 1712 aetat
2387 1662 2612 1731 ῥάϐδος
2648 1666 2720 1720 ἐκ
2757 1668 2868 1736 τῆς
2887 1669 3057 1738 ῥίζης
3087 1674 3334 1741 Ἰεσσαὶ,
3366 1677 3464 1732 καὶ
3497 1679 3680 1748 ἄνθος
3705 1682 3775 1737 ἐκ

2182 1748 2292 1817 τῆς
2323 1750 2493 1819 ῥίζης
2529 1754 2928 1826 ἀναϐήσεται,
2960 1764 3059 1816 καὶ
3096 1764 3516 1823 ἀναπαύσεται
3539 1770 3636 1825 ἐπ’
3668 1774 3776 1828 αὺ-

2182 1842 2288 1894 τὸν
2319 1843 2571 1932 ῌνεῦμα
2608 1847 2786 1917 Θεοῦ,
2817 1853 3052 1922 πνεῦμα
3077 1859 3300 1926 σοφίας
3318 1860 3416 1913 καὶ
3441 1864 3771 1932 συνέσεως,

486 1922 833 1992 fortitudinis,
863 1923 1084 1992 spiritus
1130 1923 1364 1976 scientiae
1392 1931 1442 1976 et
1471 1923 1726 1992 pietatis;
1766 1932 1815 1977 et
1865 1923 2063 1995 replebi

2191 1930 2428 2000 πνεῦμα
2475 1934 2718 2005 ,βουλῆς
2772 1940 2873 1993 καὶ
2921 1922 3171 2012 ἰσχύος,
3211 1922 3451 2017 «aestiua
3495 1922 3773 2019 Mouet"

483 2031 602 2070 eum
627 2015 845 2086 spiritus
876 2014 1079 2067 timoris
1106 2013 1202 2068 Dei
1221 2012 1235 2063 i
1255 2004 1476 2084 .‘Atque
1506 2013 1625 2069 baac
1655 2022 1807 2068 tanta
1836 2024 1920 2069 est
1949 2030 2082 2085 pro-

484 2108 718 2178 pheticae
737 2116 793 2160 et
815 2106 1143 2176 evangelicae
1161 2106 1575 2176 praedicationis
1591 2107 1914 2162 concordia.
1938 2107 2080 2164 Cum

485 2199 654 2271 igitur
687 2201 841 2268 121
876 2199 1035 2255 audis
1062 2217 1076 2252 :
1112 2198 1254 2252 Puer
1278 2199 1567 2263 crescebat,
1593 2207 1641 2251 et
1666 2199 2082 2269 coufortabatur

482 2291 693 2359 spiritu,
720 2299 777 2345 et
801 2291 856 2345 iu
881 2305 1047 2360 quam
1071 2290 1243 2345 verba
1273 2290 1393 2345 haec
1430 2299 1686 2345 naturam
1717 2290 2076 2357 conveniant,

480 2384 765 2456 inquirere
810 2385 1053 2440 volueris
1097 2403 1109 2438 :
1156 2393 1437 2439 memento
1469 2391 1526 2438 et
1574 2383 1776 2438 radicis
1804 2383 1980 2450 Jesse,
2010 2393 2066 2439 et

480 2477 685 2549 virgae,
720 2486 776 2533 et
819 2475 972 2531 ﬂoris
1019 2475 1147 2532 inde
1201 2476 1556 2546 pullulantis,
1599 2484 1656 2530 et
1685 2475 1962 2530 visibilem
1995 2476 2080 2530 iu-

480 2570 667 2626 venies
699 2568 904 2624 Christi
947 2577 1224 2631 naturam,
1278 2583 1388 2621 non
1438 2569 1570 2621 item
1621 2566 1959 2622 invisibilem
2002 2567 2078 2622 ab

446 2662 813 2733 'evangeiista
841 2669 897 2716 et
932 2660 1202 2731 propheta
1236 2659 1592 2714 occultatam.

545 2844 684 2900 Cum
727 2843 896 2913 igitur
940 2841 1141 2897 audis:
1174 2840 1331 2896 Iesus
1370 2841 1677 2912 proﬁciebat
1705 2841 1971 2914 sapientia
2027 2851 2076 2897 et

478 2938 673 3007 gratia,
723 2936 910 2990 animo
955 2933 1262 3005 perpende,
1309 2934 1443 3003 quid
1467 2934 1739 3004 sapientia
1783 2943 1842 2989 et
1898 2934 2073 3003 gratia

472 3030 757 3101 proﬁciat;
791 3036 846 3083 et
873 3027 1035 3082 facile
1064 3025 1340 3096 inteiliges
1361 3026 1605 3079 animum
1631 3040 1753 3080 esse
1770 3024 2071 3095 ejusmodi,

473 3138 581 3177 non
605 3121 972 3184 divinitatem,
1013 3133 1137 3189 quae
1162 3117 1408 3187 perfecta
1448 3132 1669 3187 semper
1700 3122 1807 3180 est,
1835 3131 2071 3186 quaeque

469 3231 567 3272 eos
595 3215 689 3286 qui
719 3213 871 3284 digni
900 3221 1050 3275 sunt,
1083 3210 1361 3280 sapientes
1391 3208 1584 3274 efficit,
1618 3208 1759 3263 nihil
1785 3208 1934 3262 enim
1966 3207 2068 3262 ho-

472 3322 597 3361 rum
636 3302 914 3360 divinitati
944 3300 1206 3356 convenit
1236 3318 1250 3355 :
1287 3299 1384 3356 sed
1418 3309 1577 3355 aetate
1602 3299 1827 3370 quidem
1861 3315 2065 3370 corpus

470 3397 710 3468 proﬁcit,
733 3394 1005 3465 sapientia
1036 3379 1171 3448 vero
1198 3393 1453 3459 animus;
1494 3408 1593 3447 nec
1639 3392 1731 3447 ille
1762 3401 1946 3447 tamen
1973 3408 2061 3447 ra-

471 3489 638 3545 tionis
670 3503 891 3558 expers,
935 3484 1031 3540 sed
1067 3485 1341 3555 particeps
1378 3493 1592 3539 tantum
1623 3503 1636 3539 :
1672 3501 1741 3541 ex
1786 3502 1897 3556 quo
1927 3501 2064 3543 cou-

468 3591 598 3646 stat,
650 3580 888 3635 animam
943 3576 1265 3632 rationalem
1306 3592 1338 3632 a
1363 3577 1544 3634 Verbo
1585 3578 1699 3634 Deo
1722 3587 2061 3649 assumptam

466 3688 610 3729 esse.

537 3761 608 3817 Ut
662 3758 979 3816 summatim
1039 3758 1241 3824 dicam,
1297 3758 1517 3829 genitus
1566 3759 1965 3818 admirabiliter
1992 3776 2061 3816 ex

464 3862 654 3910 sancta
685 3854 911 3924 Virgine
949 3852 1203 3907 Christus
1235 3852 1503 3908 Dominus
1549 3852 1753 3925 (neque
1790 3854 1941 3908 enim
1978 3853 2061 3921 ip-

464 3963 587 4001 sum
614 3946 695 4000 fas
721 3954 808 4000 est
835 3955 962 4014 post
987 3954 1227 4013 partum,
1266 3944 1355 3998 vel
1386 3944 1565 3998 solum
1600 3945 1774 3998 Deum
1807 3943 2055 3999 Verbum

463 4040 762 4110 appellare,
817 4038 903 4091 vel
959 4037 1239 4091 hominem
1298 4035 1590 4091 divinitate
1644 4034 1899 4099 nudum,
1959 4035 2056 4091 sed

461 4132 743 4190 Christum
780 4152 793 4185 :
839 4146 949 4200 quo
986 4129 1209 4184 nomine
1244 4137 1478 4198 utraque
1507 4135 1727 4191 natura,
1766 4142 2057 4183 assumens

462 4225 679 4282 scilicet
717 4236 783 4278 ac
829 4230 1132 4292 assumpta,
1181 4218 1570 4291 signiﬁcatur),
1621 4218 1808 4273 omnia
1864 4227 2055 4276 nostra

460 4325 665 4389 praeter
695 4324 984 4387 peccatum
1018 4312 1287 4383 suscipit;
1337 4327 1451 4367 non
1480 4326 1642 4366 secus
1679 4326 1746 4366 ac
1789 4310 2051 4377 infantes,

370 4406 375 4411 ’
460 4409 647 4464 fasciis
677 4406 1004 4472 involvitur;
1043 4406 1291 4461 nutritur
1319 4404 1483 4468 lacte,
1532 4411 1590 4458 et
1626 4404 1929 4459 mamillam
1954 4419 2051 4460 su-

459 4502 573 4572 git;
597 4500 854 4554 manibus
883 4497 1296 4559 circumfertur,
1343 4508 1410 4549 ac
1460 4493 1768 4564 imponitur
1793 4496 2048 4566 gremio;

2184 2023 2283 2076 καὶ
2327 2028 2669 2096 εὐσεϐείας*
2732 2032 2974 2102 πνεῦμα
3037 2036 3226 2105 φόϐου
3284 2040 3434 2095 Θεοῦ
3474 2041 3775 2112 ἐμπλήσει

2183 2117 2392 2171 αὐτόν.
2430 2120 2679 2193 Τοσαύτη
2710 2124 2820 2177 τῶν
2851 2128 3210 2198 προφητικῶν
3255 2130 3350 2184 καὶ
3401 2133 3775 2203 εὐαγγελικιῖω

2183 2208 2559 2299 κηρυγματων
2604 2214 2638 2282 ἡ
2693 2216 3003 2284 συμφωνία.
3034 2218 3204 2273 Ὅταν
3265 2223 3443 2276 τοίνυν
3497 2226 3771 2299 ἀκούσῃς,

2188 2293 2260 2347 Τὸ
2292 2296 2535 2352 παιδίον
2563 2301 2814 2371 ηὔξανε,
2865 2306 2966 2359 καὶ
3016 2304 3407 2377 ἐκραταιοῦτο
3454 2293 3770 2385 πνεύματί,

2181 2387 2276 2440 καὶ
2321 2388 2420 2459 τὴν
2462 2390 2627 2460 φύσιν
2668 2395 2924 2459 ἐξετάσαι
2952 2398 3210 2475 θελήσῃς,
3238 2405 3621 2477 ἀναμνήσθητι
3669 2407 3772 2477 τῆς

2182 2479 2342 2551 ῥίζης
2390 2482 2608 2551 Ἰεσσαὶ,
2648 2488 2742 2540 καὶ
2788 2489 2887 2560 τῆς
2919 2490 3143 2559 ῥάϐδου,
3178 2495 3272 2548 καὶ
3304 2496 3398 2549 τοῦ
3447 2497 3645 2563 ἄνθους
3671 2500 3769 2554 τοῦ

2179 2573 2390 2626 ἐκεῖθεν
2454 2574 2883 2650 βλαστήσαντοςο
2925 2585 3023 2637 καὶ
3073 2585 3330 2657 εὑρήσεις
3383 2587 3478 2642 τοῦ
3527 2591 3769 2662 Χριστοῦ

2177 2664 2277 2732 τὴν
2314 2668 2649 2741 φαινομένην
2689 2671 2874 2740 φύσιν,
2900 2674 3017 2728 ἀλλ’
3056 2676 3117 2729 οὐ
3143 2676 3243 2749 τὴν
3263 2677 3498 2751 ἀόρατον
3531 2683 3637 2738 ὑπὸ
3666 2685 3764 2740 τοῦ

2196 2758 2592 2827 εὐαγγελιστοῦ
2623 2764 2719 2817 καὶ
2753 2764 2844 2819 τοῦ
2886 2768 3167 2839 προφήτου
3200 2775 3605 2847 κρυπτομένην.

2255 2850 2425 2905 Ὅταν
2459 2849 2551 2908 οὖν
2587 2856 2849 2929 ἀκούσῃς,
2887 2860 2969 2913 ὅτι
3021 2861 3267 2930 Ἰησοῦς
3300 2865 3636 2933 προέκοπτε
3658 2886 3767 2925 σο-

2174 2941 2284 3009 φίᾳ
2308 2945 2405 2998 καὶ
2435 2945 2649 3015 χάριτι,
2688 2948 2945 3014 ἐξέτασον
2980 2952 3132 3024 παρὰ
3165 2955 3367 3026 σαυτῷ,
3402 2958 3455 3011 τί
3485 2959 3546 3012 τὸ
3565 2963 3768 3032 προκό-

2176 3051 2309 3127 πτον
2325 3037 2489 3127 σοφίᾳ
2506 3039 2599 3092 καὶ
2616 3040 2819 3110 χάριτι,
2846 3044 2940 3096 καὶ
2959 3044 3214 3114 εὑρήσεις
3228 3047 3429 3119 ψυχὴν,
3456 3051 3517 3103 οὐ
3537 3051 3764 3127 θεότητα

2173 3123 2271 3195 τὴν
2314 3125 2400 3178 ἀεὶ
2432 3127 2644 3181 τελείαν
2680 3130 2780 3199 τὴν
2815 3133 2940 3194 τοὺς
2972 3131 3156 3197 ἀξίους
3212 3138 3569 3205 σοφίζουσαν·
3610 3123 3762 3197 οὐδὲν

2175 3216 2285 3287 γὰρ
2322 3217 2531 3271 τούτων
2569 3220 2833 3290 ἁρμόττει
2871 3222 3086 3295 θεότητι
3110 3239 3124 3254 ⁸
3156 3227 3273 3281 ἀλλ’
3308 3229 3499 3304 ἡλικίᾳ
3548 3233 3648 3305 μὲν
3697 3237 3761 3291 τὸ

2173 3308 2334 3379 σῶμα
2370 3309 2690 3378 προκόπτει,
2744 3313 2905 3384 σοφίὲ
2943 3314 2999 3367 δὲ
3044 3318 3076 3388 ἡ
3115 3317 3282 3390 ψυχὴν
3316 3321 3412 3393 οὐκ
3458 3326 3490 3393 ἡ
3538 3324 3753 3395 ἇλ⁰γ⁰ς⁹

2165 3400 2283 3492 ἀλλ’
2309 3403 2342 3473 ἡ
2372 3401 2565 3473 λογική
2588 3420 2603 3435 ·
2638 3404 2694 3471 ἐξ
2737 3397 2797 3458 οὗ
2836 3406 3016 3479 δῆλον,
3058 3411 3140 3464 ὅτι
3193 3413 3288 3467 καὶ
3321 3413 3547 3490 λογικὴν
3575 3418 3754 3492 ψυχὴν

2164 3493 2193 3545 ὁ
2215 3491 2347 3556 θεὸς
2378 3494 2551 3562 Λόγος
2578 3496 2853 3567 ἀνείληφε.

2248 3754 2336 3808 Ἐν
2358 3754 2643 3826 κεφαλαίῳ
2669 3758 2710 3790 ⁸ο
2737 3760 2792 3814 δὲ
2821 3761 3016 3827 εἰπεῖν,
3064 3764 3280 3835 τεχθεὶς
3335 3770 3655 3843 παραδόξως
3686 3774 3751 3829 ὲκ

2161 3846 2263 3917 τῆς
2316 3848 2480 3916 ἁγίας
2526 3850 2805 3921 Παρθένου
2848 3855 2875 3906 ὁ
2924 3857 3205 3928 Δεσπότης
3237 3859 3592 3936 Χριστὸς(οὐ
3641 3868 3750 3937 γὰρ

2161 3940 2353 4007 ἐναγὲς
2400 3944 2538 4012 μετὰ
2571 3943 2663 3996 τὸν
2714 3946 2952 4016 τόκον,ῆ
2996 3947 3129 4002 Θεὸν
3169 3950 3347 4019 Λόγον
3386 3954 3543 4024 μόνον
3586 3957 3749 4013 αὐτὸν

2161 4034 2611 4105 προσαγορεύειν,
2654 4035 2688 4106 ἢ
2740 4036 3026 4108 ἄνθρωπον
3079 4045 3507 4115 γεγυμνωμένον
3558 4047 3748 4121 θεότη-

2156 4140 2270 4188 τος,
2303 4125 2439 4179 ἀλλὰ
2469 4126 2725 4197 Χριστόν,
2759 4128 2789 4182 ὃ
2823 4131 3091 4203 ἑκατέραν
3116 4133 3298 4202 φύσιν,
3331 4137 3432 4208 τήν
3458 4155 3518 4191 τε
3554 4139 3748 4197 λαϐοῦ-

2160 4232 2278 4307 σαν,
2312 4217 2406 4271 καὶ
2449 4217 2547 4289 τὴν
2594 4219 2896 4291 ληφθεῖσαν
2935 4222 3130 4297 δηλοῖ),
3171 4227 3349 4282 πάντα
3390 4230 3460 4284 τὰ
3503 4232 3747 4307 ἡμέτερα

2157 4305 2298 4379 πλὴν
2353 4310 2631 4383 ἁμαρτίας
2696 4315 3054 4386 καταδέχεται
3114 4318 3285 4389 πάθη.
3331 4305 3748 4394 Σπαργανοῦται

2154 4401 2557 4471 παραπλησίως
2600 4403 2714 4468 τοῖς
2766 4404 3013 4477 βρέφεσι,
3050 4409 3142 4462 καὶ
3188 4411 3420 4479 γάλακτι
3462 4416 3745 4487 τρέφεται,

2154 4492 2247 4546 καὶ
2281 4492 2615 4563 τιθηνεῖται,
2674 4500 2769 4552 καὶ
2824 4501 2982 4570 χερσὶ
3038 4504 3433 4575 περιφέρεται,
3479 4510 3573 4564 καὶ
3624 4512 3748 4567 κόλ-

459 4592 765 4649 secundum
814 4591 989 4661 legem
1034 4585 1478 4651 circumciditur,
1517 4593 1576 4641 et
1626 4587 1826 4642 hostiis
1864 4587 2053 4657 expia.

2171 4603 2279 4648 ποις
2318 4585 2617 4649 ἐντίθεται,
2659 4591 2753 4644 καὶ
2792 4592 2933 4647 κατὰ
2991 4593 3156 4663 νόμον
3190 4597 3599 4667 περιτέμνεται,
3650 4604 3745 4659 καὶ

462 4684 695 4739 tricibus
721 4692 1005 4753 purgatur,
1054 4695 1182 4735 eum
1207 4693 1347 4733 nova
1388 4678 1482 4742 sit,
1531 4693 1596 4732 ac
1632 4678 1749 4733 sola
1771 4686 2051 4733 terrarum

460 4775 614 4831 orbis
638 4775 839 4838 hostia,
864 4782 1029 4843 atque
1053 4785 1227 4841 agnus
1256 4769 1349 4839 qui
1377 4769 1609 4824 abstulit
1638 4778 1864 4840 peccata
1889 4786 2054 4825 mun-

462 4869 551 4935 di;
579 4885 609 4922 a
633 4868 888 4922 Simeone
913 4866 1195 4925 adoratur,
1221 4861 1496 4932 simulque
1520 4862 1830 4933 appellatur
1853 4863 2055 4919 Serva-

461 4967 549 5014 tor
575 4969 632 5015 et
669 4960 934 5014 Dominus
964 4975 977 5010 :
1009 4956 1149 5026 fugit
1197 4953 1472 5009 Herodem
1507 4970 1633 5008 cum
1671 4964 1844 5010 matre
1893 4956 2053 5027 122

459 5059 667 5105 etcum
700 5059 905 5110 tutore,
936 5047 1089 5101 venit
1121 5047 1177 5099 in
1208 5047 1223 5065 ¹
1254 5042 1549 5115 ιιΕίζγριυηι
1574 5085 1588 5109 ,
1626 5045 1755 5100 inde
1784 5045 1948 5111 redit,
1982 5047 2053 5103 ti-

460 5150 572 5197 met
601 5141 959 5202 Archelaum,
997 5135 1370 5190 Nazarethum
1407 5135 1637 5201 secedit,
1669 5143 1830 5191 aetate
1863 5151 1928 5191 ac
1960 5152 2049 5191 sa-

458 5234 668 5305 pientia
704 5230 943 5301 prolicit,
983 5227 1308 5298 parentibus
1337 5227 1592 5283 subditus
1624 5235 1738 5295 est;
1765 5229 1917 5284 omni
1946 5231 2050 5285 bo-

460 5338 594 5377 nore
636 5321 790 5385 colit,
822 5334 930 5373 non
957 5327 1188 5373 matrem
1225 5316 1410 5381 modo,
1434 5317 1529 5372 sed
1565 5326 1622 5372 et
1657 5318 1853 5374 matris
1880 5336 2051 5391 spons

457 5428 581 5469 sum
630 5410 854 5481 quidem
890 5408 1042 5473 olim,
1093 5415 1282 5477 postea
1329 5422 1463 5462 vero
1516 5416 1833 5464 curatorem
1885 5416 2051 5482 atque

530 5553 548 5593 ί
585 5550 795 5607 Coloss.
820 5562 880 5615 ιι,
904 5547 958 5603 9.
1025 5545 1038 5597 i
1075 5546 1180 5602 lsa.
1220 5562 1295 5613 χι,
1325 5546 1379 5613 1,
1407 5546 1462 5602 2.

2154 4677 2472 4749 καθαρσίοις
2510 4678 2854 4752 καθαίρεται,
2888 4683 3119 4756 ὴ⁹καινὴ
3154 4687 3250 4739 καὶ
3279 4689 3413 4761 μόνη
3450 4692 3548 4761 τῆς
3567 4694 3745 4748 οἰκου-

2160 4767 2330 4841 μένης
2360 4769 2541 4836 θυσία,
2572 4773 2601 4826 ό
2623 4772 2717 4825 τοῦ
2733 4774 2940 4845 κόσμου
2958 4776 3057 4847 τὴν
3075 4777 3348 4851 ἁμαρτίαν
3361 4781 3500 4852 ἄρας
3532 4769 3703 4855 ἀμνός
3726 4805 3739 4819 ·

2154 4860 2266 4913 ὑπὸ
2324 4860 2421 4914 τοῦ
2464 4863 2689 4933 Συμεὼν
2737 4869 3148 4936 προσκυνεῖται,
3210 4871 3305 4922 καὶ
3361 4872 3552 4946 Σωτὴρ
3604 4876 3740 4947 ὁμοῦ

2154 4953 2248 5008 καὶ
2277 4953 2555 5024 Δεσπότης
2605 4956 3082 5039 προσαγορεύεται
3101 4973 3116 4988 ⁸
3148 4959 3339 5030 φεύγει
3369 4962 3461 5017 τὸν
3497 4966 3742 5039 Ἡρώδην

2156 5044 2299 5113 μετὰ
2330 5043 2431 5113 τῆς
2466 5043 2677 5115 μητρὸς
2709 5046 2805 5099 καὶ
2835 5043 2930 5099 τοῦ
2961 5036 3276 5118 κηδεμόνος,
3329 5036 3740 5124 καταλαμϐάνει
3848 5116 3853 5121 ,

2148 5136 2248 5207 τὴν
2275 5135 2569 5204 Αἴγυπτον,
2611 5136 2971 5207 ἐπανέρχεται
3010 5139 3194 5207 πάλιν,
3233 5143 3443 5215 ἀγωνιᾷ
3486 5146 3579 5199 τὸν
3618 5149 3740 5218 Ἀρ-

2150 5227 2365 5298 χέλαον,
2419 5228 2500 5291 εἰς
2548 5228 2650 5298 τὴν
2684 5227 2941 5300 Ναζαρὲθ
2993 5233 3379 5303 παραγίνεται,
3412 5237 3603 5309 ἡλικίᾳ.
3645 5243 3739 5294 καὶ

2152 5320 2316 5390 σοφίᾳ
2350 5321 2673 5393 προκόπτει,
2706 5321 3069 5378 ὑποτάττεται
3112 5328 3223 5390 τοῖς
3270 5328 3508 5397 γονεῦσι,
3556 5332 3738 5403 πάσης

2151 5411 2295 5476 ἀξιοῖ
2323 5411 2494 5482 τιμῆς
2525 5411 2588 5466 οὗ
2622 5412 2722 5484 τὴν
2766 5415 2981 5487 μητέρα
3012 5418 3192 5488 μόνον,
3235 5421 3372 5476 ἀλλὰ
3399 5424 3493 5477 καὶ
3519 5424 3610 5479 τὸν
3638 5424 3737 5497 τῆς

1744 5639 1983 5697 VARIAE
2016 5641 2417 5700 LECTIONES.

531 5750 631 5843 έὲν
655 5753 985 5843 abeqhﬂfc
1007 5756 1310 5838 supplenda
1316 5755 1582 5843 luerunt.
1609 5757 1682 5843 mf
1702 5756 2031 5843 Editzprior
2058 5759 2659 5843 hab._npomyopeuwv.
2733 5768 2773 5802 ⁸ο
2797 5768 2858 5823 ἐν
2886 5768 3187 5843 κεφαλαίῳ,
3222 5787 3276 5825 κ.
3320 5787 3371 5827 τ.
3402 5770 3451 5827 λ.
3481 5772 3563 5829 Ad
3591 5790 3735 5832 mar-

459 5840 640 5898 gmem
680 5826 861 5899 posuit
905 5826 1226 5886 Carnerius.
1270 5844 1288 5880 ι
1316 5828 1395 5882 Ex
1427 5826 1525 5883 lib.
1562 5842 1578 5882 ι
1609 5826 1821 5883 Theod.
1853 5826 1928 5882 De
1952 5826 2265 5889 incarnat.i
