4080 6454
515 359 586 422 τδ
1725 356 2042 416 OPERUM
2082 358 2572 419 THEODORETI
3704 367 3774 428 '76

516 467 934 536 perfectumque
979 466 1191 520 habens
1231 465 1290 518 in
1326 466 1508 534 seipse
1536 464 1770 518 exsistit.
1809 464 1930 519 Non
1958 479 2088 535 ergo
2116 464 2352 535 profecit
2385 481 2492 536 qua
2520 467 2760 522 Verbum
2789 479 2905 534 est;
2961 472 3054 524 sed
3084 471 3388 541 perlectum
3417 475 3560 529 idem
3597 479 3772 548 ipsum

518 566 724 622 manet,
760 559 1006 627 nullique
1037 558 1331 614 mutationi
1354 557 1676 613 obnoxium.

586 680 858 735 Praiterea
888 679 964 732 ait
993 678 1192 734 Paulus
1225 678 1294 733 de
1323 679 1464 733 Filio
1495 697 1506 731 :
1539 678 1849 732 Humiliavit
1876 679 2234 749 semetipsum.
2265 679 2492 748 formam
2519 682 2654 732 servi
2682 682 2941 750 accipiens
2961 692 3006 735 P.
3041 681 3178 736 Cum
3207 673 3392 753 itaque
3415 687 3600 742 nullus
3626 703 3692 743 ea
3718 705 3777 744 re

517 771 827 825 offendatur
848 811 862 834 ,
899 785 1022 834 nec,
1069 785 1195 824 cum
1221 769 1379 824 audit
1425 770 1743 824 humiliasse
1775 769 2154 838 semetipsum,
2191 770 2397 824 humile
2423 770 2554 838 quid
2579 771 2779 825 sentiat
2811 771 2878 825 de
2905 773 3017 827 Deo
3042 773 3245 839 Verbo,
3279 775 3412 845 quin
3443 778 3628 847 potius
3657 781 3779 851 ejus

515 861 816 916 admiretur
848 861 1224 928 clementiam;
1279 861 1559 931 quomodo
1588 878 1700 914 non
1727 861 2069 930 superﬂuum
2099 876 2164 915 eo
2190 861 2420 925 oﬁ‘endi,
2468 861 2613 931 quod
2648 863 2943 932 profecisse
2976 879 3102 919 eum
3129 866 3452 923 audiamus?
3496 869 3777 941 Siquidem

515 955 684 1015 enim,
737 968 807 1007 eo
857 952 1005 1022 quod
1055 953 1381 1010 humiliatus
1412 961 1517 1019 est,
1571 953 1710 1007 nihil
1744 953 1923 1008 deitas
1950 955 2081 1008 laesa
2104 961 2207 1019 est,
2241 969 2345 1008 nec
2374 955 2566 1024 utique
2595 955 2740 1025 quod
2767 955 3066 1025 profecerit
3093 959 3340 1014 lzedenda
3363 969 3486 1017 est:
3518 979 3601 1027 ac,
3633 965 3779 1020 sicut

515 1053 688 1107 nostri
716 1067 881 1107 causa
905 1050 1218 1106 humiliavit
1249 1052 1634 1120 semetipsum,
1691 1051 1771 1104 sic
1797 1058 1852 1103 et
1878 1048 2053 1102 nostri
2083 1064 2249 1104 causa
2279 1049 2509 1118 suscipit
2534 1049 2862 1119 profectum,
2897 1057 2958 1104 ut
2986 1067 3087 1106 nos
3113 1053 3312 1108 iterum
3341 1055 3394 1108 in
3417 1069 3482 1109 eo
3512 1057 3778 1126 sapientia

515 1147 886 1220 proﬁciamus,
925 1150 1018 1220 qui
1049 1149 1180 1203 olim
1212 1158 1437 1218 peccato
1468 1149 1652 1203 eﬁ‘ecti
1677 1164 1870 1204 sumus
1899 1149 2168 1218 jumentis
2196 1149 2435 1211 similes;
2472 1149 2936 1222 proﬁciamusque
2961 1156 3160 1224 gratia,
3197 1156 3292 1225 qui
3315 1157 3446 1211 olim
3479 1155 3610 1209 Adae
3636 1168 3777 1224 prae-

516 1238 872 1294 varicationis
928 1240 1009 1294 rei
1058 1255 1251 1294 sumus
1285 1239 1458 1294 habiti
1496 1239 1644 1294 odio.
1682 1237 1877 1293 Omnia
1904 1239 2052 1292 enim
2083 1247 2274 1292 nostra
2306 1240 2480 1293 nostri
2507 1254 2670 1295 causa
2700 1241 2755 1295 in
2785 1243 3028 1312 seipsum
3059 1247 3303 1316 suscepit
3327 1245 3602 1309 Christus,
3635 1253 3695 1298 ut
3720 1244 3777 1297 in

517 1331 715 1386 melius
747 1342 945 1387 cuncta
971 1339 1294 1397 commutet,
1331 1331 1574 1401 bonique
1599 1331 1782 1386 omnis
1814 1331 2103 1385 hominum
2132 1331 2322 1401 generi
2357 1330 2627 1385 eﬁiciatur
2654 1333 3011 1404 principium.

431 1445 442 1507 ἓ
585 1446 864 1500 Naturalis
910 1445 998 1500 lex
1022 1454 1124 1508 est,
1180 1461 1308 1515 quae
1352 1460 1462 1498 non
1508 1445 1654 1499 sinat
1695 1445 1974 1499 hominem
2011 1445 2208 1514 majori
2250 1446 2412 1512 longe
2445 1447 2741 1516 prudentia
2769 1448 3060 1518 praeditum
3085 1465 3229 1515 esse,
3284 1466 3447 1520 quam
3473 1466 3574 1520 pro
3603 1449 3780 1505 aetatis

428 1538 432 1549 ’
517 1536 682 1591 modo
715 1552 728 1589 τ
763 1537 859 1591 sed
892 1546 947 1591 et
980 1536 1034 1590 in
1061 1537 1224 1592 nobis
1259 1536 1332 1589 ita
1358 1544 1734 1604 comparatum
1763 1543 1867 1600 est,
1905 1545 1965 1591 ut
1989 1536 2182 1606 judicii
2204 1535 2290 1591 vis
2317 1537 2726 1606 quodammodo
2754 1540 2931 1596 artatis
2959 1543 3300 1610 profectibus
3324 1559 3508 1598 comes
3529 1544 3774 1598 exsistat.

517 1629 649 1683 Erat
675 1643 806 1698 ergo
838 1627 1079 1682 Verbum
1116 1627 1168 1680 in
1202 1641 1367 1680 carne
1399 1624 1603 1679 factum
1637 1626 1824 1690 homo,
1853 1634 1907 1680 et
1935 1627 2242 1695 perfectum
2272 1637 2428 1694 erat;
2461 1644 2587 1683 cum
2612 1630 2872 1684 nimirum
2902 1632 2999 1686 Dei
3030 1634 3299 1702 sapientia
3327 1651 3390 1689 ac
3413 1634 3590 1690 virtus
3611 1644 3776 1691 esset.

515 1721 617 1780 Cui
647 1733 830 1778 tamen
861 1721 1119 1776 humanae
1149 1720 1321 1774 indoli
1347 1727 1558 1774 natura:
1584 1720 1890 1774 cedendum
1916 1729 2056 1786 erat,
2111 1737 2181 1776 ne
2210 1722 2342 1791 quid
2374 1738 2578 1777 novum
2610 1725 3006 1780 contuentibus
3034 1725 3333 1792 videretur,
3379 1743 3612 1798 corpore
3643 1743 3781 1798 pau-

516 1817 669 1873 latim
696 1825 980 1871 crescente
1017 1825 1075 1868 ut
1104 1815 1270 1870 homo
1296 1831 1416 1869 sese
1447 1815 1712 1884 prodebat
1750 1833 1762 1868 :
1803 1816 1969 1885 inque
1997 1815 2118 1870 dies
2142 1815 2390 1887 singulos
2416 1818 2720 1886 sapientius
2753 1834 2876 1874 cum
2903 1819 3245 1886 videntibus,
3280 1831 3394 1876 tum
3424 1823 3782 1878 audientibus

517 1906 817 1978 apparebat
871 1925 884 1960 :
937 1922 1062 1961 cum
1111 1906 1375 1960 nimirum
1411 1905 1466 1960 in
1496 1906 1774 1970 omnibus,
1805 1916 1868 1961 ut
1897 1907 2109 1962 dictum
2140 1918 2246 1972 est,
2280 1911 2586 1980 perlectum
2615 1920 2795 1978 esset,
2833 1913 3050 1967 tametsi
3083 1926 3430 1970 communem
3459 1926 3665 1970 natura:
3694 1916 3782 1969 in-

517 2000 699 2054 dolem
750 1998 1046 2053 retinebat.
1109 1997 1247 2053 Cum
1289 2013 1423 2068 ergo
1472 1998 1652 2063 audis,
1690 1997 2007 2067 Proﬁciebat
2035 1999 2298 2058 sapientia
2328 2009 2376 2053 et
2405 2003 2614 2072 gratia,
2666 2018 2736 2057 ne
2762 2002 2960 2057 factam
2988 2003 3064 2058 illi
3097 2007 3381 2075 sapientiae
3410 2006 3782 2060 accessionem

516 2092 754 2162 aliquam
787 2092 1071 2146 existimes
1100 2091 1225 2162 (Dei
1252 2091 1400 2146 enim
1431 2091 1672 2148 Verbum
1710 2092 1918 2147 nullius
1948 2092 2122 2162 eget),
2172 2094 2268 2148 sed
2300 2097 2427 2163 quia
2450 2094 2772 2150 videntibus
2801 2097 3105 2166 sapientius
3134 2113 3353 2167 semper
3383 2106 3548 2167 atque
3573 2097 3785 2168 gratius

515 2196 656 2252 erat,
690 2187 818 2242 inde
844 2187 1112 2258 proﬁcere
1141 2186 1353 2242 dictum
1379 2196 1494 2255 est;
1534 2195 1596 2242 ut
1625 2187 1753 2242 inde
1777 2189 1890 2258 jam
1917 2188 2307 2243 admirantium
2338 2190 2581 2256 habitus,
2615 2208 2777 2262 quam
2811 2192 2986 2262 ipsius
3013 2193 3185 2262 magis
3207 2192 3525 2262 proﬁceret.

3714 2265 3736 2290 θ

585 2305 743 2373 Quod
773 2306 830 2359 in
858 2305 1045 2375 aliquo
1073 2304 1314 2376 proﬁcit,
1346 2305 1495 2360 aliud
1521 2313 1606 2360 est
1639 2305 1708 2360 ab
1739 2321 1805 2360 eo
1841 2307 1894 2360 in
1925 2321 2034 2376 quo
2061 2308 2302 2375 prolicit.
2356 2307 2494 2362 Cum
2520 2324 2650 2379 ergo
2689 2309 2849 2364 Jesus
2875 2309 3058 2364 dictus
3085 2313 3157 2363 sit
3185 2309 3455 2378 sapientia
3479 2306 3747 2378 proﬁcere
3768 2347 3783 2371 .

516 2413 628 2453 nou
671 2397 942 2467 sapientia
990 2396 1350 2468 proﬁciebat,
1405 2395 1503 2453 sed
1537 2397 1591 2450 in
1622 2396 1714 2450 illa
1745 2398 1964 2450 animus
1988 2397 2248 2451 hominis.
2307 2395 2445 2451 Cum
2479 2413 2536 2452 se
2566 2398 2715 2452 enim
2747 2399 2996 2467 quotidie
3021 2398 3200 2452 deitas
3235 2399 3289 2452 in
3317 2413 3385 2452 eo
3408 2398 3693 2469 detegeret
3721 2412 3787 2452 ac

517 2489 927 2554 manifestaret,
982 2488 1177 2559 majori
1201 2504 1422 2557 semper
1445 2487 1765 2541 videntibus
1792 2485 2145 2540 admirationi
2180 2487 2508 2542 habebatur.
2574 2488 2800 2557 Hocque
2828 2488 2934 2542 sibi
2963 2489 3082 2542 vult
3108 2487 3255 2558 quod
3285 2487 3492 2542 dictum
3513 2495 3617 2551 est,
3646 2487 3785 2542 Pro-

516 2579 724 2650 ﬁciebat
751 2581 1035 2652 sapientia.
1096 2580 1178 2634 Ad
1209 2580 1357 2633 hunc
1382 2578 1605 2632 modum
1640 2577 1910 2646 sapientia
1941 2576 2266 2646 proliciebat
2293 2576 2608 2631 humanitas
2637 2595 2648 2630 :
2680 2585 2876 2632 natura
2905 2578 3146 2632 humana
3170 2577 3494 2646 sapientiam
3521 2575 3784 2642 induens;

515 2671 622 2729 hoc
643 2681 747 2736 est,
771 2673 865 2728 Dei
890 2672 1130 2728 Verbum
1153 2671 1416 2741 paulatim
1440 2685 1537 2740 per
1561 2684 1728 2738 opera
1755 2684 1819 2722 ac
1844 2667 2127 2722 mirabiles
2153 2667 2384 2722 ell‘ectus
2405 2676 2745 2737 assumptum
2774 2668 3036 2738 templum
3066 2667 3209 2738 apud
3235 2667 3484 2723 videntes
3500 2666 3786 2732 deiﬁcans.

518 2783 584 2824 ea
632 2769 739 2825 sibi
790 2770 1005 2824 ratione
1062 2767 1370 2838 profectum
1429 2765 1753 2820 asciscebat.
1791 2765 1853 2818 ln
1882 2765 2034 2818 hunc
2062 2763 2289 2818 modum
2325 2773 2524 2818 natura
2561 2764 2800 2818 humana
2829 2763 3098 2834 sapientia
3125 2762 3468 2833 proﬁciebat,
3531 2776 3631 2831 per
3664 2776 3790 2816 eam

517 2859 791 2918 deiﬁcata.
827 2861 1195 2928 Quamobrem
1227 2873 1330 2914 nos
1359 2873 1578 2928 quoque
1609 2857 1677 2911 ad
1709 2859 1848 2928 ejus,
1866 2856 2012 2926 quod
2046 2871 2147 2926 pro
2174 2855 2336 2910 nobis
2362 2855 2752 2910 homol‘actum
2777 2856 3066 2921 cst,Vcrbi
3092 2854 3536 2916 similitudinem,
3557 2862 3672 2908 tum
3689 2852 3793 2908 ﬁlii

516 2956 612 3013 Dei
637 2955 896 3027 appellati
943 2968 1154 3012 sumus.
1182 2961 1298 3006 tum
1320 2950 1416 3005 dii.
1454 2949 1784 3005 Pruﬁciebat
1808 2966 1938 3020 ergo
1963 2950 2203 3004 humana
2222 2957 2419 3002 natura
2443 2948 2733 3018 sapientia,
2763 2963 2794 3003 a
2819 2949 3179 3018 corruptione
3195 2947 3262 3002 ad
3292 2944 3796 3015 incorruptionem,

515 3063 679 3126 atque
707 3052 776 3107 ab
807 3053 1061 3106 humanae
1085 3049 1300 3103 ratione
1331 3055 1538 3103 natura
1571 3047 1638 3101 ad
1667 3047 1891 3102 deitatis
1917 3046 2243 3116 dignitatem
2270 3054 2550 3115 provecta.

585 3164 812 3228 Audivi,
847 3162 1047 3232 inquit,
1080 3176 1151 3216 ex
1184 3174 1338 3214 sacra
1369 3157 1680 3228 Scriptura,
1716 3157 1812 3212 Dei
1846 3157 2090 3212 Verbum
2119 3155 2326 3210 factum
2352 3156 2636 3210 hominem
2663 3157 2794 3211 Jesu
2823 3155 3080 3210 sortitum
3113 3154 3562 3224 appellationem.
3600 3153 3790 3223 Ipsum

517 3270 648 3328 ergo
685 3263 772 3309 est
817 3251 965 3322 quod
1005 3247 1348 3319 proﬁciebat.
1413 3247 1535 3302 Noli
1563 3247 1713 3302 enim
1744 3246 2017 3309 dividere,
2068 3260 2193 3300 cum
2227 3259 2397 3298 unum
2435 3245 2640 3300 Paulus
2667 3244 2950 3300 Christum
2977 3245 3264 3314 praedicet.
3300 3245 3467 3316 Atqui
3498 3245 3543 3299 si
3569 3246 3791 3300 videtur

516 3349 830 3422 profectum
860 3345 1129 3414 recipere,
1163 3343 1323 3412 plane
1349 3342 1643 3397 conﬁcitur
1671 3341 1851 3410 ipsum
1886 3340 2271 3409 imperfectum
2297 3355 2441 3394 esse.
2478 3339 2583 3405 Qui
2608 3356 2761 3405 vero,
2801 3355 2926 3394 cum
2953 3339 3222 3411 ejusmodi
3248 3338 3340 3402 sit,
3371 3338 3619 3409 perfecto
3641 3338 3792 3393 Patri

514 3439 624 3496 erit
661 3435 908 3508 aequale?
963 3433 1076 3489 Nec
1118 3432 1239 3486 Filii
1286 3431 1548 3487 deitatem
1588 3431 1786 3495 laedes;
1822 3445 1926 3484 nec
1965 3428 2132 3483 Verbi
2158 3429 2508 3500 dignitatem,
2538 3429 2644 3484 etsi
2670 3429 2776 3485 hoc
2799 3439 3224 3500 perseveranter
3259 3430 3434 3494 dicas,
3465 3429 3790 3503 imminues,

518 3530 654 3604 quin
701 3529 770 3584 iis
815 3526 952 3597 ipsis
998 3525 1201 3596 quibus
1230 3524 1508 3578 victurum
1538 3533 1591 3579 te
1622 3538 1833 3592 speras,
1879 3522 2113 3576 victoria
2141 3522 2326 3576 cades.
2382 3521 2440 3576 Si
2463 3523 2611 3576 enim
2636 3522 2864 3576 omnino
2894 3521 3134 3577 Verbum
3160 3523 3301 3576 nosti
3334 3537 3556 3576 carnem
3583 3521 3790 3576 factum

519 3631 687 3694 atque
726 3620 1009 3676 hominem
1032 3659 1045 3684 ,
1086 3618 1165 3672 uti
1197 3616 1388 3672 divina
1416 3617 1704 3685 Scriptura
1729 3615 2006 3684 loquitur,
2046 3615 2241 3684 quidni
2269 3623 2326 3670 et
2352 3615 2536 3684 ipsum
2565 3631 2688 3684 quae
2714 3615 2925 3670 homini
2955 3631 3194 3686 congrua
3219 3625 3382 3680 sunt,
3418 3616 3536 3671 sine
3561 3624 3794 3686 peccato

518 3719 632 3792 pati
677 3715 966 3773 concedis?
1001 3715 1138 3770 Nam
1191 3714 1320 3784 quia
1372 3713 1656 3783 profectus
1707 3710 1942 3766 debetur
1984 3711 2178 3778 carni,
2218 3711 2436 3766 dicatur
2465 3710 2737 3781 proﬁcere
2776 3727 2885 3782 qua
2916 3713 3130 3768 ratione
3160 3713 3366 3768 factum
3396 3720 3483 3766 est
3514 3713 3570 3766 in
3597 3727 3788 3777 carne,

519 3812 752 3882 ejusque
780 3811 886 3865 sibi
914 3809 1170 3864 innoxias
1192 3808 1517 3863 alfectiones
1538 3806 1778 3862 asciscit.
1810 3805 1929 3860 Non
1956 3805 2104 3880 enim
2128 3805 2361 3862 alterius
2383 3807 2671 3877 cujusdam
2696 3815 2818 3862 erat
2839 3822 2989 3869 caro,
3019 3806 3114 3862 sed
3145 3807 3318 3876 ipsius
3339 3806 3526 3861 Verbi.
3548 3807 3626 3862 Ac
3645 3806 3796 3862 sicut

522 3907 703 3978 ipsum
734 3921 898 3962 carne
929 3920 1152 3976 passum
1179 3920 1302 3960 esse
1331 3904 1591 3970 dicimus,
1646 3902 1753 3958 etsi
1782 3916 1911 3958 caro
1937 3902 2054 3958 sola
2085 3919 2249 3974 passa
2272 3904 2375 3970 sit;
2430 3904 2652 3974 quando
2687 3919 2867 3974 neque
2894 3919 3115 3974 passum
3141 3912 3226 3959 est
3259 3912 3319 3956 ut
3345 3903 3512 3967 Deus,
3548 3901 3645 3956 sed
3670 3903 3796 3972 ejus

521 4001 834 4072 patiebatur
856 4016 1058 4071 corpus
1092 4019 1105 4054 :
1139 4000 1221 4054 sic
1247 4006 1304 4053 et
1328 3998 1598 4068 proﬁcere
1623 3997 1860 4062 dicatur,
1891 3997 1996 4052 etsi
2027 3997 2242 4051 nullum
2271 4006 2332 4051 ut
2355 3997 2503 4052 Deus
2532 3998 2716 4053 carnis
2743 3998 2863 4067 ipso
2885 3997 3134 4066 profectu
3163 3997 3472 4067 profectum
3494 3995 3790 4064 reciperet.

521 4096 751 4168 Ipseque
774 4094 987 4159 fateris,
1022 4092 1120 4148 Dei
1147 4089 1488 4155 adversarie,
1520 4087 1618 4142 Dei
1645 4087 1889 4144 Verbum
1916 4103 2139 4143 carnem
2171 4087 2379 4143 factum
2403 4103 2563 4144 esse:
2588 4088 2735 4159 quod
2763 4088 2900 4142 nihil
2927 4088 3078 4143 aliud
3102 4089 3329 4154 indicat,
3353 4103 3518 4158 quam
3543 4087 3794 4145 induisse

520 4203 773 4255 carnem,
825 4195 993 4257 atque
1034 4183 1314 4238 hominem
1344 4179 1645 4236 exstitisse.
1685 4179 2014 4252 Sicutergo,
2049 4195 2178 4236 cum
2203 4195 2459 4251 magnum
2480 4180 2613 4250 quid
2644 4180 2713 4236 de
2734 4179 2917 4235 Verbo
2946 4180 3214 4247 audieris,
3249 4180 3508 4250 quodque
3531 4180 3610 4234 illi
3638 4178 3794 4234 nudo

521 4288 791 4354 congruat
817 4323 832 4348 ,
893 4294 958 4334 ac
1010 4285 1308 4346 antequam
1336 4286 1558 4328 carnem
1591 4270 1881 4337 indueret,
1936 4281 1996 4326 ut
2026 4287 2153 4327 cum
2185 4271 2392 4326 dicitur
2415 4272 2532 4337 lux,
2562 4272 2842 4342 splendor,
2875 4272 3057 4328 Patris
3085 4268 3384 4342 sapientia,
3422 4287 3534 4326 non
3566 4287 3792 4327 carnem

521 4373 804 4444 intelligis,
842 4370 939 4427 sed
979 4366 1127 4439 quod
1187 4366 1244 4420 in
1280 4380 1445 4420 carne
1493 4363 1734 4418 Verbum
1768 4363 2102 4418 inhabitavit
2160 4382 2175 4420 :
2238 4365 2312 4418 ita
2346 4380 2473 4420 cum
2503 4364 2712 4435 aliquid
2740 4365 2797 4420 in
2831 4360 3133 4436 Scripturis
3162 4367 3333 4421 sacris
3365 4365 3575 4420 dictum
3600 4363 3793 4430 fuerit,

522 4464 670 4536 quod
707 4466 811 4521 soli
852 4464 1005 4520 carni
1046 4459 1344 4516 conveniat
1389 4457 1506 4512 sive
1554 4455 1759 4527 speciei
1803 4456 2076 4521 humanae,
2135 4473 2204 4512 ne
2235 4457 2290 4510 in
2321 4458 2564 4513 Verbum
2584 4459 2812 4524 referas,
2850 4459 2946 4514 sed
2979 4467 3190 4514 naturae
3213 4457 3395 4513 carnis
3426 4457 3630 4520 tribue,
3667 4471 3796 4526 qua:

521 4559 627 4617 sibi
651 4560 742 4616 illa
758 4559 1017 4615 vindicat.
1039 4555 1175 4611 Cum
1201 4567 1332 4622 ergo
1361 4550 1507 4621 quod
1535 4548 1832 4620 proﬁceret
1855 4549 2082 4615 dicitur,
2107 4565 2215 4604 non
2249 4549 2363 4618 ipsa
2386 4564 2484 4619 per
2505 4567 2562 4606 se
2593 4550 2864 4622 sapientia
2889 4550 3234 4622 proﬁciebat,
3247 4567 3354 4621 qua
3379 4549 3648 4621 sapientia
3673 4557 3792 4615 est;

521 4654 620 4709 sed
665 4653 932 4724 sapientia
981 4652 1257 4705 humanus
1295 4645 1561 4716 paulatim
1585 4643 1824 4710 animus,
1874 4660 1975 4713 per
1993 4659 2114 4698 eam
2140 4643 2321 4700 clarus
2344 4646 2584 4702 evadens
2606 4663 2671 4702 ac
2691 4648 3056 4718 conspicuus;
3113 4646 3316 4717 quippe
3364 4660 3489 4701 cum
3523 4660 3794 4718 organum

521 4754 670 4802 esset
711 4746 850 4817 ejus,
886 4757 1008 4813 quae
1041 4743 1099 4796 in
1150 4753 1218 4794 eo
1245 4744 1366 4794 erat
1394 4735 1639 4801 deitatis,
1677 4734 1785 4790 hoc
1813 4745 2085 4806 pra-stans
2114 4741 2278 4805 atque
2304 4737 2645 4804 ministrans,
2677 4748 2739 4794 ut
2767 4739 2861 4794 illa
2890 4740 3156 4810 paulatim
3179 4755 3240 4796 se
3275 4754 3344 4795 ex
3374 4738 3638 4810 operibus
3663 4751 3796 4809 pro-

523 4836 697 4895 deret.

593 4952 836 5011 Observa
876 4962 1059 5009 autem
1109 4965 1220 5005 non
1268 4948 1494 5014 dixisse,
1530 4947 1758 5003 Verbum
1807 4956 1986 5001 autem
2020 4945 2346 5019 proﬁciebat,
2391 4949 2507 5015 sed,
2553 4949 2735 5015 Jesus;
2769 4963 2839 5004 ne
2865 4947 3075 5003 nudum
3094 4947 3338 5004 Verbum
3363 4945 3657 5017 intelligas,
3690 4945 3791 5006 scd

523 5060 882 5123 posteaquam
916 5064 1045 5103 caro
1079 5047 1286 5102 factum
1320 5053 1424 5102 est.
1483 5044 1640 5113 Quod
1676 5046 1722 5101 si
1754 5045 2022 5115 proﬁcere
2065 5044 2294 5111 dicitur,
2335 5060 2404 5102 eo
2433 5045 2578 5115 quod
2611 5045 2744 5100 illud
2784 5045 3092 5114 susceperit
3120 5043 3267 5114 quod
3297 5053 3381 5099 est
3400 5052 3590 5098 natum
3615 5040 3790 5113 proﬁ-

523 5162 672 5212 cere,
705 5146 810 5201 hoc
836 5153 921 5200 est
946 5144 1244 5198 humanam
1274 5150 1550 5208 naturam,
1579 5142 1699 5212 ejus
1722 5141 1972 5211 profecto
2005 5139 2057 5194 id
2084 5139 2280 5206 fuerit;
2317 5157 2380 5196 ac
2413 5157 2519 5211 qua
2546 5141 2638 5195 illa
2666 5139 2993 5211 prtedictum
3021 5148 3124 5202 est,
3149 5137 3418 5209 proﬁcere
3451 5136 3661 5191 dictum
3693 5135 3788 5191 sit.

527 5235 621 5292 Sic
646 5236 793 5290 enim
825 5233 1039 5303 singula
1073 5248 1196 5302 quas
1225 5230 1509 5297 dicuntur,
1548 5231 1604 5286 in
1631 5247 1732 5288 suo
1762 5247 1995 5302 quaeque
2030 5230 2340 5286 consistent
2377 5230 2593 5295 ordine,
2644 5238 2704 5285 ut
2745 5245 2925 5300 neque
2957 5246 3020 5285 ea
3054 5244 3177 5300 quae
3198 5227 3348 5283 nudo
3371 5227 3552 5283 Verbo
3582 5243 3792 5284 conve-

526 5323 709 5386 niunt,
741 5322 810 5376 ad
839 5322 1136 5376 humanam
1161 5320 1526 5376 detrahantur
1555 5321 1849 5386 rationem,
1886 5335 2066 5392 neque
2089 5321 2330 5375 humana
2366 5319 2435 5375 ad
2466 5319 2690 5376 deitatis
2714 5321 2984 5377 rationem
3017 5328 3401 5396 promoveant.

603 5486 630 5526 ιι
664 5475 899 5543 Philipp.
935 5489 992 5537 ιι,
1023 5473 1074 5527 7.
