4080 6460
339 343 412 404 ’Π
1471 341 1921 402 AUCTARIUM
1983 367 2050 379 --
2091 345 2190 406 AD
2225 345 2404 409 TOM.
2437 349 2535 410 ιν.
2767 401 2782 410 .
3558 346 3630 408 73

415 452 529 507 Καὶ
555 447 768 504 eheu"
791 447 945 521 αὐτῷ
964 451 992 502 ὁ
1008 445 1251 512 διάϐολος
1269 468 1282 480 ·
1313 451 1374 502 El
1404 449 1537 514 Υἱὸς
1555 447 1728 504 εἷτοῦ
1759 449 1928 516 Θεοῦ,

2101 453 2344 534 Et‘dixit
2376 459 2426 512 ei
2455 459 2712 514 diabolus
2757 476 2769 510 :
2807 455 2864 512 Si
2888 455 3054 511 Filius
3098 456 3198 510 Det
3227 473 3279 510 es
3301 497 3314 520 ,
3347 457 3428 510 dic
3462 459 3629 528 lapidi

335 543 476 598 είπὲ
511 540 590 608 τῷ
619 541 772 605 λίθῳ
819 542 1012 608 τούτῳ
1031 540 1094 604 "‘,
1121 541 1222 594 ἵνα
1252 539 1498 610 γένηται
1529 539 1728 608 ἄρτος.
1767 540 1939 610 ’Υπὲρ

339 639 530 707 πάσης
563 635 664 703 τῆς
699 634 980 704 ἡμετέρας
1021 631 1234 701 φύσεως
1267 635 1295 686 ὁ
1345 631 1438 684 τοῦ
1464 631 1599 684 Θεοῦ
1632 633 1805 697 Λόγος
1840 632 1940 703 τὴν

337 725 400 791 ἐξ
437 724 598 794 ἡμῶν
623 721 890 776 ἀνέλαϐεν
921 721 1195 792 ἀπαρχὴν,
1219 721 1303 773 ἴνα
1325 720 1414 773 διὰ
1445 720 1626 789 πάσης
1651 719 1822 790 αὐτὴν
1839 721 1938 790 τῆς

337 815 550 886 ἀρετῆς
577 811 806 881 ἀγαγὼν
833 811 1115 883 προτρέξῃ
1146 813 1244 882 μὲν
1269 815 1344 874 εἰς
1368 813 1544 880 πάλην
1579 811 1670 864 τὸν
1693 811 1938 879 ἀνταγω-

339 907 558 974 νιστὴν,
591 902 742 973 δείξῃ
771 903 828 955 δὲ
859 903 1130 974 ἀήττητον
1159 903 1250 954 τὸν
1283 903 1542 972 ἀθλητὴν,
1599 903 1692 954 καὶ
1750 902 1941 955 τοῦτον

343 996 452 1066 μὲν
477 993 832 1066 στεφανώσῃ,
868 993 1084 1046 ἐκείνου
1139 992 1194 1044 δὲ
1245 991 1345 1063 τὴν
1374 988 1547 1062 ἧτταν
1578 991 1810 1062 κηρύξῃ,
1848 993 1942 1045 καὶ

343 1087 725 1156 καταθαρῤεῖν
765 1084 934 1138 αὑτοῦ
971 1085 1181 1148 πάντας
1205 1084 1628 1156 παρασκευάσῃ.

431 1178 727 1246 Ἀνάγεται
751 1177 934 1229 τοίνυν
961 1177 1042 1238 είς
1070 1175 1170 1246 τὴν
1202 1176 1433 1246 ἔρημον,
1461 1175 1536 1239 ὡς
1581 1177 1660 1238 είς
1683 1173 1945 1246 ἀρμοδίαν

344 1268 474 1322 τινὰ
512 1267 882 1335 παλαίστραν,
917 1265 1022 1318 ὑπὸ
1051 1264 1146 1316 τοῦ
1194 1264 1547 1333 Πνεύματος·
1581 1264 1845 1330 ἀνάγεται
1885 1263 1942 1315 δὲ

345 1361 448 1428 οὐχ
479 1361 510 1410 ὁ
539 1359 674 1420 Θεὸς
717 1357 914 1424 Λόγος,
961 1357 1074 1410 ἀλλ’
1107 1357 1138 1408 ὁ
1173 1357 1240 1409 ἐκ
1275 1356 1590 1428 σπέρματος
1629 1355 1794 1408 Δαϐὶό
1839 1354 1944 1407 ὑπὸ

345 1451 444 1505 τοῦ
475 1450 622 1504 θείου
648 1449 826 1517 Λόγου
853 1447 1080 1518 ληφθεὶς
1101 1451 1251 1511 ναός.
1280 1448 1355 1502 υύ
1372 1448 1481 1518 γὰρ
1503 1447 1596 1500 τὸν
1619 1447 1748 1500 Θεὸν
1772 1447 1945 1514 Λόγον

356 1545 438 1606 εἰς
465 1541 562 1613 τὴν
583 1542 724 1610 πρὸς
749 1540 842 1594 τὸν
869 1539 1120 1592 διάϐολον
1151 1540 1330 1608 πάλην
1367 1538 1690 1607 ἀπηγὰγετο
1721 1535 1946 1606 Πνεῦμα

359 1635 422 1686 τὸ
445 1634 614 1702 ἆγιον,
645 1631 764 1686 ἀλλ’
795 1630 855 1686 ὃν
891 1633 952 1686 ὲν,
973 1633 1040 1701 τῇ
1072 1630 1338 1701 Παρθένῳ
1374 1629 1634 1683 διέπλασε
1691 1629 1770 1699 τῷ
1824 1627 1946 1699 Θεῷ

359 1731 514 1801 Λόγῳ
537 1729 688 1783 ναόν.

2039 547 2152 612 isti,
2185 557 2242 601 ut
2271 549 2372 617 ﬁat
2403 552 2561 621 panis
2589 560 2647 604 ιι.
2673 549 2913 604 Verbum
2945 549 3042 604 Dei
3084 547 3359 619 primitias
3385 563 3450 603 ex
3473 549 3634 604 nobis

2041 638 2343 706 assumpsit
2371 654 2468 708 pro
2495 648 2606 693 tota
2638 648 2826 692 nostra
2866 646 3083 702 natura,
3107 644 3167 690 ut
3213 637 3361 690 illam
3389 653 3488 708 per
3515 652 3634 691 om-

2041 741 2142 780 nes
2177 727 2403 782 virtutis
2433 729 2638 799 gradus
2685 743 3038 796 promovens,
3083 728 3461 782 adversarium
3510 727 3634 796 qui-

2041 815 2168 870 dem
2211 827 2564 886 promoveret
2598 818 2669 872 ad
2706 819 2931 882 luctam,
2977 819 3244 873 invictum
3275 835 3406 872 vero
3459 819 3635 873 athle-

2043 915 2153 962 tam
2196 910 2530 975 ostenderet,
2582 921 2640 964 et
2693 909 2840 962 hunc
2891 921 3224 975 coronaret,
3297 910 3446 965 iliius
3502 924 3634 964 vero

2043 999 2254 1054 cladem
2290 1001 2631 1070 prrediearet,
2657 1015 2959 1070 manesque
2997 1000 3062 1054 ad
3097 1000 3410 1054 audendum
3435 1011 3630 1056 contra

2045 1091 2222 1162 ipsum
2251 1101 2608 1162 praepararet.

2117 1185 2427 1238 Adducitur
2481 1185 2664 1252 itaque
2702 1184 2757 1238 in
2794 1183 3075 1238 desertum
3116 1199 3146 1236 a
3191 1183 3438 1252 Spiritu,
3481 1185 3635 1240 velut

2045 1275 2100 1330 in
2153 1285 2333 1344 aptam
2367 1276 2696 1344 palzestram,
2733 1291 2844 1329 non
2873 1274 3097 1344 quidem
3140 1274 3256 1342 ipse
3287 1275 3434 1330 Deus
3475 1275 3633 1345 123

2043 1365 2283 1420 Verbum
2307 1406 2322 1429 ,
2361 1365 2458 1419 sed
2495 1365 2756 1434 templum
2797 1380 2864 1418 ex
2891 1365 3102 1420 semine.
3145 1365 3368 1420 Davidis
3396 1382 3426 1419 a
3455 1366 3634 1421 Verbo

2046 1455 2235 1510 divino
2283 1464 2622 1524 susceptum.
2685 1456 2875 1525 Neque
2930 1456 3077 1510 enim
3128 1456 3370 1525 Spiritus
3412 1465 3634 1511 sanctus

2045 1546 2220 1599 Deum
2251 1545 2492 1600 Verbum
2517 1547 2812 1600 adluctam
2843 1546 3109 1601 adversus
3144 1547 3426 1601 diabolum
3455 1547 3632 1611 duxit.

2045 1637 2143 1692 sed
2195 1637 2483 1707 templum,
2523 1637 2670 1707 quod
2711 1639 2825 1692 Deo
2869 1638 3050 1694 Verbo
3099 1639 3398 1694 fabricatus
3440 1649 3528 1694 est
3577 1641 3634 1695 in

2045 1727 2294 1796 Virgine.

425 1822 536 1874 Καὶ
583 1817 834 1890 νηστεύει
887 1815 986 1886 μὲν
1019 1814 1079 1868 οὐ
1122 1811 1267 1884 πέρα
1318 1810 1532 1879 μέτρων
1575 1807 1675 1878 τῆς
1707 1806 1940 1875 φύσεως·

2117 1821 2196 1874 Ac
2224 1821 2434 1890 jejunat
2458 1819 2702 1887 quidem,
2739 1833 2848 1872 non
2869 1827 3052 1874 tamen
3092 1817 3234 1874 ultra
3267 1829 3478 1876 naturae
3513 1837 3634 1876 mo-

353 1914 540 1976 ἀσιτος
609 1911 719 1982 γὰρ
769 1907 1038 1962 διετέλεσε
1096 1903 1506 1974 τεσσαράκοντα
1562 1898 1796 1970 ἡμέρας,
1851 1895 1947 1950 καὶ

357 2004 682 2075 ἰσαρίθμους
720 1999 946 2062 νύκτας,
994 1998 1069 2068 μὴ
1100 1996 1332 2066 θελήσας
1362 1992 1669 2065 ὑπερϐῆναι
1692 1991 1802 2045 τῶν
1839 1987 1949 2041 πάι

349 2094 444 2148 λαι
473 2090 918 2162 νενηστευκότων
967 2089 1028 2140 τὸ
1069 2088 1286 2157 μέτρον,
1340 2083 1430 2137 ἵνα
1477 2084 1624 2152 φύγῃ
1669 2079 1770 2150 τὴν
1811 2079 1950 2146 πρὸς

345 2186 522 2241 αὑτὸν
553 2186 584 2236 ὁ
613 2181 904 2243 ἀντίπαλος
938 2179 1137 2246 πάλην,
1165 2177 1251 2228 ἴνα
1284 2175 1382 2244 μὲν
1413 2173 1686 2244 γνωρίσας
1719 2171 1782 2223 τὸ
1811 2186 1947 2241 κρυ-

351 2279 629 2346 πτόμενον
693 2274 840 2344 φύγῃ
907 2272 1006 2340 τὴν
1063 2270 1196 2339 πρὸς
1265 2268 1325 2320 τὸ
1373 2266 1694 2335 φαινόμενον
1745 2263 1948 2331 μάχην.

349 2370 560 2425 Τούτου
608 2367 768 2438 χάριν
820 2364 954 2435 μετὰ
997 2364 1088 2415 τὸν
1121 2359 1520 2432 προειρημένον
1567 2355 1675 2408 τῶν
1729 2353 1950 2425 ἡμερῶν

348 2462 612 2536 ἀριθμὸν,
647 2461 750 2530 τῆς
788 2455 1133 2526 ἀνθρωπείας
1182 2453 1396 2520 φύσεως
1423 2447 1712 2517 ὑποφαίνει
1758 2445 1819 2497 τὸ
1849 2443 1952 2496 πά-

347 2535 472 2620 Θος,
511 2554 608 2608 καὶ
649 2551 926 2620 συγχωρεῖ
969 2549 1034 2617 τῇ
1082 2546 1243 2616 πείνῃ
1288 2545 1474 2614 χώραν
1518 2539 1729 2604 λαϐεῖν,
1781 2535 1952 2606 λαϐὴν

349 2647 554 2714 ἐκείνῳ
573 2641 664 2696 διὰ
691 2642 789 2712 τῆς
825 2639 1016 2708 πείνης
1046 2635 1239 2700 διδούς.
1265 2637 1340 2688 Οὐ
1383 2633 1490 2704 γὰρ
1537 2631 1740 2701 ἐτόλμα
1777 2645 1952 2700 προσ-

351 2737 558 2798 ελθεῖν,
577 2731 748 2785 πολλά
775 2729 902 2798 περὶ
920 2727 1082 2782 αὑτὸν
1115 2725 1400 2793 θεοπρεπῆ
1425 2722 1688 2791 γινόμενα
1710 2719 1951 2789 θεωρῶν.

351 2828 468 2880 Καὶ
489 2825 602 2893 γὰρ
623 2821 845 2890 ἄγγελοι
883 2818 1166 2889 τεχθέντος
1187 2816 1468 2886 ἐχόρευον,
1501 2812 1599 2866 καὶ
1619 2811 1796 2881 ἀστὴρ
1821 2812 1950 2862 ἁνα-

349 2918 542 2980 τείλας
569 2916 778 2986 μάγους
803 2913 1146 2982 ὲποδήγησεν
1173 2911 1252 2970 είς
1286 2905 1659 2977 προσκύνησιν
1688 2905 1815 2965 τοὺς
1843 2901 1945 2970 τῆς

353 3010 530 3064 αὐτοῦ
555 3008 837 3077 φάλαγγος
880 3003 1230 3075 κορυφαίους,
1273 2999 1364 3053 καὶ
1399 2998 1562 3052 αὐτὸν
1591 2994 1739 3066 ἐώρα
1771 2995 1951 3046 πᾶσαν

353 3107 426 3157 ὲκ
459 3099 658 3162 παιῶς
709 3096 966 3168 μετιόντα
994 3091 1363 3162 δικαιοσύνην,
1398 3087 1817 3159 βδελυττόμενον
1849 3099 1950 3136 κα-

350 3195 507 3257 κίαν,
567 3187 975 3262 μυσαττόμενον
1017 3183 1302 3255 πονηρίαν,
1351 3181 1492 3236 κατὰ
1535 3179 1633 3250 τὴν
1667 3179 1750 3242 είς
1789 3175 1950 3230 αὐτὸν

348 3283 742 3356 γεγενημένην
801 3279 908 3332 ὑπὸ
967 3275 1066 3330 τοῦ
1137 3276 1417 3347 προφήτου
1481 3273 1785 3343 πρόρρησιν
1810 3311 1826 3336 ,
1869 3270 1950 3322 ὃτι

347 3378 515 3446 Πρὶν
551 3375 592 3443 ἢ
613 3372 836 3444 γνῶναι
873 3369 1063 3424 αὑτὸν
1094 3367 1320 3437 drawn
1347 3365 1446 3420 καί
1471 3364 1681 3426 κακὸν.
1721 3363 1958 3418 ἀπειθεῖ

347 3467 624 3536 πονηρίᾳ
655 3465 758 3520 τοῦ
804 3460 1170 3524 ἐκλέξασθαι
1196 3458 1263 3512 τὸ
1295 3456 1539 3526 ἀγαθόν.
1583 3454 1744 3508 Ἐϐόα
1765 3455 1822 3508 δὲ
1855 3457 1950 3508 καὶ⁹

347 3563 378 3613 ὁ
431 3557 690 3627 Ἰωάννης
710 3569 725 3584 ’
763 3554 887 3611 Ἴδε
919 3556 951 3606 d
1004 3549 1218 3618 Ἀμνὸς
1246 3549 1352 3602 τοῦ
1397 3545 1547 3600 Θεοῦ
1575 3549 1608 3600 d
1635 3547 1820 3614 αιρων
1838 3545 1953 3613 τὴν

347 3650 669 3722 ἁμαρτίαν
715 3646 821 3701 τοῦ
853 3645 1108 3713 κόσμου.
1155 3639 1346 3712 Πατὴρ
1390 3637 1596 3694 ἄνωθεν
1629 3637 1949 3722 ὲμαρτύρηξ

349 3721 480 3797 σεν-
519 3735 712 3803 Οὗτός
743 3737 917 3792 ἐστιν
951 3737 984 3788 ὁ
1035 3735 1170 3797 Υιός
1211 3747 1330 3801 μου
1373 3730 1406 3785 ό
1453 3729 1782 3798 ἀγαπητὸς,
1809 3729 1882 3782 ἐν
1907 3721 1956 3796 ᾧ

343 3831 706 3901 ηὐδόκησα.
749 3825 860 3880 Τοῦ
891 3823 1210 3894 Πνεύματος
1250 3823 1283 3892 ἡ
1319 3822 1478 3892 χάρις
1499 3821 1770 3892 ὲφοίτησε.
1813 3821 1956 3875 Ταῦ.

345 3941 454 3989 τα,
489 3921 590 3975 καὶ
633 3921 736 3973 ὅσα
784 3915 1031 3982 τοιαῦτα,
1076 3915 1168 3968 τὸν
1210 3913 1456 3967 διάϐολον
1507 3913 1954 3970 καταπλήττοντα

345 4012 691 4084 προσελθεῖν
714 4010 814 4064 οὐκ
837 4008 924 4061 εἷα
949 4007 1028 4077 τῷ
1053 4005 1152 4075 τῆς
1174 4003 1450 4075 ἡμετέρας
1483 4003 1698 4071 φύσεως
1722 4002 1951 4074 ἀθλητῇ.

447 4104 542 4167 Ὠς
585 4103 644 4156 δὲ
697 4101 798 4170 τῆς
829 4099 1020 4170 πείνης
1057 4096 1164 4169 τὴν⁸
1187 4094 1492 4165 προσϐολὴν
1510 4093 1822 4160 ὑπεδέξατο,
1862 4094 1955 4148 καὶ

345 4192 506 4250 εἶδεν
553 4192 718 4246 αὐτὸν
753 4190 966 4261 τροφῆς
1007 4185 1354 4258 ἀνθρωπίνης
1387 4187 1662 4257 δεόμενον,
1690 4187 1784 4238 καὶ
1817 4203 1954 4256 καρα

341 4287 549 4357 τερεῖν
585 4281 902 4354 περαιτέρω
945 4279 1056 4332 τῶν
1093 4277 1346 4332 παλαιῶν
1381 4275 1594 4347 ἀνδρῶν
1624 4276 1686 4328 οὐ
1728 4275 1958 4344 δυνάμε-

343 4396 476 4440 νον,
509 4375 908 4446 προσέρχεται,
941 4369 1114 4441 λαϐὴν
1133 4369 1376 4439 οἰόμενος
1403 4366 1639 4438 ἐρημίαν
1672 4365 1953 4436 μεγίστην,

2049 1909 2204 1976 dum,
2248 1911 2364 1964 sine
2401 1909 2532 1964 cibo
2559 1909 2770 1980 peragit
2810 1909 3170 1980 quadraginta
3205 1909 3324 1965 dies
3350 1920 3406 1965 et
3443 1923 3636 1970 noctes

2046 2001 2300 2066 totidem,
2331 2001 2526 2056 nolens
2560 2016 2750 2056 eorum
2774 2001 2869 2070 qui
2892 1999 3022 2054 olim
3048 2001 3382 2070 jejunarant,
3410 2018 3636 2058 mensu-

2049 2108 2168 2147 ram
2215 2093 2504 2156 excedere,
2554 2107 2622 2146 ne
2653 2091 3005 2146 adversarius
3044 2092 3377 2162 singularem
3427 2093 3634 2149 luctam

2051 2185 2347 2256 refugeret,
2379 2199 2554 2254 eoque
2589 2185 2828 2254 cognito,
2854 2185 3000 2254 quod
3023 2185 3246 2250 latebat,
3277 2201 3512 2256 pugnam
3535 2188 3635 2242 ad-

2051 2292 2248 2332 versus
2282 2277 2336 2331 id
2358 2276 2504 2346 quod
2530 2271 2851 2346 apparebat,
2877 2275 3232 2330 detrectaret.
3269 2276 3400 2331 Eam
3425 2277 3496 2331 ob
3517 2293 3636 2332 rem

2051 2379 2176 2439 post
2219 2369 2517 2438 expletum,
2559 2368 2653 2438 qui
2689 2369 2871 2423 dictus
2902 2375 3005 2432 est,
3058 2368 3274 2422 dierum
3320 2385 3633 2434 numerum,

2053 2459 2398 2516 affectionem
2441 2468 2654 2514 naturae
2687 2459 2944 2513 humana;
2973 2457 3236 2522 declarat,
3270 2459 3470 2530 datque
3504 2459 3634 2514 fami

2051 2546 2256 2612 locum,
2317 2547 2478 2602 simul
2527 2563 2628 2618 per
2673 2547 2874 2602 famem
2926 2547 3242 2604 adversario
3287 2549 3636 2606 occasionem

2051 2638 2327 2708 praebens,
2377 2638 2522 2694 unde
2549 2643 2564 2660 ⁶
2597 2638 2776 2708 ipsum
2805 2641 3265 2709 apprehenderet.
3301 2643 3436 2698 Nam
3471 2659 3634 2700 acce-

2053 2727 2187 2782 dere
2225 2743 2336 2782 non
2382 2728 2638 2793 audebat,
2665 2743 2789 2783 cum
2825 2730 2996 2784 multa
3029 2731 3214 2787 divina
3259 2733 3410 2788 circa
3457 2735 3635 2805 ipsum

2055 2818 2350 2888 contigisse
2377 2813 2664 2874 cerneret:
2691 2819 2964 2889 siquidem
2991 2823 3192 2892 angeli,
3225 2839 3352 2879 cum
3375 2841 3634 2882 nascere-

2055 2895 2165 2972 tur,
2184 2909 2382 2962 choros
2401 2917 2646 2978 egerant,
2678 2919 2868 2964 exorta
2893 2911 3046 2964 stella
3069 2911 3250 2982 Magos
3277 2929 3389 2968 suae
3412 2915 3639 2984 phalan-

2055 2999 2137 3068 gis
2179 2999 2500 3068 coryphreos
2550 2999 2841 3053 adoratum
2893 3001 3144 3064 duxerat,
3195 3003 3374 3072 ipsum
3417 3022 3637 3076 quoque

2054 3099 2304 3154 noverat,
2326 3091 2437 3162 jam
2457 3091 2583 3144 inde
2608 3107 2636 3144 a
2661 3106 2854 3161 puero,
2876 3106 3094 3146 omnem
3119 3093 3387 3163 justitiam
3413 3099 3635 3166 sectari,

2053 3180 2314 3234 detestari
2370 3181 2709 3249 nequitiam,
2757 3181 3165 3250 improbitatem
3208 3186 3510 3252 exsecrari,
3545 3203 3634 3244 se-

2056 3269 2296 3324 cundum
2355 3269 2734 3339 propheticam
2800 3271 3216 3340 praedictionem
3270 3291 3284 3328 :
3335 3277 3632 3350 Antequam

2055 3363 2352 3432 cognoverit
2381 3378 2510 3432 puer
2539 3363 2732 3416 bonum
2761 3361 2844 3416 vel
2873 3363 3097 3428 malum,
3135 3367 3439 3436 reprobabit
3479 3369 3638 3424 mali-

2057 3453 2208 3514 tiam,
2240 3458 2296 3502 ut
2327 3447 2488 3518 eligat
2517 3450 2710 3504 bonum
2731 3459 2774 3504 τ.
2803 3451 3092 3506 Clamabat
3141 3455 3308 3509 etiam
3351 3457 3590 3514 Joannes
3619 3479 3632 3513 :

2057 3539 2192 3594 Ecce
2216 3539 2399 3610 Agnus
2431 3539 2547 3605 Dei,
2567 3542 2656 3611 qui
2683 3539 2824 3594 tollit
2853 3551 3068 3612 peccata
3099 3545 3282 3598 mundi
3301 3553 3346 3600 ³.
3383 3545 3639 3606 Testatus

2055 3629 2236 3684 fuerat
2282 3631 2446 3685 etiam
2487 3630 2555 3685 de
2585 3632 2726 3686 caelo
2755 3631 2918 3686 Pater
2955 3649 2968 3685 :
3005 3633 3104 3687 Hic
3153 3641 3230 3688 est
3277 3634 3443 3691 Filius
3492 3655 3635 3693 meus

2055 3721 2274 3776 dilectus
2311 3726 2368 3776 in
2397 3739 2498 3792 quo
2537 3723 2666 3777 mihi
2710 3723 3005 3794 complaeui
3032 3727 3074 3778 ι.
3105 3725 3247 3792 Quin
3271 3729 3436 3783 etiam
3461 3732 3637 3799 gratia

2057 3815 2296 3886 Spiritus
2315 3817 2613 3872 advenerat
2645 3834 2658 3871 :
2685 3826 2849 3888 atque
2873 3817 2991 3873 haec
3023 3818 3260 3890 aliaque,
3286 3834 3412 3874 cum
3437 3821 3636 3878 diabo-

2053 3909 2168 3964 lum
2203 3917 2497 3974 terrerent,
2522 3925 2648 3964 eum
2681 3925 2790 3964 non
2820 3911 3074 3966 sinebant
3111 3911 3179 3966 ad
3209 3920 3419 3968 naturae
3433 3925 3636 3972 nostra:

2055 4001 2316 4056 athletam
2344 4002 2625 4057 accedere.

2133 4093 2292 4162 124
2315 4091 2421 4148 Sed
2459 4093 2552 4147 ubi
2573 4093 2811 4163 primum
2844 4094 3005 4149 famis
3038 4095 3452 4166 impressionem
3476 4114 3637 4156 exce-

2055 4184 2156 4254 pit,
2174 4199 2411 4252 eumque
2431 4184 2686 4240 diabolus
2705 4186 2946 4241 humano
2962 4187 3088 4242 cibo
3110 4187 3447 4259 indigentem
3472 4191 3632 4257 vidit,

2055 4289 2159 4330 nec
2189 4283 2370 4329 tamen
2406 4289 2570 4345 supra
2601 4278 2840 4347 majores
2873 4279 3173 4349 patientem
3214 4279 3429 4348 inediae,
3472 4298 3632 4340 acce-

2057 4367 2159 4431 dit,
2205 4366 2557 4422 solitudinem
2607 4376 2758 4423 ratus
2791 4383 2913 4424 esse
2937 4372 3404 4440 Opportunitatem
3457 4377 3632 4430 maxi-

343 4469 464 4524 κα“ι
499 4467 748 4537 νικήσειν
781 4463 979 4535 ῥᾳδίως
1019 4459 1308 4514 πιστεύων.
1334 4459 1443 4511 Καὶ
1467 4456 1718 4528 καθάπερ
1750 4460 1806 4510 ὲν
1841 4460 1948 4520 τοίς

2058 4471 2223 4520 mam,
2261 4471 2428 4526 seque
2451 4456 2611 4512 facile
2633 4457 2898 4514 victorem
2929 4459 3044 4514 fore
3057 4461 3307 4516 credens.
3329 4463 3409 4518 Ac
3438 4479 3635 4534 quem-

347 4556 629 4625 πολέμοις
702 4554 791 4606 τὸν
873 4551 1214 4622 πανταχόθεν
1279 4551 1346 4620 τῇ
1431 4547 1706 4618 πανοπλία
1789 4565 1953 4601 κεκα-

343 4648 646 4719 λυμμένον
714 4639 1112 4710 κατατοξεῦσαί
1179 4659 1262 4706 τις
1316 4641 1552 4704 ἐθέλων,
1642 4640 1760 4692 ὅλον
1815 4641 1952 4711 πόρο

343 4738 546 4812 ρωθεν
597 4739 712 4800 τοῖς
755 4735 1058 4804 ὀφθαλμοῖς
1097 4732 1448 4802 περισκοπῶν
1507 4731 1734 4801 ἐρευνᾷ,
1782 4745 1948 4798 γεγυ-

345 4829 654 4904 μνωμένον
690 4827 850 4898 μέλος
884 4823 1176 4896 ἐπιζητῶν,
1199 4825 1284 4888 ἵνα
1323 4825 1440 4876 ἐκεῖ
1465 4820 1625 4893 ῥίψας
1671 4820 1732 4874 τὸ
1775 4819 1946 4890 βέλος,

341 4924 452 4976 τὸν
484 4920 780 4974 ἀντίπαλον
829 4917 1030 4990 πλήξῃ·
1079 4915 1253 4978 οὕτως
1306 4918 1334 4968 ὁ
1373 4913 1638 4978 διάϐολος,
1679 4911 1824 4984 πάσῃ
1856 4911 1946 4965 τὸν

285 5059 290 5064 .
337 5011 602 5085 Χριστὸν
636 5009 954 5080 δικαιοσύνῃ
998 5007 1448 5076 καθωπλισμένον
1470 5005 1632 5076 όρῶν,
1659 5005 1754 5058 καὶ
1787 5003 1950 5056 τόπον

343 5101 626 5175 ἁρμόδιον
655 5100 860 5168 ζητῶν,
899 5099 966 5152 ἶν’
1007 5101 1124 5151 ἐκεῖ
1160 5097 1220 5151 τὸ
1261 5097 1414 5168 βέλος
1442 5096 1724 5166 ἀκοντίσῃ,
1759 5095 1835 5158 ὡς
1864 5087 1948 5146 εὖ·

343 5211 458 5268 ρεν
495 5195 870 5262 ἀναφανεῖσαν
914 5191 1014 5261 τὴν
1071 5191 1281 5253 πεῖναν,
1329 5189 1693 5260 προσέρχεται
1744 5187 1949 5256 θαρσα-

345 5290 522 5353 λέως,
560 5287 638 5351 ὡς
679 5286 857 5360 εὑρὼν
883 5285 944 5338 τὸ
983 5283 1337 5356 ζητούμενον,
1363 5283 1439 5345 ὡς
1477 5282 1570 5334 τοῦ
1605 5280 1950 5351 προπάτορος

2056 4551 2351 4606 admodum
2403 4551 2460 4606 in
2494 4551 2674 4615 bellis,
2719 4553 2764 4606 si
2790 4553 2914 4622 quis
2949 4553 3230 4610 hominem
3264 4556 3399 4611 velit
3425 4565 3632 4614 tectum

2050 4643 2198 4698 omni
2225 4657 2502 4698 armorum
2527 4659 2725 4714 genere
2767 4643 2934 4700 ferire
2967 4645 3174 4715 jaculo,
3215 4654 3390 4702 totum
3415 4649 3634 4706 eminus

2050 4733 2227 4789 oculis
2266 4733 2720 4802 circumspiciens
2771 4734 3023 4804 vestigat,
3059 4735 3270 4789 nudum
3304 4737 3525 4806 aliquod
3545 4738 3632 4793 in~

2055 4825 2280 4895 quirtns
2303 4824 2635 4888 membrum,
2665 4825 2720 4878 in
2739 4825 2888 4894 quod
2923 4826 3167 4881 immisso
3187 4827 3391 4897 jaculo,
3432 4829 3632 4884 adver-

2053 4917 2258 4972 sarium
2284 4923 2435 4985 petat
2464 4932 2476 4968 :
2506 4914 2588 4970 sic
2620 4915 2873 4971 diabolus
2895 4916 3178 4972 Christum
3209 4920 3446 4976 intuitus
3479 4922 3630 4976 omni

2048 5007 2264 5079 iustitia
2294 5008 2646 5072 instructum,
2701 5024 3064 5080 quaerensque
3118 5021 3491 5081 opportunum
3546 5011 3630 5067 lo-

2053 5115 2200 5164 cum,
2227 5113 2338 5168 quo
2367 5100 2536 5154 telum
2599 5099 2968 5172 intorqueret,
2996 5103 3182 5158 statim
3225 5111 3390 5172 atque
3421 5099 3630 5156 invenit

2051 5189 2250 5245 famem
2281 5205 2340 5245 se
2366 5190 2714 5261 prodentem,
2753 5193 3017 5248 audacter
3035 5191 3267 5254 accedit,
3307 5191 3534 5260 perinde
3562 5205 3630 5246 ac

2053 5281 2100 5336 si
2135 5281 2430 5352 reperisset
2461 5283 2608 5353 quod
2639 5283 2940 5354 quaerebat,
2974 5290 3031 5336 et
3061 5281 3224 5351 primi
3253 5283 3498 5351 parentis
3537 5281 3623 5338 ai-

429 5419 460 5459 s
489 5408 623 5463 Luc.
653 5423 728 5468 ιγ,
757 5407 811 5460 5.
891 5413 913 5442 r
950 5403 1052 5458 lsa.
1084 5419 1178 5466 vn,
1207 5403 1296 5457 16.
1374 5412 1396 5440 ι
1431 5400 1587 5457 Joan.
1626 5415 1664 5463 ι,
1694 5399 1785 5456 29.
1849 5399 1868 5436 ⁸
1905 5398 1948 5454 Μ

2050 5399 2095 5454 ii.
2124 5415 2208 5458 nl.
2241 5399 2327 5453 Π.

1653 5557 1890 5614 ἾΑΒΙΕ
1931 5556 2330 5614 LECTIONES.

427 5680 476 5714 "
499 5679 610 5734 Καὶ
642 5673 815 5742 εἶπεν,
851 5673 1059 5748 κ.λτ.λ.
1093 5673 1176 5729 Ad
1217 5673 1420 5748 librum
1447 5671 1834 5748 quintumista
1877 5673 2174 5748 pertinere,
2207 5669 2422 5748 monuit
2451 5667 2774 5748 ’ὕει-πιθτίυῆ
2809 5682 2874 5724 ex
2927 5665 3042 5722 sola
3089 5663 3424 5736 conjectura.
3461 5664 3618 5737 Apud

335 5753 716 5814 Hercatorem
747 5739 868 5804 haec
901 5743 1307 5803 desiderantur.
1387 5743 1432 5776 “
1451 5739 1645 5814 τούτῳ.
1693 5739 1893 5797 Aberat
1928 5743 1998 5798 ab
2023 5743 2264 5799 editione
2295 5739 2488 5812 priori.
