4080 6470
456 307 526 371 79
1690 305 2007 368 OPERUM
2046 302 2533 370 TIIEODORETI
3665 313 3734 376 se

455 420 750 474 fectionem
792 417 847 472 in
876 417 1002 488 ipso
1053 416 1296 472 vidisset.
1333 414 1489 472 llunc
1524 413 1672 471 enim
1713 434 1814 488 per
1859 433 2046 472 eome-
2079 464 2086 477 ί

2155 418 2213 471 τὺ
2266 419 2435 484 πάθος
2480 422 2538 473 ὲν
2592 421 2741 492 αὐτῷ
2768 422 3072 494 θεωρήσας.
3115 425 3223 478 Καὶ
3265 426 3372 496 γὰρ
3406 426 3610 478 ἐκεῖνον
3642 422 3732 479 διὰ

456 511 693 566 stionem
733 511 895 566 beata
919 511 1029 566 vita
1070 509 1368 580 privatum,
1422 510 1740 573 sudoribus,
1785 508 2041 571 miseriae,

457 605 732 675 mortique
755 604 982 659 addixit.

524 695 807 752 Accedens
858 696 1023 767 igitur
1057 695 1134 750 ait
1163 715 1176 750 :
1207 694 1266 751 Si
1318 694 1484 750 Filius
1520 689 1615 748 Dei
1647 711 1698 748 es
1722 735 1736 759 ,
1766 689 1847 748 dic
1881 694 2048 763 lapidi

455 788 564 852 isti,
599 796 656 840 ut
688 787 842 858 panis
867 788 967 856 ﬁat
988 797 1036 842 ιι.
1074 787 1134 842 Id
1165 797 1352 842 autem
1385 803 1495 840 non
1522 785 1766 851 fecisset,
1794 786 1900 840 nisi
1931 785 2022 840 Sal

455 890 614 935 vator
639 879 986 935 affectionem
1026 875 1190 934 famis
1212 877 1567 948 suscepisset,
1584 877 1732 947 quod
1759 876 2049 932 manifeste

457 971 583 1042 quis
618 987 686 1026 ex
714 971 1183 1041 consequentibus
1225 971 1422 1025 discat.
1458 970 1577 1025 Mox
1619 969 1769 1025 enim
1798 978 1859 1024 ut
1903 971 2050 1024 lucta

457 1064 636 1119 victus
660 1071 764 1128 est,
794 1063 1246 1133 experientiaque
1277 1060 1475 1116 didicit
1508 1061 1658 1114 hunc
1684 1060 1863 1129 ipsum
1895 1059 2050 1112 illum

454 1172 596 1221 esse,
631 1171 794 1226 quem
835 1170 1029 1210 omnes
1056 1154 1339 1224 prephetae
1375 1151 1766 1222 przedixerant,
1793 1165 1863 1204 ne
1893 1165 2053 1219 aspe-

455 1259 604 1303 ctum
633 1247 857 1317 quidem
885 1242 1206 1300 accedentis‘
1223 1245 1366 1299 ferre
1390 1258 1557 1298 ausus
1587 1251 1691 1307 est,
1738 1240 1835 1296 sed
1867 1240 2048 1296 statim

457 1341 513 1394 in
567 1339 750 1410 fugam
795 1354 854 1393 se
897 1337 1050 1392 dedit
1084 1352 1272 1391 :nunc
1305 1336 1530 1406 quidem
1579 1336 1824 1390 clamans
1863 1351 1876 1387 :
1910 1333 2051 1399 Quid

457 1430 605 1485 nobis
642 1437 694 1482 et
717 1431 828 1490 tibi.
851 1428 954 1482 Fili
983 1429 1079 1482 Dei
1107 1429 1132 1482 ?
1161 1428 1288 1498 quid
1316 1429 1504 1482 venisti
1548 1437 1670 1482 ante
1701 1435 1904 1498 tempus
1944 1436 2052 1482 tor-

458 1537 618 1592 quere
649 1537 741 1574 nos
763 1520 828 1572 V?
858 1534 1003 1573 nunc
1036 1533 1206 1573 vero:
1249 1516 1382 1572 Novi
1409 1518 1496 1589 qui
1525 1518 1618 1581 sis,
1646 1534 1675 1571 ο
1710 1525 1893 1571 sancte
1922 1516 2051 1583 Dei;

458 1613 652 1682 adjuro
682 1621 753 1677 te,
781 1629 844 1665 ne
874 1627 956 1666 me
987 1619 1239 1680 torqueas
1267 1623 1314 1662 ι.
1344 1609 1435 1664 Sic
1468 1621 1617 1664 metu
1643 1618 1873 1680 cogente
1899 1609 2052 1680 judi-

457 1716 580 1756 cem
623 1700 919 1756 fatebatur.
948 1699 1179 1754 Talibus
1219 1714 1354 1755 vero
1377 1702 1393 1719 ⁴
1430 1699 1587 1770 125
1619 1709 1747 1754 ante
1783 1701 2048 1756 tentatio-

458 1807 584 1846 nem
605 1791 790 1846 verbis
818 1807 952 1846 usus
968 1805 1078 1844 non
1100 1798 1237 1854 erat,
1271 1790 1367 1846 sed
1402 1791 1748 1846 confidenter
1779 1792 2050 1849 accedens

457 1883 670 1938 dixerat
706 1901 718 1936 :
754 1881 810 1938 Si
841 1881 1007 1937 Filius
1037 1876 1132 1935 Dei
1176 1897 1251 1948 es,
1297 1882 1380 1936 dic
1412 1881 1607 1954 lapidi,
1640 1891 1697 1937 ut
1727 1885 1881 1955 panis
1925 1883 2044 1954 ﬁat.

457 1975 654 2030 Audivi
681 1975 830 2030 enim
853 1973 1060 2045 lapsam
1098 1972 1166 2028 de
1189 1974 1328 2030 coelo
1349 1989 1562 2039 vocem,
1591 1991 1711 2045 quae
1737 1985 1788 2030 te
1817 1975 1922 2032 hoc
1945 1992 2049 2032 no-

459 2067 605 2122 mine
629 2066 963 2137 appellaret;
990 2080 1094 2121 nec
1139 2074 1321 2120 tamen
1350 2065 1518 2121 credo
1562 2082 1680 2121 rem
1727 2067 1804 2122 ita
1856 2083 1914 2123 se
1949 2067 2051 2124 ha-

457 2156 611 2223 bere,
644 2157 820 2211 donec
843 2155 1187 2227 experientia
1217 2156 1478 2228 magistra
1507 2156 1704 2213 doctus
1731 2157 1908 2214 fuero.
1946 2159 2051 2215 Fa-

458 2246 565 2301 ctis
601 2244 871 2316 persuade
901 2259 1028 2299 eum
1056 2253 1111 2300 te
1150 2259 1271 2300 esse
1315 2245 1410 2316 qui
1443 2246 1690 2312 vocaris;
1729 2247 1784 2302 id
1820 2251 1969 2304 enim
2005 2249 2052 2303 si

459 2337 727 2402 didicero,
755 2336 958 2408 fugiam
977 2337 1248 2408 protinus,
1275 2345 1330 2392 et
1362 2353 1450 2392 me
1480 2340 1806 2410 proripiam,
1824 2340 2056 2396 luctam-

2153 508 2409 582 βρώσεως
2452 513 2551 583 τῆς
2600 514 2806 568 ἀλύπου
2849 515 2994 584 ζωῆς
3039 521 3331 588 στερήσας,
3371 517 3586 588 ἱδρῶτι,
3637 520 3732 571 καὶ

2153 597 2503 670 ταλαιπωρίᾳ
2526 640 2540 662 ,
2575 601 2667 654 καὶ
2717 602 2933 674 θανάτῳ
2963 603 3270 670 συνέζευξε.

2223 689 2596 761 Προσέρχεται
2629 694 2808 747 τοίνυν
2843 696 3036 764 λέγων·
3075 698 3143 750 El
3178 697 3313 763 mc
3335 699 3393 752 εἷ
3416 695 3524 754 τὸῦ
3557 699 3730 760 Θεοῦ.

2151 782 2285 834 εἰπὲ
2333 783 2414 848 τῷ
2449 784 2594 849 λίθῳ
2619 787 2828 852 τούτῳ,
2873 786 2974 840 ἵνα
3015 788 3193 855 ἄρτος
3223 788 3486 858 γένηται.
3520 792 3634 843 υύκ
3668 786 3734 844 ἄν

2149 872 2206 926 δὲ
2248 872 2408 927 τοῦτο
2441 876 2763 944 πεποίηκεν,
2805 879 2854 931 εί
2905 877 2981 948 μὴ
3017 878 3078 931 τὸ
3116 879 3219 949 τῆς
3245 881 3445 952 ,πείνης
3483 885 3512 936 ὁ
3543 883 3734 954 Σωτὴρ

2153 965 2477 1030 κατεδέξατο
2508 967 2699 1031 πάθος·
2732 969 2826 1022 καὶ
2855 969 3013 1022 τοῦτο
3054 969 3214 1040 μάθοι
3245 989 3330 1036 τις
3367 974 3430 1026 ὲκ
3453 973 3562 1026 τῶν
3594 975 3732 1044 μετὰ

2149 1054 2326 1110 ταῦτα
2373 1057 2578 1126 σαφῶς.
2641 1059 2729 1122 Ὧς
2766 1059 2876 1130 γὰρ
2924 1061 3192 1123 παλαίσας
3228 1063 3455 1134 ἡττήθη,
3505 1067 3602 1118 καὶ
3646 1067 3735 1121 διὰ

2150 1147 2250 1219 τῆς
2282 1148 2475 1219 πείρας
2507 1148 2730 1220 ἔμαθεν,
2766 1150 2848 1203 ὅτι
2893 1152 3056 1215 αύτὸς
3086 1153 3258 1217 ἐστιν,
3284 1153 3342 1208 ὃν
3374 1155 3423 1206 oi
3454 1156 3734 1226 προφῆται

2152 1238 2536 1308 προεκήρυξαν
2559 1239 2813 1306 ἅπαντες,
2842 1239 2964 1294 οὐδὲ
2993 1241 3092 1314 τὴν
3122 1240 3248 1296 θέαν
3275 1243 3442 1296 αὐτοῦ
3477 1247 3733 1315 προσιόν-

2149 1344 2242 1389 τος
2276 1327 2465 1398 φέρειν
2501 1328 2823 1400 ἐτόλμησεν,
2863 1329 2979 1384 ἀλλ’
3007 1331 3182 1396 ,εὐθὺς
3222 1333 3609 1404 ὲδραπέτευσε·
3643 1333 3731 1386 νῦν

2156 1421 2253 1490 μὲν
2287 1420 2445 1490 βοῶν’
2489 1422 2550 1474 Τί
2580 1421 2724 1491 ἡμῖν
2768 1423 2867 1476 καὶ
2912 1423 3035 1488 σοὶ,
3083 1423 3178 1478 Υἱὲ
3225 1422 3330 1478 τοῦ
3375 1425 3524 1478 Θεοῦ
3558 1425 3634 1490 ¹⁵;
3679 1424 3738 1478 tl

2151 1509 2337 1582 ἦλθες
2380 1513 2423 1544 ¹⁶
2471 1514 2583 1584 πρὸ
2627 1513 2836 1584 καιροῦ
2878 1515 3220 1580 βασανίσαι
3269 1514 3464 1585 mide;
3505 1514 3600 1568 νῦν
3646 1515 3734 1568 ὁέο

2157 1601 2300 1658 Οἶδά
2334 1620 2408 1658 σε
2438 1606 2529 1671 τίς
2558 1601 2630 1667 εἴ.
2682 1609 2714 1659 ό
2765 1605 2932 1674 ἅγιος
2971 1605 3078 1659 τοῦ
3109 1607 3257 1660 Θεοῦ
3281 1625 3294 1637 ο
3327 1605 3533 1675 ὁρκίζω
3561 1607 3605 1638 ³⁷
3637 1622 3734 1669 σε,

2151 1696 2235 1766 μή
2269 1714 2346 1766 με
2387 1681 2766 1764 βασανίσῃς.
2818 1697 3004 1762 Οὕτως
3058 1699 3348 1762 ἐδεδοίκει,
3401 1699 3496 1752 καὶ
3542 1697 3736 1768 κριτὴν

2150 1787 2445 1858 ὡμολόγει·
2480 1786 2603 1840 τότε
2633 1788 2689 1840 δὲ
2730 1787 2834 1858 πρὸ
2855 1788 2954 1859 τῆς
2993 1788 3189 1859 πείρας
3208 1790 3268 1841 ού
3298 1786 3561 1850 τοιούτοις
3607 1786 3735 1839 ὲκέ-

2151 1897 2322 1952 χρητο
2369 1880 2646 1952 ῥήμασιν,
2708 1879 2846 1935 ἀλλά
2889 1880 3104 1951 0αρρὦ
3143 1879 3369 1952 προσῄει
3416 1879 3626 1948 λέγων·
3668 1880 3740 1934 El

2160 1971 2292 2038 Υἱὸς
2323 1968 2382 2026 εἷ
2422 1971 2531 2026 τοῦ
2582 1972 2753 2035 Θεοῦ,
2802 1971 2933 2026 εἰπὲ
2969 1969 3048 2036 τῷ
3087 1971 3255 2039 λίθῳ,
3287 1972 3388 2025 ἵνα
3427 1971 3606 2040 ἄρτος
3646 1969 3742 2038 γέ-

2151 2081 2347 2133 νηται.
2377 2065 2488 2136 Τῆς
2518 2065 2616 2134 μὲν
2646 2065 2754 2135 γάρ
2773 2063 2978 2118 ἀνωθεν
3007 2063 3267 2133 ἐλθούσης
3299 2062 3481 2132 φωνῆς
3509 2063 3734 2131 ἥκουσα,

2154 2155 2312 2227 φησι,
2341 2155 2499 2209 τοῦτό
2541 2173 2602 2208 σε
2647 2154 2978 2224 καλεσάσης,
3030 2153 3247 2207 ἀπιστῶ
3277 2153 3332 2206 δὲ
3365 2151 3467 2213 ἕως
3498 2152 3564 2205 ἆν
3589 2150 3741 2204 λάϐω

2152 2250 2252 2320 τὴν
2284 2251 2480 2319 πεῖραν
2521 2247 2859 2302 διδάσκαλον.
2886 2245 3078 2299 Πεῐσόν
3111 2263 3177 2316 με
3213 2243 3302 2299 διά
3335 2244 3442 2298 τῶν
3477 2245 3738 2316 πραγμάο

2157 2360 2286 2407 των,
2321 2341 2396 2405 ὡς
2427 2339 2645 2410 ἀληθῶς
2684 2340 2950 2410 ὑπάρχεις
2980 2337 3009 2390 ὃ
3037 2336 3322 2406 κέκλησαι·
3352 2334 3418 2389 ἃν
3444 2335 3552 2404 γάρ
3583 2334 3740 2388 τοῦτο

363 3271 369 3278 -
461 3249 696 3318 panibus
713 3249 806 3314 ali,
834 3265 960 3305 cum
987 3250 1075 3305 his
1096 3251 1230 3306 solis
1251 3252 1363 3308 vita
1393 3253 1682 3308 hominum
1702 3271 1813 3310 non
1835 3266 2058 3313 susten-

460 2445 568 2500 que
593 2436 775 2484 tecum
805 2428 1125 2484 detrectabo
1158 2446 1170 2482 :
1207 2428 1481 2498 siquidem
1513 2431 1686 2500 probe
1731 2432 1884 2498 novi,
1917 2434 2052 2503 quid

2160 2433 2338 2506 μάθω,
2379 2432 2648 2502 φεύξομαι
2690 2430 2785 2484 καὶ
2813 2428 3187 2501 δραπετεύσω,
3227 2427 3322 2480 καὶ
3355 2427 3455 2498 τὴν
3501 2424 3639 2496 πρὸς
3681 2426 3742 2477 σὲ

459 2518 798 2573 discriminis
839 2533 926 2572 me
967 2518 1112 2572 inter
1156 2527 1321 2587 atque
1377 2527 1430 2573 te
1484 2519 1794 2575 intercedat
1831 2539 1842 2574 :
1883 2537 2055 2592 quare

2157 2525 2575 2596 παραιτήσομαι
2616 2522 2828 2592 πάλην·
2859 2516 2982 2572 οἶδα
3010 2519 3119 2590 γὰρ
3164 2519 3287 2571 ὅσον
3327 2515 3464 2588 ἐμοῦ
3512 2516 3607 2571 καὶ
3647 2515 3742 2568 σοῦ

461 2609 1009 2680 miraculumpatra,
1060 2609 1410 2680 mirabilique
1456 2611 1777 2680 operatione
1820 2613 1956 2668 doce
2001 2622 2054 2668 te

2156 2617 2217 2671 τὸ
2245 2617 2523 2685 διάφορον·
2557 2613 2730 2678 δεῖξον
2753 2611 2931 2666 τοίνυν
2964 2610 3024 2663 τὸ
3059 2609 3266 2680 θαῦμα,
3299 2609 3393 2663 καὶ
3425 2606 3638 2673 δίδαξον
3673 2609 3741 2678 τῇ

461 2701 1035 2757 miraculiauctorem
1071 2718 1083 2754 :
1115 2699 1212 2757 Dic
1243 2710 1300 2756 ut
1334 2700 1470 2775 lapis
1500 2702 1600 2759 iste
1633 2705 1787 2776 panis
1815 2705 1934 2776 ﬁat.

2159 2707 2577 2780 θαυματουργία
2617 2706 2711 2760 τὸν
2747 2705 2843 2759 τοῦ
2877 2705 3156 2776 θαύματος
3181 2703 3434 2774 ποιητήν⁹
3458 2699 3608 2758 Εἰπὲ
3643 2701 3745 2754 ἵνα

1470 2816 1472 2819 ’
2161 2805 2192 2857 ό
2224 2802 2396 2867 λίθος
2433 2795 2613 2865 οὗτος
2643 2797 2824 2866 ἄρτος
2852 2797 3115 2866 γένηται.

535 2883 613 2953 (l)
656 2883 933 2939 Dominus
976 2898 1129 2949 vero,
1153 2883 1357 2940 auditis
1407 2884 1735 2956 nequissimi
1793 2885 2054 2950 vocibus,

2209 2899 2280 2950 α’.
2298 2893 2562 2955 Ἀκούσας
2574 2890 2704 2959 γοῦν
2721 2890 2828 2944 τῶν
2839 2889 2932 2942 τοῦ
2948 2885 3272 2958 Πονηροῦρη
3282 2885 3466 2957 μάτων
3481 2885 3508 2936 ὁ
3521 2884 3745 2954 Κύριος,

458 2973 746 3028 abscondit
810 2974 1033 3044 quidem
1091 2976 1465 3042 divinitatem,
1509 2993 1578 3032 ex
1633 2977 1873 3034 humana
1925 2993 2059 3034 vero

2161 2987 2397 3058 κρύπτει
2448 2983 2548 3054 μὲν
2589 2983 2688 3051 τὴν
2729 2979 2984 3050 θεότητα,
3037 2978 3102 3031 ὲκ
3151 2977 3208 3030 δὲ
3247 2977 3349 3046 τῆς
3401 2973 3749 3046 ἀνθρωπείας

457 3074 655 3120 natura
705 3065 842 3121 dicit
895 3083 909 3122 :
951 3067 1075 3122 Non
1124 3085 1264 3140 pane
1321 3066 1498 3124 solum
1557 3071 1682 3124 vivit
1712 3072 1907 3136 homo,
1959 3072 2052 3126 sed
2079 3108 2086 3146 ε

2155 3080 2464 3148 διαλέγεται
2518 3072 2732 3144 φύσεως
2757 3087 2770 3102 ·
2821 3073 2946 3124 Οὐκ
2991 3069 3085 3124 ἐπ’
3121 3067 3280 3137 ἄρτῳ
3321 3069 3516 3138 μόνον
3554 3065 3618 3130 ιι,
3655 3065 3747 3118 λέ-

456 3160 515 3211 in
549 3159 693 3212 omni
715 3159 869 3213 verbo
897 3157 993 3214 Dei
1013 3170 1070 3226 ις
1099 3161 1258 3230 quasi
1300 3160 1514 3217 diceret
1551 3180 1564 3215 :
1591 3163 1818 3219 Possum
1849 3164 2058 3234 absque

2165 3192 2303 3248 γων,
2337 3171 2578 3240 ζήσεται
2611 3165 2946 3233 ἄνθρωπος»
2981 3162 3121 3216 ἀλλ’
3251 3161 3294 3192 ﬂ
3326 3157 3752 3248 “ﬁlim”?

2165 3244 2333 3321 ὸεοῦ.
2374 3257 2656 3327 Δύναμαι,
2707 3251 2904 3323 φησιν,
2954 3249 3082 3303 ἄνευ
3125 3247 3294 3319 ἄρτου
3350 3244 3650 3316 τραφῆναι·
3681 3244 3746 3297 οὐ

463 3349 628 3405 tctur,
669 3341 764 3396 sed
800 3341 900 3396 toti
933 3351 1142 3398 naturae
1178 3343 1808 3402 hominumnutriendae
1849 3363 1949 3418 par
1988 3350 2061 3404 sit

461 3435 690 3489 verbum
717 3433 834 3489 Dei.
861 3434 952 3490 Sic
978 3435 1218 3505 populus
1245 3437 1784 3494 Israeliticusannos
1817 3440 2059 3509 quadra-

461 3526 611 3598 ginta
670 3529 918 3582 nutritus
967 3536 1053 3584 est
1121 3545 1320 3585 manna
1355 3531 1623 3602 colligens
1650 3544 1673 3572 ο
1702 3571 1716 3595 ,
1757 3532 2060 3603 aviumque

462 3620 561 3676 Dei
595 3620 881 3678 voluntate
919 3630 1203 3691 captarum
1243 3623 1536 3679 venatione
1576 3624 1902 3694 perfruens.
1969 3624 2061 3681 Sic

461 3712 612 3768 Elias
636 3713 662 3752 ι)
699 3727 895 3768 corvos
918 3712 1114 3768 habuit
1145 3713 1892 3773 obsonatoressb‘ic’Elisreus
1926 3719 2056 3774 ber-

459 3804 548 3858 bis
574 3803 886 3874 agrestibus
917 3803 1218 3874 discipulos
1252 3807 1410 3876 .pavit
1429 3818 1474 3860 ο.
1511 3806 1622 3862 Sed
1651 3808 1783 3877 quid
1836 3818 2059 3879 oportet

462 3893 760 3947 memorari
783 3894 1010 3948 vetera?
1057 3893 1298 3949 Joannes
1347 3896 1460 3960 ille,
1503 3895 1596 3966 qui
1627 3897 1791 3966 paulo
1842 3906 1970 3954 ante
2001 3884 2063 3953 in

461 3983 700 4039 Iordane
740 3982 1084 4053 baptizabat,
1127 3983 1296 4039 vitam
1328 3992 1497 4039 totam
1532 3985 1588 4039 in
1637 3985 1860 4042 deserto
1889 4004 2058 4059 agens

463 4074 692 4130 locustis
714 4073 1073 4141 vescebatur,
1102 4084 1159 4129 et
1197 4090 1360 4145 apum
1393 4075 1693 4146 agrestium
1723 4077 1925 4134 Γανίδα.
1957 4081 2055 4134 Ni-

465 4165 543 4220 hil
593 4165 762 4238 igitur
806 4165 1111 4221 absurdum
1154 4174 1258 4231 est,
1298 4165 1343 4220 si
1387 4175 1444 4220 et
1470 4182 1571 4222 nos
1605 4184 1827 4240 quoque
1873 4186 1903 4226 a
1941 4172 2055 4228 Deo

463 4259 615 4314 victu
647 4273 790 4315 novo
811 4258 885 4314 ita
911 4258 1242 4323 nutriamur,
1285 4266 1343 4312 ut
1371 4258 1604 4328 panibus
1631 4275 1741 4316 non
1770 4277 2050 4332 egeamus.

535 4616 564 4643 ἰ
597 4607 730 4664 Luc.
761 4625 832 4669 IV,
867 4609 920 4663 5.
991 4619 1017 4647 τ
1045 4609 1237 4666 Matth.
1272 4625 1387 4674 VIII,
1427 4611 1517 4664 ‘29.
1597 4625 1624 4651 ι
1655 4607 1820 4663 Marc.
1861 4623 1899 4668 ι,
1921 4608 2012 4664 τι.

2161 3355 2273 3428 γὰρ
2319 3352 2386 3412 ἂν
2424 3351 2537 3412 τοῖς
2586 3345 2768 3416 μόνοις
2801 3343 2836 3413 ἡ
2878 3341 2988 3396 τῶν
3025 3337 3331 3410 ἀνθρώπων
3359 3339 3750 3410 συγκρατεῖται

2163 3447 2298 3516 ζωή·
2336 3441 2451 3496 ἀλλ’
2495 3439 2657 3510 ἀρκεῖ
2701 3437 2855 3506 ῥῆμα
2895 3431 3034 3486 Θεοῦ
3074 3435 3258 3486 πᾶσαν
3298 3430 3409 3484 τῶν
3444 3429 3751 3504 ἀνθρώπων

2160 3536 2452 3608 διαθρέψαι
2480 3533 2581 3605 τὴν
2605 3529 2790 3602 φύσιν.
2822 3528 3011 3591 Οὕτως
3039 3530 3067 3581 ὁ
3102 3525 3494 3597 ἰσραηλιτικὺς
3532 3523 3752 3593 διετρά-

2163 3647 2241 3700 φη
2283 3628 2411 3690 λαὸς
2443 3623 2856 3695 τεσσαράκοντα
2893 3619 2987 3690 ἔτη
3025 3619 3084 3673 τὸ
3112 3619 3288 3690 μάννα
3325 3617 3624 3681 συλλέγων,
3655 3615 3751 3668 καὶ

2162 3721 2335 3792 θήρας
2363 3717 2593 3790 ὀρνίθων
2624 3713 2915 3769 ἀπολαύων
2957 3711 3345 3782 πεπεδημένης
3378 3709 3541 3780 βουλῇ
3585 3708 3746 3762 Θεοῦ’

2160 3813 2257 3866 καὶ
2312 3810 2502 3872 Ἠλίας
2558 3807 2804 3876 κόρακας
2859 3805 3182 3876 ἑστιάτορας
3227 3803 3384 3874 ἔσχεο
3433 3803 3531 3858 καὶ
3573 3801 3750 3856 Ἐλισ-

2161 3905 2312 3967 σαῖος
2352 3900 2566 3972 ἀγρίοις
2605 3898 2860 3968 λαχάνοις
2904 3897 3032 3960 τοὺς
3068 3895 3339 3960 διασώσας
3385 3898 3434 3929 ³⁰
3467 3895 3742 3966 διίθρεψε.

2159 3995 2271 4050 Καὶ
2306 3993 2363 4046 τί
2405 4009 2473 4062 με
2520 3991 2602 4044 δεῖ
2648 3989 2830 4058 λέγειν
2862 3991 2930 4044 τὰ
2971 3988 3213 4054 παλαιάς
3264 3988 3516 4058 Ἰωάννης
3543 3983 3748 4050 οὗτοςό

2161 4085 2438 4157 βαπτίζων
2483 4083 2712 4154 ἔναγχος
2753 4085 2810 4137 ὲν
2842 4082 2920 4153 τῷ
2969 4081 3235 4153 Ἰορδάνῃ,
3267 4081 3450 4134 πᾶσαν
3488 4080 3590 4150 τὴν
3630 4079 3748 4151 ἡλι-

2157 4179 2285 4234 κίαν
2330 4180 2390 4233 ὲν
2419 4180 2484 4249 τῇ
2520 4177 2716 4248 ἐρήμῳ
2753 4174 3286 4244 διατελέσας,ἀκρίσι
3323 4173 3615 4244 τρέφεται,
3652 4171 3747 4226 καὶ

2160 4273 2424 4346 μελιττῶν
2464 4271 2674 4341 ἀγρίων
2705 4268 2928 4340 καρπῷ.
2959 4267 3125 4321 Οὐδὲν
3156 4266 3336 4320 τοίνυν
3369 4265 3618 4328 suam?
3645 4265 3744 4318 καὶ

2157 4366 2306 4436 ἡμᾶς
2353 4363 2459 4417 ὑπὸ
2505 4361 2640 4415 Θεοῦ
2692 4360 2820 4433 ξένῃ
2850 4357 3168 4429 ἑστιαθῆναι
3198 4360 3396 4430 τροφῇ,
3434 4357 3531 4411 καὶ
3562 4357 3746 4430 ἄρτων

2080 4442 2136 4499 D
2164 4449 2240 4522 μὴ
2263 4448 2545 4522 δεηθῆναι.

2149 4607 2285 4663 Luc.
2320 4622 2392 4673 rv,
2419 4607 2473 4662 4.
2552 4619 2577 4647 ι
2599 4605 2745 4662 Psal.
2774 4621 2968 4671 ann,
2997 4605 3066 4660 23
3092 4619 3208 4675 seq.
3288 4603 3315 4643 ιι
3344 4604 3414 4659 Ill
3447 4605 3577 4676 Beg.
3609 4621 3743 4670 xvn,

465 4675 583 4732 4-6
614 4694 725 4734 sec.
763 4677 929 4732 LXX.
999 4691 1032 4719 ~¢
1059 4681 1142 4736 "IV
1177 4681 1322 4750 'Reg.
1369 4696 1441 4745 tv,
1470 4680 1540 4735 '58
1568 4696 1686 4749 seq.
1765 4679 1790 4718 ει
1828 4677 1995 4734 Marc.
2045 4695 2086 4743 ι,
2122 4679 2174 4735 6.

485 4793 506 4820 ’·
1803 4793 2034 4850 VARle
2071 4794 2473 4852 LECTIONES.

536 4934 582 4968 “
606 4934 702 4988 Υἱὲ
723 4953 778 4991 τ.
810 4937 874 4990 Θ.
903 4935 1242 5010 Ποε.⁹ίησοῦ.
1268 4935 1414 5006 quod
1440 4937 1560 5010 l._c.
1591 4935 1871 5010 praecedit.
1937 4938 1992 4971 ’¹⁶
2013 4937 2064 4992 τί
2091 4933 2381 5010 ἧλθ.ς·11)ἱ(1.
2405 4933 2570 5010 ἦλθες
2600 4932 2728 4992 ὧδε.
2770 4937 2849 5010 _"
2874 4934 3467 5010 ὁρκίζω-βασανίσῃς.
3500 4935 3630 4992 Haec
3655 4938 3744 4992 vi-

466 5003 667 5092 dentur
695 5020 762 5092 es
783 5009 989 5092 c.'v,"_7,
1017 5007 1203 5092 addita
1229 5003 1350 5092 esse
1393 5003 1733 5092 ormisso'rbv‘
1753 5007 1887 5090 Θεὸν
1913 5003 2280 5092 ροειιρρδκίζω
2315 5026 2393 5092 σε.
2429 5003 2441 5010 ’
2474 5010 2534 5092 η-
2554 5009 2735 5078 μόνον.
2769 5003 3115 5092 PostQpaue‘a
3152 5003 3364 5092 Iegitur
3389 5003 3576 5078 μόνῳ,
3619 5023 3747 5078 qua:

463 5084 543 5131 est
580 5086 798 5146 recepta
835 5077 998 5131 lectio
1037 5077 1076 5131 Ι.
1104 5091 1154 5131 c.
1237 5077 1279 5108 ιθ
1302 5078 1388 5130 ἐν.
1414 5076 1560 5132 Loco
1591 5076 1685 5131 cit.
1720 5077 1826 5148 leg.
1853 5076 1965 5132 ἐπί.
2043 5079 2089 5111 ’⁸
2111 5076 2266 5134 διας.
2311 5076 2634 5150 Legendum
2670 5092 2793 5134 esse
2825 5077 3046 5132 videtur
3080 5076 3369 5141 θιασώτας.

1996 5208 2230 5269 ΝΟΤΕ.

493 5341 502 5348 ε
539 5323 615 5393 (Ι)
641 5320 813 5393 Addit
845 5319 1209 5393 Gombefistus
1232 5335 1318 5391 ap.
1341 5319 1592 5393 Galland.
1620 5318 1714 5389 IX,
1735 5322 1842 5379 “8
1872 5322 2052 5390 :Quid

463 5389 605 5448 vero
628 5389 930 5461 Dominus?
957 5391 1180 5461 Appetit
1221 5389 1444 5460 quidem
1472 5393 1678 5456 cibum,
1724 5402 1779 5448 at
1804 5389 2057 5450 domina-

463 5476 554 5518 tur
581 5459 872 5530 appetitui,
895 5459 1016 5514 non,
1037 5459 1208 5516 servit
1231 5459 1627 5532 voluptatibus.
1677 5463 1877 5518 Invitat
1922 5480 2054 5520 esu-

463 5531 658 5586 riendo
687 5529 1064 5586 adversarium
1086 5531 1153 5585 ad
1179 5531 1340 5586 lucta:
1365 5541 1676 5591 certamen:
1701 5535 2054 5591 illiusautem

465 5576 667 5671 ἰνῖἱῖὄί
688 5576 936 5671 Emistin?
952 5576 1340 5671 ’ᾗίἰῖιῦἓόιῖιῖἦῖ
1367 5576 1448 5656 iiii
1457 5576 1644 5668 ἷιῖἔίιῖιῖ
1661 5576 1676 5599 ⁹
1695 5576 1850 5658 HJK"
1864 5576 2054 5660 δῖνῒὰἓὶ

463 5669 726 5749 potentia.
763 5669 1316 5749 Pugnatiexpug’nat,
1340 5672 1540 5749 vineit,
1579 5673 1748 5749 fugat,
1800 5675 2052 5749 tyranni-

466 5737 589 5795 dem
613 5737 883 5808 dissolvit,
925 5737 1361 5799 imbecillitatem
1389 5745 1590 5812 arguit,
1625 5737 1854 5800 {elatam
1876 5743 2053 5799 victo-

2155 5323 2621 5414 riam‘bostisque.
2672 5325 2884 5414 cladem
2924 5328 3185 5414 traducit.
3225 5350 3244 5384 ι
3267 5325 3542 5414 Confiditg
3565 5330 3718 5414 enim

2155 5398 2355 5466 inquit,
2387 5411 2490 5466 ego
2515 5398 2623 5451 vici
2654 5398 2927 5480 mundum
2951 5400 3321 5483 ~v(Jogn._xvi,
3357 5402 3470 5482 ζὴ).
3502 5401 3743 5484 (lancul-

2153 5467 2390 5521 candum
2421 5475 2714 5537 tyrannum
2746 5483 2815 5522 ns
2835 5484 2930 5537 qm
2959 5485 3106 5524 serv:
3137 5472 3270 5526 olim
3296 5471 3742 5526 tlltoaddtceban-

2143 5544 2246 5589 tur
2282 5535 2528 5606 exponit.
2577 5555 2596 5587 ι
2619 5535 2762 5592 Ecce
2787 5535 3098 5611 dedivobis
3124 5549 3457 5611 potestatem
3492 5540 3742 5611 calcandi

2153 5620 2322 5674 super
2359 5614 2648 5682 serpentes
2671 5616 2726 5682 e_t
2751 5609 3073 5682 scorpiones
3100 5609 3158 5668 et
3181 5627 3348 5682 super
3370 5627 3594 5670 omnem
3625 5610 3742 5668 vir-

2151 5683 2331 5731 tutem
2366 5675 2579 5731 inimici
2612 5696 2628 5727 ι
2663 5675 2812 5747 (Luc.
2841 5675 2896 5744 κζ
2929 5679 3034 5750 19).
