2040 3239
186 223 216 257 81

766 228 1001 262 AUCTARIUM.
1024 246 1056 251 —
1075 235 1124 264 AD
1142 234 1230 265 TOM.
1250 236 1299 266 IV.

1788 244 1831 275 82~

221 279 343 316 Ἦλγησε
371 281 422 316 μὲν
443 282 481 315 ὡς
504 283 631 320 ἡττηθεὶς
645 285 720 317 ἅπαξ
737 286 751 311 ὁ
779 286 910 321 Πονηρὸς,
928 287 969 313 οὐ)

1067 287 1147 323 126
1162 288 1254 315 Doluit
1277 289 1387 324 quidem
1411 299 1528 326 nequam
1551 291 1595 320 illc
1618 293 1702 321 semel
1721 294 1821 326 victus.

183 326 359 361 ἀπηγόρευσε
385 326 413 353 δὲ
436 328 485 363 τὴν
505 329 601 365 νίκην,
628 330 749 362 ἀκούσας
775 331 812 362 ὥς
835 331 978 367 ἄνθρωπος

182 371 234 407 εἴη·
252 372 315 399 Οὐκ
334 371 384 398 ἐπ’
403 372 483 407 ἄρτῳ
497 375 567 409 γὰρ,
587 375 664 410 φησὶ,
678 375 761 410 μόνῳ
785 375 904 409 ζήσεται
924 378 977 403 ἅν-

182 417 308 450 θρωπος.
330 416 378 443 Διὸ
403 417 535 453 δευτέραν
552 419 626 455 αὐτῷ
643 421 689 446 καὶ
709 421 804 456 τρίτην
824 420 902 453 αὖθις
918 423 977 448 πεῖ-

182 469 231 496 ραν
248 462 374 498 κροᾲδει,
396 463 435 498 πή
453 464 503 498 μὲν
524 464 622 498 λέγων’
638 467 672 492 El
695 466 761 499 Υἱὸς
779 465 808 493 εἴ
824 467 875 494 τοῦ
891 467 976 500 Θεοῦ,

179 505 259 538 βάλε
281 507 416 535 σεαυτὸν
431 509 547 536 ἄνωθεν
567 511 590 526 ”
608 515 615 522 '
627 511 715 544 κάτω,
736 513 783 538 καὶ
803 513 846 539 διὰ
871 513 977 539 κενοδο-

182 552 240 584 ξίας
251 553 447 581 ἐπιϐουλεύων·
468 555 506 591 πὴ
531 556 559 582 δὲ
578 556 628 588 τὰς
650 557 698 592 τῆς
717 558 883 594 οἰκουμένης
896 558 975 593 βασι-

181 597 255 629 λείας
277 599 444 633 ἐπιδεικνὺς,
461 601 509 627 καὶ
526 601 629 634 ταύτας
644 603 806 630 ἀντιδώσειν
829 604 976 639 ὑπισχνού-

183 651 274 677 μενος,
302 645 325 670 εἰ
353 646 488 681 πρότερον
514 648 579 682 παρ’
599 647 682 674 αὐτοῦ
707 648 757 683 τὴν
788 649 976 685 προσκύνησιν

182 689 267 716 λᾶῦοι.
288 689 334 721 Ὦς
356 690 386 717 δὲ
410 691 492 718 πάλιν
516 693 598 720 αὺτὸν
620 693 674 720 τῶν
691 694 815 721 παλαιῶν
839 695 975 730 ἀνέμνησε

182 735 314 771 νομίμων,
335 736 384 763 καὶ
405 737 524 770 ἐδίδαξεν
545 738 586 765 ὅτι
610 739 659 765 οὐκ
681 739 806 771 ἀνέξεται
822 740 908 775 ἑτέρῳ
919 740 974 766 τινὶ

183 781 212 807 τὸ
225 780 295 807 θεῖον
306 781 392 817 γέρας
412 784 618 818 προσενεγκεῖν,
639 784 780 820 ὑπέμνησε
797 785 825 812 δὲ
846 786 893 812 καὶ
914 785 974 812 ἑτέ-

187 834 239 861 ρων
252 826 299 854 τοῦ
311 827 381 854 Θεοῦ
401 828 574 864 διδαγμάτων
590 829 804 866 διαγορευόντων
826 831 864 866 μὴ
876 832 974 867 πειρά-

185 870 239 903 ζειν
263 871 311 899 τὸν
337 872 392 900 τῶν
418 874 487 900 ὅλων
504 874 581 908 Θεὸν,
597 876 611 902 ὁ
627 876 677 911 μὲν
701 877 806 912 ἀπέδρα
827 877 877 911 τῆς
890 877 974 912 ἥττης

182 917 228 953 τὴν
245 917 378 954 αἰσχύνην
402 920 434 946 ού
455 920 557 956 φέρων,
585 922 632 948 καὶ
655 922 761 949 δειλιῶν
781 924 827 949 καὶ
852 923 972 959 τρέμων,

181 962 227 989 καὶ
238 963 291 999 τῆς
301 965 460 999 τυραννίδος
473 966 690 1002 ὲκὸληθήσεσθαι
701 968 868 1004 προσδοκῶν.
882 969 974 996 Πάντα

179 1007 234 1044 γὰρ
257 1009 341 1036 αὑτοῦ
361 1011 486 1043 κενώσας
510 1012 543 1039 τὰ
564 1012 640 1048 βέλη,
661 1013 708 1040 καὶ
721 1014 811 1045 πάσας
826 1014 908 1040 αὑτοῦ
923 1014 974 1049 τῆς

178 1053 287 1090 ἀπάτης
309 1055 360 1087 τὰς
378 1055 468 1088 πάλας
492 1058 683 1092 προσενεγκὼν
694 1080 701 1090 ,
720 1058 841 1093 ἄτρωτον
852 1056 913 1094 εὗρε
927 1059 973 1085 καὶ

177 1099 314 1135 ἀήττητον
338 1101 384 1128 τὸν
402 1101 533 1138 ἀθλητὴν,
546 1103 593 1129 καὶ
613 1103 651 1136 ὡς
664 1104 701 1139 τῷ
719 1104 780 1131 ’Δδᾶι
786 1114 805 1140 μ
819 1105 973 1140 προσελθὼν

174 1145 223 1181 οὐχ
241 1142 335 1182 εὗρεν,
357 1146 387 1174 ὃν
404 1148 601 1184 προσεδόκησε.

209 1246 259 1282 Τῷ
276 1246 306 1273 δὲ
320 1247 418 1283 νικητῇ
436 1247 634 1281 προσελθόντες
655 1248 777 1283 ἄγγελοι,
792 1250 816 1276 οἳ
831 1249 972 1285 πόρρωθεν

132 1288 142 1297 “
174 1291 313 1329 ἐθεώρουν
332 1292 382 1328 τὴν
400 1293 502 1328 πάλην,
513 1293 640 1329 καθάπερ
656 1294 726 1326 τινὲς
744 1295 857 1330 ἐρασταὶ
880 1295 972 1329 διηκό-

173 1346 247 1369 νουν,
264 1337 404 1373 ἐχόρευον,
426 1338 571 1373 εὓφήμουν
588 1338 634 1365 τὸν
650 1338 780 1375 ἀθλητὴν,
795 1340 970 1374 ἐστεφάνουν,

173 1383 371 1419 ἀνεκήρυττον,
386 1382 496 1419 ἔχαιρον
515 1384 563 1411 ἐπὶ
583 1386 617 1420 τῇ
630 1385 684 1411 τῶν
701 1386 854 1420 ὁμοδούλων
867 1387 914 1413 ἀνο
921 1386 972 1422 ρώ-

172 1437 230 1456 πων
248 1428 407 1465 ἐλευθερίᾳ,
424 1430 572 1464 ὲγάννυντο
591 1430 639 1457 τοῦ
652 1430 800 1458 ἀντιπάλου
820 1431 869 1467 τὴν
885 1429 971 1467 ἧτταν

172 1474 302 1511 ὁρῶντες.

201 1531 302 1559 Ταῦτα
314 1532 365 1568 τὴν
384 1532 576 1569 Ἀπολιναρίου
596 1534 788 1570 ματαιολογίαν
806 1535 922 1570 ἐλέγχει,
940 1535 970 1567 ὃς

168 1577 227 1604 ἀντὶ
243 1577 294 1604 νοῦ
312 1578 358 1605 τὸν
376 1578 443 1606 Θεὸν
465 1579 553 1613 Λόγον
572 1580 713 1615 ἐνοικῆσαι
738 1581 813 1615 λέγει
827 1583 859 1616 τῇ
881 1590 965 1614 προσ-

991 962 1009 989 Β

1030 341 1081 359 nec
1097 338 1187 360 tamen
1202 334 1235 361 de
1248 335 1361 362 victoria
1380 344 1455 371 spem
1473 338 1583 373 abjecit,
1600 347 1661 366 cum
1676 340 1749 367 hunc
1762 349 1824 369 esse

1030 378 1169 406 hominem
1181 380 1299 412 audiret,
1310 381 1356 415 qui
1372 381 1480 409 dicebat
1495 392 1500 409 :
1513 383 1571 410 Non
1586 393 1654 419 pane
1666 385 1751 413 solum
1761 387 1823 414 υἱυὶι

1028 425 1115 451 Ιισηιο.
1130 425 1194 452 Ideo
1211 426 1325 453 alteram
1348 427 1409 461 ipsi,
1431 428 1594 463 tertiamque
1613 431 1744 458 continuo
1760 436 1822 459 ten-

1029 470 1162 497 tationem
1177 471 1253 498 velut
1276 472 1412 506 przecinit,
1433 473 1515 500 modo
1538 474 1649 508 quidem
1662 475 1756 503 dicens
1775 475 1822 502 :Si

1028 514 1110 541 Filius
1125 516 1171 542 Dei
1185 524 1221 549 es,
1240 518 1312 543 mitte
1329 522 1351 543 te
1365 518 1496 551 deorsum,
1506 520 1614 547 inanem
1628 521 1739 556 gloriam
1753 521 1821 548 insi-

1027 559 1104 587 diose
1131 561 1277 589 consulens
1303 570 1308 588 :
1329 563 1410 590 modo
1435 571 1518 599 regna
1542 565 1662 592 universi
1683 570 1819 594 terrarum

1027 605 1102 633 orbis
1121 611 1273 639 ostentans,
1296 615 1382 642 eaque
1403 617 1431 636 se
1451 610 1650 638 retributurum
1669 611 1818 646 spondens,

1027 651 1049 679 si
1063 652 1139 687 prius
1152 653 1186 679 ab
1201 661 1234 680 eo
1259 653 1428 681 adorationis
1448 655 1553 683 cultum
1577 657 1738 691 accepisset.
1762 657 1815 685 Sed

1026 702 1171 733 postquam
1186 699 1275 734 ipsum
1288 699 1414 728 Christus
1430 701 1463 727 ad
1484 706 1608 735 veterum
1629 703 1816 730 institutorum

1026 745 1188 772 memoriam
1212 746 1361 779 revocavit,
1380 747 1527 782 docuitque
1550 755 1578 774 se
1591 755 1646 775 non
1658 748 1819 775 commissu-

1026 799 1097 823 rum,
1112 795 1142 818 ut
1154 791 1288 819 honorem
1303 792 1358 819 Deo
1372 792 1496 820 debitum
1511 793 1589 820 alteri
1598 793 1725 828 cuiquam
1741 793 1818 820 exhi—

1025 836 1114 868 beret,
1130 844 1181 864 nec
1192 845 1248 864 non
1264 837 1408 865 admonuit
1421 837 1538 867 aliorum
1552 838 1601 865 Dei
1615 838 1816 865 mandatorum.

1025 890 1086 916 quae
1105 882 1228 915 edicunt,
1252 891 1307 910 non
1323 884 1331 893 ‘
1352 884 1513 911 tentandum
1536 891 1597 911 esse
1625 884 1817 911 universorum

1025 928 1111 955 Deum
1126 937 1132 954 :
1150 928 1256 964 aufugit
1267 929 1312 956 ille
1323 929 1446 964 quidem,
1460 937 1516 956 non
1527 930 1620 956 ferens
1637 929 1815 964 ignominiam

1025 973 1111 1000 cladis
1128 981 1194 1006 sum,
1213 982 1371 1009 pavensque
1393 982 1425 1001 ac
1443 975 1667 1007 contremiscens,
1686 982 1769 1008 seque
1783 982 1815 1001 ex

1024 1020 1169 1055 tyrannide
1200 1020 1384 1056 dejiciendum
1410 1024 1589 1056 exspectans,
1623 1021 1723 1055 quippe
1754 1029 1816 1047 cum

1024 1066 1166 1093 exhaustis
1181 1066 1310 1094 omnibus
1332 1066 1406 1098 telis,
1428 1066 1611 1101 omnibusque
1630 1065 1759 1092 adhibitis
1775 1066 1817 1092 lu—

1024 1112 1117 1139 ctandi
1139 1111 1210 1139 dolis
1233 1112 1437 1139 invulneratum
1457 1111 1614 1146 reperisset,
1630 1111 1816 1145 invictumque

1024 1158 1155 1193 pugilem,
1177 1165 1228 1185 nec
1252 1158 1361 1193 qualem
1378 1157 1563 1192 exspectabat,
1583 1164 1644 1184 cum
1666 1156 1699 1183 ad
1727 1157 1815 1192 ipsum

1024 1202 1140 1236 perinde
1156 1206 1239 1236 atque
1253 1202 1287 1228 ad
1302 1202 1437 1229 Adamum
1455 1201 1608 1229 accederet.

1056 1248 1151 1282 Angeli
1165 1248 1212 1282 qui
1234 1255 1352 1283 pugnam
1374 1247 1482 1274 eminus
1494 1246 1665 1282 spectabant,
1683 1247 1816 1274 acceden-

1023 1297 1064 1319 tes
1083 1292 1192 1324 victori,
1210 1293 1286 1319 velut
1304 1292 1384 1319 amici
1403 1292 1514 1326 quidam
1539 1291 1741 1322 ministrabant.
1754 1299 1815 1326 age-

1022 1338 1142 1372 bantque
1155 1338 1280 1369 choreas,
1297 1341 1324 1365 et
1338 1338 1505 1373 gratulantes
1514 1337 1668 1370 victoriam,
1685 1337 1814 1364 athletam

1022 1383 1201 1415 coronabant,
1214 1383 1343 1410 laudibus
1353 1382 1517 1415 aﬂiciebant,
1535 1387 1562 1410 et
1578 1382 1739 1413 laetabantur
1756 1387 1814 1409 tum

1022 1429 1056 1456 de
1069 1437 1266 1457 conservorum
1288 1430 1430 1457 hominum
1444 1431 1582 1464 libertate,
1597 1435 1655 1463 tum
1668 1430 1701 1460 de
1718 1430 1814 1457 adver-

1021 1475 1086 1502 sarii
1103 1475 1191 1508 clade,
1209 1483 1291 1511 quam
1304 1476 1492 1505 intuebantur.

1057 1531 1121 1559 Haec
1143 1532 1336 1567 Apollinaris‘|
1360 1538 1481 1569 arguunt
1498 1535 1663 1567 vanitatem,
1690 1535 1737 1570 qui
1762 1543 1813 1570 pro

1021 1578 1129 1606 ratione
1158 1579 1211 1614 (vel
1238 1580 1340 1615 mente)
1368 1581 1455 1607 Deum
1478 1582 1599 1609 Verbum
1622 1582 1649 1608 in
1674 1587 1813 1617 assumpta

167 1622 305 1659 ληφθείσῃ
321 1624 414 1659 σαρκί.
432 1625 465 1651 Et
487 1625 541 1660 γὰρ
556 1626 606 1652 οὐκ
624 1624 697 1662 εἶχεν
716 1627 887 1661 ἀνθρώπινον
905 1628 967 1654 νοῦν

1021 1632 1103 1652 carne
1117 1625 1216 1652 asserit
1230 1625 1378 1654 habitasse.
1391 1627 1459 1654 Nam
1482 1627 1504 1654 si
1521 1635 1575 1654 non
1595 1628 1691 1655 habuit
1714 1628 1811 1655 huma-

166 1669 183 1704 ἡ
194 1669 389 1703 ἀναληφθεῖσα
404 1669 496 1704 φύσις,
521 1671 587 1702 Θεὸς
603 1672 653 1706 μὲν
677 1670 711 1708 ἦν
727 1673 741 1699 ὁ
762 1674 830 1709 πρὸς
850 1674 895 1700 τὸν
909 1674 966 1701 διά-

165 1713 245 1742 ϐολον
260 1714 482 1751 ἀγωνισάμενος,
496 1716 562 1748 Θεὸς
577 1717 605 1743 δὲ
621 1717 634 1743 ὁ
651 1717 701 1753 τὴν
726 1718 809 1754 νίκην
828 1719 965 1754 ἀναδησά-

167 1768 265 1796 μενος,
281 1760 350 1787 Θεοῦ
365 1760 395 1787 δὲ
411 1762 598 1797 νενικηκότος,
614 1762 670 1797 ἐγὼ
685 1763 734 1798 μὲν
746 1764 843 1791 οὐδένα
860 1765 967 1792 ἀπωνά-

165 1814 221 1841 μην
241 1806 300 1842 τῆς
314 1807 413 1842 νίκης,
437 1807 476 1840 ὡς
500 1808 575 1834 οὐδὲν
601 1810 640 1840 είς
666 1809 769 1844 ταύτην
791 1811 964 1845 εἰσενεγκὼν.

169 1853 257 1880 una:
290 1853 338 1880 καὶ
358 1853 407 1889 τῆς
434 1853 561 1880 ἐντεῦθεν
586 1855 759 1891 εὐφροσύνης
784 1856 965 1892 γεγύμνωμαι

162 1898 212 1924 ἐπὶ
233 1898 382 1935 τροπαίοις
395 1898 519 1935 γαυριῶν
536 1899 696 1935 ἀλλοτρίοις·
722 1902 801 1936 αὐχεῖ
825 1902 853 1928 δὲ
870 1903 884 1929 ὁ
908 1902 965 1929 διά-

161 1943 243 1976 ϐολος
258 1943 310 1970 καὶ
333 1943 470 1979 κομπάζει
494 1944 542 1971 καὶ
561 1945 632 1979 μέγα
650 1947 744 1980 φρονεῖ
768 1946 816 1973 καὶ
834 1946 966 1982 σεμνύνεη

161 1997 218 2022 ται,
231 1989 276 2021 ὡς
287 1988 348 2024 Θεῷ
367 1989 503 2022 παλαίσας
521 1990 568 2017 καὶ
585 1991 638 2017 ὑπὸ
652 1991 719 2018 Θεοῦ
734 1992 875 2028 ἡττηθείς’
892 1992 964 2029 μέγα

161 2038 218 2072 γὰρ
229 2034 312 2062 αὐτῶ
324 2035 372 2062 καὶ
383 2035 414 2063 τὸ
423 2035 574 2072 ἡττηθῆναι
590 2037 644 2065 ὑπὸ
655 2037 733 2065 Θεοῦ,

196 2125 348 2160 Χρήσαιτο
369 2123 393 2151 δ’
408 2124 441 2152 ἂν
462 2125 510 2152 καὶ
529 2125 723 2161 δικαιολογίαις
750 2128 890 2162 εὐλόγοις,
918 2130 964 2155 καὶ

159 2170 249 2197 εἴποι·
277 2169 361 2204 Ἐγὼ,
382 2170 507 2198 Δέσποτα
524 2172 570 2198 καὶ
587 2173 688 2207 ποιητὰ
698 2173 751 2199 τῶν
763 2173 842 2205 ὅλων,
854 2174 883 2200 οὐ
896 2174 964 2208 πρὸς

159 2214 192 2242 σὲ
208 2215 266 2252 τὴν
284 2215 376 2251 μάχην
394 2216 573 2252 ἀνεδεξάμην·
593 2216 652 2244 οἶδα
668 2219 722 2254 γάρ
745 2227 792 2245 σου
809 2220 859 2255 τὴν
874 2219 963 2252 ἀξίαν,

157 2259 321 2295 ἐπίσταμαι
341 2260 392 2296 τὴν
405 2261 541 2293 ἐξουσίαν,
568 2262 694 2296 γινώσκω
715 2264 764 2299 τὴν
785 2265 962 2298 δεσποτείαν,

1016 1678 1080 1697 nam
1091 1676 1211 1698 mentem
1230 1672 1308 1706 127
1327 1677 1465 1707 assumpta
1479 1678 1577 1700 natura
1589 1694 1597 1706 ,
1614 1674 1686 1701 Deus
1701 1674 1811 1708 quidem

1017 1716 1069 1743 erit
1079 1717 1112 1748 ",
1137 1717 1184 1751 qui
1207 1721 1304 1745 contra
1319 1717 1457 1745 diabolum
1473 1718 1588 1746 certavit
1604 1727 1609 1745 :
1626 1719 1698 1745 Deus
1717 1719 1810 1749 etiam,

1016 1763 1064 1797 qui
1086 1763 1231 1790 victoriam
1258 1768 1389 1798 operatus
1421 1765 1543 1797 est.Deo
1566 1769 1657 1792 autem
1681 1770 1811 1799 operante

1015 1809 1168 1841 victoriam,
1179 1817 1230 1844 ego
1244 1810 1355 1844 quidem
1366 1810 1400 1837 de
1416 1810 1466 1837 hac
1478 1811 1592 1838 victoria
1607 1810 1675 1837 nihil
1686 1810 1811 1837 utilitatis

1016 1855 1120 1889 accepi,
1136 1856 1211 1882 velut
1232 1856 1278 1890 qui
1299 1855 1368 1882 nihil
1391 1856 1456 1883 huic
1475 1855 1576 1883 inferre
1590 1856 1738 1890 potuerim.
1758 1856 1811 1883 Sed

1016 1906 1043 1928 et
1064 1901 1169 1932 laetitia,
1192 1909 1253 1935 quae
1274 1908 1308 1928 ex
1321 1901 1372 1929 hac
1395 1910 1424 1929 re
1439 1902 1563 1937 contigit,
1588 1902 1700 1937 privor,
1724 1909 1808 1936 super

1016 1946 1162 1980 triumphis
1177 1946 1274 1973 alienis
1287 1947 1443 1980 exsultans;
1462 1946 1593 1981 tripudiat
1609 1950 1700 1973 autem
1715 1946 1811 1974 diabo-

1015 1991 1070 2022 lus,
1085 1995 1113 2018 ct
1128 1991 1280 2023 extollitur,
1293 1995 1321 2018 et
1336 1992 1470 2027 superbit,
1483 1997 1566 2026 atque
1574 1992 1717 2026 gloriatur,
1731 1993 1810 2026 quasi

1015 2044 1079 2064 cum
1106 2037 1162 2064 Deo
1190 2037 1309 2065 luctatus
1326 2037 1361 2064 sit
1370 2036 1393 2052 ’³
1411 2045 1417 2064 :
1435 2044 1564 2073 magnum
1590 2039 1634 2065 est
1654 2036 1728 2065 enim
1751 2037 1808 2069 illi,

1015 2083 1097 2109 etiam
1109 2090 1123 2109 a
1133 2082 1188 2109 Deo
1206 2084 1341 2117 superari.

1051 2127 1108 2154 Hac
1127 2127 1210 2154 etiam
1222 2136 1289 2155 usus
1298 2127 1458 2156 defensione
1474 2129 1672 2157 convenienter
1683 2130 1809 2157 diabolus

1016 2173 1072 2200 Deo
1088 2173 1180 2200 dicere
1201 2177 1309 2207 poterat
1327 2183 1332 2199 :
1349 2174 1416 2209 Ego,
1439 2174 1554 2202 Domine
1576 2179 1604 2202 et
1625 2179 1733 2202 creator
1747 2175 1808 2201 uni-

1015 2226 1170 2251 versorum,
1192 2226 1247 2245 non
1262 2223 1357 2246 contra
1375 2223 1401 2247 te
1423 2223 1561 2248 certamen
1583 2221 1733 2255 assumpsi;
1752 2221 1809 2247 scio

1016 2271 1134 2298 namque
1146 2263 1305 2299 dignitatem
1320 2269 1404 2296 tuam,
1426 2265 1549 2300 intelligo
1569 2270 1742 2299 potestatem,
1762 2274 1808 2292 co-

157 2304 295 2340 ὸμολογῶ
315 2306 365 2342 τὴν
382 2306 517 2340 δουλείαν,
541 2308 588 2335 καὶ
611 2308 660 2344 τὴν
683 2309 852 2337 ἀποστασίαν
873 2311 960 2337 νοσῶ·

1021 2316 1114 2343 ;nosco
1126 2308 1353 2342 dominationem,
1379 2310 1466 2337 fateor
1489 2311 1661 2342 servitutem,
1683 2311 1808 2345 quamvis

158 2351 330 2389 παραχωρῶ
344 2352 373 2379 δὲ
391 2353 438 2380 καὶ
459 2354 587 2388 ἀγγέλοις
607 2355 658 2389 τῆς
672 2355 750 2391 νίκης
766 2356 814 2382 καὶ
827 2358 894 2383 πᾶσι
908 2359 964 2389 τοῖς

1021 2354 1108 2389 ‘efuga
1117 2362 1177 2382 esse
1195 2362 1343 2389 cognoscar
1361 2364 1367 2381 :
1386 2356 1530 2382 victoriam
1548 2364 1613 2383 vero
1630 2357 1709 2389 cedo,
1721 2361 1749 2382 et
1761 2365 1809 2383 an—

158 2397 256 2431 αγίοις
285 2397 399 2433 δήμοις,
415 2393 453 2425 ὧν
467 2406 532 2424 ποτε
557 2399 604 2425 καὶ
624 2400 637 2426 ὁ
660 2400 833 2436 ταλαίπωρος
852 2399 892 2433 εἷς
913 2402 964 2428 ὑπ-

1013 2401 1093 2435 gelis,
1114 2404 1143 2427 et
1162 2400 1237 2427 omni
1252 2401 1359 2428 caelesti
1384 2402 1567 2434 multitudini,
1592 2410 1624 2429 ex
1641 2403 1741 2437 quibus
1756 2403 1806 2429 ali-

155 2443 250 2480 ῆρχον
267 2443 395 2479 ὲγὼ.Τὴν
405 2444 435 2471 δὲ
449 2444 540 2480 μάχην
554 2446 622 2480 πρὸς
636 2446 729 2473 τοῦτον
740 2447 918 2483 ἀνεδεξάμην,
929 2448 964 2483 ἣν

1021 2446 1123 2481 [nando
1132 2450 1222 2480 etego
1233 2446 1325 2473 infelix
1334 2447 1503 2475 exstiteram.
1513 2447 1614 2475 Contra
1630 2448 1704 2478 hunc
1715 2453 1806 2475 autem

156 2488 216 2514 ἀπὸ
232 2487 325 2524 πηλοῦ
341 2488 391 2523 μὲν
412 2488 571 2521 διέπλασας,
586 2490 746 2517 κατέἰκὸνα
755 2491 783 2518 δὲ
801 2492 850 2526 σὴν
862 2493 957 2527 ἐποίη-

156 2531 212 2564 σας
245 2533 297 2560 καὶ
328 2533 465 2569 ἐτίμησας
479 2534 518 2569 τῷ
533 2535 614 2569 λόγῳ,
637 2536 683 2562 καὶ
702 2537 867 2572 παραδείσου
888 2538 962 2565 πολί-

157 2586 213 2613 την
235 2578 424 2614 κατέστησας,
454 2579 502 2606 καὶ
522 2579 574 2614 γῆς
598 2581 645 2607 καὶ
670 2581 805 2617 θαλάττης
827 2583 961 2619 δεσπότην

156 2624 320 2660 ἀπέφηνας.
330 2625 442 2658 Τοῦτον,
464 2625 558 2662 ἀπάτῃ
575 2627 758 2662 χρησάμενος,
769 2629 813 2655 οὐν
834 2629 961 2665 ἀνάγκη..

156 2669 311 2706 νενίκηκα·
337 2671 432 2699 τοῦτον
460 2671 541 2707 μέχρι
557 2672 605 2707 τῆς
621 2673 741 2709 σήμερον
756 2675 861 2710 ἡμέρας
877 2675 959 2701 νικῶν

1013 2492 1120 2526 suscepi
1136 2496 1286 2525 certamen,
1313 2501 1396 2528 quem
1419 2494 1453 2521 de
1479 2495 1545 2521 limo
1569 2495 1701 2527 formasti,
1727 2500 1754 2522 ct
1774 2496 1807 2521 ad

1017 2537 1162 2573 imaginem
1176 2543 1249 2565 tuam
1268 2539 1370 2571 fecisti,
1384 2544 1412 2567 et
1429 2541 1533 2568 ratione
1548 2541 1687 2570 honorasli
1698 2560 1705 2572 ,
1719 2544 1746 2567 et
1760 2548 1806 2574 pa-

1016 2584 1100 2611 radisi
1120 2584 1207 2611 civem
1225 2585 1401 2618 constituisti,
1422 2590 1450 2613 et
1465 2590 1547 2613 terra:
1567 2586 1705 2620 marisque
1720 2586 1810 2612 domi—

1016 2637 1081 2656 num
1095 2629 1300 2658 demonstrasti.
1312 2631 1391 2659 Hunc
1401 2631 1572 2662 seductione,
1582 2639 1636 2658 non
1645 2630 1806 2658 necessitate

1015 2675 1111 2710 decepi
1122 2677 1158 2708 “;
1176 2676 1250 2704 hunc
1259 2684 1345 2712 usque
1358 2677 1385 2703 in
1396 2676 1561 2703 hodiernum
1579 2675 1652 2703 diem
1664 2684 1804 2711 superare,

819 2762 937 2791 VARIA‘J
956 2763 1159 2793 LECTIONES.

194 2831 234 2869 ἴθ’
247 2831 291 2858 ἄν.
303 2830 457 2869 an._rv,tf,
470 2831 663 2869 leg.évrsﬁeev.
702 2833 725 2849 ¹¹’
738 2833 797 2861 Ηιει·
809 2833 1044 2869 Apollinaris,etc.
1058 2835 1097 2863 Ex
1109 2835 1193 2862 Mario
1207 2834 1358 2862 Mercatore
1374 2833 1485 2869 quidem
1497 2830 1556 2862 hmo
1570 2833 1712 2869 desumpta
1728 2838 1802 2866 sunt,

155 2867 283 2904 sedppn
291 2873 361 2904 opus
371 2866 425 2904 fuit
439 2866 491 2895 hoc
500 2866 565 2895 loco
578 2875 646 2895 nova
660 2866 1071 2904 interpretati-one,quiatextus
1086 2870 1195 2898 Grzccus
1205 2869 1322 2896 maxima
1332 2877 1366 2896 ex
1383 2866 1534 2904 partercum
1547 2868 1643 2895 Latino
1655 2866 1802 2898 consentit.

156 2902 180 2917 "
195 2901 274 2928 Erit.
292 2900 475 2929 scribendum
488 2906 560 2930 esset
578 2908 645 2930 erat.
684 2903 706 2920 ’³

155 2937 231 2972 (τιή.
246 2936 293 2964 Vel
308 2936 400 2973 potius
414 2937 472 2964 vici.

750 2909 800 2931 urt.
818 2904 861 2931 sit.
883 2903 958 2932 Adde
980 2906 1055 2941 juxta
1072 2909 1175 2932 textum
1195 2904 1329 2937 Graecum,
1348 2908 1371 2930 et
1392 2903 1502 2939 inferior
1519 2904 1674 2931 discesserit.
1711 2904 1732 2919 "'
1749 2904 1801 2933 Dc-
