4080 6458
411 411 484 477 83
1644 415 1963 479 OPERUM
1998 372 2493 479 THEODORETI
3611 409 3682 477 st

412 520 674 595 dejicere,
719 535 793 575 ac
822 520 986 575 morti
1036 519 1254 574 tradere
1302 534 1415 573 non
1462 533 1649 586 cesso;
1703 535 1998 590 persevera

2109 523 2198 576 καὶ
2235 521 2466 592 βάλλων,
2499 520 2595 574 καὶ
2633 519 2712 590 τῷ
2752 518 2970 589 θανάτῳ
3013 516 3398 587 παραπέμπων
3429 517 3679 573 διατελῶ·

409 614 560 669 hunc
592 611 661 667 ad
694 610 932 666 stadium
956 610 1284 681 perducens,
1317 615 1377 663 et
1397 623 1612 663 mecum
1640 609 1834 665 luctari
1852 626 1994 681 pra:-

409 703 647 774 cipiens.
695 702 841 771 Ipse,
877 709 1157 772 spectator
1203 699 1431 765 assiste;
1481 700 1645 755 etiam
1687 708 1804 756 arte
1833 717 1995 771 quam

411 790 631 846 athleta:
676 790 978 854 insumunt,
1032 788 1264 844 ostende
1304 788 1466 859 128
1494 789 1692 859 luctari
1731 790 2000 845 :demon—

411 894 523 938 sua
556 889 613 937 et
643 881 893 936 instituta
922 880 1240 936 certaminis
1257 879 1343 932 “z
1381 896 1542 950 unge,
1577 889 1630 935 ut
1666 881 1852 948 voles;
1881 890 1999 936 tan-

413 982 531 1029 tum
584 989 655 1029 ne
706 972 876 1027 huic‘
912 973 1176 1027 auxilium
1222 970 1471 1043 praebeas
1512 987 1667 1026 :non
1719 972 1866 1026 enim
1919 974 1999 1027 sic

412 1064 591 1121 audax
623 1081 724 1136 ego
747 1074 805 1120 et
837 1074 1021 1119 mente
1046 1064 1311 1134 privatus,
1341 1069 1404 1117 ut
1422 1061 1715 1118 adversum
1744 1070 1799 1120 te
1822 1062 1997 1118 facto-

413 1170 530 1211 rem
565 1165 779 1210 certare
800 1161 1134 1225 pertentem.

486 1338 615 1394 Haec
633 1336 702 1393 ad
735 1336 1077 1393 Salvatorem
1096 1335 1377 1393 Christum
1404 1337 1553 1408 juste
1572 1334 1826 1391 diabolus
1851 1334 2002 1391 dice-

415 1437 521 1494 ret,
564 1429 611 1484 si
640 1444 754 1485 non
791 1436 939 1485 esset
966 1429 1153 1494 homo,
1185 1428 1281 1486 sed
1324 1429 1490 1495 Deus,
1511 1428 1609 1499 qui
1649 1442 1750 1497 pro
1775 1426 2000 1482 homine

414 1518 724 1576 decertaret
738 1521 806 1574 “.

489 1609 546 1667 Si
578 1612 726 1667 enim
760 1612 815 1667 in
843 1611 1065 1667 Christo
1090 1626 1246 1667 mens
1275 1609 1514 1666 humana
1543 1624 1657 1665 non
1685 1618 1826 1675 erat,
1851 1610 2001 1665 Deus

416 1709 601 1755 autem
632 1717 734 1773 pro
765 1711 951 1759 mente
976 1702 1249 1759 exsistens
1291 1701 1625 1772 operabatur
1666 1701 1850 1756 omnia
1879 1717 2003 1771 qua:

416 1791 619 1847 mentis
644 1799 775 1848 sunt
803 1811 815 1846 :
843 1794 987 1849 Deus
1014 1801 1151 1858 erat,
1182 1792 1276 1863 qui
1308 1792 1722 1848 laboraviteum
1747 1806 2002 1862 corpore;

2098 614 2287 668 τοῦτον
2321 614 2401 678 είς
2422 613 2483 666 τὸ
2513 611 2728 666 στάδιον
2756 609 3004 680 ἀγαγὼν,
3036 610 3133 663 καὶ
3161 608 3413 663 παλαίειν
3446 610 3571 681 ἐμοὶ
3596 628 3683 665 κε-

2098 704 2318 768 λεύσας.
2365 703 2536 762 Αὐτὸς
2573 700 2735 771 γενοῦ
2770 699 2971 770 θεατής
3002 699 3096 752 καὶ
3142 698 3252 751 τῶν
3285 699 3685 771 παλαισμάτων

2098 794 2459 865 ἀγωνοθέτης.
2493 794 2558 846 ΕΞ
2584 792 2640 846 δὲ
2676 791 2856 863 βούλει
2880 790 2978 844 καλ⁵
3016 790 3085 843 τὰ
3108 789 3456 862 παιδοτρίϐου
3487 795 3684 857 ποιεῖν,

2097 883 2304 949 δίδαξον
2347 884 2632 948 παλαίειν,
2696 882 2978 947 ὑπῶειξον
3003 881 3153 953 αὐτῴ
3207 882 3307 945 τὰς
3365 883 3463 953 τῆς
3505 883 3667 953 νίκης

2104 975 2297 1040 λαϐὰς,
2330 976 2569 1045 ἄλειψον,
2606 974 2682 1037 ὡς
2728 972 2951 1037 ἐθέλεις,
2993 973 3153 1042 μόνον
3202 972 3278 1044 μὴ
3318 976 3685 1045 συμμαχήσῃς

2099 1070 2406 1125 παλαίοντιο
2457 1070 2518 1122 οὐ
2552 1068 2662 1140 γὰρ
2694 1067 2837 1121 οὕτω
2891 1066 3099 1139 θρασὺς
3128 1065 3262 1135 ἐγὼ,
3291 1067 3389 1120 καὶ
3418 1067 3513 1120 τοῦ
3551 1084 3685 1138 φρον

2099 1165 2210 1217 νείν
2265 1158 2599 1233 ἐξεστηκὼς,
2638 1160 2716 1225 ὥς
2773 1177 2856 1213 σοι
2894 1158 2973 1230 τῷ
3012 1160 3209 1230 ποιητῇ
3265 1157 3516 1212 παλαίειν
3569 1160 3691 1212 ἑπισ-

2100 1252 2376 1326 χειρῆσαι.

2170 1341 2338 1395 Ταῦτ’
2385 1341 2452 1395 ἂν
2494 1337 2653 1395 εἶπεν
2676 1340 2711 1393 ὁ
2760 1338 3007 1404 διάϐολος
3054 1338 3245 1394 δίκαια
3272 1337 3413 1410 πρὸς
3445 1337 3539 1390 τὸν
3569 1339 3689 1390 Σω-

2100 1434 2243 1505 τῆρα
2292 1433 2551 1505 Χριστὸν,
2586 1432 2744 1503 εἰπερ
2783 1432 2886 1486 οὐκ
2918 1430 3205 1503 ἄνθρωπος
3253 1427 3346 1503 ἦν,
3379 1427 3520 1485 ἀλλὰ
3553 1428 3689 1491 Θεὸς

2102 1528 2131 1580 ὁ
2158 1527 2279 1580 ἀντὶ
2306 1524 2599 1597 ἀνθ
2642 1523 2917 1578 παλαίων,

2172 1617 2237 1670 El
2266 1619 2383 1689 γὰρ
2401 1617 2501 1670 οὐκ
2531 1612 2600 1687 ἦν
2641 1618 2702 1670 ὲν
2761 1614 2909 1685 αὐτῷ
2961 1612 3087 1678 νοῦς
3126 1612 3505 1683 ἀνθρώπινος,
3552 1610 3687 1675 Θεὸς

2103 1705 2159 1759 δὲ
2191 1707 2313 1760 ἀντὶ
2351 1704 2443 1761 νοῦ
2479 1705 2739 1777 ὑπάρχων
2763 1705 2832 1758 τά
2859 1701 2935 1774 τῷ
2965 1702 3042 1774 νῷ
3067 1702 3289 1773 ἐνήργει
3317 1701 3691 1773 προσήκονταο

2105 1796 2237 1862 Θεὸς
2271 1798 2370 1869 μὲν
2398 1793 2469 1870 ἦν
2492 1800 2519 1852 ὁ
2540 1796 2619 1868 τῷ
2650 1796 2864 1867 σώματι
2895 1794 3273 1866 συμπονήσας,
3295 1791 3429 1857 Θεὸς
3456 1791 3515 1846 δὲ
3555 1794 3585 1846 ὁ
3619 1790 3689 1845 τὰ

415 1880 565 1937 Deus
618 1891 758 1947 erat,
793 1881 887 1951 qui
935 1882 1072 1937 alias
1114 1882 1358 1937 hominis
1397 1882 1681 1954 passiones
1723 1882 2005 1938 sustinuit.

2110 1888 2247 1943 ἄλλα
2287 1889 2356 1944 τὰ
2399 1889 2721 1962 ἀνθρώπινα
2752 1887 3059 1959 ὑπομείνας
3108 1884 3431 1956 παθήματα.
3470 1882 3533 1936 Εἰ
3554 1882 3703 1946 Θεὸς.

416 1971 573 2039 Quod
595 1972 643 2028 si
684 1982 867 2028 autem
907 1972 1019 2038 ille,
1045 1976 1141 2042 qui
1177 1972 1419 2029 luctatus
1446 1980 1533 2030 est
1556 1973 1824 2044 vicitque,
1850 1974 2001 2029 Deus

415 2069 558 2127 erat,
606 2063 676 2118 ad
708 2078 796 2118 me
849 2070 999 2118 certe
1049 2049 1280 2119 victoria
1323 2080 1437 2119 non
1491 2064 1755 2135 pertinet,
1785 2064 1884 2121 sed
1938 2064 2007 2120 ad

416 2153 615 2220 Deum,
635 2154 735 2224 qui
753 2154 1023 2225 justitiam
1051 2170 1272 2211 omnem
1298 2157 1529 2227 peregit.
1562 2155 1671 2213 Sed
1701 2157 1894 2226 procul
1931 2156 2010 2212 fa-

417 2253 601 2300 cessat
627 2246 954 2315 Apollinarii
985 2247 1310 2318 nugacitas:
1334 2262 1437 2302 nos
1467 2256 1674 2314 autem,
1699 2264 1861 2318 quam
1893 2248 2010 2304 Sal—

415 2344 577 2391 vator
626 2336 841 2408 peregit
891 2336 1384 2408 dispensationem,
1424 2337 1593 2395 fuisse
1643 2338 2007 2395 necessariam

417 2427 886 2486 demonstremus.

486 2519 759 2589 Quoniam
798 2528 946 2578 totus
963 2522 1130 2578 homo
1159 2521 1425 2592 deceptus
1452 2530 1556 2588 est,
1584 2531 1841 2593 totusque
1875 2537 2007 2592 pec-

417 2620 542 2667 cato
576 2612 890 2677 succubuit,
914 2627 1152 2683 cumque
1178 2627 1335 2666 mens
1357 2620 1483 2668 ante
1501 2627 1703 2682 corpus
1734 2612 2010 2682 deceptio-

417 2717 546 2758 nem
577 2702 859 2760 admiserit
887 2702 1066 2775 (prius
1091 2704 1239 2759 enim
1278 2704 1480 2758 mentis
1496 2719 1796 2760 consensus
1815 2719 2015 2774 peccaa

419 2801 536 2847 tum
570 2794 724 2848 velut
745 2793 1061 2858 adumbrat,
1089 2808 1292 2863 corpus
1322 2792 1519 2849 deinde
1537 2793 1853 2863 operatione
1874 2792 2009 2849 illud

418 2884 639 2956 format)
671 2886 835 2941 :ideo
856 2885 1115 2941 Christus
1146 2884 1433 2951 Dominus,
1474 2900 1599 2940 cum
1638 2893 1890 2939 naturam
1925 2884 2007 2939 la-

414 2991 575 3046 psam
602 2977 815 3047 erigere
837 2976 1022 3040 vellet,
1056 2975 1156 3030 toti
1183 2990 1406 3030 manum
1431 2975 1681 3046 porrigit,
1706 2984 2006 3045 totamque,

417 3080 640 3122 carnem
673 3066 799 3122 dico
827 3074 884 3122 et
916 3073 1180 3131 mentem,
1216 3080 1343 3135 qua?
1369 3066 1437 3119 ad
1472 3064 1762 3137 imaginem
1785 3064 2009 3121 Creato-

417 3153 499 3209 ris
524 3153 665 3209 facta
697 3155 1098 3225 est,jacentem
1123 3153 1343 3208 attollit.
1378 3153 1499 3208 Non
1535 3153 1721 3225 itaque
1756 3153 2007 3223 despexit

420 3253 662 3302 mentem
680 3255 835 3302 tanto
856 3247 1068 3302 honore
1096 3246 1369 3312 aﬂ'ectam,
1397 3255 1617 3316 tamque
1651 3246 1888 3318 indigam
1916 3261 2008 3301 cu-

420 3338 655 3394 rationis
687 3355 709 3392 :.
731 3353 913 3409 neque
955 3353 1081 3393 cum
1110 3345 1418 3392 assumeret
1459 3336 1514 3392 id
1553 3337 1827 3403 hominis,
1861 3335 2010 3406 quod

421 3430 623 3485 morbo
642 3438 699 3485 et
743 3436 1031 3485 senectute
1080 3428 1492 3499 corrumpitur,
1549 3429 1809 3499 quodque
1846 3427 2009 3483 morti

421 3519 725 3577 obnoxium
755 3527 859 3585 est,
893 3520 1104 3590 sprevit
1128 3520 1264 3575 illud
1290 3519 1437 3590 quod
1469 3519 1799 3583 immortale,
1831 3519 2010 3589 quod-

422 3624 533 3681 que
560 3609 1139 3679 orationisparticeps,
1168 3618 1227 3663 et
1247 3608 1314 3663 ad
1347 3608 1645 3678 imaginem
1673 3605 1817 3678 (Dei)
1853 3607 2015 3676 129

422 3698 651 3765 factum,
690 3708 854 3770 atque
883 3698 1129 3769 insuper,
1164 3706 1227 3754 ut
1254 3698 1478 3769 ipsimet
1499 3698 1714 3761 dicunt,
1764 3698 1908 3751 male
1934 3696 2015 3751 af-

423 3791 669 3859 fectum;
695 3792 792 3848 sed
830 3791 1197 3847 inveteratam
1227 3800 1483 3846 naturam
1515 3787 1801 3843 renovavit
1819 3796 2009 3855 totam,

424 3900 530 3941 nec
554 3885 729 3956 ipsius
745 3893 957 3957 partem
978 3892 1143 3947 unam
1176 3897 1375 3939 novam
1403 3880 1619 3943 refecit,
1659 3880 1887 3935 alteram
1912 3895 2012 3935 an-

430 3978 700 4047 tiquatam
725 3977 857 4033 licet
879 3986 1046 4049 atque
1072 3981 1412 4045 corruptam,
1434 3970 1739 4025 insanatam
1766 3970 2011 4040 reliquit,

427 4069 733 4139 praesertim
759 4083 886 4123 cum
918 4070 990 4125 sit
1010 4066 1359 4141 praestantior
1385 4061 1678 4134 potiorque
1707 4063 2015 4136 intelligen—

430 4158 568 4215 tium
591 4168 941 4217 naturarum.

497 4250 817 4307 Absurdum
854 4265 1130 4321 namque,
1190 4260 1396 4318 corpus
1420 4245 1644 4316 quidem
1683 4246 1894 4302 luteum
1949 4261 2017 4302 ac

427 4350 730 4407 terrenum,
775 4341 1240 4413 passionibusque
1280 4337 1608 4408 implicitum
1650 4337 1875 4401 assumi,
1923 4353 2013 4392 as-

427 4440 820 4503 sumptumque
834 4433 902 4487 ad
919 4433 1199 4488 dexteram
1223 4428 1524 4499 majestatis
1540 4428 1796 4483 collocari
1814 4444 1830 4494 ;
1858 4443 2014 4483 men-

2105 1981 2161 2035 δὲ
2183 1985 2213 2037 ό
2244 1982 2515 2047 παλαίσας
2542 1982 2637 2036 καὶ
2665 1982 2919 2053 νικήσας,
2962 1976 3117 2048 κάγὼ
3154 1978 3254 2049 τῆς
3276 1977 3435 2045 νίκης
3463 1977 3691 2046 ἐστέρη-

2110 2089 2231 2143 μαι,
2257 2072 2389 2145 est;
2417 2072 2476 2127 δὲ
2509 2074 2538 2126 ὁ
2583 2070 2683 2142 τὴν
2741 2068 3090 2139 δικαιοσύνην
3138 2066 3359 2122 ἃπασαν
3409 2062 3688 2136 κατορθώ-

2106 2181 2225 2228 σας.
2271 2164 2409 2218 Ἀλλ’
2450 2163 2675 2218 ἀπέστω
2721 2164 2767 2196 ’⁷
2803 2166 2837 2234 ή
2893 2161 2988 2217 τοῦ
3059 2157 3449 2231 Ἀπολιναρίου
3498 2156 3689 2210 ἀδολε-

2108 2259 2255 2329 σχία’
2284 2251 2445 2329 ἡμεῖς
2474 2258 2531 2312 δὲ
2553 2257 2818 2327 δείξωμεν
2847 2256 2947 2325 τὴν
2974 2253 3068 2308 τοῦ
3096 2252 3350 2324 Σωτῆρος
3374 2248 3691 2321 οἰκονομίαν

2105 2350 2421 2420 ἀναγκαίως
2448 2350 2844 2421 γεγενημένην.

2190 2525 2411 2595 Ἐπειδὴ
2438 2524 2547 2595 γὰρ
2575 2524 2722 2588 am;
2748 2524 2774 2576 ὁ
2797 2522 3081 2592 ἄνθρωπος
3108 2516 3389 2589 ἠπατήθη,
3420 2515 3517 2569 καὶ
3543 2513 3691 2576 ἄπας

2107 2616 2213 2669 ὑπὸ
2235 2615 2334 2686 τὴν
2370 2614 2650 2685 ἁμαρτίαν
2696 2614 2933 2683 ἐγένετο,
2964 2611 3059 2666 καὶ
3092 2610 3199 2682 πρὸ
3234 2611 3329 2663 τοῦ
3363 2607 3613 2678 σώματος
3663 2606 3692 2658 ὁ

2108 2705 2233 2769 νοῦς
2259 2705 2360 2777 τὴν
2391 2705 2609 2777 ἀπάτην
2635 2706 2955 2772 ὑπεδέξατο·
2985 2705 3250 2776 πρότερον
3279 2700 3388 2773 γὰρ
3423 2701 3457 2770 ή
3478 2698 3570 2752 τοῦ
3597 2696 3693 2750 νοῦ

2112 2796 2509 2866 συγκατάθεσις
2565 2798 2901 2867 σκιαγραφεί
2941 2796 3040 2865 τὴν
3075 2794 3375 2865 ἁμαρτίαν,
3410 2788 3508 2845 εἷθ’
3544 2788 3697 2843 οὕτω

2110 2888 2200 2942 διὰ
2236 2889 2336 2959 τῆς
2369 2887 2655 2960 ἐνεργείας
2686 2889 2747 2942 τὸ
2787 2887 2946 2959 σῶμα
2972 2888 3177 2957 ταύτην
3217 2886 3433 2957 μορφοῖ·
3466 2884 3693 2945 εἰκότως

2110 2982 2137 3035 ὁ
2179 2981 2456 3051 Δεσπότης
2503 2980 2739 3052 Χριστὸς
2790 2983 3152 3034 πεπτωκυῖαν
3189 2978 3353 3048 φύσιν
3390 2977 3693 3045 ἀναστῆσαι

2113 3071 2457 3143 βουλόμενος,
2504 3071 2654 3143 πάσῃ
2688 3075 2848 3145 χεῖρα
2878 3071 3087 3142 ὀρέγει,
3130 3070 3224 3123 καὶ
3257 3069 3520 3139 κειμένην
3553 3066 3694 3135 ἐγεί-

2116 3180 2219 3236 ρει’
2254 3164 2354 3235 τὴν
2389 3164 2570 3236 σάρκα
2612 3164 2757 3235 φημὶ
2805 3163 2902 3217 καὶ
2933 3162 3024 3216 τὸν
3072 3161 3216 3225 νοῦν,
3248 3160 3323 3226 ὡς
3356 3160 3477 3213 κατ’
3508 3158 3696 3212 είκόνα

2112 3256 2356 3326 ὲτεγόνει
2387 3256 2487 3311 τοῦ
2540 3256 2846 3319 κτίσαντος.
2887 3256 2999 3309 Οὐκ
3033 3249 3126 3309 οῦν
3160 3254 3393 3324 ἠτίμασε
3425 3252 3516 3305 τὸν
3552 3250 3705 3304 οὕτω

2112 3350 2291 3419 τίμιον
2309 3347 2604 3417 θεραπείας
2636 3347 2909 3418 δεόμενον⁹
2937 3346 3057 3399 οὐδὲ
3083 3347 3143 3400 τὸ
3171 3347 3266 3417 μὲν
3301 3344 3685 3415 φθειρόμενον,

2114 3437 2207 3490 καὶ
2246 3437 2392 3507 νόσῳ
2411 3439 2506 3491 καλ⁵
2537 3438 2687 3509 γήρα
2734 3436 2830 3489 καὶ⁸
2868 3435 3082 3507 θανάτῳ
3124 3434 3405 3500 δουλεῦον,
3436 3430 3694 3485 ἀνέλαῦε·

2088 3528 2174 3597 ¹,τὸ
2206 3528 2264 3582 δὲ
2296 3528 2563 3582 ἀθάνατον
2593 3527 2688 3581 καὶ
2716 3526 2935 3596 λογικὸν
2955 3528 3051 3581 καὶ
3089 3528 3210 3582 κατ’
3240 3525 3425 3579 εἰκόνα
3464 3539 3695 3593 γεγενη-

2117 3621 2276 3692 μένον
2312 3620 2555 3692 παρεῖδε,
2598 3620 2693 3674 καὶ
2734 3619 2907 3674 ταῦτα
2950 3619 3155 3684 κακῶς,
3190 3618 3267 3683 ὥς
3302 3634 3457 3688 φασι,
3487 3613 3686 3670 διακεί-

2120 3727 2300 3781 μενον,
2346 3710 2484 3766 άλλὰ
2514 3712 2695 3765 πᾶσαν
2741 3710 3149 3765 παλαιωθεϊσαν
3197 3710 3295 3781 τὴν
3342 3708 3503 3778 φύσιν
3543 3709 3693 3759 ὲνεο-

2116 3802 2333 3871 ποίησε,
2370 3803 2463 3856 καὶ
2497 3802 2559 3855 οὐ
2594 3803 2653 3856 τὸ
2689 3804 2786 3873 μὲν
2829 3802 3000 3872 αὐτῆς
3043 3800 3228 3855 καινὸν
3277 3800 3654 3873 ἀπειργάσατο
3677 3838 3694 3861 ,

2114 3891 2176 3945 τὸ
2238 3892 2297 3946 δὲ
2327 3893 2806 3965 -πεπαλαιωμένον
2866 3893 2960 3947 καὶ
3006 3892 3401 3964 διεφθαρμένον
3475 3891 3701 3945 ἀνίατον

2114 3983 2286 4047 εἴασε,
2321 3983 2620 4038 καὶταῦτα
2664 3984 2992 4055 τιμιώτατον
3029 3983 3297 4055 ὑπάρχον,
3331 3981 3427 4036 καὶ
3458 3982 3556 4053 τῆς
3584 3980 3697 4035 τῶν

2115 4075 2323 4145 νοητῶν
2356 4075 2574 4147 μοίρας.

2191 4249 2429 4303 Ἄτοπον
2460 4248 2592 4318 γὰρ,
2612 4249 2673 4302 τὺ
2699 4250 2799 4319 μὲν
2827 4249 2988 4319 σῶμα
3022 4250 3081 4303 τὸ
3112 4249 3336 4321 πήλινον
3373 4249 3467 4302 καὶ
3490 4249 3699 4320 χοῖκδν,

2116 4341 2213 4394 καὶ
2250 4340 2450 4394 πάθεσι
2500 4340 2952 4410 συνεζευγμένον,
2999 4342 3093 4395 καὶ
3130 4340 3575 4414 προσληφθῆναι,
3604 4343 3703 4395 καὶ

2116 4432 2525 4501 ἀναληφθῆναι,
2574 4432 2670 4485 καὶ
2703 4433 2767 4485 ἐκ
2802 4431 2993 4498 δεξιῶν
3021 4434 3123 4503 τῆς
3159 4431 3535 4504 μεγαλοσύνης
3562 4434 3698 4487 καθ-

431 4531 542 4579 tem
561 4538 695 4578 vero
716 4522 1068 4588 invisibilem,
1104 4521 1492 4586 immortalem,
1514 4519 1768 4576 animalis
1792 4520 2008 4585 ducem,

2121 4522 2455 4592 ιδρυνθῆναι·
2487 4523 2582 4577 τὸν
2616 4521 2673 4577 δὲ
2706 4523 2830 4579 νοῦν
2862 4524 2955 4578 τὸν
2990 4524 3244 4596 ἀόρατον,
3285 4524 3377 4578 τὸν
3406 4524 3701 4588 ἀθάνατον,

429 4615 499 4672 ad
524 4616 817 4689 imaginem
842 4619 943 4674 Dei
978 4618 1202 4682 factam,
1228 4617 1478 4689 corporis
1504 4618 1655 4674 velut
1682 4619 1925 4690 aurigam
1950 4635 2015 4675 ac

430 4709 898 4781 gubernatricem,
921 4719 980 4767 et
1016 4710 1319 4766 harmoniae
1341 4711 1598 4782 pet-itam,
1631 4713 1790 4783 cujus
1807 4712 2017 4767 beneﬁ-

429 4800 519 4855 cio
548 4799 639 4867 ﬁt,
664 4809 728 4857 ut
749 4802 917 4858 homo
947 4817 1060 4857 non
1082 4802 1155 4858 sit
1178 4816 1375 4872 expers
1401 4801 1651 4867 rationis,
1682 4802 1777 4857 sed
1800 4802 2017 4873 sapien-

434 4891 546 4958 tia,
588 4895 723 4951 artis
749 4901 808 4950 et
841 4894 1086 4950 scientia:
1126 4893 1346 4949 abunde
1394 4895 1695 4965 particeps,
1747 4895 2015 4966 abjectam

432 4983 589 5041 humi
620 4984 815 5052 fuisse,
836 5001 941 5043 nec
966 5000 1312 5041 communem
1332 5001 1458 5041 eum
1489 5000 1719 5055 corpore
1745 4985 2014 5042 honorem

433 5074 710 5147 accepisse
728 5093 747 5132 :
770 5084 1032 5143 mentem,
1057 5076 1304 5148 inquam,
1324 5079 1344 5100 ‘
1371 5076 1530 5146 cujus
1551 5091 1710 5132 causa
1737 5082 1794 5133 et
1813 5091 2015 5148 corpus

436 5168 771 5224 conditionis
796 5175 881 5224 est
902 5168 1184 5224 rationalis
1202 5177 1259 5223 et
1286 5167 1435 5238 leges
1453 5167 1576 5223 latae
1599 5174 1748 5233 sunt,
1777 5175 1835 5223 et
1858 5166 2015 5223 factae

435 5258 742 5329 prophetiae
767 5275 787 5317 ς
816 5266 1043 5331 propter
1075 5272 1241 5329 quam
1279 5257 1604 5323 certamina,
1634 5256 1814 5323 luctas,
1844 5256 2013 5313 victo-

2111 4614 2205 4669 τὸν
2233 4616 2476 4686 ήγεμόνα
2507 4614 2599 4669 τοῦ
2653 4616 2814 4683 ζώου,
2851 4617 2943 4672 τὸν
2971 4619 3092 4672 κατ’
3118 4619 3301 4671 είκόνα
3346 4617 3497 4672 θείαν
3530 4633 3701 4687 γεγε-

2113 4706 2365 4778 νημένον,
2393 4708 2482 4761 τὸν
2528 4707 2622 4762 τοῦ
2656 4707 2908 4779 σώματος
2958 4709 3172 4779 ἡνίοχον
3207 4709 3302 4763 καὶ
3327 4708 3695 4780 κυϐερνήτην,

2116 4799 2209 4853 καὶ
2243 4800 2522 4868 μουσικὸν,
2550 4799 2618 4853 δι’
2644 4799 2705 4854 ὃν
2741 4801 2841 4854 οὐκ
2873 4801 3066 4869 ἄλογος
3099 4802 3132 4873 ή
3167 4799 3483 4871 ἀνθρωπεία
3512 4801 3695 4870 φύσις,

2113 4891 2252 4946 ἀλλὰ
2292 4892 2485 4961 σοφίας
2528 4892 2624 4947 καὶ
2673 4893 2870 4964 τέχνης
2895 4895 2991 4949 καὶ
3030 4895 3343 4966 ἐπιστήμης
3384 4894 3701 4959 ἀνάπλεως,

2116 4983 2305 5038 τοῦτον
2337 4983 2676 5056 άπερῤίφθαι
2720 4986 2892 5050 κάτω,
2942 4985 3037 5040 καὶ
3067 4988 3167 5056 τῆς
3197 4984 3292 5038 τοῦ
3337 4985 3587 5056 σώματος
3619 4985 3696 5057 μὴ

2121 5076 2550 5150 μεταλαγχάνειν
2590 5078 2778 5149 τιμῆς.
2815 5076 2884 5130 δι’
2915 5077 2977 5130 ὃν
3023 5076 3085 5130 τὸ
3138 5076 3297 5147 σῶμα
3342 5077 3443 5145 τῆς
3469 5077 3697 5153 λογικῆς

2117 5169 2335 5239 ἐγένετο
2379 5169 2630 5233 κτίσεως,
2662 5169 2731 5222 δι’
2763 5167 2823 5223 ὃν
2861 5167 3173 5240 νομοθεσίαι
3210 5171 3305 5223 καὶ
3334 5171 3691 5241 προφητεῖαι,

2117 5259 2185 5313 δι’
2219 5259 2280 5314 ὃν
2324 5260 2539 5329 ἀγῶνες
2573 5259 2667 5313 καὶ
2701 5258 2868 5314 πάλαι
2908 5260 3000 5313 καὶ
3027 5259 3175 5313 νίκαι
3200 5260 3297 5314 καὶ
3336 5262 3695 5332 ἀναρρήσεις,

1744 5415 1983 5472 VARIAE
2021 5415 2426 5473 LECTIONES.

512 5548 560 5581 ³⁸
582 5546 703 5615 Ipse
724 5547 1056 5623 f-‘institttta
1090 5548 1415 5602 certaminis.
1455 5547 1535 5623 E_x_
1563 5546 1859 5623 Graecoita
1888 5548 2264 5623 restituendus
2286 5557 2371 5605 est
2391 5559 2590 5623 _textus
2611 5549 2765 5606 Marii
2790 5551 3108 5608 Mercatoris
3135 5569 3149 5607 :
3178 5553 3298 5623 Ipse
3330 5562 3692 5623 spectatorem

441 5626 499 5673 et
522 5616 839 5694 certaminis
863 5616 1261 5694 moderatorem
1290 5633 1436 5688 agas.
1478 5618 1934 5694 Sique__volueris
1973 5619 2114 5694 artis
2138 5619 2511 5694 gymnasticre-
2530 5630 2920 5694 praeceptorem
2953 5637 3133 5693 agere,
3157 5616 3535 5694 doceas'illum
3555 5640 3694 5694 quo-

444 5686 1123 5764 modp__sit_certapdum,
1172 5686 1582 5764 commonstres
1608 5688 1686 5764 illi
1730 5702 1840 5758 qua
1884 5686 2441 5764 rationeobtineatur
2461 5686 2725 5764 victoria.—
2786 5691 2834 5724 "
2859 5686 3185 5764 Delia-taret.
3227 5686 3695 5764 ReliquaAdesunt

446 5756 589 5827 apud
628 5756 857 5833 Marium
897 5756 1292 5833 Mercator-em.
1349 5757 1531 5833 "six
1559 5756 1798 5833 directe),
1832 5775 1885 5810 κ.
1915 5775 1965 5833 τ’.
1995 5759 2045 5812 λ.
2077 5759 2361 5833 Notandus
2410 5762 2513 5816 iste
2541 5760 2698 5833 locus
2726 5769 2917 5833 contra
2940 5760 3288 5833 Garnerium,
3321 5756 3415 5833 qui
3442 5762 3699 5820 Theodo-

449 5826 623 5883 retum
656 5827 710 5881 in
744 5826 1096 5884 recensendis
1118 5827 1436 5898 Apollinarii
1464 5828 1748 5882 erroribus
1768 5827 1915 5898 justo
1944 5828 2250 5884 breviorem
2282 5830 2452 5887 fuisse
2485 5831 2737 5901 perhibet
2771 5832 2829 5887 in
2861 5831 2994 5888 diss.
3024 5831 3077 5899 2,
3106 5830 3225 5903 cap.
3252 5835 3307 5890 4.
