2040 3225
147 210 180 242 83

738 210 922 240 HISTORIA
942 209 1203 240 THEODORETI.

534 388 877 447 HISTORIA
927 387 1391 445 THEODORETI

446 645 638 675 ΡΗᾸΞΡΑΤΙΟ.

176 693 197 722 l.
208 692 328 721 Historia
339 692 507 720 Theodoreti
525 693 591 720 mihi
599 692 707 719 videtur
718 699 772 719 non
788 692 933 719 admodum

146 739 283 768 dissimilis
294 738 502 766 narrationibus
519 738 573 765 illis
592 738 774 771 theatrorum,
792 745 852 772 quae
868 746 932 772 per-

147 785 234 820 plexis
260 791 377 812 casuum
412 783 696 815 commutationibus,
730 783 933 818 insperatisque

149 829 297 863 eventibus,
324 837 381 857 non
403 833 510 856 tantum
530 828 744 856 admirabundos
769 829 933 863 populorum

149 874 249 902 animos
272 873 458 909 suspendunt,
476 873 524 901 sed
547 873 630 900 etiam
648 872 815 908 prudentum
838 880 934 907 exspe-

147 920 291 948 ctationem
311 927 382 955 saepe
407 919 515 951 fallunt,
532 919 636 954 judicia
655 924 728 946 certe
743 926 850 953 semper
868 926 933 946 cott-

145 967 241 993 trarias
257 966 284 993 in
299 969 392 1001 partes
402 966 570 993 distrahunt.

176 1011 210 1038 ll.
229 1011 292 1039 Vita
315 1011 390 1039 enim
411 1011 530 1039 celebris
552 1011 635 1047 hujus
657 1011 785 1047 Cyrensis
808 1012 929 1048 episcopi

143 1057 208 1084 laetis
229 1056 315 1084 initiis
333 1063 445 1088 exorsa,
468 1063 518 1091 per
535 1057 626 1083 varios
648 1056 713 1083 licet
734 1065 815 1084 casus
836 1057 930 1083 multi-

141 1102 281 1137 plicesque
299 1108 391 1128 rerum
405 1101 600 1128 conversiones
616 1106 676 1128 acta
694 1102 739 1132 sit,
762 1106 869 1136 poterat
890 1106 931 1128 ta—

142 1155 200 1175 men
220 1147 298 1175 credi
325 1146 473 1182 aliquando
499 1146 618 1174 ﬁnienda
641 1148 717 1174 exitu
739 1147 825 1174 initiis
851 1147 929 1182 pari;

139 1194 188 1221 nisi
208 1201 296 1226 mors,
315 1200 376 1228 quae
401 1193 470 1221 solet
489 1193 550 1220 aliis
567 1200 627 1220 esse
646 1193 736 1228 quies,
758 1192 931 1220 Theodoreto

139 1244 264 1267 motuum
283 1247 368 1267 causa
391 1239 553 1267 exstitisset.
571 1239 639 1266 Nam
656 1247 718 1266 cum
736 1238 885 1265 Ecclesiam
904 1238 930 1265 in

138 1285 251 1313 Oriente
267 1285 376 1317 vivens,
401 1287 449 1311 aut
470 1283 585 1312 consilio
612 1289 659 1311 aut
678 1284 850 1319 imprudens,
870 1288 930 1310 tur-

139 1331 247 1359 basset:
272 1330 399 1358 eamdem
424 1330 528 1365 ubique
556 1335 702 1362 terrarum,
729 1337 779 1357 suo
806 1330 926 1362 nomine,

137 1381 284 1412 postquam
308 1376 458 1404 defunctus
474 1380 525 1408 est,
541 1375 569 1402 in
588 1379 681 1410 partes
704 1375 816 1408 divisit;
842 1383 927 1409 eaque

138 1421 251 1454 exstitit,
267 1421 351 1449 unius
363 1420 421 1448 fere
432 1420 554 1448 hominis
567 1420 603 1448 ob
619 1428 739 1452 causam,
759 1421 843 1447 totius
854 1421 930 1447 orbis

139 1466 286 1495 Christiani
316 1466 428 1500 divisio,
450 1471 483 1494 ut
507 1466 625 1494 necdum
643 1471 706 1501 post
731 1470 770 1493 tot
795 1474 930 1493 annorum

138 1513 274 1541 curricula
296 1512 358 1540 tolli
376 1513 510 1547 potuerit.
534 1511 676 1547 Siquidem
696 1511 758 1538 aliis
780 1512 929 1538 etiamnum

136 1558 163 1586 in
172 1558 289 1587 Oriente
297 1558 428 1594 gentibus
439 1557 643 1585 Theodoretum
652 1557 726 1584 velut
735 1557 847 1591 impium
854 1565 931 1585 exse:

136 1604 289 1636 orantibus,
304 1602 385 1639 134
398 1602 460 1630 aliis
478 1602 553 1630 velut
571 1602 701 1629 eximium
726 1602 788 1629 ﬁdei
813 1606 929 1629 tutorem

134 1649 306 1682 colentibus,
339 1656 432 1684 pugna
458 1647 582 1676 nondum
618 1647 809 1683 dissensioque
837 1648 930 1676 sedata

133 1699 182 1723 est.

173 1741 220 1769 Ill.
245 1741 326 1769 Hanc
344 1748 411 1776 ergo
434 1748 528 1768 rerum
547 1740 647 1768 faciem
669 1740 829 1776 variamque
854 1741 931 1776 quasi

131 1787 275 1815 fortunam
289 1787 356 1814 dum
371 1787 503 1814 attentius
525 1787 682 1820 considero,
707 1787 829 1815 adducor
852 1787 931 1814 facile

132 1836 159 1859 ut
182 1831 314 1865 credam,
329 1832 433 1859 factum
461 1839 521 1859 esse
543 1831 669 1859 Numinis
697 1831 869 1867 providentia
904 1833 930 1858 in

130 1876 315 1906 Theodoreto
326 1877 494 1912 exemplum,
506 1877 579 1904 unde
591 1877 695 1905 scirent
710 1877 847 1909 homines,
864 1877 930 1911 quid

129 1923 272 1951 malorum
298 1922 401 1955 facere,
416 1922 518 1957 quidve
546 1922 603 1957 pati
630 1923 717 1957 possit
742 1923 830 1950 virtus
860 1923 929 1958 ipsa.

127 1977 201 2002 cum,
217 1968 317 2005 specie
329 1968 440 2004 pietatis
449 1968 592 2001 illudente,
607 1968 798 2003 imprudenter
809 1969 929 1996 adhmret

126 2015 261 2050 partibus
279 2015 307 2042 in
322 2014 471 2042 Ecclesiam
485 2021 607 2049 pugnare
621 2014 705 2041 ausis.

159 2060 206 2089 IV.
224 2059 265 2088 Et
283 2063 359 2087 certe
371 2059 416 2086 vix
434 2058 585 2094 quidquam
612 2059 735 2086 sanctius
755 2059 931 2087 Theodorcto

125 2106 255 2142 reperire
283 2110 336 2138 est,
355 2105 414 2132 sive
429 2109 508 2132 ortus
525 2108 676 2139 spectetur,
693 2104 740 2139 qui
757 2105 931 2140 prodigiosus

124 2149 290 2183 miraculis;
308 2149 366 2177 sive
377 2148 517 2176 institutio
533 2149 605 2181 vitae,
617 2149 643 2176 in
652 2150 713 2176 sinu
726 2150 932 2186 thaumaturgo-

123 2204 204 2230 rum;
218 2197 284 2224 sive
299 2195 445 2230 professio,
460 2203 514 2230 qua
529 2195 624 2223 eﬁ'usis
637 2195 663 2222 in
678 2203 812 2230 pauperes
822 2196 930 2230 opibus,

121 2248 206 2276 egere
227 2240 340 2273 voluit;
372 2240 430 2267 sive
447 2239 571 2267 studium
586 2240 751 2273 litterarum,
767 2249 821 2275 quo
837 2249 932 2269 omnes

100 2285 104 2288 Α
122 2285 355 2321 comprehendit,
380 2293 474 2313 sacras
500 2285 699 2313 admirabiliter
712 2286 858 2320 intellexit;
874 2289 931 2316 sive

120 2331 188 2358 ﬁdei
209 2331 306 2363 zelus,
332 2330 416 2358 etiam
434 2330 575 2365 sanguinis
589 2331 736 2366 prodigus;
749 2332 806 2360 sive
820 2334 930 2360 tandem

121 2375 291 2404 innocentia
298 2383 416 2409 morum,
424 2384 478 2412 qua
486 2376 587 2403 factum
596 2380 648 2409 est,
658 2381 710 2403 uta
719 2377 930 2405 suisincredibi-

120 2424 188 2450 liter
198 2426 359 2454 amaretur,
376 2422 411 2449 ab
430 2422 605 2455 adversariis,
623 2426 868 2458 quantumcunque
887 2425 930 2451 in-

124 2469 217 2497 fensis
234 2472 266 2496 ct
283 2468 411 2500 curiosis,
440 2468 509 2495 nihil
535 2468 738 2496 criminationis
763 2469 799 2496 sit
823 2477 929 2504 passus,

118 2515 197 2550 quod
214 2514 410 2549 integritatem
420 2513 484 2541 vitae
497 2513 637 2541 attineret.

155 2559 191 2587 Ὗ.
205 2559 261 2587 Vir
280 2563 372 2586 tamen
385 2562 478 2586 tantus
494 2558 558 2586 inde
577 2559 676 2587 illusus
690 2564 742 2592 est,
754 2560 826 2588 unde
840 2561 931 2596 magni

116 2605 229 2638 solent,
246 2604 292 2632 sui
319 2610 378 2639 prae
398 2604 463 2632 aliis
475 2604 668 2638 aestimatione,
688 2605 807 2640 partium
827 2606 930 2640 studio,

116 2658 221 2679 amore
233 2650 341 2686 glorias.
359 2648 406 2677 llis
416 2650 507 2678 causis
523 2649 662 2678 abductus
674 2658 689 2678 a
704 2655 790 2684 recto,
805 2652 930 2687 pertina-

115 2699 193 2727 τίων
218 2696 356 2726 haeretica
370 2696 450 2731 favit,
471 2697 662 2726 sanctissimos
682 2696 747 2726 ﬁdei
769 2698 930 2728 defensores

944 1986 964 2015 C

770 503 838 533 CYB
846 502 952 532 ENSIS
972 502 1152 531 EPISCOPI.

949 641 1152 679 Aimpotentcr
1177 642 1357 679 impugnavit,
1381 642 1516 677 synodum
1542 641 1626 669 totius
1647 641 1777 670 Ecclesia:

987 690 1116 722 traduxit,
1127 690 1202 716 velut
1217 689 1345 717 factionis
1358 688 1500 724 cujusdam
1516 690 1635 720 potentis
1654 689 1777 723 tyranni-

986 733 1058 764 dem,
1071 741 1165 768 pacem
1178 733 1316 766 Ecclesiae,
1331 741 1413 768 quam
1426 732 1559 760 voluisset
1571 732 1630 759 suis
1641 732 1777 759 conditio-

986 779 1067 805 nibus
1080 779 1148 811 ﬁeri,
1165 779 1198 806 ab
1212 778 1276 806 aliis
1289 779 1387 806 factam
1401 778 1585 806 calumniatus
1602 782 1654 810 est,
1672 782 1698 805 et
1716 783 1778 813 post

985 825 1104 851 alternas
1125 824 1305 858 depositionis
1318 824 1557 858 restitutionisque
1580 823 1665 855 vices,
1685 823 1712 850 in
1731 831 1777 850 rc-

985 876 1058 898 moto
1071 871 1104 897 ab
1115 870 1274 897 hominibus
1295 877 1404 898 secessu
1417 870 1504 897 latere
1518 875 1629 897 coactus
1648 875 1706 897 est:
1723 869 1777 896 du-

984 917 1059 944 bium
1071 925 1105 943 an
1121 917 1300 951 pmnitentize,
1315 924 1350 943 an
1362 916 1473 943 ruboris
1487 923 1578 943 causa.

1020 962 1064 989 Vl.
1078 962 1144 989 Tam
1166 962 1268 988 variam
1289 965 1399 996 tamque
1420 961 1598 996 multiplicem
1625 961 1709 988 vitam
1729 961 1778 988 de—

983 1008 1146 1043 pingendam
1166 1007 1296 1043 suscipio,
1311 1015 1363 1035 nec
1379 1012 1471 1034 tamen
1485 1007 1578 1042 petitis
1597 1006 1706 1034 aliunde
1720 1006 1777 1033 fere

983 1054 1133 1085 coloribus,
1148 1061 1228 1088 quam
1241 1053 1312 1080 unde
1327 1052 1426 1080 leviter
1438 1053 1587 1080 delineavit
1602 1052 1777 1084 Sirmondus,

982 1108 1016 1127 ex
1031 1099 1198 1126 Theodoreti
1216 1099 1305 1126 libris.
1322 1098 1390 1126 Nam
1411 1106 1466 1133 quo
1490 1102 1615 1132 tempore
1636 1101 1717 1124 natus
1729 1097 1775 1129 sit,

982 1155 1035 1181 qua
1049 1146 1076 1172 in
1089 1145 1209 1173 Orientis
1225 1150 1314 1180 parte,
1328 1145 1430 1180 quibus
1454 1152 1487 1171 ex
1512 1143 1674 1178 parentibus
1693 1151 1776 1178 quam

981 1193 1065 1219 vitam
1080 1199 1135 1218 non
1144 1191 1232 1218 solum
1245 1196 1308 1218 ante
1321 1190 1508 1226 episcopatum
1523 1187 1620 1223 egerit,
1635 1187 1683 1215 sed
1694 1188 1776 1214 etiam

982 1242 1044 1265 ante
1074 1237 1209 1273 synodum
1234 1236 1411 1272 Ephesinam,
1439 1239 1539 1270 prwter
1573 1234 1662 1269 ipsum
1694 1241 1777 1261 nemo

981 1283 1051 1309 alius
1063 1281 1207 1308 meminit:
1222 1289 1274 1308 nec
1284 1281 1342 1316 ipse
1356 1284 1447 1307 tamen
1459 1279 1566 1314 uspiam
1581 1279 1614 1306 de
1628 1278 1776 1311 industria,

946 1312 967 1339 Β
982 1327 1029 1354 sed
1048 1327 1192 1354 occasione
1212 1326 1355 1359 duntaxat,
1379 1334 1442 1353 cum
1464 1325 1572 1353 duobus
1588 1325 1615 1351 in
1634 1325 1775 1360 operibus,

981 1372 1116 1399 Philotheo
1135 1376 1162 1400 et
1177 1371 1313 1407 Epistolis,
1327 1371 1402 1399 aliud
1417 1375 1522 1406 ageret.

1015 1418 1071 1444 VII.
1084 1419 1220 1451 Quoniam
1232 1425 1298 1445 vero
1316 1425 1373 1445 non
1387 1416 1589 1445 exactissimam
1606 1415 1639 1443 ad
1653 1415 1775 1443 severiu-

982 1471 1026 1490 res
1039 1464 1113 1498 leges
1132 1464 1276 1492 historiam
1299 1463 1422 1491 scribere
1435 1464 1443 1473 '
1460 1462 1616 1498 aggredior,
1629 1465 1776 1489 auctorum

981 1507 1072 1534 verbis
1088 1508 1195 1541 quoties
1206 1507 1350 1534 commode
1371 1507 1400 1534 in
1415 1507 1548 1534 orationis
1568 1507 1667 1533 seriem
1683 1506 1776 1533 induci

980 1557 1120 1587 poterunt,
1134 1553 1266 1581 utendum
1278 1553 1380 1588 potius,
1400 1560 1482 1587 quam
1500 1553 1569 1579 meis
1587 1552 1692 1587 putavi.
1705 1552 1775 1579 Cum

980 1599 1053 1625 enim
1071 1599 1128 1625 suis
1144 1599 1260 1634 quisque
1273 1598 1367 1626 verbis
1380 1598 1568 1626 testimonium
1580 1598 1662 1629 dicet.
1678 1602 1705 1625 et
1720 1606 1777 1625 ma-

978 1644 1021 1679 jor
1034 1644 1080 1672 ﬁet
1095 1645 1242 1672 assertioni
1255 1644 1333 1677 ﬁdes,
1353 1648 1382 1672 et
1399 1652 1478 1672 suum
1489 1645 1576 1673 lector
1596 1645 1711 1673 faciliori
1726 1654 1776 1673 ne-

980 1691 1053 1725 gotio
1064 1691 1197 1725 judicium
1213 1690 1292 1718 feret.

1181 1744 1258 1779 135
1282 1743 1396 1773 CAPUT
1422 1745 1567 1774 PRIMUM.

980 1790 1001 1816 I.
1020 1789 1075 1821 Quo
1092 1794 1206 1824 tempore
1227 1794 1305 1817 natus
1326 1790 1510 1818 Theodoretus.
1523 1791 1556 1818 Il.
1576 1790 1632 1823 Quo
1650 1790 1775 1817 Ecclesia:

1015 1824 1151 1851 orientalis
1169 1828 1250 1851 statu.
1274 1825 1319 1852 lli.
1338 1824 1398 1857 Qua
1422 1826 1449 1852 in
1472 1826 1545 1852 urbe.
1571 1826 1614 1853 IV.
1632 1825 1729 1858 Quibus
1745 1834 1776 1852 ea:

1016 1860 1179 1894 parentibus.
1191 1860 1223 1896 _V.
1237 1859 1356 1896 Quorum
1363 1865 1515 1887 sanctarum
1528 1861 1655 1896 precibus.
1667 1860 1777 1896 YLPer

1016 1903 1074 1929 qua:
1083 1894 1224 1931 miracula,
1238 1895 1294 1922 VII.
1310 1895 1382 1922 Unde
1393 1904 1488 1923 nomen
1499 1894 1608 1931 accepit.
1621 1895 1689 1924 VIII.
1702 1895 1775 1928 Quo~

1018 1938 1076 1956 rum
1093 1931 1119 1956 in
1133 1929 1271 1964 complexu
1286 1931 1377 1957 crevit.

1182 1975 1220 2000 Ab
1232 1982 1297 2000 anno
1310 1974 1401 2000 Christi
1412 1975 1459 2000 586
1470 1976 1499 2000 ad
1513 1975 1568 2000 595.

1018 2028 1038 2054 I.
1055 2027 1114 2060 Quo
1134 2032 1259 2062 tempore
1278 2032 1360 2055 natus
1374 2027 1410 2055 sit
1419 2027 1621 2059 Theodoretus,
1642 2035 1694 2054 nec
1716 2028 1780 2063 ipse-

983 2073 1066 2100 tradit
1080 2074 1186 2107 uspiam
1197 2081 1339 2108 expresse,
1355 2081 1407 2100 nec
1417 2073 1490 2100 ullus
1501 2072 1573 2100 alius
1585 2072 1750 2107 scriptorum
1765 2082 1772 2100 :

982 2118 1068 2146 series
1085 2123 1177 2145 tamen
1186 2119 1260 2151 vitae,
1279 2126 1334 2146 non
1347 2126 1401 2146 una
1412 2118 1455 2146 sui
1467 2123 1555 2154 parte,
1574 2119 1707 2154 temporis
1722 2128 1773 2147 no-

982 2168 1024 2191 tas
1034 2163 1116 2190 habet
1132 2165 1151 2191 ’.
1173 2164 1250 2192 Unde
1265 2164 1288 2192 si
1300 2164 1363 2199 quis
1376 2164 1467 2192 animo
1484 2164 1608 2192 remetiri
1624 2165 1691 2192 velit
1704 2172 1774 2200 pra:-

983 2208 1091 2235 teritam
1111 2213 1230 2242 mtatem,
1249 2208 1329 2237 facile
1347 2209 1470 2237 inveniet
1501 2209 1669 2238 Theodoreti
1682 2215 1773 2238 ortum

983 2255 1111 2282 incidisse
1129 2255 1157 2282 in
1171 2255 1344 2283 consulatum
1356 2255 1471 2283 Honorii
1488 2255 1606 2283 Caesaris
1620 2261 1648 2284 et
1665 2256 1771 2291 Evodii,

982 2301 1029 2336 qui
1048 2309 1137 2327 annus
1160 2301 1213 2327 fuit
1228 2300 1332 2328 Christi
1356 2301 1570 2328 trecentesimus
1588 2301 1773 2336 octogesimus

983 2350 1086 2377 sextus,
1100 2345 1190 2373 Siricii
1202 2345 1301 2373 summi
1315 2345 1454 2380 pontiﬁcis
1466 2346 1615 2380 secundus,
1625 2346 1773 2375 Theodosii

982 2390 1071 2425 Magni
1087 2390 1261 2425 imperatoris
1276 2393 1401 2418 octavus.

1017 2435 1049 2461 ll.
1071 2435 1109 2461 Ea
1130 2434 1188 2462 fere
1213 2438 1386 2469 tempestate,
1408 2443 1470 2471 quae
1494 2441 1625 2472 quartum
1642 2436 1775 2465 saeculum

982 2489 1044 2508 cum
1054 2481 1151 2516 quinto
1163 2481 1301 2515 nectebat,
1310 2481 1433 2510 Orientis
1443 2483 1567 2511 Ecclesia
1581 2492 1615 2512 eo
1625 2489 1698 2512 statu
1711 2484 1773 2518 fuit,

982 2535 1037 2562 quo
1054 2535 1150 2562 magna
1171 2531 1279 2562 poterat
1292 2531 1321 2555 et
1334 2527 1431 2556 timere
1447 2533 1477 2557 et
1491 2537 1603 2565 sperare
1616 2539 1623 2557 :
1639 2538 1700 2558 nam
1712 2538 1781 2566 par-

983 2573 1158 2600 turiebantur
1172 2573 1292 2601 hazreses
1303 2573 1356 2602 illa;
1370 2574 1563 2608 tresfamoste,
1573 2583 1634 2610 qua:
1646 2584 1661 2602 a
1674 2575 1773 2602 Nesto-

982 2619 1025 2646 rio
1038 2618 1204 2654 Pelagioque
1218 2626 1251 2646 ac
1264 2619 1389 2654 Eutyche
1404 2627 1506 2647 nomen
1516 2623 1684 2653 acceperunt
1700 2627 1707 2647 :
1724 2620 1772 2647 sed

946 2652 1064 2692 I)simul
1089 2652 1232 2700 fulgebant
1250 2652 1381 2693 Ecclesiae
1411 2668 1453 2691 tot
1480 2652 1634 2691 clarissima
1657 2664 1781 2699 lumina..

980 2712 1049 2745 quot
1060 2709 1143 2737 simul
1155 2709 1294 2737 exstitisse
1306 2707 1432 2743 prodigio
1445 2707 1535 2736 simile
1552 2710 1604 2735 est.

807 2784 964 2814 SCHULZII
979 2786 1099 2816 NOTAE.-

155 2833 164 2849 '
177 2831 429 2868 Pugnainondum,
446 2836 514 2860 catt,
524 2831 698 2868 (Iompositas
718 2839 804 2868 nunc
817 2832 935 2860 dixerim
964 2833 1087 2862 funestas
1103 2834 1164 2862 illas
1177 2833 1250 2861 lites.
1266 2832 1332 2868 Ipse
1343 2832 1505 2864 Gamerius,
1519 2832 1566 2868 qui
1584 2832 1656 2861 hanc
1673 2833 1775 2861 tibiam

118 2867 233 2904 iterum
249 2867 348 2904 intrare
361 2868 440 2904 visus
452 2872 506 2899 est,
526 2867 580 2895 ﬁne
594 2867 649 2895 suo
663 2867 776 2904 excidit.
793 2867 959 2904 Suspicth
978 2877 1053 2897 nunc
1074 2867 1297 2904 veneranturque
1312 2867 1480 2904 Theodoreti
1498 2867 1632 2904 integram
1648 2872 1774 2904 mentem

116 2908 146 2929 et
167 2902 282 2931 eximia
304 2903 413 2935 merita,
431 2906 567 2938 quotquot
583 2907 648 2938 sunt
666 2901 740 2938 digni
755 2901 856 2930 harum
868 2911 961 2932 rerum
984 2904 1173 2938 aestimatores,
1193 2901 1293 2932 sive'in
1306 2902 1420 2931 Oriente
1441 2903 1544 2938 vivant,
1558 2901 1618 2932 'sive
1639 2904 1666 2932 in
1685 2903 1776 2932 Octi—

121 2937 221 2966 dente.
267 2938 276 2952 '
293 2937 382 2974 Temp.
401 2943 455 2966 nol.
476 2938 535 2965 hab.
556 2937 616 2966 Vid.
636 2937 705 2966 diss;
724 2937 751 2972 2,
770 2945 828 2973 cap.
847 2938 872 2965 l.
