4080 6454
534 408 601 475 91
1659 400 2041 468 GARNERII
2083 400 2588 464 DISSERTATIO
2628 401 2679 463 Ι.
3728 385 3796 448 92

605 523 799 577 Tantis
838 522 964 578 ﬁdei
1017 522 1294 592 magistris
1341 521 1689 593 providentia
1728 519 1984 575 Numinis
2022 514 2124 571 ad—
2155 516 2200 572 Δ
2226 514 2553 586 alloquens:
2585 513 2681 568 Dic
2721 515 2871 577 mihi,
2914 507 3116 579 inquit,
3148 505 3266 575 ﬁlia
3304 502 3445 573 (ipsa
3480 497 3628 593 enim
3677 496 3798 593 ejus

533 615 717 687 iunxit
764 614 916 669 velut
964 614 1263 669 auxiliares
1302 614 1627 670 innumeros
1668 613 1967 669 monachos
2002 613 2117 667 vita

534 705 930 769 sanctissimos,
967 704 1059 774 qui
1083 705 1407 761 doctoribus
1422 705 1790 761 conciliabant
1814 704 1998 770 ﬁdem,
2035 711 2117 759 tot

536 794 815 862 tantisque
860 792 1092 862 patratis
1132 793 1432 855 miraculis,
1473 801 1535 847 ut
1575 791 1793 862 impleri
1831 791 2116 846 videretur

533 891 668 937 tunc
702 881 937 935 maxime
976 879 1301 935 vaticinium
1329 880 1535 936 Christi
1572 881 1642 935 de
1679 879 1944 950 operibus
1976 878 2110 935 ﬁde—

530 972 668 1027 lium
696 988 798 1026 sua
827 972 1195 1041 superaturis.

602 1062 983 1118 Constitutum
1020 1062 1201 1116 fuerat
1233 1063 1456 1131 quidem
1483 1063 1824 1118 inconcussa:
1848 1060 1974 1116 ﬁdei
2010 1076 2112 1116 no—

532 1161 658 1208 stra
677 1152 1116 1216 fundamentum,
1140 1152 1381 1207 Trinitas
1404 1152 1715 1207 divinarum
1732 1165 2110 1221 personarum.

529 1242 665 1296 Nam
696 1242 931 1297 concilia
956 1242 1067 1298 duo
1093 1244 1453 1307 tecumenica,
1471 1244 1751 1298 Nicaenum
1769 1254 1825 1298 et
1846 1242 2115 1298 Constan-

531 1332 979 1403 tinopolitanum,
1012 1333 1363 1388 sanciverant
1400 1334 1744 1389 divinitatem
1780 1333 1943 1389 Verbi
1982 1349 2111 1388 sau-

531 1425 718 1495 ctique
768 1424 1052 1494 Spiritus:
1088 1424 1186 1480 sed
1240 1424 1428 1495 plures
1482 1434 1666 1480 tamen
1702 1424 1951 1479 nondum
1993 1423 2110 1479 Arii

530 1513 944 1585 Macedoniique
984 1514 1220 1570 haeresin
1245 1516 1658 1587 deposuerant;
1696 1516 1808 1571 imo
1854 1531 1982 1571 suas
2008 1514 2110 1569 ad-

528 1605 910 1669 huc.haeretici
937 1606 993 1661 in
1024 1607 1327 1677 majoribus
1356 1608 1695 1673 civitatibus,
1726 1607 1953 1678 ipsaque
1974 1605 2110 1661 urbe

528 1696 679 1767 regia
708 1696 1203 1767 Constantinopoli,
1235 1714 1467 1769 synaxes
1487 1699 1747 1770 agebant.

596 1789 740 1856 Quin
772 1791 940 1844 etiam
983 1792 1253 1847 catholica
1280 1792 1527 1848 Ecclesia
1559 1793 1841 1849 intestinis
1863 1793 2108 1849 dissidiis

526 1882 833 1939 laborabat.
861 1885 998 1941 Nam
1034 1893 1095 1940 ut
1125 1886 1195 1942 de
1218 1887 1343 1942 aliis
1368 1887 1505 1942 locis
1535 1896 1772 1951 taceam,
1809 1888 2111 1943 tumultua-

524 1973 732 2029 bantur
764 1975 870 2029 viri
900 1991 1124 2046 quoque
1166 1976 1503 2033 sanctissimi
1542 1975 1939 2050 Hierosolymis
1975 1994 2107 2048 pro-

522 2071 648 2132 pter
694 2062 1010 2134 Origenem,
1058 2082 1224 2135 quem
1280 2066 1372 2121 alii
1420 2066 1801 2136 suspiciebant
1849 2076 2107 2138 tanquam

522 2149 783 2206 Ecclesiae
809 2154 1152 2223 magistrum,
1174 2154 1265 2208 alii
1289 2155 1724 2210 exsecrabantur
1755 2157 1909 2211 velut
1932 2157 2108 2212 haere-

523 2255 647 2294 sum
677 2240 904 2313 hydram
935 2251 991 2298 et
1024 2244 1177 2299 orbis
1200 2252 1433 2313 pestem.

592 2328 830 2398 lpsamet
849 2329 1140 2385 Antiochia
1172 2330 1414 2387 Orientis
1431 2341 1598 2404 caput
1632 2322 1774 2388 du'os
1804 2332 1861 2389 in
1887 2334 2106 2404 episco-

521 2432 624 2487 pos
646 2418 1007 2484 orthodoxos,
1035 2420 1315 2475 Meletium
1344 2428 1400 2476 et
1422 2422 1732 2488 Paulinum,
1756 2422 2104 2480 distraheba-

523 2516 637 2573 tur,
678 2519 735 2565 et
765 2518 917 2565 tanto
946 2511 1169 2581 quidem
1193 2513 1274 2568 rei
1297 2513 1626 2569 Christianae
1654 2514 2010 2579 detrimento,
2043 2523 2105 2572 ut

518 2600 946 2672 Chrysostomus
973 2603 1331 2659 Antiochenze
1350 2606 1610 2661 Ecclesiae
1629 2605 1785 2661 sidus
1814 2607 2100 2675 eximium,

520 2707 649 2745 cum
692 2693 986 2764 utriusque
1026 2693 1189 2750 ﬁdem
1238 2697 1522 2766 probaret,
1577 2697 1875 2753 triennium
1919 2700 1973 2754 in
2011 2716 2099 2756 se-

520 2800 680 2840 cessu
715 2785 886 2841 latere
914 2787 1171 2854 voluerit,
1204 2801 1388 2851 certus
1424 2800 1681 2847 neutrum
1718 2794 1896 2863 sequi,
1924 2809 2101 2863 quan-

519 2877 619 2932 diu
643 2879 858 2933 socium
900 2879 1151 2937 haberet.
1195 2883 1379 2938 Videri
1426 2885 1609 2954 potuit
1650 2886 1833 2941 saaculi
1869 2885 2101 2958 hujusce

516 2969 712 3041 genius
736 2970 959 3025 licentia
995 2972 1335 3043 dogmatum,
1361 2986 1421 3053 et
1448 2976 1747 3031 factionum
1783 2993 1956 3033 amor.

590 3056 679 3113 ill.
706 3059 846 3112 Dum
867 3058 941 3114 ita
958 3061 1310 3119 scinderetur
1336 3064 1390 3117 in
1414 3072 1600 3134 partes
1616 3065 1930 3133 Antiochia,
1949 3068 2101 3124 venit

2216 606 2384 662 verba
2426 604 2728 675 proferam,
2763 610 2820 658 et
2851 608 3054 658 sancta:
3095 598 3243 653 illius
3282 593 3484 663 lingua:
3512 587 3796 644 aiiocutio-

2215 713 2343 752 nem
2362 713 2475 752 non
2499 692 2854 764 immutabo),
2882 693 2927 747 si
2952 691 3067 762 quis
3100 689 3267 760 pictor
3297 684 3428 740 artis
3451 696 3560 736 sua:
3590 678 3795 748 peritis-

2214 792 2377 845 simus
2424 788 2709 859 imaginem
2746 784 2983 856 aliquam
3027 796 3091 835 ea:
3132 779 3265 833 artis
3309 775 3505 846 legibus
3550 776 3796 825 accurate

2214 880 2485 951 depingat,
2520 887 2567 930 et
2598 876 2735 930 hanc
2764 875 2936 928 videre
2967 870 3261 926 volentibus
3292 862 3637 936 spectandam
3666 874 3790 951 pro-

2216 949 2399 1043 ponat,
2421 970 2699 1038 reniatque
2731 965 2874 1021 alius
2902 963 3167 1035 quispiam
3192 961 3247 1013 in
3278 965 3394 1012 arte
3430 956 3598 1015 rudis,
3630 951 3700 1043 ad
3731 949 3795 1003 li-

2214 1041 2442 1115 bidinem
2470 1074 2531 1112 ea
2559 1056 2785 1128 ﬁngens,
2811 1069 2929 1125 quae
2958 1053 3173 1123 pingere
3201 1046 3421 1103 uoluerit
3443 1060 3463 1109 ,'
3484 1041 3668 1096 deinde
3701 1055 3793 1093 ar-

2216 1147 2495 1216 tiﬁciosam
2518 1144 2671 1199 illam
2694 1144 2958 1214 picturam
2989 1134 3392 1209 reprehendens,
3418 1127 3713 1201 superciliis
3742 1133 3792 1179 et

2214 1239 2349 1294 ciliis
2381 1237 2547 1291 lineas
2577 1234 2740 1289 addat
2775 1231 3035 1301 longiores
3063 1269 3078 1293 ,
3112 1235 3161 1281 et
3197 1225 3558 1280 candidiorem
3585 1218 3791 1273 vultum

2214 1328 2422 1392 reddat,
2443 1334 2491 1380 et
2525 1326 2742 1379 rubrum
2759 1324 2903 1394 genis
2933 1316 3159 1373 colorem
3184 1315 3399 1369 inducat
3424 1330 3440 1367 :
3461 1328 3532 1365 an
3564 1310 3792 1381 priorem

2212 1421 2463 1491 pictorem
2495 1424 2647 1488 putas
2676 1431 2781 1469 non
2802 1410 3194 1472 succensurum,
3222 1416 3477 1476 tanquam
3501 1402 3606 1454 arti
3633 1402 3653 1420 ‘
3678 1414 3793 1453 sua

2208 1511 2361 1581 gravi
2390 1510 2532 1581 facta
2562 1506 2785 1578 injuria,
2817 1511 2863 1558 et
2892 1498 3285 1563 additamentis,
3316 1493 3499 1567 quibus
3529 1507 3658 1562 opus
3683 1506 3792 1544 non

2210 1608 2347 1666 erat,
2380 1600 2443 1654 ab
2472 1598 2681 1653 indocta
2713 1612 2876 1651 manu
2904 1588 3206 1664 impositis!
3234 1587 3400 1659 Ergo,
3431 1584 3634 1655 inquit,
3662 1598 3791 1636 con-

2210 1693 2433 1746 ditorem
2465 1705 2668 1762 quoque
2697 1687 2959 1750 omnium,
3007 1689 3316 1751 naturaque
3345 1687 3537 1732 nostra:
3564 1675 3794 1747 ﬁgulum

2210 1790 2260 1835 et
2288 1782 2558 1852 pictorem,
2589 1778 2774 1832 merito
2794 1773 3064 1845 indignari
3085 1770 3296 1835 credite,
3319 1767 3456 1839 quod
3476 1768 3792 1820 immensam

2142 1851 2184 1909 Β
2212 1851 2364 1929 illam
2393 1870 2711 1942 sapientiam
2739 1865 3015 1937 imperitiae
3043 1863 3285 1933 arguitis.
3317 1859 3495 1930 Neque
3523 1859 3662 1912 enim
3693 1873 3792 1910 ru-

2211 1968 2362 2023 beum
2387 1974 2479 2018 aut
2506 1962 2685 2017 album
2714 1967 2762 2015 et
2792 1960 3002 2030 nigrum
3030 1955 3257 2009 colorem
3286 1951 3652 2024 infunderetis,
3686 1949 3793 2003 nisi

2212 2060 2306 2114 hoc
2346 2057 2711 2111 additamenta
2741 2067 2890 2123 egere
2916 2066 3004 2103 vos
3036 2047 3316 2120 putaretis.
3349 2043 3647 2114 Imaginem
3690 2039 3794 2096 Dei

2209 2167 2273 2206 ne
2301 2146 2675 2218 corrumpatis,
2698 2160 2865 2216 neque
2884 2142 3114 2213 adjicere
3143 2138 3400 2193 conemini
3431 2150 3548 2207 qua:
3575 2135 3792 2204 sapien-

2208 2251 2285 2295 ter
2315 2256 2419 2294 non
2449 2237 2629 2304 dedit;
2652 2251 2818 2307 neque
2843 2231 3201 2288 adulterinum
3231 2227 3528 2298 excogitetis
3554 2222 3792 2295 pulchri-

2208 2333 2464 2399 tudinem,
2496 2345 2612 2402 quw
2640 2334 2690 2383 et
2719 2327 2934 2399 pudicas
2962 2322 3227 2394 labefacit,
3249 2318 3538 2375 uidentibus
3569 2314 3789 2370 tendens

2205 2424 2447 2480 insidias.
2479 2420 2669 2478 Audiit
2696 2420 2815 2473 haec
2843 2416 3045 2471 femina
3072 2414 3236 2484 longe
3262 2410 3491 2481 optima,
3519 2407 3787 2478 Petrique

2204 2518 2309 2576 reti
2329 2533 2455 2573 mox
2480 2522 2639 2586 capta
2664 2518 2768 2575 est,
2795 2507 3139 2581 pedibusque
3162 2503 3280 2573 ejus
3300 2499 3577 2562 advoluta,
3602 2505 3659 2552 et
3680 2496 3785 2551 ob-

2205 2619 2415 2666 testans
2440 2605 2729 2663 sanitatem
2761 2600 2924 2656 oculo
2949 2595 3168 2651 restitui
3195 2593 3441 2664 rogabat.
3476 2590 3548 2645 At
3570 2587 3662 2644 ille
3684 2587 3789 2643 bo-

2204 2702 2409 2757 minem
2436 2715 2494 2753 se
2522 2712 2644 2753 esse
2669 2693 2908 2756 dicebat,
2947 2697 3111 2759 atque
3140 2686 3331 2743 eadem
3352 2698 3477 2741 cum
3501 2683 3617 2753 ipsa
3644 2695 3792 2751 prab-

2204 2791 2379 2846 ditum
2419 2797 2618 2843 natura
2656 2803 2669 2838 :
2711 2797 2874 2855 grave
2915 2787 3183 2851 praeterea
3245 2781 3598 2847 peccatorum
3638 2785 3790 2826 onus

2203 2884 2498 2947 sustinere,
2540 2890 2771 2947 eamque
2825 2873 2895 2929 ob
2950 2884 3172 2925 causam
3224 2866 3342 2922 sine
3393 2864 3591 2919 ﬁducia
3636 2861 3785 2933 apud

2202 2977 2374 3032 Deum
2406 2987 2548 3028 esse.
2585 2969 2835 3038 Cumque
2872 2965 3091 3035 lugeret
3127 2967 3304 3015 mater
3341 2957 3500 3028 137
3537 2962 3593 3011 et
3624 2954 3791 3010 obse-

2202 3074 2404 3131 craret,
2442 3079 2545 3118 nec
2570 3060 2887 3116 relicturam
2913 3071 2971 3110 se
3006 3053 3326 3115 alﬁrmaret,
3356 3049 3462 3104 nisi
3487 3047 3788 3102 sanitatem

518 3147 575 3203 in
600 3148 780 3204 lucem
814 3150 1007 3205 eadem
1048 3152 1105 3206 in
1149 3154 1289 3209 urbe
1333 3154 1738 3220 Theodoretus,
1798 3171 1910 3227 quo
1954 3172 2100 3213 anno
2131 3185 2173 3242 ο
2206 3159 2507 3220 obtineret,
2543 3154 2717 3207 Deum
2741 3150 2941 3203 horam
2967 3155 3277 3200 curatorem
3302 3156 3423 3197 esse
3451 3138 3610 3205 dixit,
3634 3150 3784 3192 sem-

515 3241 755 3297 celebris
794 3243 884 3298 ille
921 3242 1179 3310 Joannes,
1205 3246 1318 3315 jam
1345 3260 1457 3299 non
1501 3245 1659 3317 136
1683 3246 1952 3302 insolente
1980 3249 2098 3319 pri-

516 3334 741 3405 vilegio,
767 3343 831 3390 ut
877 3346 1059 3405 antea,
1101 3338 1369 3395 diaconus
1411 3340 1479 3395 ad
1521 3341 1790 3411 populum
1835 3325 2095 3411 dicebat,

517 3424 612 3480 sed
637 3442 737 3481 suo
768 3429 925 3498 quasi
954 3430 1080 3500 jure
1112 3440 1330 3500 poterat
1361 3433 1655 3506 presbyter
1676 3433 1855 3490 factus
1880 3436 2100 3492 concio-

518 3516 682 3573 nibus
702 3519 1002 3576 Ecclesiam
1029 3519 1248 3577 docere.
1275 3523 1448 3580 Tanta
1470 3541 1603 3581 vero
1623 3526 1706 3581 sui
1733 3527 2099 3585 admiratione

516 3610 829 3680 complebat
857 3613 1185 3681 populorum
1219 3617 1430 3672 animos
1453 3625 1515 3673 ut
1553 3619 1681 3675 inde
1714 3619 2098 3691 Chrysostomi

516 3714 719 3755 nomen
767 3701 1019 3771 adeptus,
1071 3713 1196 3774 post
1235 3709 1554 3765 octennium
1589 3709 2096 3783 Constantinopoli-

515 3798 659 3846 tanae
677 3791 937 3848 Ecclesia:
957 3795 1348 3864 praeﬁceretur.

583 3882 671 3938 lV.
698 3883 977 3955 Originem
1030 3887 1186 3942 duxit
1226 3905 1293 3945 ex
1335 3892 1660 3961 parentibus
1702 3893 1986 3951 nobilibus
2032 3911 2099 3953 ac

512 3974 809 4044 opulentis,
842 3975 939 4031 sed
969 3977 1172 4047 pietate
1201 3980 1364 4051 longe
1392 3983 1900 4052 prmstantioribus;
1938 3995 1995 4042 et
2025 3986 2096 4043 de

511 4075 686 4123 matre
716 4069 938 4139 quidem
960 4080 1147 4125 narrat
1175 4071 1311 4142 ipse,
1344 4089 1452 4143 qua
1486 4075 1699 4130 ratione
1733 4092 1846 4132 uno
1867 4077 2093 4134 eodem-

510 4174 619 4229 que
639 4160 783 4215 Petri
811 4172 1006 4219 ascetaa
1028 4163 1297 4218 miraculo
1316 4204 1330 4229 ,
1358 4179 1483 4219 cum
1509 4164 1833 4224 vicesimum
1868 4170 2093 4228 tertium

508 4266 715 4306 annum
739 4262 944 4324 ageret,
971 4261 1029 4311 et
1052 4270 1082 4309 a
1109 4254 1300 4309 mundi
1326 4270 1536 4321 amore,
1563 4273 1675 4326 quo
1704 4260 2014 4329 tenebatur,
2037 4270 2094 4319 et

506 4342 577 4399 ab
606 4345 954 4415 aegritudine,
974 4363 1081 4417 qua
1114 4347 1501 4417 torquebatur,
1527 4357 1719 4405 sanata
1750 4360 1856 4407 est.

589 4451 607 4484 ι
629 4433 938 4491 Laborabat
959 4437 1019 4502 ’³,
1048 4438 1244 4509 inquit,
1288 4436 1367 4491 illi
1394 4439 1533 4493 alter
1569 4440 1860 4495 oculorum
1895 4441 2091 4498 morbo

2201 3266 2409 3327 perque
2462 3242 2853 3305 credentibus,
2904 3255 3025 3311 quas
3058 3237 3389 3327 postulant,
3442 3232 3781 3327 concedere;

2201 3320 2455 3413 proinde,
2486 3333 2639 3389 Dabit
2672 3348 2811 3385 nunc
2850 3329 3031 3391 etiam,
3056 3326 3255 3396 inquit,
3280 3340 3382 3377 non
3405 3322 3531 3376 mihi
3550 3320 3785 3413 gratiam

2202 3412 2433 3484 tribuens
2455 3468 2469 3495 ,
2501 3424 2592 3480 sed
2620 3422 2778 3492 ﬁdem
2800 3428 2946 3473 tuam
2979 3416 3317 3471 considerans
3339 3429 3357 3469 :
3378 3427 3545 3484 quare
3572 3412 3617 3466 si
3645 3412 3789 3465 hanc

2200 3523 2467 3591 integram
2493 3514 2652 3571 habes
2683 3519 2730 3566 et
2758 3511 3050 3572 sinceram,
3097 3515 3146 3561 et
3177 3506 3240 3560 ab
3285 3504 3427 3558 omni
3457 3501 3788 3557 dubitatione

2202 3592 2457 3677 liberam,
2476 3605 2772 3663 valedicens
2796 3609 2845 3656 et
2876 3599 3086 3654 medicis
3115 3607 3164 3653 et
3182 3597 3502 3668 pharmacis,
3532 3594 3787 3648 divinitus

2199 3703 2384 3758 datum
2415 3701 2591 3772 accipe
2635 3697 2731 3751 hoc
2759 3692 3067 3748 remedium.
3114 3689 3213 3746 llis
3242 3688 3427 3752 dictis,
3469 3687 3631 3741 oculo
3658 3698 3785 3739 ma-

2198 3809 2332 3849 num
2373 3789 2658 3863 imposuit,
2696 3795 2754 3843 et
2792 3783 3046 3841 salutaris
3085 3780 3240 3853 signo
3269 3779 3452 3835 crucis
3492 3788 3784 3849 expresso,

2198 3884 2452 3940 morbum
2475 3879 2710 3951 depulit.
2736 3876 2875 3932 inde
2907 3874 3133 3933 domum
3164 3884 3408 3935 reversa,
3434 3871 3586 3925 eluto
3606 3869 3781 3940 phar-

2197 3991 2376 4041 maco,
2422 3971 2776 4042 ascititioque
2810 3966 2963 4023 omni
3001 3972 3199 4020 ornatu
3234 3963 3468 4035 abjecto,
3506 3962 3673 4016 vitam
3707 3975 3783 4016 ex

2196 4066 2586 4140 praescriptisa
2621 4061 2838 4118 medico
2870 4057 3085 4130 legibus
3128 4053 3391 4119 instituit,
3426 4068 3531 4109 nec
3568 4052 3780 4108 variam

2197 4159 2436 4214 induens
2467 4163 2700 4221 vestem,
2738 4167 2843 4207 nec
2870 4164 3006 4206 auro
3035 4162 3092 4203 se
3121 4152 3529 4203 convcnuslans
3560 4161 3574 4199 :
3610 4155 3781 4214 atque

2196 4252 2315 4308 haec
2358 4265 2485 4307 cum
2518 4246 2741 4321 juvenis
2769 4243 3067 4300 admodum
3110 4250 3279 4308 esset,
3310 4255 3517 4296 annum
3562 4238 3781 4294 scilicet

2193 4341 2371 4399 aetatis
2415 4355 2582 4413 agens
2628 4336 2956 4393 vicesimum
3008 4334 3234 4396 tertium
3275 4349 3290 4386 :
3330 4329 3567 4387 necdum
3605 4330 3777 4385 etiam

2196 4443 2372 4489 mater
2396 4432 2557 4487 facta.
2584 4449 2602 4482 ι

505 4522 797 4591 eiusmodi.
844 4525 935 4582 cui
970 4526 1167 4582 cedere
1204 4541 1293 4583 ars
1336 4527 1551 4584 medica
1586 4530 1900 4587 videbatur.
1949 4532 2087 4589 Cum
2120 4524 2165 4580 D
2262 4525 2328 4581 γ.
2366 4524 2531 4578 Facta
2560 4528 2646 4576 est
2666 4534 2800 4575 vero
2834 4525 3009 4574 mater
3037 4514 3225 4571 divina
3247 4514 3475 4578 virtute,
3508 4520 3565 4567 et
3591 4511 3777 4567 Mace-

504 4613 642 4668 nihil
678 4615 808 4671 huic
832 4617 1081 4675 curando
1107 4616 1388 4674 admotum
1412 4635 1524 4675 non
1546 4621 1777 4690 fuisset,
1818 4624 2088 4681 accedens

505 4702 707 4758 mulier
743 4705 991 4774 quaedam
1019 4721 1088 4761 ex
1119 4706 1460 4773 domesticis,
1502 4706 1632 4763 facti
1661 4724 1693 4763 a
1720 4709 1885 4765 Petro
1915 4710 2087 4765 mira-

502 4795 617 4851 culi
653 4796 988 4852 mentionem
1030 4796 1203 4853 fecit:
1239 4797 1453 4853 audivit
1480 4798 1612 4855 hera
1635 4840 1649 4864 ,
1681 4798 2085 4872 confestimque

502 4883 572 4939 ad
604 4884 854 4941 divinum
896 4886 1178 4942 hominem
1222 4903 1282 4943 se
1323 4890 1579 4945 contulit.
1610 4889 1863 4946 Habebat
1896 4902 2082 4949 autem

502 4972 595 5029 illa
627 4974 776 5031 circa
813 4988 874 5031 se
895 4983 952 5030 et
970 4975 1214 5043 inaures,
1236 4984 1293 5031 et
1318 4977 1566 5043 monilia,
1606 4985 1663 5033 et
1689 4980 1795 5035 alia
1822 4995 1892 5036 ex
1918 4996 2076 5051 auro,

501 5069 561 5116 et
600 5069 808 5118 vestem
853 5062 1061 5117 variam
1092 5079 1160 5119 ex
1190 5064 1384 5120 sericis
1417 5065 1526 5122 ﬁlis
1557 5075 1867 5124 contextam
1899 5088 1913 5124 :
1944 5086 2084 5126 non-

500 5151 635 5208 dum
656 5153 806 5209 enim
833 5154 1225 5225 perfectiorem
1244 5156 1509 5213 virtutem
1533 5158 1871 5231 degustarat,
1897 5169 1954 5218 et
1980 5163 2080 5220 flos

500 5253 624 5299 erat
647 5246 847 5312 aetatis,
879 5246 1296 5317 juventutisque
1324 5257 1523 5305 ornatu
1546 5249 1951 5310 delectabatur.
1986 5252 2081 5311 Di-

501 5332 691 5388 vinum
731 5350 864 5406 ergo
910 5344 1077 5405 caput
1118 5337 1236 5393 haec
1281 5339 1524 5406 intuens,
1565 5339 1752 5396 nimim
1798 5342 2082 5415 elegantiae

500 5424 739 5494 primum
761 5426 1141 5498 aegritudinem
1166 5431 1397 5498 sanavit,
1420 5431 1476 5487 in
1498 5431 1651 5488 hunc
1674 5432 1821 5488 illam
1852 5435 2078 5492 modum

2193 4615 2344 4672 donii
2383 4621 2583 4671 ascetae
2616 4611 2944 4668 sanctissimi
2983 4608 3267 4681 precibus,
3300 4604 3449 4677 quod
3478 4606 3557 4660 ita
3588 4604 3777 4660 Tbeo—

2192 4710 2422 4766 doretus
2444 4707 2632 4773 refert,
2665 4713 2791 4777 post
2811 4718 2986 4760 annos
3006 4697 3272 4757 tredecim
3294 4695 3552 4769 eonjugii.
3588 4714 3607 4747 ι
3635 4695 3779 4751 Nee-

2192 4801 2324 4857 dum
2349 4801 2553 4856 liberos
2579 4794 2957 4869 susceperat‘,
2988 4801 3183 4873 ngtura
3197 4790 3408 4847 scilicet
3422 4787 3776 4861 prohibente,

2192 4909 2263 4950 ne
2284 4892 2525 4949 fructum
2550 4890 2751 4957 ferret;
2781 4903 2903 4959 quae
2926 4901 3017 4941 res
3046 4884 3221 4955 ipsam
3249 4881 3471 4954 quidem
3499 4879 3643 4935 male
3677 4877 3777 4934 ad-

2191 4984 2414 5040 modum
2450 4999 2562 5037 non
2591 4980 2854 5046 habebat,
2875 4977 2931 5032 in
2959 4975 3164 5032 divinis
3181 4972 3328 5030 enim
3352 4971 3570 5029 erudita
3593 4971 3649 5027 id
3672 4985 3772 5025 ex-

2189 5076 2377 5148 pedire
2403 5073 2665 5130 credebat
2695 5092 2707 5126 :
2740 5080 2955 5143 patrem
2986 5084 3120 5125 vero
3143 5082 3328 5123 meum
3358 5066 3570 5122 orbitas
3597 5065 3771 5121 vehe-

2186 5178 2404 5226 menter
2448 5165 2717 5238 angebat,
2765 5171 2824 5218 et
2867 5174 3319 5231 quoquoversum
3361 5156 3629 5214 oberrans
3669 5156 3771 5212 Dei

2184 5275 2379 5317 servos
2400 5257 2615 5322 orabat,
2638 5263 2701 5310 ut
2722 5252 2828 5309 sibi
2846 5251 3052 5307 liberos
3072 5266 3102 5307 a
3127 5250 3240 5308 Deo
3258 5248 3626 5322 postularent.
3658 5245 3771 5302 Alii

2182 5361 2316 5418 ergo
2345 5352 2402 5399 et
2435 5350 2691 5397 oraturos
2717 5355 2776 5395 se
2810 5337 3230 5411 promittebant,
3251 5345 3308 5394 et
3337 5345 3399 5392 ut
3422 5336 3479 5392 in
3503 5334 3599 5391 Dei
3623 5344 3769 5391 nutu

2184 5435 2580 5506 acquiesceret,
2620 5432 3008 5488 hortabantur.
3054 5431 3125 5486 At
3163 5430 3249 5485 vir
3278 5428 3500 5484 divinus
3537 5433 3593 5482 et
3623 5426 3770 5497 peti-

1822 5595 2137 5655 SCHULZii
2176 5596 2404 5655 ΝΟΤᾹΞ.

576 5712 938 5811 aedilem-Ibat,
976 5728 1093 5776 aet.
1136 5723 1443 5783 Pleniorcm
1495 5731 1865 5787 narrationem
1918 5733 2041 5790 vide
2094 5752 2280 5811 supra,
2317 5746 2357 5792 t.
2389 5736 2480 5800 lli,
2515 5751 2566 5806 p.
2602 5735 2738 5791 H88
2773 5748 2887 5806 seq.
2962 5732 2983 5763 ‘
3014 5731 3411 5796 Necdum,cet.
3443 5726 3575 5786 Vide
3608 5726 3643 5781 ι.
3683 5738 3714 5779 c
3746 5765 3763 5791 ,

501 5801 555 5859 ι).
614 5783 745 5839 1215
798 5801 910 5857 seq.
