2040 3240
148 218 183 250 93

738 223 922 252 HISTORIA
942 221 1196 253 THEODOBETI.

1743 221 1777 251 94

146 274 212 302 tioni
222 273 327 309 liquido
339 274 448 307 annuit,
464 279 492 301 et
505 274 588 302 ﬁliuni
602 283 685 302 unum
698 277 732 303 ab
746 277 936 305 universorum
955 280 973 306 Α
1025 277 1119 312 Neque
1129 277 1261 304 hactenus
1271 277 1394 303 constitit
1405 276 1539 311 singulare
1550 275 1595 302 Dei
1605 276 1776 303 benellcium.

146 325 255 349 auctore
270 324 451 355 accepturum
466 321 608 356 pollicitus
622 327 674 349 est.
687 323 750 350 Post
769 327 823 350 tres
838 331 935 355 annos,

146 374 205 396 cum
221 367 327 394 exitum
346 366 497 401 promissio
511 368 607 395 sortita
623 376 679 395 non
694 374 776 402 esset,
793 369 874 396 rediit
890 370 938 395 ite-

146 419 204 439 rum
221 416 299 446 pater
315 411 451 446 promissa
471 420 629 447 reposcens.
643 414 690 440 Ille
701 422 766 441 vero
779 415 848 441 mitti
863 415 896 441 ad
908 423 937 442 se

146 458 288 493 coniugem
297 457 390 492 jussit.
407 457 440 485 Et
452 465 514 485 cum
532 459 640 486 adesset
653 464 750 491 mater,
769 460 838 486 dixit
850 460 875 487 ei
895 460 937 487 vir

147 503 265 536 divinus,
284 507 314 530 et
333 503 487 538 petiturum
508 512 548 537 se,
563 509 590 532 et
608 505 682 531 illam
708 505 793 532 tilium
810 511 938 540 acceptu-

147 556 202 576 ram
219 557 227 575 :
244 548 294 576 sed
312 548 389 576 hunc
404 549 533 576 donatori
555 549 633 576 reddi
657 555 796 585 oportere.
812 551 936 586 Cumque

147 601 226 621 unam
250 593 305 621 sibi
324 594 424 621 animae
454 595 570 622 salutem
591 596 777 631 gcltcnnchue
796 597 937 624 liberatio-

146 647 207 667 nem
222 639 251 667 in
272 639 347 666 votis
361 647 422 667 esse
437 646 526 667 mater
541 641 720 675 responderet
735 651 740 668 :
753 641 876 676 Insuper,
892 643 935 668 in—

146 685 215 721 quit,
232 689 258 712 et
276 685 366 719 ﬁlium
388 685 462 712 dabit
481 686 620 720 muniﬁcus
645 686 756 722 largitor
775 696 783 714 :
802 689 834 714 iis
855 690 934 720 enim,

147 731 190 766 qui
204 731 303 758 sincere
316 735 421 766 petunt,
444 732 472 759 in
490 732 600 767 duplum
617 738 709 768 erogat
727 733 860 767 beneﬁcia.
881 735 934 761 Re-

148 784 227 804 versa
242 777 306 805 hinc
318 781 409 804 mater
423 779 615 812 promissionis
631 779 851 806 benedictionem
866 780 936 807 refc-

152 830 223 856 rens,
234 827 331 858 quarto
342 827 407 858 post
420 831 516 851 mense
531 832 612 859 quam
626 825 800 859 promiserat,
816 825 935 860 concipit

152 874 178 897 et
189 873 293 897 uterum
307 870 389 905 gerit,
403 870 531 905 reditque
545 871 579 898 ad
593 871 680 898 virum
694 871 754 904 Dei,
766 871 935 899 benedictio-

149 915 332 943 nisseminnm
346 916 505 952 manipulos
521 916 682 945 ostendens.
700 926 709 943 ›

178 960 220 988 Vl.
241 960 413 997 Conceptum
433 962 567 989 miraculo
590 963 692 995 fetum,
714 972 748 991 ne
771 964 935 992 immaturus

145 1005 344 1039 eﬂ‘underetur,
362 1008 540 1035 retinuerunt
561 1009 612 1035 viri
634 1010 721 1036 sancti
741 1018 847 1044 preces.
867 1010 934 1037 Nam

148 1063 158 1079 ο
173 1054 271 1088 quinto
283 1060 346 1088 post
360 1054 571 1089 conceptionem
587 1063 692 1087 mense,
705 1055 794 1090 inquit
808 1056 935 1083 Theodo-

145 1103 217 1127 retus
233 1099 256 1132 ',
272 1103 362 1127 mater
376 1100 404 1126 in
414 1099 564 1127 discrimen
576 1100 729 1127 abortionis
742 1102 826 1133 venit,
844 1106 871 1129 et
886 1102 935 1129 itc-

143 1153 202 1172 rum
216 1145 304 1178 misit,
323 1145 388 1180 quia
405 1145 445 1172 ire
461 1146 547 1180 ipsam
565 1146 679 1173 morbus
691 1148 811 1177 vetabat,
833 1148 866 1174 ad
883 1156 933 1174 no-

142 1199 202 1219 vum
214 1199 299 1219 suum
308 1191 630 1226 Elismum,suggeritque
642 1200 670 1219 se
679 1197 793 1219 matrem
808 1193 865 1220 ﬁeri
880 1202 934 1221 non

142 1242 260 1273 optasse,
276 1237 415 1272 simulque
426 1237 462 1264 ab
473 1245 505 1264 eo
519 1238 651 1271 promissa
666 1243 775 1265 revocat
791 1240 816 1265 in
829 1247 934 1265 memo-

141 1283 218 1311 riam.
239 1283 290 1311 Ille
305 1291 371 1311 vero
388 1283 545 1310 venientem
558 1284 652 1318 procul
675 1284 799 1316 intuitus,
818 1290 845 1312 et
861 1285 933 1311 illam

141 1329 262 1364 agnovit,
280 1333 309 1356 et
331 1329 412 1364 138
430 1336 541 1355 causam
561 1329 734 1363 signiﬁcavit.
751 1330 837 1357 Noctu
860 1331 934 1357 enim

141 1375 273 1403 Dominus
296 1373 337 1400 illi
357 1378 385 1401 et
402 1374 531 1401 morbum
545 1378 573 1400 et
589 1375 704 1401 salutem
722 1375 864 1402 indicarat.
882 1376 934 1403 As-

141 1425 249 1456 sumpto
265 1420 351 1456 igitur
370 1420 471 1448 baculo
486 1420 596 1447 innixus
611 1420 688 1450 abiit.
705 1421 872 1456 domumque
891 1421 934 1448 in-

143 1474 262 1501 gressus,
278 1466 403 1501 et‘pacis,
417 1465 571 1497 utsolebat,
582 1466 746 1493 salutatione
758 1466 821 1493 data
834 1475 840 1493 :
851 1466 933 1499 Bono,

143 1510 239 1545 inquit,
254 1511 292 1538 ais
307 1511 408 1543 animo,
422 1518 469 1537 nec
480 1510 591 1537 timeas:
605 1511 762 1546 nequeenim
774 1510 870 1537 donum
884 1519 933 1537 au-

140 1555 210 1591 feret,
231 1557 281 1592 qui
300 1555 382 1589 dedit,
401 1556 453 1583 nisi
470 1560 498 1582 tu
514 1557 581 1582 inita
598 1560 675 1591 pacta
695 1556 812 1582 violaria.
833 1556 935 1583 Promi-

139 1602 194 1630 tisli
217 1610 318 1637 nempe
341 1602 507 1629 reddituram
525 1606 549 1628 te
575 1601 644 1636 quod
664 1601 778 1633 dabitur,
798 1602 935 1636 divinaque

138 1648 263 1683 obsequio
290 1651 519 1674 consecraturam.
546 1646 591 1674 Sic
617 1651 645 1674 et
672 1654 741 1681 ego,
774 1646 812 1673 ait
838 1651 935 1679 mater,

135 1700 234 1727 parere
249 1692 316 1720 volo
328 1696 355 1720 et
370 1696 446 1727 opto.
466 1691 602 1719 Potiorem
619 1691 691 1718 enim
707 1691 861 1718 abortivum
875 1700 937 1726 par-

137 1744 192 1767 tum
208 1739 355 1771 duxerim,
373 1746 456 1773 quam
473 1737 589 1765 alienam
604 1737 650 1764 filii
663 1737 862 1764 educationem.
874 1738 937 1764 Bibe

135 1786 227 1821 igitur,
243 1784 338 1820 inquit
354 1784 399 1812 vir
417 1784 538 1814 divinus,
552 1784 619 1810 hanc
631 1792 739 1818 aquam,
754 1787 777 1809 et
789 1784 883 1810 senties
897 1784 936 1810 di-

134 1832 225 1859 vinum
246 1829 393 1858 milium.
416 1829 488 1857 Bibit
508 1829 553 1855 illa
576 1833 607 1855 ut
625 1829 756 1864 jusscrat,
776 1832 803 1855 et
823 1828 936 1856 abortus

134 1876 296 1912 periculum
313 1874 458 1903 abscessit.
479 1883 489 1899 ›

167 1922 228 1950 Vl].
243 1922 339 1957 Atque
350 1920 409 1948 hac
422 1927 504 1948 causa
517 1919 578 1951 fuit,
594 1926 644 1946 cur
657 1918 823 1945 Theodoreti
836 1926 935 1946 nomen

133 1976 196 1997 cum
220 1971 404 1999 nasceretur,
425 1965 581 2001 acceperit,
607 1965 684 1999 quasi
702 1964 820 1991 donatus
844 1972 860 1991 a
880 1965 936 1992 Deo

132 2014 317 2051 parentibus,
335 2017 363 2040 et
382 2020 397 2040 a
415 2012 577 2047 parentibus
592 2011 712 2038 vicissim
732 2011 842 2038 oblatus
868 2011 934 2043 Deo,

132 2061 178 2088 cui
188 2059 318 2088 serviret
334 2059 362 2086 in
377 2058 556 2087 monasterio.
573 2057 621 2084 ubi
633 2057 751 2092 primum
765 2065 814 2091 per
828 2061 936 2084 aetatem

131 2106 233 2134 liceret
251 2114 260 2133 :
281 2105 336 2132 hoc
354 2104 430 2132 enim
451 2103 543 2131 fuerat
560 2107 704 2138 parentum
724 2103 936 2137 supplicantium

130 2156 244 2184 votum,
264 2149 326 2178 haec
337 2152 495 2176 sanctorum
507 2147 712 2182 deprecantium
723 2147 776 2173 lex.

165 2196 243 2225 γιιι.
273 2195 352 2223 Hanc
375 2193 509 2222 nascendi
538 2193 725 2221 conditionem
748 2192 934 2225 Theodoreto,

129 2247 290 2278 postquam
308 2240 452 2271 crevisset,
472 2239 619 2266 revocabat
639 2239 665 2266 in
682 2242 801 2266 mentem
813 2239 937 2266 Macedo-

951 1614 971 1642 C

990 323 1055 349 Nam
1070 327 1157 350 mater
1175 331 1271 349 recens
1288 331 1302 349 a
1320 327 1401 356 partu
1417 323 1424 331 '
1441 322 1515 349 letali
1531 321 1627 348 morbo
1645 322 1778 348 exstincta

988 374 1070 400 esset,
1084 369 1264 403 periissctquc
1276 367 1450 394 Tlteodoreto
1461 375 1589 400 magnum
1603 367 1636 393 ad
1650 367 1779 393 virtutem

989 414 1195 441 incitamentum
1220 421 1252 440 ac
1281 414 1457 448 exemplum,
1485 413 1537 439 nisi
1565 412 1638 439 Petri
1671 412 1777 443 iisdem,

988 461 1088 494 quibus
1107 461 1139 486 ad
1156 461 1240 487 Deum
1262 467 1395 486 conversa
1407 463 1475 490 erat,
1488 459 1616 493 precibus
1632 458 1778 484 sanitatem

988 512 1187 540 recuperasset.
1203 506 1364 532 Miraculum
1376 504 1565 531 Tlicodoretus
1578 504 1613 530 ita
1626 503 1777 530 describit:

992 561 1000 576 ι
1018 552 1204 578 Decutnbcbat
1219 552 1228 566 ⁷
1244 556 1331 577 mater
1347 558 1406 577 mea
1424 554 1485 584 post
1503 554 1610 584 partum
1624 569 1630 580 ,
1653 548 1776 579 medicis,

987 600 1017 622 ut
1032 596 1134 627 ferunt,
1150 595 1370 630 desperantibus,
1393 594 1549 629 lugentibus
1565 593 1733 623 domesticis,
1751 597 1778 619 ct

987 642 1091 669 obitum
1113 641 1344 676 praestolantibus,
1366 640 1467 667 clausis
1489 640 1576 666 oculis
1597 647 1693 673 magna
1714 647 1777 665 eum

986 687 1063 714 febre
1077 687 1246 718 eonﬂictans,
1267 686 1442 713 familiarium
1460 685 1598 712 neminem
1615 692 1776 719 agnoscens.

986 734 1021 761 Ut
1033 739 1122 760 autent
1141 733 1252 760 advenit
1265 732 1320 764 ille,
1332 732 1377 766 qui
1393 731 1572 766 apostolicum
1584 738 1683 756 nomen
1699 737 1777 763 gere-

986 779 1033 806 bat
1048 783 1075 806 et
1088 778 1201 813 gratiam
1212 799 1219 810 ,
1233 782 1270 809 et,
1286 778 1344 804 Pa:
1360 778 1414 808 tibi,
1435 776 1505 810 ﬁlia,
1526 776 1595 802 dixit
1613 775 1681 810 (haec
1702 775 1776 801 enim

986 825 1046 859 cjus
1062 829 1121 851 erat
1135 824 1288 857 salutatio),
1311 823 1457 850 confestim
1480 822 1624 856 palpebras
1640 828 1777 847 reserasse

987 870 1098 902 dicitur,
1112 874 1139 897 et
1152 870 1177 896 in
1190 870 1265 896 illum
1277 869 1336 895 ﬁxis
1346 869 1433 895 oculis
1446 867 1595 902 aspexisse,
1608 866 1778 894 benedictio-

986 915 1084 949 nisque
1094 915 1213 942 fructum
1229 915 1391 949 postulasse.
1406 914 1554 947 Postquam
1569 913 1685 939 ululavit
1699 911 1778 938 femi-

989 969 1085 987 narum
1102 961 1203 988 chorus
1220 961 1308 994 (mista
1324 960 1398 987 enim
1414 967 1475 987 cum
1494 959 1588 986 dolore
1606 957 1690 985 animi
1706 958 1775 984 lacti-

990 1008 1026 1034 tia
1054 1008 1200 1034 clamorem
1233 1007 1309 1033 illum
1342 1006 1543 1040 expresserat),
1576 1004 1707 1039 praecepit
1734 1003 1777 1029 vir

988 1054 1108 1083 divinus,
1126 1057 1155 1079 ut
1177 1057 1288 1079 orarent
1310 1060 1370 1079 cum
1396 1052 1454 1086 ipso
1477 1052 1621 1078 universae.
1638 1050 1683 1077 Sic
1702 1049 1775 1076 enim

987 1100 1103 1126 salutem
1123 1099 1259 1132 recepisse
1280 1098 1388 1124 dicebat
1407 1097 1562 1127 Tabitham,
1579 1095 1669 1122 viduis
1687 1096 1775 1129 lacry—

987 1145 1137 1176 tnanlibus,
1160 1148 1188 1171 el.
1209 1152 1306 1178 magno
1324 1144 1405 1170 Petro
1428 1143 1535 1170 illarum
1562 1142 1617 1168 Deo
1643 1142 1776 1176 lacrymas

990 1192 1069 1225 139
1080 1191 1223 1217 ofl‘crentc.
1238 1190 1359 1217 Orarunt
1372 1193 1402 1215 ut
1412 1190 1542 1224 jusscrat,
1554 1192 1581 1214 et
1593 1187 1697 1221 adeptae
1713 1190 1775 1213 sunt

988 1242 1017 1264 ut
1040 1237 1173 1271 praedixit.
1196 1236 1285 1263 Finita
1308 1237 1380 1263 cnim
1406 1236 1540 1266 oratione,
1563 1234 1643 1261 linem
1666 1241 1776 1267 quoque

986 1283 1099 1309 morbus
1118 1282 1240 1316 accepit,
1258 1282 1397 1316 sudorque
1417 1289 1480 1308 mox
1497 1280 1617 1314 undique
1638 1278 1776 1313 proﬂuens

987 1328 1114 1356 ardorem
1128 1329 1203 1354 illum
1218 1328 1357 1354 exstinxit.
1375 1337 1382 1352 ι

1022 1374 1150 1409 Ejusdem
1163 1374 1234 1401 Petri
1250 1382 1316 1400 zona
1330 1381 1384 1400 non
1398 1373 1481 1400 semel
1493 1380 1508 1399 a
1519 1372 1617 1399 morbo
1631 1380 1680 1406 per
1693 1371 1775 1398 mira—

987 1420 1078 1447 culum
1094 1420 1283 1446 Tlieodoretus
1305 1419 1362 1453 ipse
1382 1419 1489 1446 solutus
1503 1422 1554 1444 est.
1576 1428 1585 1443 ‹
1602 1415 1688 1452 llnjus
1706 1424 1776 1451 quo-

987 1473 1040 1499 que
1053 1464 1074 1497 ⁸,
1086 1465 1184 1499 inquit,
1197 1465 1267 1491 sicut
1277 1464 1428 1491 beatissimi
1443 1464 1518 1490 Pauli
1534 1464 1695 1490 vestimenta
1711 1469 1775 1496 ope-

988 1511 1128 1537 rabantur.
1143 1510 1209 1536 Nam
1221 1518 1289 1536 zona
1303 1517 1350 1535 sua
1363 1509 1489 1536 bifariam
1501 1509 1599 1540 divisa,
1609 1508 1662 1534 lata
1675 1508 1777 1541 quippe

988 1561 1015 1583 et
1030 1556 1109 1591 longa
1125 1559 1195 1586 erat,
1219 1563 1313 1582 crasso
1335 1562 1367 1581 ex
1395 1555 1450 1581 lino
1471 1557 1608 1582 contexta.
1628 1557 1706 1587 parte
1722 1560 1777 1579 una

989 1610 1067 1629 renes
1087 1609 1151 1628 sttos
1167 1601 1267 1632 cinxit,
1285 1601 1369 1626 altera
1387 1608 1472 1626 meos.
1491 1599 1567 1625 Ilanc
1583 1603 1670 1625 mater
1689 1606 1777 1633 aegro-

989 1646 1055 1673 tanti
1070 1646 1136 1673 mihi
1154 1653 1224 1680 saepe
1243 1646 1396 1680 imponens,
1412 1652 1482 1679 srcpe
1497 1645 1579 1671 etiam
1598 1644 1679 1678 patri,
1702 1652 1777 1670 mor-

988 1693 1053 1719 bum
1062 1691 1177 1726 depulit,
1189 1691 1342 1725 eodemque
1355 1691 1388 1717 ad
1399 1692 1544 1717 sanitatem
1555 1690 1614 1724 ipsa
1624 1690 1706 1716 etiam
1718 1698 1779 1724 pere

988 1745 1060 1772 sat-pe
1075 1745 1123 1764 usa
1137 1741 1180 1764 est
1197 1736 1330 1763 remedio.
1350 1745 1358 1761 )

1024 1784 1112 1818 Atque
1126 1783 1184 1810 htcc
1197 1790 1278 1810 causa
1292 1783 1406 1814 exstitit,
1424 1790 1473 1809 cur
1487 1782 1532 1817 pia
1546 1787 1634 1809 mater
1647 1781 1778 1808 infantem

987 1828 1095 1856 deferre
1107 1828 1188 1855 solita
1201 1831 1274 1855 esset
1288 1827 1322 1854 ad
1333 1827 1504 1861 spiritualem
1516 1828 1635 1858 Patrem,
1652 1831 1682 1853 ut
1697 1835 1710 1853 a
1724 1833 1779 1860 quo

987 1875 1071 1902 vitam
1088 1874 1146 1908 ipsa
1163 1873 1245 1900 animi
1259 1873 1439 1907 corporisque
1459 1877 1613 1907 acceperat,
1630 1872 1663 1899 ab
1678 1880 1711 1898 eo
1733 1871 1779 1897 be—

987 1920 1109 1948 nedictio
1124 1919 1194 1955 proli
1213 1920 1240 1946 in
1255 1919 1315 1946 dies
1328 1919 1464 1946 crescenti
1480 1918 1676 1953 impertiretur.
1694 1917 1778 1943 llahi-

988 1966 1065 1994 tabat
1083 1966 1126 1992 vir
1145 1965 1190 1991 ille
1208 1964 1379 1991 admirabilis
1395 1971 1451 1991 non
1470 1964 1567 1998 procul
1584 1963 1731 1990 Antiochia
1751 1962 1778 1989 in

987 2011 1126 2046 sepulcro,
1137 2010 1297 2044 solebatquc
1306 2017 1390 2036 senex
1401 2009 1520 2043 optimus
1530 2008 1694 2035 infantulum
1706 2016 1779 2035 com-

987 2057 1068 2092 plecti
1082 2057 1154 2088 sinu,
1168 2055 1302 2089 donisque
1317 2054 1424 2081 aﬂicere
1434 2053 1507 2081 :etati
1521 2053 1661 2088 congruis,
1678 2053 1779 2086 quibus

988 2104 1077 2138 ipsum
1095 2102 1147 2129 sibi
1160 2106 1241 2136 atque
1258 2100 1354 2135 pietati
1367 2100 1537 2127 conciliaret.

1024 2149 1096 2176 Idem
1112 2147 1256 2182 prmstabat
1280 2146 1422 2180 stupenda:
1436 2145 1505 2172 alter
1518 2144 1669 2171 sanctitatis
1682 2151 1777 2170 mona-

988 2195 1056 2222 chus
1069 2194 1222 2228 Apliraatcs
1241 2193 1297 2224 ille,
1324 2192 1371 2226 qui
1392 2191 1459 2218 cella
1478 2190 1617 2225 quondam
1640 2197 1777 2224 egressus,

988 2239 1095 2268 Valenti
1115 2238 1303 2273 “imperatori
1334 2237 1424 2272 palam
1448 2236 1568 2263 haeresin
1592 2240 1621 2262 et
1648 2234 1779 2262 Ecclesia:

130 2273 215 2321 nius;
225 2287 371 2321 simulque
384 2287 448 2313 vita
461 2285 582 2313 sanctius
597 2285 772 2312 instituenda:
785 2285 936 2312 neccssita—
953 2280 974 2307 ι)
989 2284 1092 2313 Christi
1106 2283 1325 2319 persecutionem
1339 2282 1452 2316 objecit.
1467 2281 1535 2308 Nam
1550 2280 1696 2315 parvulum
1712 2280 1733 2296 ¹⁰
1745 2273 1779 2306 ad

128 2340 198 2363 tem.
224 2343 235 2360 ι
252 2333 350 2360 Multis
364 2332 386 2364 ‘,
404 2331 556 2367 inquiebat,
570 2339 632 2358 cum
650 2330 801 2363 laboribus,
822 2331 869 2364 ﬁli,
887 2339 936 2358 na-

129 2387 178 2408 tus
188 2388 236 2412 es,
246 2379 353 2407 multas
363 2382 391 2406 et
402 2378 460 2413 ipse
469 2382 565 2405 noctes
575 2377 651 2408 duxi,
663 2377 716 2403 hoc
726 2384 812 2403 unum
822 2384 937 2411 poscens

129 2436 145 2455 a
159 2428 235 2459 Deo,
252 2430 288 2454 ut
297 2429 429 2461 parentes
444 2423 484 2451 tui
501 2423 555 2451 hoc
568 2422 676 2455 ﬁerent,
689 2422 763 2457 quod
777 2427 801 2450 te
812 2427 877 2450 nato
887 2431 936 2458 ap-

129 2473 231 2510 pellati
257 2475 336 2499 sunt.
359 2470 474 2506 Dignam
497 2469 582 2504 igitur
602 2469 746 2496 laboribus
769 2469 852 2496 vitam
875 2476 935 2503 age.

130 2521 207 2551 Am
230 2522 345 2554 partum
366 2515 601 2552 promissionibus
623 2520 799 2543 consecratus
814 2523 853 2542 es.
880 2515 938 2542 Deo

129 2571 233 2594 autem
248 2571 313 2600 qua
333 2563 426 2591 oblata
441 2567 517 2594 sunt,
535 2561 692 2589 veneranda
711 2566 775 2588 sunt
798 2561 936 2592 omnibus,

129 2618 216 2640 necat
226 2610 316 2645 vulgo
331 2607 530 2637 contrectanda
547 2615 554 2635 :
570 2615 655 2642 quare
671 2611 780 2641 oportet
797 2610 823 2633 te
838 2614 938 2641 pravos

129 2657 224 2685 animi
233 2659 329 2683 motus
337 2662 393 2682 non
400 2653 560 2687 admittere;
570 2653 617 2681 sed
629 2653 675 2680 illa
686 2657 790 2680 tantum
801 2652 935 2685 etfacere,

129 2707 160 2731 et
175 2701 274 2737 loqui.
300 2704 329 2728 et
352 2699 485 2735 cogitare,
503 2706 567 2734 qua:
582 2698 693 2726 virtutis
714 2698 864 2734 legislatori
880 2699 937 2725 Deo

129 2748 261 2783 placent.
274 2755 283 2771 ι

990 2340 1019 2360 se
1034 2332 1190 2359 venientem
1204 2329 1368 2356 admittebat
1382 2328 1410 2354 in
1427 2327 1535 2359 cellam,
1548 2334 1652 2361 suaque
1666 2326 1780 2353 benedi-

990 2378 1080 2405 ctione
1094 2376 1225 2403 donatum
1247 2374 1363 2401 docebat
1381 2372 1518 2406 exemplo,
1538 2376 1565 2398 ct
1586 2378 1630 2398 res
1646 2371 1780 2397 humanas

990 2424 1143 2458 despicere,
1158 2425 1187 2449 et
1205 2421 1274 2448 nihil
1293 2424 1428 2451 metuere,
1445 2426 1481 2445 ne
1498 2425 1653 2453 supremam
1668 2417 1785 2452 quidem-

989 2472 1163 2505 polestatem,
1177 2474 1240 2494 cum
1256 2473 1301 2493 res
1313 2464 1415 2493 Christi
1428 2464 1469 2499 agi
1486 2463 1647 2495 videretur;
1663 2462 1779 2489 aliorum

991 2516 1095 2550 pariter
1118 2516 1275 2540 sanctorum
1303 2510 1496 2542 admiratione,
1517 2513 1548 2535 ut
1568 2513 1634 2536 aetas
1660 2508 1778 2540 ferebat,

990 2560 1138 2594 verbisque
1150 2556 1349 2585 incendebatur
1361 2555 1395 2583 ad
1406 2555 1490 2582 vitam
1506 2562 1522 2581 a
1535 2554 1674 2582 communi
1690 2554 1781 2581 diver-

991 2613 1060 2638 sam,
1078 2604 1177 2640 spiritu
1189 2611 1246 2630 non
1257 2602 1337 2630 solito
1353 2601 1497 2637 agendam.

1028 2650 1081 2677 Tot
1095 2648 1236 2684 prodigiis,
1250 2652 1346 2682 totque
1362 2652 1518 2674 sanetorum
1534 2643 1667 2678 exemplis
1679 2644 1778 2678 praelu—

991 2697 1057 2725 dere
1070 2696 1213 2723 videbatur
1223 2691 1392 2729 providentia
1407 2690 1498 2717 divina
1507 2688 1668 2716 admirabile
1675 2687 1779 2723 aliquid

991 2743 1021 2771 in
1031 2742 1206 2770 Theodoreto
1224 2736 1435 2768 ostendendum,
1456 2736 1571 2770 ipsaque
1584 2734 1674 2770 prima
1690 2734 1785 2761 Theo-

801 2833 956 2863 SCHULZII
969 2832 1086 2862 ΝΟΤᾸΕ.

170 2907 183 2924 ⁸
201 2906 305 2941 lnquit.
325 2905 405 2937 ἰδίει..
422 2913 451 2940 p.
468 2904 546 2941 lg“.
586 2903 785 2941 ‘rMultisgqcaat.
799 2904 889 2941 Yid.t.
905 2904 989 2941 "Lg.
1005 2903 1084 2931 1215.
1120 2897 1402 2941 '_Decumlfeb'alt!,lcmt.
1414 2895 1498 2941 Ibid;
1508 2903 1536 2931 p.
1550 2895 1627 2924 H94.
1665 2894 1677 2911 ⁸
1689 2893 1784 2931 Ruﬁn:

133 2930 449 2978 quoqucjw’cintfibidr
466 2930 685 2971 ίῖίᾶιρηιίίέωὲ.
699 2930 782 2972 ibid,
803 2930 886 2967 iisti.
905 2930 1192 2974 “*B'I'Vizrnpurvuium,
1210 2937 1269 2963 catt.
1283 2931 1364 2964 Ibid.,
1380 2939 1408 2967 ι).
1431 2930 1508 2959 H85.
