2040 3231
156 171 186 203 91
733 170 755 200 II
762 170 913 200 ISTORIA
934 169 1188 202 THEODORETI.
1737 177 1773 208 98

153 226 257 261 jusdam
271 224 407 252 eharitatis
419 224 590 260 142torma
603 225 937 259 quuendideCltristo.cl
953 229 973 256 Α
1019 226 1077 254 XII.
1103 228 1192 262 Atque
1206 228 1265 256 haec
1284 229 1336 257 fuit
1355 228 1438 257 facies
1452 228 1598 266 CyreStiem
1615 232 1772 266 provinciae,

154 270 249 297 divina:
264 269 461 296 incarnationis
474 270 595 304 mystcrii
615 270 770 303 explanatio
788 278 855 304 pene
869 270 935 296 sub-

152 318 217 350 jecta
236 316 371 342 sensibus.
392 315 583 342 Adhibebutur
604 316 676 342 CIII”!
702 316 820 342 hominis
845 324 935 342 exem-

154 361 233 395 plum,
257 360 328 394 quod
355 360 407 386 sibi
432 361 548 394 quisque
563 360 651 391 daret,
669 362 747 394 quasi
765 361 882 388 Verbum
910 361 935 387 id

153 412 220 433 esset
236 406 263 432 iu
277 406 396 437 Christo,
416 406 489 440 quod
514 406 540 432 in
559 406 639 433 nobis
659 407 781 433 animus:
798 415 830 433 cx
842 415 895 441 quo
909 412 936 433 et

155 452 206 486 ipsa
232 452 315 478 etiam
342 451 420 486 plebs
444 451 590 478 videbatur
613 452 665 478 sibi
696 453 848 487 intelligere
877 457 935 478 stu—

154 496 264 531 pendum
279 497 450 532 mysterium,
465 505 520 531 quo
538 497 648 523 Verbum
667 506 728 523 curo
746 498 843 531 furtum
862 503 898 523 cst
911 506 933 523 ίι.

185 543 245 569 Erat
273 551 353 577 porro
374 543 580 577 Apollinariana
605 543 715 570 literesis
735 544 843 570 Ariarne
870 552 934 577 pro-

154 596 292 622 pago,non
315 590 387 622 quod
405 589 525 616 Verbum
549 589 621 615 Patri
650 595 758 623 negaret
783 590 933 623 ὁμοούσιον,

154 633 275 667 sedquod
293 634 382 668 ipsum
400 639 537 661 assereret
553 634 578 660 in
591 634 701 661 Christo
717 635 799 661 fuisse
816 643 864 669 pro
876 635 935 661 ani-

154 686 201 709 ma.
219 686 269 705 non
286 686 318 705 ea
336 679 447 712 quidem
464 687 523 712 qua:
540 679 632 709 sentit,
653 684 683 705 ut
700 679 808 705 Arianis
823 679 934 706 videba-

155 729 203 755 tur,
218 723 262 751 sed
284 732 347 758 qua)
366 724 503 758 intelligit,
522 728 547 750 et
567 732 645 750 mens
663 725 771 750 dicitur.
791 724 863 750 Nihil
884 725 934 750 hac

155 770 269 804 opinione
290 769 318 795 in
343 770 464 804 speciem
486 769 656 803 probabilius
681 770 816 804 imperitae
843 770 932 803 plebi,

158 814 218 841 nihil
227 815 405 849 opportunius
420 814 452 840 ad
468 815 670 849 exponendum,
693 815 765 849 quod
782 815 869 841 credit
882 815 931 841 Ec-

158 860 229 886 clesia
247 860 279 887 de
299 867 356 886 una
382 859 500 886 duarum
530 864 691 886 naturarum
722 860 876 894 hypOStasi,
900 860 933 886 de

155 906 226 933 Maria
242 906 368 941 Deipara,
385 911 412 933 et
425 906 458 932 de
475 907 531 932 Deo
547 907 573 932 in
585 914 665 933 carne
687 914 775 940 passo.

182 951 295 978 Pervidit
322 951 511 986 intelligentiae
530 951 556 977 vi
574 951 764 978 Thcodoretus
788 951 933 978 imminens

151 996 207 1023 inde
222 995 279 1023 ﬁdei
291 996 461 1031 periculum,
478 996 551 1030 quod
570 1001 600 1023 ut
619 997 781 1022 amoliretur
808 1004 931 1030 magnam

151 1046 259 1068 mentem
276 1041 379 1069 acriter
394 1042 430 1068 ita
450 1041 594 1068 contendit
610 1042 661 1068 hoc
679 1042 706 1067 in
726 1041 874 1076 objectum,
896 1041 933 1068 ita

150 1087 257 1115 versavit
273 1087 368 1115 animo
389 1092 482 1122 partes
498 1095 594 1114 omnes
617 1088 793 1122 argutiasque
811 1088 932 1120 Incresis,

149 1141 221 1167 quam
236 1133 355 1167 pessime
369 1133 477 1170 oderat,
495 1137 524 1159 ut
541 1133 567 1159 id
582 1141 679 1167 passus
690 1134 736 1164 sit,
753 1134 826 1167 quod
844 1134 933 1160 solent

148 1178 212 1205 oculi
226 1178 408 1205 vehementer
424 1178 515 1205 alIecti
531 1187 537 1204 :
558 1178 634 1205 visus
647 1183 689 1204 est
709 1186 806 1212 nempe
825 1178 876 1205 sibi
892 1178 932 1205 vi-

147 1223 204 1250 dere
219 1227 300 1250 totam
322 1223 412 1258 reipsa
424 1224 562 1255 lneresim,
580 1224 738 1258 ubicunque
758 1225 800 1250 vel
819 1224 932 1251 minima

147 1270 242 1305 species
252 1269 410 1304 umbraque
428 1274 597 1296 occurreret.

177 1315 207 1342 Χ.
226 1315 336 1342 Interea
360 1315 477 1350 contigit
497 1314 646 1350 Cyrenscm
669 1316 819 1343 Ecclesiam
839 1316 931 1344 orbari

147 1365 256 1395 pastore.
281 1361 447 1388 Theodotus
465 1360 586 1388 Orientis
606 1362 720 1389 antistes
743 1363 931 1397 (successerat

147 1406 186 1433 ille
206 1406 378 1442 Alexandro)
400 1411 430 1433 ut
450 1407 539 1434 vidua:
568 1408 746 1441 provideret,
767 1416 821 1435 non
846 1408 930 1434 alium

148 1451 342 1486 przﬁciendum
360 1452 468 1487 putavit
484 1460 565 1486 quam
583 1452 788 1479 Theodoretum
800 1473 806 1484 ,
830 1453 930 1488 quippe

151 1503 219 1523 unum
239 1496 294 1524 fere
321 1505 417 1531 parem
442 1496 618 1531 proﬁigandis
634 1497 780 1529 ha‘reticis,
799 1498 845 1531 qui
866 1506 930 1532 pro-

147 1545 198 1575 pter
214 1542 311 1570 Isidori
336 1542 464 1577 prwsulis
477 1546 556 1569 aetate
578 1543 670 1577 gravis
686 1543 832 1574 incuriam,
849 1543 929 1569 multi

146 1587 256 1622 variique
277 1588 435 1615 Ecclesiam
460 1587 532 1615 hanc
558 1588 659 1615 misere
682 1588 827 1615 vexabant.
848 1589 930 1615 Relu—

145 1636 251 1660 ctantem
268 1633 368 1669 igitur,
388 1638 415 1660 et
434 1633 489 1669 apti
503 1633 536 1660 ad
554 1633 644 1660 studia
663 1633 710 1660 otii
729 1640 865 1661 amantem
882 1643 930 1662 or-

145 1675 219 1708 dinat.
236 1678 381 1712 mittitque
404 1677 516 1713 Cyrum,
537 1682 567 1704 ut
586 1686 679 1712 agrum
698 1679 850 1709 cxcolerct.
869 1687 931 1707 scn—

144 1722 218 1754 tibus,
230 1724 239 1732 ‘
252 1723 333 1758 quod
352 1723 411 1758 ipse
424 1724 473 1755 ait,
490 1724 610 1758 lolioquc
625 1723 818 1752 fmtlissimum.

171 1767 213 1794 XI.
236 1768 333 1795 Posita
357 1771 401 1795 est
427 1768 514 1803 Cyrus
539 1769 566 1795 in
582 1776 613 1795 ea
635 1773 711 1803 parte
730 1769 858 1804 Augustae
875 1769 930 1796 Eu-

143 1811 289 1847 phratesiaa,
311 1821 377 1848 qua:
398 1814 488 1849 vergit
512 1814 545 1841 ad
569 1814 752 1846 occidentem,
773 1819 800 1841 et
816 1815 928 1849 propius

142 1857 238 1884 accedit
261 1857 296 1885 ad
317 1865 407 1884 mare.
428 1857 540 1884 Nemini
559 1857 633 1892 quod
657 1866 670 1884 a
692 1857 762 1892 Cyro
784 1857 928 1885 I'undatore

142 1903 270 1938 accepisse
287 1903 392 1935 fertur,
411 1910 463 1929 nec
485 1902 632 1929 celebritas
656 1902 748 1934 urbis,
762 1909 813 1928 nec
833 1901 930 1936 ampli-

140 1948 199 1975 tudo
211 1948 371 1984 respondet.
386 1948 438 1981 Qui
458 1948 532 1975 enim
552 1952 657 1983 posset,
673 1948 844 1982 importuosa
864 1954 928 1974 cum

141 1993 172 2021 sit
192 1999 331 2029 caputque
350 1994 473 2028 regionis
490 2001 560 2028 quas,
583 1998 765 2029 praeterquam
788 1994 860 2028 quod
883 1994 929 2021 vix

140 2038 303 2074 longitudine
328 2039 491 2067 milliarium
514 2039 711 2074 quadraginta,
732 2040 784 2066 nec
808 2040 927 2074 plurium

139 2083 274 2113 latitudine
282 2088 370 2121 patet,
383 2085 467 2112 habet
479 2094 487 2111 ‹
499 2090 606 2112 montes
619 2085 720 2112 multos
730 2089 757 2111 et
771 2093 884 2119 magnos
895 2086 926 2117 ¹⁶,

139 2131 229 2163 partim
238 2131 332 2158 nudos
342 2131 465 2163 omnino,
476 2131 576 2165 partim
589 2131 736 2158 arboribus
750 2130 928 2157 infructuosis

138 2176 268 2204 consitos?
278 2186 286 2202 ι
303 2176 550 2211 Complectebatur
560 2181 651 2203 tamen
665 2176 814 2211 Cyrcstica,
825 2176 927 2203 mirum

137 2219 217 2253 dictu,
235 2222 313 2249 vicos
334 2222 508 2257 octingentos
523 2231 530 2248 :
545 2221 613 2248 adeo
629 2222 737 2249 miseris
750 2229 798 2248 sua
819 2229 927 2256 quoque
946 2235 966 2263 Β

137 2266 219 2300 patria
233 2267 371 2302 diligitur.
391 2267 444 2294 Tot
469 2272 544 2294 certe
560 2268 747 2294 Ecclesiarum
772 2268 928 2294 Theodore-

138 2314 176 2338 tus
201 2313 371 2346 pastoralem
394 2320 489 2339 curam
516 2312 569 2339 sibi
589 2313 735 2340 obvenisse
757 2313 841 2339 Leoni
870 2313 926 2339 Ma-

136 2363 185 2391 gno
195 2358 292 2385 scribit
309 2358 343 2385 ".
363 2358 431 2394 Syra
452 2358 510 2386 fere
530 2358 623 2394 lingua
643 2359 791 2386 utebantur
812 2367 925 2391 omnes;

136 2402 209 2436 pauci
226 2404 270 2430 vel
290 2404 320 2431 in
335 2404 404 2431 urbe
420 2403 528 2431 Grmcas
555 2404 668 2431 delicias
688 2408 831 2431 noverant.
848 2404 927 2431 Vicos

136 2447 223 2480 plures
239 2449 415 2483 occupabant
438 2449 515 2484 143
532 2449 654 2476 hrcretici
671 2449 831 2483 multiplicis
846 2457 928 2483 gene—

137 2491 186 2525 ris,
208 2494 256 2521 sed
277 2494 451 2521 Marcionita:
474 2495 620 2522 maximam
645 2499 761 2529 partem.
791 2494 823 2520 IIi
849 2501 926 2520 suam

138 2536 312 2571 impietatem,
331 2546 385 2573 qua
397 2543 552 2573 serpentem
567 2547 673 2566 aeneum
691 2539 828 2570 colebant,
840 2539 927 2565 deviis

138 2582 266 2610 montium
276 2583 391 2611 latebris
408 2584 548 2618 tegebant,
560 2584 619 2611 solo
633 2584 781 2611 Christiani
799 2584 920 2615 nomine,

138 2631 230 2655 caetera
249 2629 358 2657 similes
376 2630 532 2665 gentilibus.
555 2630 611 2658 Hos
636 2630 758 2665 regionis
780 2630 923 2664 asperitas,

98 2688 101 2692 ~
139 2678 272 2706 pastorum
282 2675 460 2711 negligentia,
474 2680 615 2711 etegestas
628 2683 676 2703 sua
690 2676 844 2703 inaccessos
856 2674 922 2701 hac-

138 2721 213 2747 tenus
224 2721 338 2748 fecerat.

170 2770 183 2786 ι
194 2765 274 2794 Joan.
290 2774 311 2799 ι,
332 2766 364 2794 Η

987 280 1049 299 cum
1073 273 1263 301 Theodoretus
1285 275 1395 304 advenit
1413 285 1419 303 :
1439 285 1596 311 quanquam
1615 277 1773 305 venientem

987 318 1137 351 solabatur,
1151 319 1224 354 quod
1239 328 1271 347 ea
1289 324 1451 356 tempestate
1471 322 1498 349 in
1513 322 1631 349 desertis
1650 322 1773 351 Orientis

985 363 1054 390 Iocis
1073 363 1203 399 frequens
1215 369 1288 393 esset
1307 367 1536 394 unachoretarum
1559 368 1640 402 plane
1654 368 1777 396 admira-

983 409 1082 436 bilium
1096 417 1151 437 non
1174 411 1322 438 mediocris
1340 412 1498 439 multitudo.
1513 412 1661 448 Cyrensem
1685 415 1775 450 regio-

985 463 1049 482 nem
1065 456 1259 490 nobilitahant,
1279 461 1309 484 ut
1333 464 1428 485 narrat
1443 458 1501 493 ipse
1520 458 1552 491 ¹⁸,
1576 460 1668 491 Maris,
1694 460 1775 487 Jaco-

984 502 1054 534 bus,
1090 503 1252 538 Lymna’us,
1290 504 1424 535 Joannes,
1453 505 1573 540 Moyses.
1600 506 1771 539 Antiochus,

984 548 1140 581 Antonius,
1180 549 1397 585 Polychronius,
1423 551 1586 583 Damianus,
1612 552 1775 586 Aselepius,

984 598 1012 621 et
1044 593 1089 620 alii
1115 594 1208 628 plures
1232 595 1438 622 exercitationis
1470 595 1604 630 religiosa:
1634 604 1687 623 non
1717 600 1775 622 tam

984 641 1119 675 exempla,
1135 649 1217 675 quam
1233 645 1370 676 portenta.

1019 686 1074 713 Hos
1091 687 1222 714 mortales
1237 688 1348 722 angelos
1363 687 1499 714 invisebat
1518 694 1600 722 smpe,
1623 691 1651 714 et
1667 687 1705 714 illi
1725 695 1773 714 ve-

983 731 1105 759 nientem
1118 732 1293 767 excipiebant
1307 733 1451 767 praesulem
1472 732 1627 760 incredibili
1645 741 1774 760 reveren—

984 777 1021 804 tia
1034 782 1061 804 et
1072 785 1176 805 amore.
1195 777 1237 804 Ab
1258 785 1291 805 eo
1313 785 1409 813 magna
1422 786 1485 805 cum
1503 778 1601 805 ﬁducia
1624 778 1772 813 petebant,

984 830 1045 857 quae
1068 823 1125 849 suis
1142 823 1273 857 precibus
1294 823 1337 849 vel
1363 828 1499 855 emerent,
1517 822 1558 849 vel
1578 822 1770 856 rependerent,

985 868 1139 903 spiritualia
1159 868 1236 903 plura
1249 868 1393 895 beneﬁcia.
1408 868 1469 895 Haec
1486 868 1557 895 inter
1569 868 1672 894 eminet
1690 867 1772 894 Maris

949 903 969 930 Β
985 914 1148 948 postulatio,
1170 921 1252 948 quam
1267 918 1380 949 propter
1395 913 1457 941 facti
1476 913 1649 940 insolentiam
1669 912 1773 939 referre

980 959 1075 994 juvat,
1097 963 1125 986 et
1141 960 1252 994 quidem
1271 960 1339 995 ipsis
1363 959 1528 986 Theodoreti
1547 958 1640 986 verbis
1656 966 1663 984 :
1689 967 1697 983 ι
1714 957 1774 984 No-

983 1008 1094 1041 naginta
1116 1010 1197 1033 natus
1223 1014 1310 1034 annos
1333 1005 1452 1033 cilicinis
1478 1005 1602 1032 vestibus
1623 1003 1773 1035 utebatur,

982 1058 1052 1086 pane
1068 1058 1100 1077 ac
1116 1051 1172 1078 sale
1196 1050 1305 1078 modico
1320 1051 1402 1077 vitam
1415 1053 1583 1077 sustentans.
1597 1048 1665 1076 Cum
1679 1051 1774 1075 autem:

982 1095 1137 1130 spiritualis
1156 1095 1320 1131 mysticique
1342 1094 1470 1122 sacriﬁcii
1496 1093 1609 1120 videndi
1632 1092 1774 1120 desiderio

982 1141 1114 1169 diuturno
1135 1146 1287 1175 teneretur,
1313 1144 1457 1176 rogaverat
1473 1145 1504 1167 ut
1524 1139 1581 1167 illic
1603 1138 1689 1166 divini
1705 1137 1773 1165 doni

983 1186 1061 1214 ﬁeret
1083 1187 1197 1215 oblatio.
1222 1187 1279 1222 Ego
1302 1194 1368 1214 vero
1384 1186 1502 1213 libenter
1526 1183 1726 1219 obtemperavi,
1742 1187 1771 1211 et

982 1240 1061 1260 sacra
1079 1240 1145 1260 vasa
1163 1233 1258 1260 aﬂerri
1280 1233 1372 1268 jussi:
1393 1239 1446 1259 nec
1467 1231 1542 1258 enim
1565 1229 1662 1265 procul
1675 1229 1772 1256 aberat

981 1277 1076 1311 Iocus;
1103 1278 1338 1314 diaconorumque
1357 1277 1486 1305 manibus
1509 1281 1590 1305 utens
1609 1282 1659 1310 pro
1679 1273 1770 1305 altari,

981 1324 1127 1359 mysticum
1148 1329 1176 1351 et
1196 1324 1321 1351 divinum
1347 1331 1380 1350 ac
1398 1323 1518 1350 salutare
1536 1320 1703 1349 sacriﬁcium
1719 1319 1769 1346 ob-

982 1370 1043 1397 tuli.
1072 1370 1120 1397 Ille
1137 1374 1229 1397 autem
1249 1369 1388 1404 spirituali
1411 1369 1531 1396 refectus
1550 1368 1702 1402 voluptate,
1714 1372 1770 1393 cus-

980 1415 1038 1443 Ium
1055 1416 1146 1450 ipsum
1156 1416 1251 1443 videre
1264 1423 1293 1443 se
1304 1414 1491 1443 existimabat.
1509 1423 1519 1439 ι

1018 1461 1087 1489 XIII.
1104 1461 1145 1489 Ad
1159 1461 1310 1489 Ecclesiam
1321 1468 1354 1488 eo
1372 1460 1399 1487 in
1419 1464 1492 1487 statu
1511 1459 1629 1495 positam
1642 1457 1770 1485 Theodo-

981 1510 1058 1534 retus
1074 1507 1192 1534 accessit
1206 1514 1279 1534 anno
1299 1505 1401 1533 Christi
1414 1503 1685 1540 quadringentesimo
1697 1503 1770 1530 vice-

945 1565 965 1592 c
981 1551 1066 1585 simo;
1090 1559 1146 1587 quo
1167 1554 1292 1586 tempore
1312 1551 1465 1578 Romanam
1492 1549 1644 1577 Ecclesiam
1660 1547 1770 1575 Bonifa-

980 1595 1041 1623 cius
1064 1596 1192 1631 regebat;
1217 1595 1431 1623 Alexandrinam
1460 1593 1593 1629 Cyrillus;
1620 1592 1769 1620 Antioche—

966 1648 1043 1667 .nam
1064 1640 1235 1673 Theodotus,
1253 1639 1419 1667 Theodoreti
1433 1639 1592 1671 ordinator;
1611 1637 1769 1665 Constanti-

980 1687 1166 1722 nopolitanam
1182 1686 1299 1719 Atticus,
1313 1686 1358 1713 cui
1370 1684 1508 1713 Sisinnius
1519 1684 1661 1716 successit,
1671 1684 1769 1711 Nesto-

979 1733 1013 1760 rii
1032 1740 1198 1767 praecessor;
1227 1731 1503 1768 Hicrosolymitanam
1530 1730 1666 1765 Praylius,
1685 1729 1768 1757 Joan-

979 1779 1024 1806 nis
1044 1785 1198 1806 successor.
1223 1777 1371 1812 Nunquam
1392 1777 1450 1804 fere
1472 1780 1513 1803 tot
1535 1775 1618 1803 simul
1643 1775 1766 1801 illustres

979 1823 1116 1851 antistites
1146 1823 1272 1851 maximis
1296 1823 1409 1851 sedibus
1437 1821 1615 1858 praefuerunt.
1647 1820 1765 1855 Cyrillus

979 1874 1064 1901 certe,
1080 1873 1112 1896 ut
1131 1868 1166 1896 de
1181 1869 1271 1896 tribus
1282 1869 1345 1896 aliis
1358 1868 1454 1896 sileam
1471 1867 1499 1894 in
1510 1866 1633 1894 Ecclesia
1644 1865 1765 1893 celeber-

979 1915 1066 1947 rimis,
1084 1914 1169 1942 totius
1178 1914 1320 1942 orientalis
1335 1913 1445 1949 imperii
1457 1912 1634 1941 doctissimus
1649 1919 1681 1939 ea
1694 1915 1764 1939 tem-

978 1965 1085 1996 pestate
1111 1960 1251 1992 audiebat,
1277 1968 1387 1995 suaeque
1410 1959 1482 1987 sedis
1496 1979 1504 1991 ,
1531 1965 1614 1993 quam
1637 1961 1764 1985 octavum

975 2007 1032 2043 jam
1045 2014 1148 2034 annum
1164 2006 1284 2038 tenebat,
1304 2005 1466 2040 dignitatem
1479 2012 1512 2031 ac
1526 2004 1678 2039 primatum
1694 2002 1766 2030 fama

978 2052 1092 2087 propria
1104 2054 1134 2079 et
1146 2050 1254 2079 meritis
1265 2049 1448 2078 sustentabat.

1252 2116 1332 2153 ιω
1347 2115 1423 2143 CAP.
1445 2114 1491 2142 III.

978 2172 999 2200 Ι.
1018 2171 1083 2199 Vim
1111 2171 1439 2211 f0_rrna_in_episcopotu.
1465 2169 1498 2211 II:
1519 2168 1561 2211 4n
1576 2168 1766 2211 intimis-orati:-

1014 2203 1116 2234 notusf
1133 2207 1178 2233 III.
1200 2203 1299 2242 Implet
1327 2203 1544 2242 ofﬁcioﬂperfecti
1572 2203 1763 2242 episcopi._IV.

1015 2242 1122 2269 Eximio
1137 2242 1194 2276 ejus
1212 2239 1397 2276 temperantia.
1410 2239 1441 2268 VL
1464 2239 1605 2300 Oppugnot
1619 2239 1763 2270 hereticos,

1015 2277 1163 2300 nrmertim
1179 2276 1359 2300 Marcionitas.
1369 2275 1470 2300 inuenti
1497 2274 1576 2300 ebore
1590 2277 1615 2300 et
1626 2278 1762 2300 oraoentu.

1034 2274 1163 2304 rwsertirn
1178 2274 1470 2310 Marcionitosﬁngenti
1486 2274 1576 2310 labore
1590 2277 1618 2310 et
1626 2278 1762 2310 proventu.

1040 2312 1060 2338 I.
1085 2311 1234 2346 Adjuvatur
1253 2307 1413 2346 sanctornni
1427 2317 1475 2346 ope
1497 2308 1568 2344 apud
1708 2308 1762 2335 VII.

1015 2341 1153 2373 Rexiden'di
1165 2345 1289 2373 studium.
1309 2345 1376 2373 VIII.
1391 2341 1480 2372 Etiam
1492 2341 1649 2379 temporalia
1663 2341 1764 2378 Cyren-

1011 2382 1083 2408 sibus
1098 2381 1226 2415 providet.
1247 2380 1292 2407 IX.
1309 2380 1366 2407 Ima
1388 2383 1413 2405 et
1430 2377 1554 2415 externis.
1571 2378 1604 2405 Χ.
1616 2377 1692 2415 _Viros
1710 2386 1768 2404 επι-

1016 2416 1081 2443 mios
1097 2413 1168 2442 cultu
1181 2419 1332 2450 prosecutus
1357 2418 1406 2450 est,
1431 2414 1476 2441 sed
1501 2413 1648 2450 Ermsertim
1672 2421 1765 2450 ineno-

1015 2451 1093 2477 chos.‘
1111 2450 1155 2478 XI.
1181 2447 1287 2479 'Amicos
1314 2449 1477 2477 consolatur.
1501 2447 1559 2475 XII.
1582 2447 1648 2476 Cum
1673 2448 1765 2474 vicini:

1011 2485 1137 2520 episcopis
1149 2492 1239 2520 pacem
1248 2488 1346 2511 servat.
1360 2483 1606 2513 XIII.Concionibus
1619 2486 1644 2509 et
1660 2483 1765 2518 scriptis

1012 2520 1146 2548 haereticos
1165 2520 1321 2555 Insequitur.

1175 2573 1213 2598 Ab
1224 2579 1287 2598 anno
1297 2572 1385 2599 Christi
1397 2571 1440 2596 tit
1470 2571 1500 2596 ad
1509 2571 1564 2596 427.

1010 2626 1032 2653 I.
1045 2625 1133 2659 Quam
1148 2625 1210 2654 vitae
1229 2624 1345 2654 formam
1365 2623 1465 2659 praesul
1481 2622 1611 2654 tenuerit,
1625 2627 1762 2656 quamque

977 2672 1034 2699 suis
1055 2671 1164 2699 clericis
1178 2670 1342 2699 servandam
1357 2668 1512 2697 tradiderit.
1535 2671 1628 2694 narrat
1646 2667 1674 2694 in
1688 2667 1762 2693 litte-

977 2718 1016 2746 ris
1031 2717 1066 2745 ad
1082 2717 1211 2745 Nonum.
1232 2725 1242 2743 ι
1262 2715 1330 2744 Cum
1342 2714 1455 2746 invitus,
1470 2713 1560 2748 inquit
1573 2713 1606 2746 “,
1618 2712 1762 2741 ordinatus

812 2799 968 2828 SCIIULZII
986 2798 1100 2828 ΝΟΤᾸΕ.

171 2857 191 2894 ἦ·
205 2858 316 2894 ﬂantes,
335 2864 396 2887 eaet.
422 2859 486 2886 Vid.
503 2859 584 2894 epist.
601 2859 645 2887 42.
685 2859 706 2875 ”
722 2857 778 2887 Scr.
796 2858 855 2886 Vid.
868 2857 948 2893 epist.
962 2857 1022 2885 “5.

141 2893 200 2927 quit.
215 2893 277 2922 Vid.
301 2894 380 2930 epist.
408 2894 453 2922 8t.

1068 2857 1089 2873 "
1104 2855 1173 2892 Ipse.
1191 2854 1252 2883 Vid.
1269 2852 1395 2886 ιηιιὶιρυι.⁷
1410 2858 1470 2886 cap.
1486 2850 1521 2878 20
1533 2854 1561 2878 et
1581 2856 1638 2884 seq.
1678 2848 1699 2864 "
1713 2847 1762 2879 1η-
