  <div class='ocr_page' id='page_1' title='image "/cluster/home/n/w/nwhite01/storage/ocr_20150623/84:no.5/coo.31924054869858/057.png"; bbox 0 0 4080 6464; ppageno 0'>
   <div class='ocr_carea' id='block_1_1' title="bbox 551 319 2672 384">
    <p class='ocr_par' dir='ltr' id='par_1_1' title="bbox 551 319 2672 384">
     <span class='ocr_line' id='line_1_1' title="bbox 551 319 2672 384; baseline -0.003 0"><span class='ocrx_word' id='word_1_1' title='bbox 551 323 618 384; x_wconf 78' lang='lat'><strong><em>99</em></strong></span> <span class='ocrx_word' id='word_1_2' title='bbox 1668 321 2048 382; x_wconf 80' lang='lat' dir='ltr'><strong>GARNERII</strong></span> <span class='ocrx_word' id='word_1_3' title='bbox 2085 319 2586 380; x_wconf 75' lang='lat' dir='ltr'><strong>DISSERTATIO</strong></span> <span class='ocrx_word' id='word_1_4' title='bbox 2622 320 2672 380; x_wconf 86' lang='grc' dir='ltr'><strong>Ι.</strong></span> 
     </span>
    </p>
   </div>
   <div class='ocr_carea' id='block_1_2' title="bbox 3429 215 3460 234">
    <p class='ocr_par' dir='ltr' id='par_1_2' title="bbox 3429 215 3460 234">
     <span class='ocr_line' id='line_1_2' title="bbox 3429 215 3460 234; baseline 0 -2"><span class='ocrx_word' id='word_1_5' title='bbox 3429 215 3460 234; x_wconf 58' lang='grc' dir='ltr'><strong>δ,</strong></span> 
     </span>
    </p>
   </div>
   <div class='ocr_carea' id='block_1_3' title="bbox 3713 320 3813 386">
    <p class='ocr_par' dir='ltr' id='par_1_3' title="bbox 3713 320 3813 386">
     <span class='ocr_line' id='line_1_3' title="bbox 3713 320 3813 386; baseline 0.03 -3"><span class='ocrx_word' id='word_1_6' title='bbox 3713 320 3813 386; x_wconf 82' lang='grc'><strong>100</strong></span> 
     </span>
    </p>
   </div>
   <div class='ocr_carea' id='block_1_4' title="bbox 552 425 3809 499">
    <p class='ocr_par' dir='ltr' id='par_1_4' title="bbox 552 425 3809 499">
     <span class='ocr_line' id='line_1_4' title="bbox 552 425 3809 499; baseline 0 -15"><span class='ocrx_word' id='word_1_7' title='bbox 552 445 754 495; x_wconf 87' lang='lat' dir='ltr'><strong>essem,</strong></span> <span class='ocrx_word' id='word_1_8' title='bbox 782 445 958 484; x_wconf 81' lang='lat' dir='ltr'><strong>annos</strong></span> <span class='ocrx_word' id='word_1_9' title='bbox 985 429 1176 499; x_wconf 78' lang='lat' dir='ltr'><strong>viginti</strong></span> <span class='ocrx_word' id='word_1_10' title='bbox 1202 429 1443 498; x_wconf 91' lang='lat' dir='ltr'><strong>quinque</strong></span> <span class='ocrx_word' id='word_1_11' title='bbox 1485 428 1558 482; x_wconf 86' lang='lat' dir='ltr'><strong>ita</strong></span> <span class='ocrx_word' id='word_1_12' title='bbox 1601 429 1733 494; x_wconf 94' lang='lat' dir='ltr'><strong>vixi,</strong></span> <span class='ocrx_word' id='word_1_13' title='bbox 1760 437 1822 483; x_wconf 91' lang='lat' dir='ltr'><strong>ut</strong></span> <span class='ocrx_word' id='word_1_14' title='bbox 1870 444 2050 498; x_wconf 90' lang='lat' dir='ltr'><strong>neque</strong></span> <span class='ocrx_word' id='word_1_15' title='bbox 2079 427 2134 481; x_wconf 89' lang='lat' dir='ltr'><strong>in</strong></span> <span class='ocrx_word' id='word_1_16' title='bbox 2167 437 2208 488; x_wconf 84' lang='grc' dir='ltr'><strong>Α</strong></span> <span class='ocrx_word' id='word_1_17' title='bbox 2238 428 2505 498; x_wconf 86' lang='lat' dir='ltr'><strong>episcopi,</strong></span> <span class='ocrx_word' id='word_1_18' title='bbox 2561 443 2726 497; x_wconf 86' lang='lat' dir='ltr'><strong>quam</strong></span> <span class='ocrx_word' id='word_1_19' title='bbox 2785 425 3081 496; x_wconf 79' lang='lat' dir='ltr'><strong>Apostolus</strong></span> <span class='ocrx_word' id='word_1_20' title='bbox 3140 425 3432 481; x_wconf 81' lang='lat' dir='ltr'><strong>Timotheo</strong></span> <span class='ocrx_word' id='word_1_21' title='bbox 3475 427 3502 467; x_wconf 70' lang='grc' dir='ltr'>δ</span> <span class='ocrx_word' id='word_1_22' title='bbox 3549 436 3608 482; x_wconf 87' lang='lat' dir='ltr'><strong>et</strong></span> <span class='ocrx_word' id='word_1_23' title='bbox 3634 427 3759 484; x_wconf 80' lang='lat' dir='ltr'><strong>Tito</strong></span> <span class='ocrx_word' id='word_1_24' title='bbox 3789 442 3809 469; x_wconf 76' lang='grc' dir='ltr'><strong>ο</strong></span> 
     </span>
    </p>
   </div>
   <div class='ocr_carea' id='block_1_5' title="bbox 555 519 2134 592">
    <p class='ocr_par' dir='ltr' id='par_1_5' title="bbox 555 519 2134 592">
     <span class='ocr_line' id='line_1_5' title="bbox 555 519 2134 592; baseline -0.002 -17"><span class='ocrx_word' id='word_1_25' title='bbox 555 522 642 592; x_wconf 80' lang='lat' dir='ltr'><strong>ius</strong></span> <span class='ocrx_word' id='word_1_26' title='bbox 672 527 899 575; x_wconf 91' lang='lat' dir='ltr'><strong>vocatus</strong></span> <span class='ocrx_word' id='word_1_27' title='bbox 925 519 1027 574; x_wconf 89' lang='lat' dir='ltr'><strong>sim</strong></span> <span class='ocrx_word' id='word_1_28' title='bbox 1054 535 1085 572; x_wconf 93' lang='lat' dir='ltr'><strong>a</strong></span> <span class='ocrx_word' id='word_1_29' title='bbox 1109 533 1408 588; x_wconf 88' lang='lat' dir='ltr'><strong>quoquam,</strong></span> <span class='ocrx_word' id='word_1_30' title='bbox 1435 533 1619 590; x_wconf 89' lang='lat' dir='ltr'><strong>neque</strong></span> <span class='ocrx_word' id='word_1_31' title='bbox 1654 520 1770 590; x_wconf 90' lang='lat' dir='ltr'><strong>ipse</strong></span> <span class='ocrx_word' id='word_1_32' title='bbox 1803 534 2134 589; x_wconf 87' lang='lat' dir='ltr'><strong>quemquam</strong></span> 
     </span>
    </p>
   </div>
   <div class='ocr_carea' id='block_1_6' title="bbox 554 607 2133 677">
    <p class='ocr_par' dir='ltr' id='par_1_6' title="bbox 554 607 2133 677">
     <span class='ocr_line' id='line_1_6' title="bbox 554 607 2133 677; baseline -0.001 -13"><span class='ocrx_word' id='word_1_33' title='bbox 554 610 883 665; x_wconf 90' lang='lat' dir='ltr'><strong>accusarim.</strong></span> <span class='ocrx_word' id='word_1_34' title='bbox 943 609 1138 664; x_wconf 87' lang='lat' dir='ltr'><strong>Nullus</strong></span> <span class='ocrx_word' id='word_1_35' title='bbox 1191 607 1730 677; x_wconf 86' lang='lat' dir='ltr'><strong>religiosissimorum</strong></span> <span class='ocrx_word' id='word_1_36' title='bbox 1784 610 2133 673; x_wconf 87' lang='lat' dir='ltr'><strong>clericorum,</strong></span> 
     </span>
    </p>
   </div>
   <div class='ocr_carea' id='block_1_7' title="bbox 555 699 2139 770">
    <p class='ocr_par' dir='ltr' id='par_1_7' title="bbox 555 699 2139 770">
     <span class='ocr_line' id='line_1_7' title="bbox 555 699 2139 770; baseline -0.001 -16"><span class='ocrx_word' id='word_1_37' title='bbox 555 701 652 770; x_wconf 86' lang='lat' dir='ltr'><strong>qui</strong></span> <span class='ocrx_word' id='word_1_38' title='bbox 687 701 789 754; x_wconf 88' lang='lat' dir='ltr'><strong>sub</strong></span> <span class='ocrx_word' id='word_1_39' title='bbox 818 716 904 754; x_wconf 92' lang='lat' dir='ltr'><strong>me</strong></span> <span class='ocrx_word' id='word_1_40' title='bbox 936 699 1178 764; x_wconf 84' lang='lat' dir='ltr'><strong>fuerunt,</strong></span> <span class='ocrx_word' id='word_1_41' title='bbox 1227 701 1524 754; x_wconf 83' lang='lat' dir='ltr'><strong>tribunalia</strong></span> <span class='ocrx_word' id='word_1_42' title='bbox 1567 708 1647 754; x_wconf 92' lang='lat' dir='ltr'><strong>tot</strong></span> <span class='ocrx_word' id='word_1_43' title='bbox 1687 701 1847 755; x_wconf 89' lang='lat' dir='ltr'><strong>annis</strong></span> <span class='ocrx_word' id='word_1_44' title='bbox 1879 701 2139 769; x_wconf 85' lang='lat' dir='ltr'><strong>frequen-</strong></span> 
     </span>
    </p>
   </div>
   <div class='ocr_carea' id='block_1_8' title="bbox 559 791 2132 862">
    <p class='ocr_par' dir='ltr' id='par_1_8' title="bbox 559 791 2132 862">
     <span class='ocr_line' id='line_1_8' title="bbox 559 791 2132 862; baseline 0 -16"><span class='ocrx_word' id='word_1_45' title='bbox 559 791 712 846; x_wconf 89' lang='lat' dir='ltr'><strong>tavit.</strong></span> <span class='ocrx_word' id='word_1_46' title='bbox 747 792 868 846; x_wconf 83' lang='lat' dir='ltr'><strong>Non</strong></span> <span class='ocrx_word' id='word_1_47' title='bbox 898 791 1146 854; x_wconf 87' lang='lat' dir='ltr'><strong>obolum,</strong></span> <span class='ocrx_word' id='word_1_48' title='bbox 1176 807 1286 845; x_wconf 92' lang='lat' dir='ltr'><strong>non</strong></span> <span class='ocrx_word' id='word_1_49' title='bbox 1310 803 1520 846; x_wconf 84' lang='lat' dir='ltr'><strong>vestem</strong></span> <span class='ocrx_word' id='word_1_50' title='bbox 1551 807 1581 846; x_wconf 92' lang='lat' dir='ltr'><strong>a</strong></span> <span class='ocrx_word' id='word_1_51' title='bbox 1609 807 1885 862; x_wconf 89' lang='lat' dir='ltr'><strong>quoquam</strong></span> <span class='ocrx_word' id='word_1_52' title='bbox 1911 792 2132 861; x_wconf 88' lang='lat' dir='ltr'><strong>accepi;</strong></span> 
     </span>
    </p>
   </div>
   <div class='ocr_carea' id='block_1_9' title="bbox 556 883 2136 954">
    <p class='ocr_par' dir='ltr' id='par_1_9' title="bbox 556 883 2136 954">
     <span class='ocr_line' id='line_1_9' title="bbox 556 883 2136 954; baseline 0 -16"><span class='ocrx_word' id='word_1_53' title='bbox 556 898 753 954; x_wconf 92' lang='lat' dir='ltr'><strong>panem</strong></span> <span class='ocrx_word' id='word_1_54' title='bbox 793 897 965 936; x_wconf 89' lang='lat' dir='ltr'><strong>unum</strong></span> <span class='ocrx_word' id='word_1_55' title='bbox 999 883 1083 936; x_wconf 91' lang='lat' dir='ltr'><strong>vel</strong></span> <span class='ocrx_word' id='word_1_56' title='bbox 1111 898 1276 937; x_wconf 85' lang='lat' dir='ltr'><strong>ovum</strong></span> <span class='ocrx_word' id='word_1_57' title='bbox 1314 885 1500 938; x_wconf 91' lang='lat' dir='ltr'><strong>nullus</strong></span> <span class='ocrx_word' id='word_1_58' title='bbox 1528 884 1958 938; x_wconf 84' lang='lat' dir='ltr'><strong>domesticorum</strong></span> <span class='ocrx_word' id='word_1_59' title='bbox 1981 899 2136 938; x_wconf 91' lang='lat' dir='ltr'><strong>meo-</strong></span> 
     </span>
    </p>
   </div>
   <div class='ocr_carea' id='block_1_10' title="bbox 558 976 2139 1046">
    <p class='ocr_par' dir='ltr' id='par_1_10' title="bbox 558 976 2139 1046">
     <span class='ocr_line' id='line_1_10' title="bbox 558 976 2139 1046; baseline 0.001 -17"><span class='ocrx_word' id='word_1_60' title='bbox 558 992 680 1030; x_wconf 88' lang='lat' dir='ltr'><strong>rum</strong></span> <span class='ocrx_word' id='word_1_61' title='bbox 711 976 926 1044; x_wconf 88' lang='lat' dir='ltr'><strong>accepit</strong></span> <span class='ocrx_word' id='word_1_62' title='bbox 981 992 1223 1045; x_wconf 81' lang='lat' dir='ltr'><strong>unquam</strong></span> <span class='ocrx_word' id='word_1_63' title='bbox 1259 994 1270 1027; x_wconf 89' lang='lat'><strong>:</strong></span> <span class='ocrx_word' id='word_1_64' title='bbox 1305 985 1504 1046; x_wconf 47' lang='lat' dir='ltr'><strong>praeter</strong></span> <span class='ocrx_word' id='word_1_65' title='bbox 1554 978 1898 1045; x_wconf 84' lang='lat' dir='ltr'><strong>panniculos,</strong></span> <span class='ocrx_word' id='word_1_66' title='bbox 1935 977 2139 1046; x_wconf 80' lang='lat' dir='ltr'><strong>quibus</strong></span> 
     </span>
    </p>
   </div>
   <div class='ocr_carea' id='block_1_11' title="bbox 557 1069 1709 1139">
    <p class='ocr_par' dir='ltr' id='par_1_11' title="bbox 557 1069 1709 1139">
     <span class='ocr_line' id='line_1_11' title="bbox 557 1069 1709 1139; baseline -0.001 -17"><span class='ocrx_word' id='word_1_67' title='bbox 557 1069 792 1122; x_wconf 86' lang='lat' dir='ltr'><strong>amictus</strong></span> <span class='ocrx_word' id='word_1_68' title='bbox 819 1083 964 1132; x_wconf 91' lang='lat' dir='ltr'><strong>sum,</strong></span> <span class='ocrx_word' id='word_1_69' title='bbox 990 1070 1129 1123; x_wconf 85' lang='lat' dir='ltr'><strong>nihil</strong></span> <span class='ocrx_word' id='word_1_70' title='bbox 1162 1070 1310 1122; x_wconf 92' lang='lat' dir='ltr'><strong>volui</strong></span> <span class='ocrx_word' id='word_1_71' title='bbox 1344 1069 1651 1139; x_wconf 90' lang='lat' dir='ltr'><strong>possidere.</strong></span> <span class='ocrx_word' id='word_1_72' title='bbox 1691 1089 1709 1120; x_wconf 79' lang='grc' dir='ltr'><strong><em>ι</em></strong></span> 
     </span>
    </p>
   </div>
   <div class='ocr_carea' id='block_1_12' title="bbox 626 1159 2140 1225">
    <p class='ocr_par' dir='ltr' id='par_1_12' title="bbox 626 1159 2140 1225">
     <span class='ocr_line' id='line_1_12' title="bbox 626 1159 2140 1225; baseline 0.002 -12"><span class='ocrx_word' id='word_1_73' title='bbox 626 1161 692 1214; x_wconf 88' lang='lat' dir='ltr'><strong>ll.</strong></span> <span class='ocrx_word' id='word_1_74' title='bbox 717 1159 874 1225; x_wconf 83' lang='lat' dir='ltr'><strong>Quod</strong></span> <span class='ocrx_word' id='word_1_75' title='bbox 910 1175 967 1214; x_wconf 92' lang='lat' dir='ltr'><strong>se</strong></span> <span class='ocrx_word' id='word_1_76' title='bbox 1001 1160 1235 1214; x_wconf 90' lang='lat' dir='ltr'><strong>invitum</strong></span> <span class='ocrx_word' id='word_1_77' title='bbox 1272 1160 1589 1214; x_wconf 86' lang='lat' dir='ltr'><strong>ordinatum</strong></span> <span class='ocrx_word' id='word_1_78' title='bbox 1626 1175 1748 1215; x_wconf 92' lang='lat' dir='ltr'><strong>esse</strong></span> <span class='ocrx_word' id='word_1_79' title='bbox 1774 1160 1986 1225; x_wconf 86' lang='lat' dir='ltr'><strong>scribit,</strong></span> <span class='ocrx_word' id='word_1_80' title='bbox 2019 1176 2140 1216; x_wconf 90' lang='lat' dir='ltr'><strong>cre-</strong></span> 
     </span>
    </p>
   </div>
   <div class='ocr_carea' id='block_1_13' title="bbox 557 1251 2134 1322">
    <p class='ocr_par' dir='ltr' id='par_1_13' title="bbox 557 1251 2134 1322">
     <span class='ocr_line' id='line_1_13' title="bbox 557 1251 2134 1322; baseline -0.001 -17"><span class='ocrx_word' id='word_1_81' title='bbox 557 1251 794 1305; x_wconf 89' lang='lat' dir='ltr'><strong>diderim</strong></span> <span class='ocrx_word' id='word_1_82' title='bbox 821 1267 923 1322; x_wconf 78' lang='lat' dir='ltr'><strong>ego</strong></span> <span class='ocrx_word' id='word_1_83' title='bbox 950 1251 1371 1321; x_wconf 85' lang='lat' dir='ltr'><strong>quidemfacile,</strong></span> <span class='ocrx_word' id='word_1_84' title='bbox 1405 1261 1630 1322; x_wconf 86' lang='lat' dir='ltr'><strong>propter</strong></span> <span class='ocrx_word' id='word_1_85' title='bbox 1652 1253 1751 1306; x_wconf 85' lang='lat' dir='ltr'><strong>viri</strong></span> <span class='ocrx_word' id='word_1_86' title='bbox 1775 1253 2096 1306; x_wconf 84' lang='lat' dir='ltr'><strong>modestiam</strong></span> <span class='ocrx_word' id='word_1_87' title='bbox 2122 1269 2134 1305; x_wconf 92' lang='lat'><strong>:</strong></span> 
     </span>
    </p>
   </div>
   <div class='ocr_carea' id='block_1_14' title="bbox 563 1343 2138 1418">
    <p class='ocr_par' dir='ltr' id='par_1_14' title="bbox 563 1343 2138 1418">
     <span class='ocr_line' id='line_1_14' title="bbox 563 1343 2138 1418; baseline -0.001 -20"><span class='ocrx_word' id='word_1_88' title='bbox 563 1343 662 1398; x_wconf 84' lang='lat' dir='ltr'><strong>sed</strong></span> <span class='ocrx_word' id='word_1_89' title='bbox 693 1343 1030 1412; x_wconf 87' lang='lat' dir='ltr'><strong>suspicacior</strong></span> <span class='ocrx_word' id='word_1_90' title='bbox 1055 1343 1194 1397; x_wconf 86' lang='lat' dir='ltr'><strong>alter</strong></span> <span class='ocrx_word' id='word_1_91' title='bbox 1222 1343 1408 1397; x_wconf 78' lang='lat' dir='ltr'><strong>forsan</strong></span> <span class='ocrx_word' id='word_1_92' title='bbox 1443 1343 1572 1398; x_wconf 92' lang='lat' dir='ltr'><strong>inde</strong></span> <span class='ocrx_word' id='word_1_93' title='bbox 1606 1343 1955 1418; x_wconf 79' lang='lat' dir='ltr'><strong>occasionem</strong></span> <span class='ocrx_word' id='word_1_94' title='bbox 1994 1343 2138 1397; x_wconf 89' lang='lat' dir='ltr'><strong>arri-</strong></span> 
     </span>
    </p>
   </div>
   <div class='ocr_carea' id='block_1_15' title="bbox 563 1433 2139 1504">
    <p class='ocr_par' dir='ltr' id='par_1_15' title="bbox 563 1433 2139 1504">
     <span class='ocr_line' id='line_1_15' title="bbox 563 1433 2139 1504; baseline 0.001 -17"><span class='ocrx_word' id='word_1_95' title='bbox 563 1434 746 1502; x_wconf 82' lang='lat' dir='ltr'><strong>puerit</strong></span> <span class='ocrx_word' id='word_1_96' title='bbox 795 1433 1076 1504; x_wconf 67' lang='lat' dir='ltr'><strong>quaarcndi</strong></span> <span class='ocrx_word' id='word_1_97' title='bbox 1132 1433 1264 1503; x_wconf 89' lang='lat' dir='ltr'><strong>quid</strong></span> <span class='ocrx_word' id='word_1_98' title='bbox 1311 1435 1383 1488; x_wconf 88' lang='lat' dir='ltr'><strong>sit</strong></span> <span class='ocrx_word' id='word_1_99' title='bbox 1432 1435 1569 1488; x_wconf 90' lang='lat' dir='ltr'><strong>illud</strong></span> <span class='ocrx_word' id='word_1_100' title='bbox 1621 1434 1841 1488; x_wconf 89' lang='lat' dir='ltr'><strong>tandem</strong></span> <span class='ocrx_word' id='word_1_101' title='bbox 1887 1433 2033 1502; x_wconf 92' lang='lat' dir='ltr'><strong>quod</strong></span> <span class='ocrx_word' id='word_1_102' title='bbox 2082 1435 2139 1488; x_wconf 91' lang='lat' dir='ltr'><strong>in</strong></span> 
     </span>
    </p>
   </div>
   <div class='ocr_carea' id='block_1_16' title="bbox 562 1523 2138 1595">
    <p class='ocr_par' dir='ltr' id='par_1_16' title="bbox 562 1523 2138 1595">
     <span class='ocr_line' id='line_1_16' title="bbox 562 1523 2138 1595; baseline 0 -17"><span class='ocrx_word' id='word_1_103' title='bbox 562 1524 881 1594; x_wconf 89' lang='lat' dir='ltr'><strong>episcopatu</strong></span> <span class='ocrx_word' id='word_1_104' title='bbox 907 1523 1134 1595; x_wconf 80' lang='lat' dir='ltr'><strong>Cyrensi</strong></span> <span class='ocrx_word' id='word_1_105' title='bbox 1155 1525 1540 1579; x_wconf 88' lang='lat' dir='ltr'><strong>&#39;l‘heodoretus</strong></span> <span class='ocrx_word' id='word_1_106' title='bbox 1557 1524 1856 1595; x_wconf 78' lang='lat' dir='ltr'><strong>refugerit?</strong></span> <span class='ocrx_word' id='word_1_107' title='bbox 1885 1525 1966 1578; x_wconf 84' lang='lat' dir='ltr'><strong>An</strong></span> <span class='ocrx_word' id='word_1_108' title='bbox 1993 1524 2138 1594; x_wconf 89' lang='lat' dir='ltr'><strong>quod</strong></span> 
     </span>
    </p>
   </div>
   <div class='ocr_carea' id='block_1_17' title="bbox 557 1615 2138 1686">
    <p class='ocr_par' dir='ltr' id='par_1_17' title="bbox 557 1615 2138 1686">
     <span class='ocr_line' id='line_1_17' title="bbox 557 1615 2138 1686; baseline -0.001 -17"><span class='ocrx_word' id='word_1_109' title='bbox 557 1616 856 1685; x_wconf 90' lang='lat' dir='ltr'><strong>epise0pus</strong></span> <span class='ocrx_word' id='word_1_110' title='bbox 899 1615 1079 1670; x_wconf 89' lang='lat' dir='ltr'><strong>foret?</strong></span> <span class='ocrx_word' id='word_1_111' title='bbox 1132 1616 1214 1670; x_wconf 85' lang='lat' dir='ltr'><strong>An</strong></span> <span class='ocrx_word' id='word_1_112' title='bbox 1261 1617 1409 1686; x_wconf 89' lang='lat' dir='ltr'><strong>quod</strong></span> <span class='ocrx_word' id='word_1_113' title='bbox 1460 1616 1754 1686; x_wconf 77' lang='lat' dir='ltr'><strong>Cyrensis?</strong></span> <span class='ocrx_word' id='word_1_114' title='bbox 1799 1615 2138 1670; x_wconf 90' lang='lat' dir='ltr'><strong>Dubitationi</strong></span> 
     </span>
    </p>
   </div>
   <div class='ocr_carea' id='block_1_18' title="bbox 561 1707 2141 1779">
    <p class='ocr_par' dir='ltr' id='par_1_18' title="bbox 561 1707 2141 1779">
     <span class='ocr_line' id='line_1_18' title="bbox 561 1707 2141 1779; baseline 0.002 -19"><span class='ocrx_word' id='word_1_115' title='bbox 561 1708 707 1762; x_wconf 88' lang='lat' dir='ltr'><strong>favet</strong></span> <span class='ocrx_word' id='word_1_116' title='bbox 733 1749 746 1769; x_wconf 87' lang='lat'><strong>,</strong></span> <span class='ocrx_word' id='word_1_117' title='bbox 796 1708 942 1778; x_wconf 87' lang='lat' dir='ltr'><strong>quod</strong></span> <span class='ocrx_word' id='word_1_118' title='bbox 977 1708 1278 1763; x_wconf 89' lang='lat' dir='ltr'><strong>identidem</strong></span> <span class='ocrx_word' id='word_1_119' title='bbox 1321 1707 1588 1777; x_wconf 82' lang='lat' dir='ltr'><strong>glorietur</strong></span> <span class='ocrx_word' id='word_1_120' title='bbox 1626 1725 1684 1763; x_wconf 92' lang='lat' dir='ltr'><strong>se</strong></span> <span class='ocrx_word' id='word_1_121' title='bbox 1724 1709 1948 1779; x_wconf 81' lang='lat' dir='ltr'><strong>majoris</strong></span> <span class='ocrx_word' id='word_1_122' title='bbox 1992 1708 2141 1763; x_wconf 87' lang='lat' dir='ltr'><strong>sedis</strong></span> 
     </span>
    </p>
   </div>
   <div class='ocr_carea' id='block_1_19' title="bbox 559 1799 2140 1870">
    <p class='ocr_par' dir='ltr' id='par_1_19' title="bbox 559 1799 2140 1870">
     <span class='ocr_line' id='line_1_19' title="bbox 559 1799 2140 1870; baseline 0 -17"><span class='ocrx_word' id='word_1_123' title='bbox 559 1799 863 1868; x_wconf 85' lang='lat' dir='ltr'><strong>cupiditate</strong></span> <span class='ocrx_word' id='word_1_124' title='bbox 896 1817 1004 1854; x_wconf 91' lang='lat' dir='ltr'><strong>non</strong></span> <span class='ocrx_word' id='word_1_125' title='bbox 1043 1800 1238 1854; x_wconf 86' lang='lat' dir='ltr'><strong>ardere</strong></span> <span class='ocrx_word' id='word_1_126' title='bbox 1277 1818 1289 1852; x_wconf 89' lang='lat'><strong>:</strong></span> <span class='ocrx_word' id='word_1_127' title='bbox 1327 1799 1378 1853; x_wconf 90' lang='lat' dir='ltr'><strong>id</strong></span> <span class='ocrx_word' id='word_1_128' title='bbox 1409 1800 1557 1854; x_wconf 92' lang='lat' dir='ltr'><strong>enim</strong></span> <span class='ocrx_word' id='word_1_129' title='bbox 1596 1799 1940 1870; x_wconf 87' lang='lat' dir='ltr'><strong>gloriationis</strong></span> <span class='ocrx_word' id='word_1_130' title='bbox 1968 1814 2140 1870; x_wconf 87' lang='lat' dir='ltr'><strong>genus</strong></span> 
     </span>
    </p>
   </div>
   <div class='ocr_carea' id='block_1_20' title="bbox 559 1894 2138 1959">
    <p class='ocr_par' dir='ltr' id='par_1_20' title="bbox 559 1894 2138 1959">
     <span class='ocr_line' id='line_1_20' title="bbox 559 1894 2138 1959; baseline 0.001 -12"><span class='ocrx_word' id='word_1_131' title='bbox 559 1894 712 1948; x_wconf 88' lang='lat' dir='ltr'><strong>credi</strong></span> <span class='ocrx_word' id='word_1_132' title='bbox 752 1895 890 1948; x_wconf 92' lang='lat' dir='ltr'><strong>solet</strong></span> <span class='ocrx_word' id='word_1_133' title='bbox 921 1895 1145 1949; x_wconf 87' lang='lat' dir='ltr'><strong>latentis</strong></span> <span class='ocrx_word' id='word_1_134' title='bbox 1186 1895 1304 1949; x_wconf 86' lang='lat' dir='ltr'><strong>viti1</strong></span> <span class='ocrx_word' id='word_1_135' title='bbox 1338 1903 1434 1948; x_wconf 90' lang='lat' dir='ltr'><strong>aut</strong></span> <span class='ocrx_word' id='word_1_136' title='bbox 1474 1895 1719 1949; x_wconf 89' lang='lat' dir='ltr'><strong>studiosa</strong></span> <span class='ocrx_word' id='word_1_137' title='bbox 1749 1895 2138 1959; x_wconf 88' lang='lat' dir='ltr'><strong>dissimulatio,</strong></span> 
     </span>
    </p>
   </div>
   <div class='ocr_carea' id='block_1_21' title="bbox 559 1986 2142 2056">
    <p class='ocr_par' dir='ltr' id='par_1_21' title="bbox 559 1986 2142 2056">
     <span class='ocr_line' id='line_1_21' title="bbox 559 1986 2142 2056; baseline -0.001 -16"><span class='ocrx_word' id='word_1_138' title='bbox 559 1995 658 2040; x_wconf 91' lang='lat' dir='ltr'><strong>aut</strong></span> <span class='ocrx_word' id='word_1_139' title='bbox 707 1996 899 2056; x_wconf 89' lang='lat' dir='ltr'><strong>aperta</strong></span> <span class='ocrx_word' id='word_1_140' title='bbox 931 1986 1100 2041; x_wconf 90' lang='lat' dir='ltr'><strong>etiam</strong></span> <span class='ocrx_word' id='word_1_141' title='bbox 1153 1987 1428 2042; x_wconf 78' lang='lat' dir='ltr'><strong>confessio</strong></span> <span class='ocrx_word' id='word_1_142' title='bbox 1463 2003 1476 2039; x_wconf 91' lang='lat'>:</span> <span class='ocrx_word' id='word_1_143' title='bbox 1523 2001 1649 2040; x_wconf 90' lang='lat' dir='ltr'><strong>nam</strong></span> <span class='ocrx_word' id='word_1_144' title='bbox 1686 1993 1748 2039; x_wconf 89' lang='lat' dir='ltr'><strong>ut</strong></span> <span class='ocrx_word' id='word_1_145' title='bbox 1781 1999 1966 2039; x_wconf 86' lang='lat' dir='ltr'><strong>mores</strong></span> <span class='ocrx_word' id='word_1_146' title='bbox 2013 1992 2142 2038; x_wconf 89' lang='lat' dir='ltr'><strong>sunt</strong></span> 
     </span>
    </p>
   </div>
   <div class='ocr_carea' id='block_1_22' title="bbox 559 2076 2143 2148">
    <p class='ocr_par' dir='ltr' id='par_1_22' title="bbox 559 2076 2143 2148">
     <span class='ocr_line' id='line_1_22' title="bbox 559 2076 2143 2148; baseline -0.001 -16"><span class='ocrx_word' id='word_1_147' title='bbox 559 2076 874 2141; x_wconf 82' lang='lat' dir='ltr'><strong>hominum,</strong></span> <span class='ocrx_word' id='word_1_148' title='bbox 911 2080 928 2098; x_wconf 84' lang='grc'>⁶</span> <span class='ocrx_word' id='word_1_149' title='bbox 963 2086 1131 2147; x_wconf 89' lang='lat' dir='ltr'><strong>prout</strong></span> <span class='ocrx_word' id='word_1_150' title='bbox 1160 2078 1395 2148; x_wconf 92' lang='lat' dir='ltr'><strong>quisque</strong></span> <span class='ocrx_word' id='word_1_151' title='bbox 1438 2079 1646 2147; x_wconf 88' lang='lat' dir='ltr'><strong>majore</strong></span> <span class='ocrx_word' id='word_1_152' title='bbox 1685 2077 2055 2132; x_wconf 90' lang='lat' dir='ltr'><strong>mendacitate</strong></span> <span class='ocrx_word' id='word_1_153' title='bbox 2083 2085 2143 2130; x_wconf 87' lang='lat' dir='ltr'><strong>et</strong></span> 
     </span>
    </p>
   </div>
   <div class='ocr_carea' id='block_1_23' title="bbox 558 2167 2137 2233">
    <p class='ocr_par' dir='ltr' id='par_1_23' title="bbox 558 2167 2137 2233">
     <span class='ocr_line' id='line_1_23' title="bbox 558 2167 2137 2233; baseline 0.001 -13"><span class='ocrx_word' id='word_1_154' title='bbox 558 2167 864 2222; x_wconf 81' lang='lat' dir='ltr'><strong>ambitione</strong></span> <span class='ocrx_word' id='word_1_155' title='bbox 907 2169 1143 2232; x_wconf 86' lang='lat' dir='ltr'><strong>laborat,</strong></span> <span class='ocrx_word' id='word_1_156' title='bbox 1190 2183 1313 2222; x_wconf 90' lang='lat' dir='ltr'><strong>cum</strong></span> <span class='ocrx_word' id='word_1_157' title='bbox 1350 2168 1575 2222; x_wconf 85' lang='lat' dir='ltr'><strong>minime</strong></span> <span class='ocrx_word' id='word_1_158' title='bbox 1619 2169 1868 2222; x_wconf 87' lang='lat' dir='ltr'><strong>omnium</strong></span> <span class='ocrx_word' id='word_1_159' title='bbox 1919 2167 2137 2233; x_wconf 88' lang='lat' dir='ltr'><strong>debeat,</strong></span> 
     </span>
    </p>
   </div>
   <div class='ocr_carea' id='block_1_24' title="bbox 561 2259 2142 2330">
    <p class='ocr_par' dir='ltr' id='par_1_24' title="bbox 561 2259 2142 2330">
     <span class='ocr_line' id='line_1_24' title="bbox 561 2259 2142 2330; baseline 0 -18"><span class='ocrx_word' id='word_1_160' title='bbox 561 2259 636 2313; x_wconf 91' lang='lat' dir='ltr'><strong>ita</strong></span> <span class='ocrx_word' id='word_1_161' title='bbox 687 2275 744 2314; x_wconf 90' lang='lat' dir='ltr'><strong>se</strong></span> <span class='ocrx_word' id='word_1_162' title='bbox 794 2261 972 2330; x_wconf 87' lang='lat' dir='ltr'><strong>jactat</strong></span> <span class='ocrx_word' id='word_1_163' title='bbox 1024 2260 1396 2328; x_wconf 88' lang='lat' dir='ltr'><strong>importunius</strong></span> <span class='ocrx_word' id='word_1_164' title='bbox 1449 2259 1700 2314; x_wconf 79' lang='lat' dir='ltr'><strong>veritatis</strong></span> <span class='ocrx_word' id='word_1_165' title='bbox 1755 2268 2029 2314; x_wconf 79' lang='lat' dir='ltr'><strong>amantem</strong></span> <span class='ocrx_word' id='word_1_166' title='bbox 2085 2266 2142 2313; x_wconf 91' lang='lat' dir='ltr'><strong>et</strong></span> 
     </span>
    </p>
   </div>
   <div class='ocr_carea' id='block_1_25' title="bbox 560 2348 2140 2419">
    <p class='ocr_par' dir='ltr' id='par_1_25' title="bbox 560 2348 2140 2419">
     <span class='ocr_line' id='line_1_25' title="bbox 560 2348 2140 2419; baseline 0 -15"><span class='ocrx_word' id='word_1_167' title='bbox 560 2359 995 2418; x_wconf 85' lang='lat' dir='ltr'><strong>contemptorem</strong></span> <span class='ocrx_word' id='word_1_168' title='bbox 1019 2350 1224 2419; x_wconf 69' lang='lat' dir='ltr'><strong>gloriae.</strong></span> <span class='ocrx_word' id='word_1_169' title='bbox 1258 2349 1402 2415; x_wconf 84' lang='lat' dir='ltr'><strong>Quin</strong></span> <span class='ocrx_word' id='word_1_170' title='bbox 1425 2350 1591 2404; x_wconf 89' lang='lat' dir='ltr'><strong>etiam</strong></span> <span class='ocrx_word' id='word_1_171' title='bbox 1627 2348 1980 2418; x_wconf 89' lang='lat' dir='ltr'><strong>interpretari</strong></span> <span class='ocrx_word' id='word_1_172' title='bbox 2010 2364 2140 2418; x_wconf 89' lang='lat' dir='ltr'><strong>pos-</strong></span> 
     </span>
    </p>
   </div>
   <div class='ocr_carea' id='block_1_26' title="bbox 562 2441 2140 2511">
    <p class='ocr_par' dir='ltr' id='par_1_26' title="bbox 562 2441 2140 2511">
     <span class='ocr_line' id='line_1_26' title="bbox 562 2441 2140 2511; baseline 0.001 -17"><span class='ocrx_word' id='word_1_173' title='bbox 562 2449 648 2495; x_wconf 86' lang='lat' dir='ltr'><strong>set</strong></span> <span class='ocrx_word' id='word_1_174' title='bbox 682 2441 886 2510; x_wconf 85' lang='lat' dir='ltr'><strong>aliquis</strong></span> <span class='ocrx_word' id='word_1_175' title='bbox 921 2443 1234 2510; x_wconf 89' lang='lat' dir='ltr'><strong>sequiorem</strong></span> <span class='ocrx_word' id='word_1_176' title='bbox 1267 2443 1321 2496; x_wconf 91' lang='lat' dir='ltr'><strong>in</strong></span> <span class='ocrx_word' id='word_1_177' title='bbox 1373 2449 1618 2511; x_wconf 86' lang='lat' dir='ltr'><strong>partem,</strong></span> <span class='ocrx_word' id='word_1_178' title='bbox 1680 2441 1829 2510; x_wconf 89' lang='lat' dir='ltr'><strong>quod</strong></span> <span class='ocrx_word' id='word_1_179' title='bbox 1884 2441 2140 2496; x_wconf 91' lang='lat' dir='ltr'><strong>docuisse</strong></span> 
     </span>
    </p>
   </div>
   <div class='ocr_carea' id='block_1_27' title="bbox 560 2531 2140 2595">
    <p class='ocr_par' dir='ltr' id='par_1_27' title="bbox 560 2531 2140 2595">
     <span class='ocr_line' id='line_1_27' title="bbox 560 2531 2140 2595; baseline -0.001 -9"><span class='ocrx_word' id='word_1_180' title='bbox 560 2546 622 2586; x_wconf 83' lang='lat' dir='ltr'><strong>se</strong></span> <span class='ocrx_word' id='word_1_181' title='bbox 649 2541 836 2585; x_wconf 86' lang='lat' dir='ltr'><strong>narrat</strong></span> <span class='ocrx_word' id='word_1_182' title='bbox 877 2531 1186 2585; x_wconf 79' lang='lat' dir='ltr'><strong>Antiochia:</strong></span> <span class='ocrx_word' id='word_1_183' title='bbox 1223 2547 1317 2585; x_wconf 89' lang='lat' dir='ltr'><strong>sex</strong></span> <span class='ocrx_word' id='word_1_184' title='bbox 1351 2547 1526 2585; x_wconf 87' lang='lat' dir='ltr'><strong>annos</strong></span> <span class='ocrx_word' id='word_1_185' title='bbox 1555 2531 1658 2585; x_wconf 92' lang='lat' dir='ltr'><strong>sub</strong></span> <span class='ocrx_word' id='word_1_186' title='bbox 1694 2531 1999 2595; x_wconf 88' lang='lat' dir='ltr'><strong>Theodoto,</strong></span> <span class='ocrx_word' id='word_1_187' title='bbox 2036 2531 2140 2586; x_wconf 90' lang='lat' dir='ltr'><strong>sub</strong></span> 
     </span>
    </p>
   </div>
   <div class='ocr_carea' id='block_1_28' title="bbox 560 2619 2138 2689">
    <p class='ocr_par' dir='ltr' id='par_1_28' title="bbox 560 2619 2138 2689">
     <span class='ocr_line' id='line_1_28' title="bbox 560 2619 2138 2689; baseline 0 -14"><span class='ocrx_word' id='word_1_188' title='bbox 560 2619 775 2675; x_wconf 82' lang='lat' dir='ltr'><strong>Joanne</strong></span> <span class='ocrx_word' id='word_1_189' title='bbox 811 2621 1100 2684; x_wconf 87' lang='lat' dir='ltr'><strong>tredecim,</strong></span> <span class='ocrx_word' id='word_1_190' title='bbox 1131 2629 1343 2689; x_wconf 88' lang='lat' dir='ltr'><strong>septem</strong></span> <span class='ocrx_word' id='word_1_191' title='bbox 1365 2621 1468 2674; x_wconf 88' lang='lat' dir='ltr'><strong>sub</strong></span> <span class='ocrx_word' id='word_1_192' title='bbox 1493 2621 1724 2675; x_wconf 90' lang='lat' dir='ltr'><strong>Domno.</strong></span> <span class='ocrx_word' id='word_1_193' title='bbox 1769 2620 1965 2674; x_wconf 82' lang='lat' dir='ltr'><strong>Annon</strong></span> <span class='ocrx_word' id='word_1_194' title='bbox 1989 2621 2138 2675; x_wconf 90' lang='lat' dir='ltr'><strong>enim</strong></span> 
     </span>
    </p>
   </div>
   <div class='ocr_carea' id='block_1_29' title="bbox 561 2710 2139 2780">
    <p class='ocr_par' dir='ltr' id='par_1_29' title="bbox 561 2710 2139 2780">
     <span class='ocr_line' id='line_1_29' title="bbox 561 2710 2139 2780; baseline -0.001 -15"><span class='ocrx_word' id='word_1_195' title='bbox 561 2710 689 2766; x_wconf 88' lang='lat' dir='ltr'><strong>inde</strong></span> <span class='ocrx_word' id='word_1_196' title='bbox 720 2717 905 2780; x_wconf 85' lang='lat' dir='ltr'><strong>posset</strong></span> <span class='ocrx_word' id='word_1_197' title='bbox 927 2726 1026 2766; x_wconf 80' lang='lat' dir='ltr'><strong>sua</strong></span> <span class='ocrx_word' id='word_1_198' title='bbox 1053 2710 1399 2766; x_wconf 85' lang='lat' dir='ltr'><strong>confessione</strong></span> <span class='ocrx_word' id='word_1_199' title='bbox 1443 2710 1620 2765; x_wconf 87' lang='lat' dir='ltr'><strong>teneri</strong></span> <span class='ocrx_word' id='word_1_200' title='bbox 1668 2725 1816 2773; x_wconf 90' lang='lat' dir='ltr'><strong>reus,</strong></span> <span class='ocrx_word' id='word_1_201' title='bbox 1851 2722 1945 2764; x_wconf 88' lang='lat' dir='ltr'><strong>aut</strong></span> <span class='ocrx_word' id='word_1_202' title='bbox 1982 2727 2139 2765; x_wconf 88' lang='lat' dir='ltr'><strong>men-</strong></span> 
     </span>
    </p>
   </div>
   <div class='ocr_carea' id='block_1_30' title="bbox 561 2799 2137 2869">
    <p class='ocr_par' dir='ltr' id='par_1_30' title="bbox 561 2799 2137 2869">
     <span class='ocr_line' id='line_1_30' title="bbox 561 2799 2137 2869; baseline 0.001 -15"><span class='ocrx_word' id='word_1_203' title='bbox 561 2799 903 2864; x_wconf 90' lang='lat' dir='ltr'><strong>daciunculi,</strong></span> <span class='ocrx_word' id='word_1_204' title='bbox 950 2799 1098 2869; x_wconf 92' lang='lat' dir='ltr'><strong>quod</strong></span> <span class='ocrx_word' id='word_1_205' title='bbox 1125 2800 1212 2853; x_wconf 84' lang='lat' dir='ltr'><strong>vix</strong></span> <span class='ocrx_word' id='word_1_206' title='bbox 1243 2799 1580 2866; x_wconf 88' lang='lat' dir='ltr'><strong>putandum;</strong></span> <span class='ocrx_word' id='word_1_207' title='bbox 1630 2807 1726 2852; x_wconf 92' lang='lat' dir='ltr'><strong>aut</strong></span> <span class='ocrx_word' id='word_1_208' title='bbox 1770 2799 2137 2864; x_wconf 88' lang='lat' dir='ltr'><strong>ambitiosius,</strong></span> 
     </span>
    </p>
   </div>
   <div class='ocr_carea' id='block_1_31' title="bbox 558 2891 2143 2961">
    <p class='ocr_par' dir='ltr' id='par_1_31' title="bbox 558 2891 2143 2961">
     <span class='ocr_line' id='line_1_31' title="bbox 558 2891 2143 2961; baseline 0.001 -16"><span class='ocrx_word' id='word_1_209' title='bbox 558 2906 725 2961; x_wconf 89' lang='lat' dir='ltr'><strong>quam</strong></span> <span class='ocrx_word' id='word_1_210' title='bbox 765 2891 1085 2961; x_wconf 90' lang='lat' dir='ltr'><strong>episcopum</strong></span> <span class='ocrx_word' id='word_1_211' title='bbox 1121 2906 1233 2946; x_wconf 65' lang='lat' dir='ltr'><strong>suae</strong></span> <span class='ocrx_word' id='word_1_212' title='bbox 1277 2891 1424 2944; x_wconf 90' lang='lat' dir='ltr'><strong>sedis</strong></span> <span class='ocrx_word' id='word_1_213' title='bbox 1467 2891 1774 2945; x_wconf 88' lang='lat' dir='ltr'><strong>studiosum</strong></span> <span class='ocrx_word' id='word_1_214' title='bbox 1803 2891 2016 2954; x_wconf 89' lang='lat' dir='ltr'><strong>deceat,</strong></span> <span class='ocrx_word' id='word_1_215' title='bbox 2048 2909 2143 2947; x_wconf 87' lang='lat' dir='ltr'><strong>ex-</strong></span> 
     </span>
    </p>
   </div>
   <div class='ocr_carea' id='block_1_32' title="bbox 559 2981 2137 3053">
    <p class='ocr_par' dir='ltr' id='par_1_32' title="bbox 559 2981 2137 3053">
     <span class='ocr_line' id='line_1_32' title="bbox 559 2981 2137 3053; baseline 0.002 -18"><span class='ocrx_word' id='word_1_216' title='bbox 559 2981 743 3051; x_wconf 74' lang='lat' dir='ltr'><strong>petita:</strong></span> <span class='ocrx_word' id='word_1_217' title='bbox 781 2981 1253 3035; x_wconf 88' lang='lat' dir='ltr'><strong>Antiochenorum</strong></span> <span class='ocrx_word' id='word_1_218' title='bbox 1289 2981 1623 3036; x_wconf 80' lang='lat' dir='ltr'><strong>audientiae?</strong></span> <span class='ocrx_word' id='word_1_219' title='bbox 1650 2981 1708 3035; x_wconf 87' lang='lat' dir='ltr'><strong>ld</strong></span> <span class='ocrx_word' id='word_1_220' title='bbox 1755 2998 1887 3036; x_wconf 89' lang='lat' dir='ltr'><strong>vero</strong></span> <span class='ocrx_word' id='word_1_221' title='bbox 1919 2991 2137 3053; x_wconf 88' lang='lat' dir='ltr'><strong>postre-</strong></span> 
     </span>
    </p>
   </div>
   <div class='ocr_carea' id='block_1_33' title="bbox 558 3071 2113 3142">
    <p class='ocr_par' dir='ltr' id='par_1_33' title="bbox 558 3071 2113 3142">
     <span class='ocr_line' id='line_1_33' title="bbox 558 3071 2113 3142; baseline 0.004 -18"><span class='ocrx_word' id='word_1_222' title='bbox 558 3086 709 3124; x_wconf 90' lang='lat' dir='ltr'><strong>mum</strong></span> <span class='ocrx_word' id='word_1_223' title='bbox 755 3071 1113 3135; x_wconf 86' lang='lat' dir='ltr'><strong>credibilius,</strong></span> <span class='ocrx_word' id='word_1_224' title='bbox 1158 3071 1277 3124; x_wconf 84' lang='lat' dir='ltr'><strong>sive</strong></span> <span class='ocrx_word' id='word_1_225' title='bbox 1327 3071 1382 3123; x_wconf 88' lang='lat' dir='ltr'><strong>id</strong></span> <span class='ocrx_word' id='word_1_226' title='bbox 1428 3071 1626 3126; x_wconf 88' lang='lat' dir='ltr'><strong>fecerit</strong></span> <span class='ocrx_word' id='word_1_227' title='bbox 1679 3074 1872 3142; x_wconf 72' lang='lat' dir='ltr'><strong>patriae</strong></span> <span class='ocrx_word' id='word_1_228' title='bbox 1931 3075 2113 3130; x_wconf 87' lang='lat' dir='ltr'><strong>studio</strong></span> 
     </span>
    </p>
   </div>
   <div class='ocr_carea' id='block_1_34' title="bbox 555 3161 2135 3231">
    <p class='ocr_par' dir='ltr' id='par_1_34' title="bbox 555 3161 2135 3231">
     <span class='ocr_line' id='line_1_34' title="bbox 555 3161 2135 3231; baseline 0.002 -15"><span class='ocrx_word' id='word_1_229' title='bbox 555 3178 724 3231; x_wconf 90' lang='lat' dir='ltr'><strong>quam</strong></span> <span class='ocrx_word' id='word_1_230' title='bbox 769 3161 1090 3231; x_wconf 86' lang='lat' dir='ltr'><strong>frequenter</strong></span> <span class='ocrx_word' id='word_1_231' title='bbox 1130 3162 1395 3215; x_wconf 78' lang='lat' dir='ltr'><strong>inviseret</strong></span> <span class='ocrx_word' id='word_1_232' title='bbox 1427 3163 1664 3217; x_wconf 91' lang='lat' dir='ltr'><strong>duorum</strong></span> <span class='ocrx_word' id='word_1_233' title='bbox 1701 3164 1968 3218; x_wconf 81' lang='lat' dir='ltr'><strong>duntaxat</strong></span> <span class='ocrx_word' id='word_1_234' title='bbox 2015 3165 2135 3220; x_wconf 91' lang='lat' dir='ltr'><strong>die-</strong></span> 
     </span>
    </p>
   </div>
   <div class='ocr_carea' id='block_1_35' title="bbox 559 3251 2137 3322">
    <p class='ocr_par' dir='ltr' id='par_1_35' title="bbox 559 3251 2137 3322">
     <span class='ocr_line' id='line_1_35' title="bbox 559 3251 2137 3322; baseline 0.003 -16"><span class='ocrx_word' id='word_1_235' title='bbox 559 3268 684 3306; x_wconf 85' lang='lat' dir='ltr'><strong>rum</strong></span> <span class='ocrx_word' id='word_1_236' title='bbox 716 3251 916 3306; x_wconf 88' lang='lat' dir='ltr'><strong>itinere</strong></span> <span class='ocrx_word' id='word_1_237' title='bbox 945 3251 1242 3307; x_wconf 86' lang='lat' dir='ltr'><strong>distantem</strong></span> <span class='ocrx_word' id='word_1_238' title='bbox 1283 3252 1426 3322; x_wconf 85' lang='lat' dir='ltr'><strong>Cyro</strong></span> <span class='ocrx_word' id='word_1_239' title='bbox 1455 3271 1468 3306; x_wconf 90' lang='lat'><strong>:</strong></span> <span class='ocrx_word' id='word_1_240' title='bbox 1499 3254 1612 3307; x_wconf 88' lang='lat' dir='ltr'><strong>sive</strong></span> <span class='ocrx_word' id='word_1_241' title='bbox 1644 3255 1942 3309; x_wconf 84' lang='lat' dir='ltr'><strong>Ecclesiam</strong></span> <span class='ocrx_word' id='word_1_242' title='bbox 1982 3271 2137 3311; x_wconf 89' lang='lat' dir='ltr'><strong>suam</strong></span> 
     </span>
    </p>
   </div>
   <div class='ocr_carea' id='block_1_36' title="bbox 559 3341 2138 3414">
    <p class='ocr_par' dir='ltr' id='par_1_36' title="bbox 559 3341 2138 3414">
     <span class='ocr_line' id='line_1_36' title="bbox 559 3341 2138 3414; baseline 0.003 -17"><span class='ocrx_word' id='word_1_243' title='bbox 559 3359 672 3398; x_wconf 88' lang='lat' dir='ltr'><strong>non</strong></span> <span class='ocrx_word' id='word_1_244' title='bbox 721 3342 1121 3396; x_wconf 84' lang='lat' dir='ltr'><strong>nobilissimam</strong></span> <span class='ocrx_word' id='word_1_245' title='bbox 1159 3341 1451 3406; x_wconf 88' lang='lat' dir='ltr'><strong>fastidiret,</strong></span> <span class='ocrx_word' id='word_1_246' title='bbox 1486 3343 1540 3397; x_wconf 91' lang='lat' dir='ltr'><strong>in</strong></span> <span class='ocrx_word' id='word_1_247' title='bbox 1580 3361 1686 3414; x_wconf 88' lang='lat' dir='ltr'><strong>qua</strong></span> <span class='ocrx_word' id='word_1_248' title='bbox 1715 3347 1906 3414; x_wconf 87' lang='lat' dir='ltr'><strong>paucis</strong></span> <span class='ocrx_word' id='word_1_249' title='bbox 1935 3345 2138 3402; x_wconf 65' lang='lat' dir='ltr'><strong>Graeca:</strong></span> 
     </span>
    </p>
   </div>
   <div class='ocr_carea' id='block_1_37' title="bbox 559 3434 2137 3506">
    <p class='ocr_par' dir='ltr' id='par_1_37' title="bbox 559 3434 2137 3506">
     <span class='ocr_line' id='line_1_37' title="bbox 559 3434 2137 3506; baseline 0.002 -17"><span class='ocrx_word' id='word_1_250' title='bbox 559 3435 774 3490; x_wconf 66' lang='lat' dir='ltr'><strong>deliciae</strong></span> <span class='ocrx_word' id='word_1_251' title='bbox 814 3442 1105 3505; x_wconf 90' lang='lat' dir='ltr'><strong>saperent;</strong></span> <span class='ocrx_word' id='word_1_252' title='bbox 1157 3434 1275 3487; x_wconf 88' lang='lat' dir='ltr'><strong>sive</strong></span> <span class='ocrx_word' id='word_1_253' title='bbox 1322 3435 1540 3489; x_wconf 88' lang='lat' dir='ltr'><strong>tandem</strong></span> <span class='ocrx_word' id='word_1_254' title='bbox 1578 3438 1804 3506; x_wconf 87' lang='lat' dir='ltr'><strong>plausus</strong></span> <span class='ocrx_word' id='word_1_255' title='bbox 1833 3438 2137 3492; x_wconf 87' lang='lat' dir='ltr'><strong>alienarum</strong></span> 
     </span>
    </p>
   </div>
   <div class='ocr_carea' id='block_1_38' title="bbox 561 3523 2140 3595">
    <p class='ocr_par' dir='ltr' id='par_1_38' title="bbox 561 3523 2140 3595">
     <span class='ocr_line' id='line_1_38' title="bbox 561 3523 2140 3595; baseline 0.002 -16"><span class='ocrx_word' id='word_1_256' title='bbox 561 3526 784 3580; x_wconf 86' lang='lat' dir='ltr'><strong>urbium</strong></span> <span class='ocrx_word' id='word_1_257' title='bbox 809 3533 1047 3595; x_wconf 82' lang='lat' dir='ltr'><strong>Optaret.</strong></span> <span class='ocrx_word' id='word_1_258' title='bbox 1069 3524 1204 3579; x_wconf 86' lang='lat' dir='ltr'><strong>Nam</strong></span> <span class='ocrx_word' id='word_1_259' title='bbox 1225 3523 1349 3592; x_wconf 88' lang='lat' dir='ltr'><strong>quis</strong></span> <span class='ocrx_word' id='word_1_260' title='bbox 1371 3535 1636 3594; x_wconf 55' lang='lat' dir='ltr'><strong>praestans</strong></span> <span class='ocrx_word' id='word_1_261' title='bbox 1656 3537 1842 3581; x_wconf 89' lang='lat' dir='ltr'><strong>orator</strong></span> <span class='ocrx_word' id='word_1_262' title='bbox 1865 3544 1971 3581; x_wconf 91' lang='lat' dir='ltr'><strong>non</strong></span> <span class='ocrx_word' id='word_1_263' title='bbox 1994 3536 2140 3582; x_wconf 88' lang='lat' dir='ltr'><strong>amet</strong></span> 
     </span>
    </p>
   </div>
   <div class='ocr_carea' id='block_1_39' title="bbox 561 3616 2136 3689">
    <p class='ocr_par' dir='ltr' id='par_1_39' title="bbox 561 3616 2136 3689">
     <span class='ocr_line' id='line_1_39' title="bbox 561 3616 2136 3689; baseline -0.001 -18"><span class='ocrx_word' id='word_1_264' title='bbox 561 3617 794 3671; x_wconf 85' lang='lat' dir='ltr'><strong>famam?</strong></span> <span class='ocrx_word' id='word_1_265' title='bbox 845 3626 941 3670; x_wconf 89' lang='lat' dir='ltr'><strong>aut</strong></span> <span class='ocrx_word' id='word_1_266' title='bbox 984 3632 1106 3686; x_wconf 70' lang='lat' dir='ltr'><strong>qua:</strong></span> <span class='ocrx_word' id='word_1_267' title='bbox 1148 3616 1503 3679; x_wconf 84' lang='lat' dir='ltr'><strong>existimatio,</strong></span> <span class='ocrx_word' id='word_1_268' title='bbox 1537 3617 1593 3676; x_wconf 65' lang='lat' dir='ltr'><strong>si,</strong></span> <span class='ocrx_word' id='word_1_269' title='bbox 1621 3618 1939 3672; x_wconf 89' lang='lat' dir='ltr'><strong>continetur</strong></span> <span class='ocrx_word' id='word_1_270' title='bbox 1981 3618 2136 3689; x_wconf 68' lang='grc'><strong>145</strong></span> 
     </span>
    </p>
   </div>
   <div class='ocr_carea' id='block_1_40' title="bbox 562 3707 2138 3771">
    <p class='ocr_par' dir='ltr' id='par_1_40' title="bbox 562 3707 2138 3771">
     <span class='ocr_line' id='line_1_40' title="bbox 562 3707 2138 3771; baseline 0.001 -9"><span class='ocrx_word' id='word_1_271' title='bbox 562 3708 731 3771; x_wconf 91' lang='lat' dir='ltr'><strong>domi,</strong></span> <span class='ocrx_word' id='word_1_272' title='bbox 765 3717 1041 3762; x_wconf 88' lang='lat' dir='ltr'><strong>mereatur</strong></span> <span class='ocrx_word' id='word_1_273' title='bbox 1066 3708 1222 3763; x_wconf 68' lang='lat' dir='ltr'><strong>famae</strong></span> <span class='ocrx_word' id='word_1_274' title='bbox 1245 3708 1483 3762; x_wconf 90' lang='lat' dir='ltr'><strong>nomen?</strong></span> <span class='ocrx_word' id='word_1_275' title='bbox 1506 3707 1667 3764; x_wconf 90' lang='lat' dir='ltr'><strong>Certe</strong></span> <span class='ocrx_word' id='word_1_276' title='bbox 1699 3725 1808 3763; x_wconf 91' lang='lat' dir='ltr'><strong>non</strong></span> <span class='ocrx_word' id='word_1_277' title='bbox 1835 3709 2138 3765; x_wconf 74' lang='lat' dir='ltr'><strong>Antiochiae</strong></span> 
     </span>
    </p>
   </div>
   <div class='ocr_carea' id='block_1_41' title="bbox 565 3800 2137 3870">
    <p class='ocr_par' dir='ltr' id='par_1_41' title="bbox 565 3800 2137 3870">
     <span class='ocr_line' id='line_1_41' title="bbox 565 3800 2137 3870; baseline -0.001 -16"><span class='ocrx_word' id='word_1_278' title='bbox 565 3808 800 3864; x_wconf 90' lang='lat' dir='ltr'><strong>tantum,</strong></span> <span class='ocrx_word' id='word_1_279' title='bbox 838 3800 936 3855; x_wconf 81' lang='lat' dir='ltr'><strong>sed</strong></span> <span class='ocrx_word' id='word_1_280' title='bbox 981 3801 1147 3854; x_wconf 88' lang='lat' dir='ltr'><strong>etiam</strong></span> <span class='ocrx_word' id='word_1_281' title='bbox 1193 3800 1397 3855; x_wconf 67' lang='lat' dir='ltr'><strong>Berozae</strong></span> <span class='ocrx_word' id='word_1_282' title='bbox 1445 3800 1708 3870; x_wconf 88' lang='lat' dir='ltr'><strong>frequens</strong></span> <span class='ocrx_word' id='word_1_283' title='bbox 1755 3800 1879 3863; x_wconf 86' lang='lat' dir='ltr'><strong>fuit,</strong></span> <span class='ocrx_word' id='word_1_284' title='bbox 1925 3815 2137 3854; x_wconf 83' lang='lat' dir='ltr'><strong>sermo-</strong></span> 
     </span>
    </p>
   </div>
   <div class='ocr_carea' id='block_1_42' title="bbox 561 3892 2137 3962">
    <p class='ocr_par' dir='ltr' id='par_1_42' title="bbox 561 3892 2137 3962">
     <span class='ocr_line' id='line_1_42' title="bbox 561 3892 2137 3962; baseline 0.001 -16"><span class='ocrx_word' id='word_1_285' title='bbox 561 3907 771 3961; x_wconf 88' lang='lat' dir='ltr'><strong>nesque</strong></span> <span class='ocrx_word' id='word_1_286' title='bbox 796 3893 1009 3957; x_wconf 89' lang='lat' dir='ltr'><strong>habuit,</strong></span> <span class='ocrx_word' id='word_1_287' title='bbox 1035 3907 1174 3961; x_wconf 90' lang='lat' dir='ltr'><strong>quos</strong></span> <span class='ocrx_word' id='word_1_288' title='bbox 1207 3900 1261 3946; x_wconf 92' lang='lat' dir='ltr'><strong>et</strong></span> <span class='ocrx_word' id='word_1_289' title='bbox 1291 3907 1490 3962; x_wconf 87' lang='lat' dir='ltr'><strong>magna</strong></span> <span class='ocrx_word' id='word_1_290' title='bbox 1519 3893 1802 3962; x_wconf 88' lang='lat' dir='ltr'><strong>voluptate</strong></span> <span class='ocrx_word' id='word_1_291' title='bbox 1827 3892 2016 3947; x_wconf 92' lang='lat' dir='ltr'><strong>clerici</strong></span> <span class='ocrx_word' id='word_1_292' title='bbox 2042 3908 2137 3947; x_wconf 88' lang='lat' dir='ltr'><strong>au-</strong></span> 
     </span>
    </p>
   </div>
   <div class='ocr_carea' id='block_1_43' title="bbox 563 3984 2138 4055">
    <p class='ocr_par' dir='ltr' id='par_1_43' title="bbox 563 3984 2138 4055">
     <span class='ocr_line' id='line_1_43' title="bbox 563 3984 2138 4055; baseline 0.002 -17"><span class='ocrx_word' id='word_1_293' title='bbox 563 3984 769 4049; x_wconf 89' lang='lat' dir='ltr'><strong>dirent,</strong></span> <span class='ocrx_word' id='word_1_294' title='bbox 797 3993 853 4040; x_wconf 91' lang='lat' dir='ltr'><strong>et</strong></span> <span class='ocrx_word' id='word_1_295' title='bbox 879 3986 993 4055; x_wconf 90' lang='lat' dir='ltr'><strong>ipse</strong></span> <span class='ocrx_word' id='word_1_296' title='bbox 1020 3985 1355 4054; x_wconf 86' lang='lat' dir='ltr'><strong>perlibenter</strong></span> <span class='ocrx_word' id='word_1_297' title='bbox 1386 3984 1697 4039; x_wconf 81' lang='lat' dir='ltr'><strong>effunderet</strong></span> <span class='ocrx_word' id='word_1_298' title='bbox 1726 4003 1738 4039; x_wconf 91' lang='lat'>:</span> <span class='ocrx_word' id='word_1_299' title='bbox 1773 3985 1849 4050; x_wconf 93' lang='lat' dir='ltr'><strong>id,</strong></span> <span class='ocrx_word' id='word_1_300' title='bbox 1881 4001 2003 4055; x_wconf 71' lang='lat' dir='ltr'><strong>qua:</strong></span> <span class='ocrx_word' id='word_1_301' title='bbox 2035 3986 2138 4040; x_wconf 87' lang='lat' dir='ltr'><strong>bu-</strong></span> 
     </span>
    </p>
   </div>
   <div class='ocr_carea' id='block_1_44' title="bbox 563 4075 2136 4142">
    <p class='ocr_par' dir='ltr' id='par_1_44' title="bbox 563 4075 2136 4142">
     <span class='ocr_line' id='line_1_44' title="bbox 563 4075 2136 4142; baseline 0.002 -13"><span class='ocrx_word' id='word_1_302' title='bbox 563 4092 736 4130; x_wconf 80' lang='lat' dir='ltr'><strong>manze</strong></span> <span class='ocrx_word' id='word_1_303' title='bbox 756 4077 955 4131; x_wconf 91' lang='lat' dir='ltr'><strong>mentis</strong></span> <span class='ocrx_word' id='word_1_304' title='bbox 981 4078 1223 4142; x_wconf 88' lang='lat' dir='ltr'><strong>vanitas,</strong></span> <span class='ocrx_word' id='word_1_305' title='bbox 1255 4077 1323 4131; x_wconf 90' lang='lat' dir='ltr'><strong>de</strong></span> <span class='ocrx_word' id='word_1_306' title='bbox 1353 4075 1742 4131; x_wconf 84' lang='lat' dir='ltr'><strong>Beroeensibus</strong></span> <span class='ocrx_word' id='word_1_307' title='bbox 1764 4085 2020 4132; x_wconf 82' lang='lat' dir='ltr'><strong>teStatum</strong></span> <span class='ocrx_word' id='word_1_308' title='bbox 2046 4093 2136 4133; x_wconf 86' lang='lat' dir='ltr'><strong>re-</strong></span> 
     </span>
    </p>
   </div>
   <div class='ocr_carea' id='block_1_45' title="bbox 562 4168 2135 4238">
    <p class='ocr_par' dir='ltr' id='par_1_45' title="bbox 562 4168 2135 4238">
     <span class='ocr_line' id='line_1_45' title="bbox 562 4168 2135 4238; baseline 0.001 -16"><span class='ocrx_word' id='word_1_309' title='bbox 562 4169 741 4238; x_wconf 75' lang='lat' dir='ltr'><strong>liquit.</strong></span> <span class='ocrx_word' id='word_1_310' title='bbox 796 4168 934 4222; x_wconf 91' lang='lat' dir='ltr'><strong>Cum</strong></span> <span class='ocrx_word' id='word_1_311' title='bbox 978 4169 1128 4223; x_wconf 87' lang='lat' dir='ltr'><strong>enim</strong></span> <span class='ocrx_word' id='word_1_312' title='bbox 1173 4177 1415 4238; x_wconf 88' lang='lat' dir='ltr'><strong>quatuor</strong></span> <span class='ocrx_word' id='word_1_313' title='bbox 1460 4183 1654 4223; x_wconf 88' lang='lat' dir='ltr'><strong>causas</strong></span> <span class='ocrx_word' id='word_1_314' title='bbox 1704 4169 2002 4234; x_wconf 86' lang='lat' dir='ltr'><strong>attulisset,</strong></span> <span class='ocrx_word' id='word_1_315' title='bbox 2033 4186 2135 4224; x_wconf 92' lang='lat' dir='ltr'><strong>cur</strong></span> 
     </span>
    </p>
   </div>
   <div class='ocr_carea' id='block_1_46' title="bbox 563 4260 2136 4322">
    <p class='ocr_par' dir='ltr' id='par_1_46' title="bbox 563 4260 2136 4322">
     <span class='ocr_line' id='line_1_46' title="bbox 563 4260 2136 4322; baseline 0.001 -8"><span class='ocrx_word' id='word_1_316' title='bbox 563 4269 789 4314; x_wconf 88' lang='lat' dir='ltr'><strong>mutuus</strong></span> <span class='ocrx_word' id='word_1_317' title='bbox 837 4260 982 4313; x_wconf 89' lang='lat' dir='ltr'><strong>inter</strong></span> <span class='ocrx_word' id='word_1_318' title='bbox 1013 4275 1070 4314; x_wconf 91' lang='lat' dir='ltr'><strong>se</strong></span> <span class='ocrx_word' id='word_1_319' title='bbox 1112 4269 1170 4314; x_wconf 89' lang='lat' dir='ltr'><strong>et</strong></span> <span class='ocrx_word' id='word_1_320' title='bbox 1216 4261 1538 4314; x_wconf 78' lang='lat' dir='ltr'><strong>Bermenses</strong></span> <span class='ocrx_word' id='word_1_321' title='bbox 1595 4274 1750 4322; x_wconf 83' lang='lat' dir='ltr'><strong>amor</strong></span> <span class='ocrx_word' id='word_1_322' title='bbox 1800 4261 2136 4316; x_wconf 84' lang='lat' dir='ltr'><strong>exsisteret?</strong></span> 
     </span>
    </p>
   </div>
   <div class='ocr_carea' id='block_1_47' title="bbox 570 4349 2137 4422">
    <p class='ocr_par' dir='ltr' id='par_1_47' title="bbox 570 4349 2137 4422">
     <span class='ocr_line' id='line_1_47' title="bbox 570 4349 2137 4422; baseline 0.002 -18"><span class='ocrx_word' id='word_1_323' title='bbox 570 4371 590 4404; x_wconf 71' lang='grc' dir='ltr'>α</span> <span class='ocrx_word' id='word_1_324' title='bbox 619 4351 675 4407; x_wconf 91' lang='lat' dir='ltr'><strong>Si</strong></span> <span class='ocrx_word' id='word_1_325' title='bbox 704 4352 891 4416; x_wconf 87' lang='lat' dir='ltr'><strong>vultis,</strong></span> <span class='ocrx_word' id='word_1_326' title='bbox 937 4353 1116 4422; x_wconf 91' lang='lat' dir='ltr'><strong>inquit</strong></span> <span class='ocrx_word' id='word_1_327' title='bbox 1162 4352 1228 4416; x_wconf 76' lang='lat'><strong>&#39;°,</strong></span> <span class='ocrx_word' id='word_1_328' title='bbox 1261 4352 1516 4421; x_wconf 83' lang='lat' dir='ltr'><strong>quintum</strong></span> <span class='ocrx_word' id='word_1_329' title='bbox 1549 4349 1750 4415; x_wconf 89' lang='lat' dir='ltr'><strong>dicam,</strong></span> <span class='ocrx_word' id='word_1_330' title='bbox 1790 4366 1910 4419; x_wconf 69' lang='lat' dir='ltr'><strong>quae</strong></span> <span class='ocrx_word' id='word_1_331' title='bbox 1938 4352 2137 4422; x_wconf 72' lang='lat' dir='ltr'><strong>lingua:</strong></span> 
     </span>
    </p>
   </div>
   <div class='ocr_carea' id='block_1_48' title="bbox 2236 517 3812 590">
    <p class='ocr_par' dir='ltr' id='par_1_48' title="bbox 2236 517 3812 590">
     <span class='ocr_line' id='line_1_48' title="bbox 2236 517 3812 590; baseline 0.001 -15"><span class='ocrx_word' id='word_1_332' title='bbox 2236 520 2563 590; x_wconf 72' lang='lat' dir='ltr'><strong>prreseribit,</strong></span> <span class='ocrx_word' id='word_1_333' title='bbox 2603 519 2753 574; x_wconf 92' lang='lat' dir='ltr'><strong>omni</strong></span> <span class='ocrx_word' id='word_1_334' title='bbox 2787 519 3012 589; x_wconf 89' lang='lat' dir='ltr'><strong>quidem</strong></span> <span class='ocrx_word' id='word_1_335' title='bbox 3037 534 3103 572; x_wconf 87' lang='lat' dir='ltr'><strong>ex</strong></span> <span class='ocrx_word' id='word_1_336' title='bbox 3137 528 3294 588; x_wconf 77' lang='lat' dir='ltr'><strong>parte</strong></span> <span class='ocrx_word' id='word_1_337' title='bbox 3326 517 3684 589; x_wconf 78' lang='lat' dir='ltr'><strong>expreSsisse,</strong></span> <span class='ocrx_word' id='word_1_338' title='bbox 3718 522 3812 576; x_wconf 80' lang='lat' dir='ltr'><strong>sed</strong></span> 
     </span>
    </p>
   </div>
   <div class='ocr_carea' id='block_1_49' title="bbox 2234 608 3815 680">
    <p class='ocr_par' dir='ltr' id='par_1_49' title="bbox 2234 608 3815 680">
     <span class='ocr_line' id='line_1_49' title="bbox 2234 608 3815 680; baseline 0.001 -15"><span class='ocrx_word' id='word_1_339' title='bbox 2234 626 2299 665; x_wconf 88' lang='lat' dir='ltr'><strong>ea</strong></span> <span class='ocrx_word' id='word_1_340' title='bbox 2318 626 2430 680; x_wconf 70' lang='lat' dir='ltr'><strong>prae</strong></span> <span class='ocrx_word' id='word_1_341' title='bbox 2452 609 2689 674; x_wconf 63' lang='lat' dir='ltr'><strong>caeteris,</strong></span> <span class='ocrx_word' id='word_1_342' title='bbox 2710 624 2818 678; x_wconf 85' lang='lat' dir='ltr'><strong>qua</strong></span> <span class='ocrx_word' id='word_1_343' title='bbox 2844 608 3106 663; x_wconf 66' lang='lat' dir='ltr'><strong>Ecclesia:</strong></span> <span class='ocrx_word' id='word_1_344' title='bbox 3123 609 3412 678; x_wconf 69' lang='lat' dir='ltr'><strong>praesulem</strong></span> <span class='ocrx_word' id='word_1_345' title='bbox 3440 617 3588 663; x_wconf 86' lang='lat' dir='ltr'><strong>vetat</strong></span> <span class='ocrx_word' id='word_1_346' title='bbox 3613 611 3815 666; x_wconf 87' lang='lat' dir='ltr'><strong>Paulus</strong></span> 
     </span>
    </p>
   </div>
   <div class='ocr_carea' id='block_1_50' title="bbox 2234 701 3816 772">
    <p class='ocr_par' dir='ltr' id='par_1_50' title="bbox 2234 701 3816 772">
     <span class='ocr_line' id='line_1_50' title="bbox 2234 701 3816 772; baseline 0 -16"><span class='ocrx_word' id='word_1_347' title='bbox 2234 717 2356 756; x_wconf 88' lang='lat' dir='ltr'><strong>esse</strong></span> <span class='ocrx_word' id='word_1_348' title='bbox 2383 701 2705 772; x_wconf 88' lang='lat' dir='ltr'><strong>litigiosum,</strong></span> <span class='ocrx_word' id='word_1_349' title='bbox 2743 701 3030 771; x_wconf 87' lang='lat' dir='ltr'><strong>turpisque</strong></span> <span class='ocrx_word' id='word_1_350' title='bbox 3057 701 3197 754; x_wconf 91' lang='lat' dir='ltr'><strong>lucri</strong></span> <span class='ocrx_word' id='word_1_351' title='bbox 3231 701 3515 769; x_wconf 88' lang='lat' dir='ltr'><strong>cupidum,</strong></span> <span class='ocrx_word' id='word_1_352' title='bbox 3547 710 3603 756; x_wconf 92' lang='lat' dir='ltr'><strong>et</strong></span> <span class='ocrx_word' id='word_1_353' title='bbox 3631 717 3816 756; x_wconf 78' lang='lat' dir='ltr'><strong>aman-</strong></span> 
     </span>
    </p>
   </div>
   <div class='ocr_carea' id='block_1_51' title="bbox 2237 791 3811 863">
    <p class='ocr_par' dir='ltr' id='par_1_51' title="bbox 2237 791 3811 863">
     <span class='ocr_line' id='line_1_51' title="bbox 2237 791 3811 863; baseline -0.001 -16"><span class='ocrx_word' id='word_1_354' title='bbox 2237 802 2345 848; x_wconf 92' lang='lat' dir='ltr'><strong>tem</strong></span> <span class='ocrx_word' id='word_1_355' title='bbox 2368 794 2637 863; x_wconf 61' lang='lat' dir='ltr'><strong>pecunia,</strong></span> <span class='ocrx_word' id='word_1_356' title='bbox 2687 793 2786 848; x_wconf 92' lang='lat' dir='ltr'><strong>sed</strong></span> <span class='ocrx_word' id='word_1_357' title='bbox 2817 793 3090 856; x_wconf 89' lang='lat' dir='ltr'><strong>sobrium,</strong></span> <span class='ocrx_word' id='word_1_358' title='bbox 3126 791 3388 862; x_wconf 90' lang='lat' dir='ltr'><strong>pudicum</strong></span> <span class='ocrx_word' id='word_1_359' title='bbox 3422 801 3478 847; x_wconf 91' lang='lat' dir='ltr'><strong>et</strong></span> <span class='ocrx_word' id='word_1_360' title='bbox 3507 792 3811 857; x_wconf 82' lang='lat' dir='ltr'><strong>doctorem,</strong></span> 
     </span>
    </p>
   </div>
   <div class='ocr_carea' id='block_1_52' title="bbox 2235 882 3816 955">
    <p class='ocr_par' dir='ltr' id='par_1_52' title="bbox 2235 882 3816 955">
     <span class='ocr_line' id='line_1_52' title="bbox 2235 882 3816 955; baseline -0.001 -17"><span class='ocrx_word' id='word_1_361' title='bbox 2235 884 2524 938; x_wconf 84' lang='lat' dir='ltr'><strong>veritatem</strong></span> <span class='ocrx_word' id='word_1_362' title='bbox 2583 883 2784 938; x_wconf 89' lang='lat' dir='ltr'><strong>docere</strong></span> <span class='ocrx_word' id='word_1_363' title='bbox 2831 883 3067 955; x_wconf 92' lang='lat' dir='ltr'><strong>populos</strong></span> <span class='ocrx_word' id='word_1_364' title='bbox 3113 882 3219 937; x_wconf 88' lang='lat' dir='ltr'><strong>sibi</strong></span> <span class='ocrx_word' id='word_1_365' title='bbox 3265 882 3529 948; x_wconf 60' lang='lat' dir='ltr'><strong>creditos,</strong></span> <span class='ocrx_word' id='word_1_366' title='bbox 3581 883 3816 953; x_wconf 74' lang='lat' dir='ltr'><strong>benigne</strong></span> 
     </span>
    </p>
   </div>
   <div class='ocr_carea' id='block_1_53' title="bbox 2235 974 3816 1046">
    <p class='ocr_par' dir='ltr' id='par_1_53' title="bbox 2235 974 3816 1046">
     <span class='ocr_line' id='line_1_53' title="bbox 2235 974 3816 1046; baseline -0.002 -15"><span class='ocrx_word' id='word_1_367' title='bbox 2235 977 2540 1032; x_wconf 88' lang='lat' dir='ltr'><strong>errantium</strong></span> <span class='ocrx_word' id='word_1_368' title='bbox 2588 976 2878 1043; x_wconf 88' lang='lat' dir='ltr'><strong>misereri,</strong></span> <span class='ocrx_word' id='word_1_369' title='bbox 2928 990 3053 1030; x_wconf 92' lang='lat' dir='ltr'><strong>cum</strong></span> <span class='ocrx_word' id='word_1_370' title='bbox 3117 974 3378 1030; x_wconf 85' lang='lat' dir='ltr'><strong>omnibus</strong></span> <span class='ocrx_word' id='word_1_371' title='bbox 3433 990 3625 1046; x_wconf 87' lang='lat' dir='ltr'><strong>pacem</strong></span> <span class='ocrx_word' id='word_1_372' title='bbox 3697 989 3816 1030; x_wconf 89' lang='lat' dir='ltr'><strong>ser-</strong></span> 
     </span>
    </p>
   </div>
   <div class='ocr_carea' id='block_1_54' title="bbox 2238 1084 2388 1124">
    <p class='ocr_par' dir='ltr' id='par_1_54' title="bbox 2238 1084 2388 1124">
     <span class='ocr_line' id='line_1_54' title="bbox 2238 1084 2388 1124; baseline 0 -2"><span class='ocrx_word' id='word_1_373' title='bbox 2238 1084 2388 1124; x_wconf 88' lang='lat' dir='ltr'><strong>vare.</strong></span> 
     </span>
    </p>
   </div>
   <div class='ocr_carea' id='block_1_55' title="bbox 2308 1157 3820 1227">
    <p class='ocr_par' dir='ltr' id='par_1_55' title="bbox 2308 1157 3820 1227">
     <span class='ocr_line' id='line_1_55' title="bbox 2308 1157 3820 1227; baseline -0.001 -13"><span class='ocrx_word' id='word_1_374' title='bbox 2308 1161 2396 1215; x_wconf 72' lang='grc' dir='ltr'><strong>ιν.</strong></span> <span class='ocrx_word' id='word_1_375' title='bbox 2436 1159 2712 1226; x_wconf 88' lang='lat' dir='ltr'><strong>Quantum</strong></span> <span class='ocrx_word' id='word_1_376' title='bbox 2761 1159 3122 1214; x_wconf 86' lang='lat' dir='ltr'><strong>abhorruerit</strong></span> <span class='ocrx_word' id='word_1_377' title='bbox 3151 1157 3424 1222; x_wconf 88' lang='lat' dir='ltr'><strong>alitibus,</strong></span> <span class='ocrx_word' id='word_1_378' title='bbox 3477 1157 3730 1227; x_wconf 89' lang='lat' dir='ltr'><strong>lucrique</strong></span> <span class='ocrx_word' id='word_1_379' title='bbox 3760 1167 3820 1212; x_wconf 77' lang='lat' dir='ltr'><strong>et</strong></span> 
     </span>
    </p>
   </div>
   <div class='ocr_carea' id='block_1_56' title="bbox 2239 1249 3821 1324">
    <p class='ocr_par' dir='ltr' id='par_1_56' title="bbox 2239 1249 3821 1324">
     <span class='ocr_line' id='line_1_56' title="bbox 2239 1249 3821 1324; baseline -0.001 -18"><span class='ocrx_word' id='word_1_380' title='bbox 2239 1269 2406 1324; x_wconf 88' lang='lat' dir='ltr'><strong>epum</strong></span> <span class='ocrx_word' id='word_1_381' title='bbox 2437 1253 2762 1324; x_wconf 88' lang='lat' dir='ltr'><strong>cupiditate,</strong></span> <span class='ocrx_word' id='word_1_382' title='bbox 2811 1252 2926 1322; x_wconf 85' lang='lat' dir='ltr'><strong>jam</strong></span> <span class='ocrx_word' id='word_1_383' title='bbox 2961 1261 3244 1306; x_wconf 89' lang='lat' dir='ltr'><strong>ostensum</strong></span> <span class='ocrx_word' id='word_1_384' title='bbox 3286 1259 3401 1317; x_wconf 89' lang='lat' dir='ltr'><strong>est;</strong></span> <span class='ocrx_word' id='word_1_385' title='bbox 3453 1265 3562 1320; x_wconf 89' lang='lat' dir='ltr'><strong>qua</strong></span> <span class='ocrx_word' id='word_1_386' title='bbox 3609 1249 3821 1304; x_wconf 83' lang='lat' dir='ltr'><strong>sobrie—</strong></span> 
     </span>
    </p>
   </div>
   <div class='ocr_carea' id='block_1_57' title="bbox 2241 1342 3819 1415">
    <p class='ocr_par' dir='ltr' id='par_1_57' title="bbox 2241 1342 3819 1415">
     <span class='ocr_line' id='line_1_57' title="bbox 2241 1342 3819 1415; baseline -0.003 -16"><span class='ocrx_word' id='word_1_387' title='bbox 2241 1354 2351 1399; x_wconf 89' lang='lat' dir='ltr'><strong>tate</strong></span> <span class='ocrx_word' id='word_1_388' title='bbox 2379 1345 2599 1410; x_wconf 75' lang='lat' dir='ltr'><strong>vixerit,</strong></span> <span class='ocrx_word' id='word_1_389' title='bbox 2651 1361 2869 1415; x_wconf 88' lang='lat' dir='ltr'><strong>quaque</strong></span> <span class='ocrx_word' id='word_1_390' title='bbox 2909 1345 3183 1409; x_wconf 88' lang='lat' dir='ltr'><strong>castitate,</strong></span> <span class='ocrx_word' id='word_1_391' title='bbox 3214 1359 3335 1413; x_wconf 70' lang='lat' dir='ltr'><strong>qua:</strong></span> <span class='ocrx_word' id='word_1_392' title='bbox 3367 1342 3686 1397; x_wconf 84' lang='lat' dir='ltr'><strong>sobrietatis</strong></span> <span class='ocrx_word' id='word_1_393' title='bbox 3722 1357 3819 1396; x_wconf 91' lang='lat' dir='ltr'><strong>co-</strong></span> 
     </span>
    </p>
   </div>
   <div class='ocr_carea' id='block_1_58' title="bbox 2241 1434 3822 1507">
    <p class='ocr_par' dir='ltr' id='par_1_58' title="bbox 2241 1434 3822 1507">
     <span class='ocr_line' id='line_1_58' title="bbox 2241 1434 3822 1507; baseline -0.003 -16"><span class='ocrx_word' id='word_1_394' title='bbox 2241 1450 2378 1504; x_wconf 84' lang='lat' dir='ltr'><strong>mes;</strong></span> <span class='ocrx_word' id='word_1_395' title='bbox 2410 1438 2514 1493; x_wconf 90' lang='lat' dir='ltr'><strong>etsi</strong></span> <span class='ocrx_word' id='word_1_396' title='bbox 2539 1446 2727 1507; x_wconf 91' lang='lat' dir='ltr'><strong>aperte</strong></span> <span class='ocrx_word' id='word_1_397' title='bbox 2758 1436 2944 1492; x_wconf 89' lang='lat' dir='ltr'><strong>dicere</strong></span> <span class='ocrx_word' id='word_1_398' title='bbox 2972 1435 3197 1507; x_wconf 85' lang='lat' dir='ltr'><strong>fugerit,</strong></span> <span class='ocrx_word' id='word_1_399' title='bbox 3243 1449 3311 1489; x_wconf 91' lang='lat' dir='ltr'><strong>eo</strong></span> <span class='ocrx_word' id='word_1_400' title='bbox 3346 1441 3528 1489; x_wconf 76' lang='lat' dir='ltr'><strong>tamen</strong></span> <span class='ocrx_word' id='word_1_401' title='bbox 3559 1434 3694 1488; x_wconf 85' lang='lat' dir='ltr'><strong>satis</strong></span> <span class='ocrx_word' id='word_1_402' title='bbox 3730 1434 3822 1487; x_wconf 71' lang='lat' dir='ltr'><strong>in~</strong></span> 
     </span>
    </p>
   </div>
   <div class='ocr_carea' id='block_1_59' title="bbox 2239 1527 3820 1602">
    <p class='ocr_par' dir='ltr' id='par_1_59' title="bbox 2239 1527 3820 1602">
     <span class='ocr_line' id='line_1_59' title="bbox 2239 1527 3820 1602; baseline -0.006 -15"><span class='ocrx_word' id='word_1_403' title='bbox 2239 1532 2365 1588; x_wconf 92' lang='lat' dir='ltr'><strong>nuit</strong></span> <span class='ocrx_word' id='word_1_404' title='bbox 2421 1532 2592 1602; x_wconf 88' lang='lat' dir='ltr'><strong>quod,</strong></span> <span class='ocrx_word' id='word_1_405' title='bbox 2625 1547 2750 1585; x_wconf 90' lang='lat' dir='ltr'><strong>eum</strong></span> <span class='ocrx_word' id='word_1_406' title='bbox 2795 1530 3122 1584; x_wconf 86' lang='lat' dir='ltr'><strong>Abraamem</strong></span> <span class='ocrx_word' id='word_1_407' title='bbox 3155 1527 3486 1598; x_wconf 86' lang='lat' dir='ltr'><strong>scripsisset,</strong></span> <span class='ocrx_word' id='word_1_408' title='bbox 3529 1533 3820 1596; x_wconf 89' lang='lat' dir='ltr'><strong>postquam</strong></span> 
     </span>
    </p>
   </div>
   <div class='ocr_carea' id='block_1_60' title="bbox 2241 1618 3819 1688">
    <p class='ocr_par' dir='ltr' id='par_1_60' title="bbox 2241 1618 3819 1688">
     <span class='ocr_line' id='line_1_60' title="bbox 2241 1618 3819 1688; baseline -0.006 -8"><span class='ocrx_word' id='word_1_409' title='bbox 2241 1641 2309 1681; x_wconf 82' lang='lat' dir='ltr'><strong>ex</strong></span> <span class='ocrx_word' id='word_1_410' title='bbox 2333 1625 2666 1679; x_wconf 89' lang='lat' dir='ltr'><strong>anachoreta</strong></span> <span class='ocrx_word' id='word_1_411' title='bbox 2687 1623 2867 1677; x_wconf 89' lang='lat' dir='ltr'><strong>factus</strong></span> <span class='ocrx_word' id='word_1_412' title='bbox 2889 1629 2975 1675; x_wconf 90' lang='lat' dir='ltr'><strong>est</strong></span> <span class='ocrx_word' id='word_1_413' title='bbox 2995 1619 3282 1676; x_wconf 89' lang='lat' dir='ltr'><strong>Carrensis</strong></span> <span class='ocrx_word' id='word_1_414' title='bbox 3311 1618 3572 1674; x_wconf 65' lang='lat' dir='ltr'><strong>Ecclesiae</strong></span> <span class='ocrx_word' id='word_1_415' title='bbox 3595 1618 3819 1688; x_wconf 63' lang='lat' dir='ltr'><strong>praesul,</strong></span> 
     </span>
    </p>
   </div>
   <div class='ocr_carea' id='block_1_61' title="bbox 2243 1709 3820 1785">
    <p class='ocr_par' dir='ltr' id='par_1_61' title="bbox 2243 1709 3820 1785">
     <span class='ocr_line' id='line_1_61' title="bbox 2243 1709 3820 1785; baseline -0.006 -15"><span class='ocrx_word' id='word_1_416' title='bbox 2243 1716 2380 1770; x_wconf 91' lang='lat' dir='ltr'><strong>nihil</strong></span> <span class='ocrx_word' id='word_1_417' title='bbox 2439 1715 2507 1769; x_wconf 92' lang='lat' dir='ltr'><strong>de</strong></span> <span class='ocrx_word' id='word_1_418' title='bbox 2567 1715 2748 1785; x_wconf 80' lang='lat' dir='ltr'><strong>rigore</strong></span> <span class='ocrx_word' id='word_1_419' title='bbox 2814 1713 3067 1768; x_wconf 67' lang='lat' dir='ltr'><strong>asceticaa</strong></span> <span class='ocrx_word' id='word_1_420' title='bbox 3122 1711 3430 1781; x_wconf 84' lang='lat' dir='ltr'><strong>disciplinae</strong></span> <span class='ocrx_word' id='word_1_421' title='bbox 3490 1709 3820 1764; x_wconf 89' lang='lat' dir='ltr'><strong>remisisse:</strong></span> 
     </span>
    </p>
   </div>
   <div class='ocr_carea' id='block_1_62' title="bbox 2251 1801 3825 1876">
    <p class='ocr_par' dir='ltr' id='par_1_62' title="bbox 2251 1801 3825 1876">
     <span class='ocr_line' id='line_1_62' title="bbox 2251 1801 3825 1876; baseline -0.003 -18"><span class='ocrx_word' id='word_1_422' title='bbox 2251 1807 2438 1876; x_wconf 69' lang='lat' dir='ltr'><strong>chgo,</strong></span> <span class='ocrx_word' id='word_1_423' title='bbox 2489 1806 2670 1874; x_wconf 89' lang='lat' dir='ltr'><strong>inquit</strong></span> <span class='ocrx_word' id='word_1_424' title='bbox 2714 1807 2781 1869; x_wconf 82' lang='lat'><strong>“,</strong></span> <span class='ocrx_word' id='word_1_425' title='bbox 2817 1804 2873 1858; x_wconf 93' lang='lat' dir='ltr'><strong>id</strong></span> <span class='ocrx_word' id='word_1_426' title='bbox 2906 1803 3234 1867; x_wconf 89' lang='lat' dir='ltr'><strong>admiratus,</strong></span> <span class='ocrx_word' id='word_1_427' title='bbox 3285 1801 3432 1872; x_wconf 91' lang='lat' dir='ltr'><strong>quod</strong></span> <span class='ocrx_word' id='word_1_428' title='bbox 3461 1810 3671 1856; x_wconf 88' lang='lat' dir='ltr'><strong>mutato</strong></span> <span class='ocrx_word' id='word_1_429' title='bbox 3698 1801 3825 1855; x_wconf 73' lang='lat' dir='ltr'><strong>vitae</strong></span> 
     </span>
    </p>
   </div>
   <div class='ocr_carea' id='block_1_63' title="bbox 2243 1893 3823 1963">
    <p class='ocr_par' dir='ltr' id='par_1_63' title="bbox 2243 1893 3823 1963">
     <span class='ocr_line' id='line_1_63' title="bbox 2243 1893 3823 1963; baseline -0.005 -10"><span class='ocrx_word' id='word_1_430' title='bbox 2243 1899 2497 1954; x_wconf 89' lang='lat' dir='ltr'><strong>instituto</strong></span> <span class='ocrx_word' id='word_1_431' title='bbox 2526 1898 2696 1952; x_wconf 88' lang='lat' dir='ltr'><strong>vitam</strong></span> <span class='ocrx_word' id='word_1_432' title='bbox 2719 1913 2829 1952; x_wconf 91' lang='lat' dir='ltr'><strong>una</strong></span> <span class='ocrx_word' id='word_1_433' title='bbox 2860 1911 2971 1950; x_wconf 91' lang='lat' dir='ltr'><strong>non</strong></span> <span class='ocrx_word' id='word_1_434' title='bbox 3013 1896 3261 1960; x_wconf 89' lang='lat' dir='ltr'><strong>mutarit,</strong></span> <span class='ocrx_word' id='word_1_435' title='bbox 3291 1909 3472 1963; x_wconf 91' lang='lat' dir='ltr'><strong>neque</strong></span> <span class='ocrx_word' id='word_1_436' title='bbox 3513 1893 3823 1946; x_wconf 88' lang='lat' dir='ltr'><strong>molliorem</strong></span> 
     </span>
    </p>
   </div>
   <div class='ocr_carea' id='block_1_64' title="bbox 2241 1985 3823 2060">
    <p class='ocr_par' dir='ltr' id='par_1_64' title="bbox 2241 1985 3823 2060">
     <span class='ocr_line' id='line_1_64' title="bbox 2241 1985 3823 2060; baseline -0.006 -13"><span class='ocrx_word' id='word_1_437' title='bbox 2241 1993 2420 2048; x_wconf 90' lang='lat' dir='ltr'><strong>victus</strong></span> <span class='ocrx_word' id='word_1_438' title='bbox 2442 1991 2712 2046; x_wconf 86' lang='lat' dir='ltr'><strong>rationem</strong></span> <span class='ocrx_word' id='word_1_439' title='bbox 2743 1990 2798 2044; x_wconf 92' lang='lat' dir='ltr'><strong>in</strong></span> <span class='ocrx_word' id='word_1_440' title='bbox 2822 1989 3143 2060; x_wconf 88' lang='lat' dir='ltr'><strong>episcopatu</strong></span> <span class='ocrx_word' id='word_1_441' title='bbox 3169 1997 3395 2043; x_wconf 86' lang='lat' dir='ltr'><strong>secutus</strong></span> <span class='ocrx_word' id='word_1_442' title='bbox 3419 1986 3510 2051; x_wconf 92' lang='lat' dir='ltr'><strong>sit,</strong></span> <span class='ocrx_word' id='word_1_443' title='bbox 3538 1985 3636 2040; x_wconf 89' lang='lat' dir='ltr'><strong>sed</strong></span> <span class='ocrx_word' id='word_1_444' title='bbox 3662 2000 3823 2040; x_wconf 83' lang='lat' dir='ltr'><strong>asce-</strong></span> 
     </span>
    </p>
   </div>
   <div class='ocr_carea' id='block_1_65' title="bbox 2245 2078 3824 2156">
    <p class='ocr_par' dir='ltr' id='par_1_65' title="bbox 2245 2078 3824 2156">
     <span class='ocr_line' id='line_1_65' title="bbox 2245 2078 3824 2156; baseline -0.007 -14"><span class='ocrx_word' id='word_1_445' title='bbox 2245 2089 2382 2142; x_wconf 92' lang='lat' dir='ltr'><strong>ticos</strong></span> <span class='ocrx_word' id='word_1_446' title='bbox 2437 2086 2654 2141; x_wconf 87' lang='lat' dir='ltr'><strong>labores</strong></span> <span class='ocrx_word' id='word_1_447' title='bbox 2711 2084 3049 2156; x_wconf 85' lang='lat' dir='ltr'><strong>adjunxerit,</strong></span> <span class='ocrx_word' id='word_1_448' title='bbox 3104 2082 3160 2136; x_wconf 89' lang='lat' dir='ltr'><strong>in</strong></span> <span class='ocrx_word' id='word_1_449' title='bbox 3213 2080 3609 2136; x_wconf 86' lang='lat' dir='ltr'><strong>monachorum</strong></span> <span class='ocrx_word' id='word_1_450' title='bbox 3665 2078 3824 2132; x_wconf 92' lang='lat' dir='ltr'><strong>illum</strong></span> 
     </span>
    </p>
   </div>
   <div class='ocr_carea' id='block_1_66' title="bbox 2242 2170 3822 2243">
    <p class='ocr_par' dir='ltr' id='par_1_66' title="bbox 2242 2170 3822 2243">
     <span class='ocr_line' id='line_1_66' title="bbox 2242 2170 3822 2243; baseline -0.008 -10"><span class='ocrx_word' id='word_1_451' title='bbox 2242 2178 2473 2233; x_wconf 88' lang='lat' dir='ltr'><strong>historia</strong></span> <span class='ocrx_word' id='word_1_452' title='bbox 2505 2177 2783 2240; x_wconf 89' lang='lat' dir='ltr'><strong>recensui,</strong></span> <span class='ocrx_word' id='word_1_453' title='bbox 2829 2184 2885 2230; x_wconf 90' lang='lat' dir='ltr'><strong>et</strong></span> <span class='ocrx_word' id='word_1_454' title='bbox 2917 2174 2987 2229; x_wconf 91' lang='lat' dir='ltr'><strong>ab</strong></span> <span class='ocrx_word' id='word_1_455' title='bbox 3027 2173 3247 2239; x_wconf 90' lang='lat' dir='ltr'><strong>ordine,</strong></span> <span class='ocrx_word' id='word_1_456' title='bbox 3299 2186 3464 2243; x_wconf 90' lang='lat' dir='ltr'><strong>quem</strong></span> <span class='ocrx_word' id='word_1_457' title='bbox 3513 2170 3822 2233; x_wconf 87' lang='lat' dir='ltr'><strong>adamarat,</strong></span> 
     </span>
    </p>
   </div>
   <div class='ocr_carea' id='block_1_67' title="bbox 2241 2261 3824 2341">
    <p class='ocr_par' dir='ltr' id='par_1_67' title="bbox 2241 2261 3824 2341">
     <span class='ocr_line' id='line_1_67' title="bbox 2241 2261 3824 2341; baseline -0.006 -17"><span class='ocrx_word' id='word_1_458' title='bbox 2241 2286 2351 2324; x_wconf 92' lang='lat' dir='ltr'><strong>non</strong></span> <span class='ocrx_word' id='word_1_459' title='bbox 2387 2269 2636 2341; x_wconf 84' lang='lat' dir='ltr'><strong>sejunxi,</strong></span> <span class='ocrx_word' id='word_1_460' title='bbox 2677 2276 2736 2322; x_wconf 92' lang='lat' dir='ltr'><strong>ut</strong></span> <span class='ocrx_word' id='word_1_461' title='bbox 2781 2267 2876 2337; x_wconf 92' lang='lat' dir='ltr'><strong>qui</strong></span> <span class='ocrx_word' id='word_1_462' title='bbox 2917 2267 3060 2321; x_wconf 91' lang='lat' dir='ltr'><strong>hanc</strong></span> <span class='ocrx_word' id='word_1_463' title='bbox 3109 2279 3330 2335; x_wconf 88' lang='lat' dir='ltr'><strong>quoque</strong></span> <span class='ocrx_word' id='word_1_464' title='bbox 3377 2261 3824 2318; x_wconf 87' lang='lat' dir='ltr'><strong>benedictionem</strong></span> 
     </span>
    </p>
   </div>
   <div class='ocr_carea' id='block_1_68' title="bbox 2241 2350 3826 2430">
    <p class='ocr_par' dir='ltr' id='par_1_68' title="bbox 2241 2350 3826 2430">
     <span class='ocr_line' id='line_1_68' title="bbox 2241 2350 3826 2430; baseline -0.007 -14"><span class='ocrx_word' id='word_1_465' title='bbox 2241 2369 2516 2430; x_wconf 82' lang='lat' dir='ltr'><strong>expetam.</strong></span> <span class='ocrx_word' id='word_1_466' title='bbox 2553 2379 2570 2411; x_wconf 75' lang='grc' dir='ltr'><strong><em>ι</em></strong></span> <span class='ocrx_word' id='word_1_467' title='bbox 2603 2359 2817 2425; x_wconf 84' lang='lat' dir='ltr'><strong>Quibus</strong></span> <span class='ocrx_word' id='word_1_468' title='bbox 2849 2358 3031 2413; x_wconf 87' lang='lat' dir='ltr'><strong>verbis</strong></span> <span class='ocrx_word' id='word_1_469' title='bbox 3065 2357 3397 2412; x_wconf 89' lang='lat' dir='ltr'><strong>imitatorem</strong></span> <span class='ocrx_word' id='word_1_470' title='bbox 3433 2369 3492 2409; x_wconf 91' lang='lat' dir='ltr'><strong>se</strong></span> <span class='ocrx_word' id='word_1_471' title='bbox 3531 2350 3826 2408; x_wconf 81' lang='lat' dir='ltr'><strong>Abraamis</strong></span> 
     </span>
    </p>
   </div>
   <div class='ocr_carea' id='block_1_69' title="bbox 2241 2454 3372 2524">
    <p class='ocr_par' dir='ltr' id='par_1_69' title="bbox 2241 2454 3372 2524">
     <span class='ocr_line' id='line_1_69' title="bbox 2241 2454 3372 2524; baseline -0.001 -18"><span class='ocrx_word' id='word_1_472' title='bbox 2241 2454 2506 2524; x_wconf 89' lang='lat' dir='ltr'><strong>prodidit.</strong></span> <span class='ocrx_word' id='word_1_473' title='bbox 3367 2461 3372 2466; x_wconf 87' lang='lat'><strong><em>&#39;</em></strong></span> 
     </span>
    </p>
   </div>
   <div class='ocr_carea' id='block_1_70' title="bbox 2311 2541 3826 2614">
    <p class='ocr_par' dir='ltr' id='par_1_70' title="bbox 2311 2541 3826 2614">
     <span class='ocr_line' id='line_1_70' title="bbox 2311 2541 3826 2614; baseline -0.006 -13"><span class='ocrx_word' id='word_1_474' title='bbox 2311 2547 2382 2601; x_wconf 85' lang='lat' dir='ltr'><strong>Et</strong></span> <span class='ocrx_word' id='word_1_475' title='bbox 2427 2561 2560 2601; x_wconf 89' lang='lat' dir='ltr'><strong>vero</strong></span> <span class='ocrx_word' id='word_1_476' title='bbox 2599 2561 2725 2600; x_wconf 88' lang='lat' dir='ltr'><strong>cum</strong></span> <span class='ocrx_word' id='word_1_477' title='bbox 2771 2544 3068 2614; x_wconf 87' lang='lat' dir='ltr'><strong>aliquando</strong></span> <span class='ocrx_word' id='word_1_478' title='bbox 3095 2542 3338 2599; x_wconf 85' lang='lat' dir='ltr'><strong>venisset</strong></span> <span class='ocrx_word' id='word_1_479' title='bbox 3384 2541 3452 2596; x_wconf 92' lang='lat' dir='ltr'><strong>ad</strong></span> <span class='ocrx_word' id='word_1_480' title='bbox 3499 2549 3826 2597; x_wconf 86' lang='lat' dir='ltr'><strong>sanctorum</strong></span> 
     </span>
    </p>
   </div>
   <div class='ocr_carea' id='block_1_71' title="bbox 2242 2635 3823 2706">
    <p class='ocr_par' dir='ltr' id='par_1_71' title="bbox 2242 2635 3823 2706">
     <span class='ocr_line' id='line_1_71' title="bbox 2242 2635 3823 2706; baseline -0.004 -14"><span class='ocrx_word' id='word_1_481' title='bbox 2242 2645 2550 2693; x_wconf 81' lang='lat' dir='ltr'><strong>aseetarum</strong></span> <span class='ocrx_word' id='word_1_482' title='bbox 2587 2646 2812 2702; x_wconf 69' lang='lat' dir='ltr'><strong>cretum,</strong></span> <span class='ocrx_word' id='word_1_483' title='bbox 2848 2637 2987 2690; x_wconf 87' lang='lat' dir='ltr'><strong>nihil</strong></span> <span class='ocrx_word' id='word_1_484' title='bbox 3020 2636 3121 2706; x_wconf 91' lang='lat' dir='ltr'><strong>ipsi</strong></span> <span class='ocrx_word' id='word_1_485' title='bbox 3147 2635 3460 2705; x_wconf 89' lang='lat' dir='ltr'><strong>appositum</strong></span> <span class='ocrx_word' id='word_1_486' title='bbox 3500 2641 3604 2697; x_wconf 81' lang='lat' dir='ltr'><strong>est,</strong></span> <span class='ocrx_word' id='word_1_487' title='bbox 3632 2647 3823 2702; x_wconf 87' lang='lat' dir='ltr'><strong>quam,</strong></span> 
     </span>
    </p>
   </div>
   <div class='ocr_carea' id='block_1_72' title="bbox 2242 2725 3825 2801">
    <p class='ocr_par' dir='ltr' id='par_1_72' title="bbox 2242 2725 3825 2801">
     <span class='ocr_line' id='line_1_72' title="bbox 2242 2725 3825 2801; baseline -0.003 -17"><span class='ocrx_word' id='word_1_488' title='bbox 2242 2746 2352 2801; x_wconf 83' lang='lat' dir='ltr'><strong>quo</strong></span> <span class='ocrx_word' id='word_1_489' title='bbox 2377 2730 2456 2784; x_wconf 88' lang='lat' dir='ltr'><strong>uti</strong></span> <span class='ocrx_word' id='word_1_490' title='bbox 2509 2731 2734 2785; x_wconf 90' lang='lat' dir='ltr'><strong>solitum</strong></span> <span class='ocrx_word' id='word_1_491' title='bbox 2763 2732 2987 2795; x_wconf 89' lang='lat' dir='ltr'><strong>scirent,</strong></span> <span class='ocrx_word' id='word_1_492' title='bbox 3015 2731 3134 2785; x_wconf 90' lang='lat' dir='ltr'><strong>lens</strong></span> <span class='ocrx_word' id='word_1_493' title='bbox 3175 2743 3376 2798; x_wconf 88' lang='lat' dir='ltr'><strong>nempe</strong></span> <span class='ocrx_word' id='word_1_494' title='bbox 3408 2726 3714 2781; x_wconf 87' lang='lat' dir='ltr'><strong>madefacta</strong></span> <span class='ocrx_word' id='word_1_495' title='bbox 3754 2725 3825 2779; x_wconf 87' lang='lat' dir='ltr'><strong>ad</strong></span> 
     </span>
    </p>
   </div>
   <div class='ocr_carea' id='block_1_73' title="bbox 2239 2817 3826 2893">
    <p class='ocr_par' dir='ltr' id='par_1_73' title="bbox 2239 2817 3826 2893">
     <span class='ocr_line' id='line_1_73' title="bbox 2239 2817 3826 2893; baseline -0.004 -15"><span class='ocrx_word' id='word_1_496' title='bbox 2239 2825 2510 2888; x_wconf 85' lang='lat' dir='ltr'><strong>edulium,</strong></span> <span class='ocrx_word' id='word_1_497' title='bbox 2558 2831 2615 2878; x_wconf 90' lang='lat' dir='ltr'><strong>et</strong></span> <span class='ocrx_word' id='word_1_498' title='bbox 2663 2839 2802 2893; x_wconf 90' lang='lat' dir='ltr'><strong>aqua</strong></span> <span class='ocrx_word' id='word_1_499' title='bbox 2836 2821 2904 2876; x_wconf 90' lang='lat' dir='ltr'><strong>ad</strong></span> <span class='ocrx_word' id='word_1_500' title='bbox 2941 2831 3156 2892; x_wconf 92' lang='lat' dir='ltr'><strong>potum.</strong></span> <span class='ocrx_word' id='word_1_501' title='bbox 3194 2819 3349 2875; x_wconf 80' lang='lat' dir='ltr'><strong>Adde</strong></span> <span class='ocrx_word' id='word_1_502' title='bbox 3387 2817 3532 2889; x_wconf 90' lang='lat' dir='ltr'><strong>quod</strong></span> <span class='ocrx_word' id='word_1_503' title='bbox 3561 2826 3826 2888; x_wconf 87' lang='lat' dir='ltr'><strong>paternas</strong></span> 
     </span>
    </p>
   </div>
   <div class='ocr_carea' id='block_1_74' title="bbox 2242 2909 3824 2991">
    <p class='ocr_par' dir='ltr' id='par_1_74' title="bbox 2242 2909 3824 2991">
     <span class='ocr_line' id='line_1_74' title="bbox 2242 2909 3824 2991; baseline -0.009 -16"><span class='ocrx_word' id='word_1_504' title='bbox 2242 2936 2376 2991; x_wconf 89' lang='lat' dir='ltr'><strong>opes</strong></span> <span class='ocrx_word' id='word_1_505' title='bbox 2399 2933 2528 2972; x_wconf 91' lang='lat' dir='ltr'><strong>sane</strong></span> <span class='ocrx_word' id='word_1_506' title='bbox 2551 2915 2917 2985; x_wconf 88' lang='lat' dir='ltr'><strong>amplissimas</strong></span> <span class='ocrx_word' id='word_1_507' title='bbox 2943 2913 3284 2984; x_wconf 86' lang='lat' dir='ltr'><strong>pauperibus</strong></span> <span class='ocrx_word' id='word_1_508' title='bbox 3304 2911 3533 2981; x_wconf 86' lang='lat' dir='ltr'><strong>largitus</strong></span> <span class='ocrx_word' id='word_1_509' title='bbox 3562 2910 3653 2973; x_wconf 87' lang='lat' dir='ltr'><strong>sit,</strong></span> <span class='ocrx_word' id='word_1_510' title='bbox 3672 2909 3824 2977; x_wconf 84' lang='lat' dir='ltr'><strong>quod</strong></span> 
     </span>
    </p>
   </div>
   <div class='ocr_carea' id='block_1_75' title="bbox 2241 2999 3823 3083">
    <p class='ocr_par' dir='ltr' id='par_1_75' title="bbox 2241 2999 3823 3083">
     <span class='ocr_line' id='line_1_75' title="bbox 2241 2999 3823 3083; baseline -0.009 -16"><span class='ocrx_word' id='word_1_511' title='bbox 2241 3011 2550 3083; x_wconf 85' lang='lat' dir='ltr'><strong>panniculis</strong></span> <span class='ocrx_word' id='word_1_512' title='bbox 2581 3009 2752 3080; x_wconf 85' lang='lat' dir='ltr'><strong>magis</strong></span> <span class='ocrx_word' id='word_1_513' title='bbox 2779 3022 2944 3078; x_wconf 91' lang='lat' dir='ltr'><strong>quam</strong></span> <span class='ocrx_word' id='word_1_514' title='bbox 2974 3005 3227 3061; x_wconf 90' lang='lat' dir='ltr'><strong>vestibus</strong></span> <span class='ocrx_word' id='word_1_515' title='bbox 3272 3003 3591 3058; x_wconf 91' lang='lat' dir='ltr'><strong>amiciretur</strong></span> <span class='ocrx_word' id='word_1_516' title='bbox 3611 3041 3625 3065; x_wconf 94' lang='lat'><strong>,</strong></span> <span class='ocrx_word' id='word_1_517' title='bbox 3673 2999 3823 3070; x_wconf 93' lang='lat' dir='ltr'><strong>quod</strong></span> 
     </span>
    </p>
   </div>
   <div class='ocr_carea' id='block_1_76' title="bbox 2122 3095 3826 3173">
    <p class='ocr_par' dir='ltr' id='par_1_76' title="bbox 2122 3095 3826 3173">
     <span class='ocr_line' id='line_1_76' title="bbox 2122 3095 3826 3173; baseline -0.008 -15"><span class='ocrx_word' id='word_1_518' title='bbox 2122 3116 2136 3138; x_wconf 83' lang='grc'><strong>’</strong></span> <span class='ocrx_word' id='word_1_519' title='bbox 2165 3115 2209 3173; x_wconf 78' lang='lat' dir='ltr'>c</span> <span class='ocrx_word' id='word_1_520' title='bbox 2245 3104 2299 3157; x_wconf 91' lang='lat' dir='ltr'><strong>in</strong></span> <span class='ocrx_word' id='word_1_521' title='bbox 2331 3103 2535 3158; x_wconf 90' lang='lat' dir='ltr'><strong>sanctis</strong></span> <span class='ocrx_word' id='word_1_522' title='bbox 2560 3098 2978 3170; x_wconf 91' lang='lat' dir='ltr'><strong>despicientiam</strong></span> <span class='ocrx_word' id='word_1_523' title='bbox 3013 3112 3199 3150; x_wconf 91' lang='lat' dir='ltr'><strong>rerum</strong></span> <span class='ocrx_word' id='word_1_524' title='bbox 3231 3095 3298 3149; x_wconf 89' lang='lat' dir='ltr'><strong>ad</strong></span> <span class='ocrx_word' id='word_1_525' title='bbox 3330 3109 3530 3164; x_wconf 91' lang='lat' dir='ltr'><strong>corpus</strong></span> <span class='ocrx_word' id='word_1_526' title='bbox 3571 3101 3826 3163; x_wconf 89' lang='lat' dir='ltr'><strong>spectan-</strong></span> 
     </span>
    </p>
   </div>
   <div class='ocr_carea' id='block_1_77' title="bbox 2246 3183 3825 3256">
    <p class='ocr_par' dir='ltr' id='par_1_77' title="bbox 2246 3183 3825 3256">
     <span class='ocr_line' id='line_1_77' title="bbox 2246 3183 3825 3256; baseline -0.008 -9"><span class='ocrx_word' id='word_1_527' title='bbox 2246 3194 2384 3248; x_wconf 93' lang='lat' dir='ltr'><strong>tium</strong></span> <span class='ocrx_word' id='word_1_528' title='bbox 2415 3191 2768 3245; x_wconf 89' lang='lat' dir='ltr'><strong>continenter</strong></span> <span class='ocrx_word' id='word_1_529' title='bbox 2798 3196 2854 3242; x_wconf 90' lang='lat' dir='ltr'><strong>et</strong></span> <span class='ocrx_word' id='word_1_530' title='bbox 2884 3201 3025 3256; x_wconf 88' lang='lat' dir='ltr'><strong>pene</strong></span> <span class='ocrx_word' id='word_1_531' title='bbox 3057 3185 3371 3254; x_wconf 89' lang='lat' dir='ltr'><strong>importune</strong></span> <span class='ocrx_word' id='word_1_532' title='bbox 3406 3183 3677 3246; x_wconf 87' lang='lat' dir='ltr'><strong>laudaret,</strong></span> <span class='ocrx_word' id='word_1_533' title='bbox 3711 3196 3825 3251; x_wconf 88' lang='lat' dir='ltr'><strong>quo</strong></span> 
     </span>
    </p>
   </div>
   <div class='ocr_carea' id='block_1_78' title="bbox 2245 3274 3826 3352">
    <p class='ocr_par' dir='ltr' id='par_1_78' title="bbox 2245 3274 3826 3352">
     <span class='ocr_line' id='line_1_78' title="bbox 2245 3274 3826 3352; baseline -0.009 -12"><span class='ocrx_word' id='word_1_534' title='bbox 2245 3286 2387 3340; x_wconf 85' lang='lat' dir='ltr'><strong>facto</strong></span> <span class='ocrx_word' id='word_1_535' title='bbox 2423 3283 2595 3338; x_wconf 89' lang='lat' dir='ltr'><strong>videri</strong></span> <span class='ocrx_word' id='word_1_536' title='bbox 2641 3288 2846 3352; x_wconf 90' lang='lat' dir='ltr'><strong>potest,</strong></span> <span class='ocrx_word' id='word_1_537' title='bbox 2890 3295 2957 3333; x_wconf 82' lang='lat' dir='ltr'><strong>ex</strong></span> <span class='ocrx_word' id='word_1_538' title='bbox 3001 3279 3194 3344; x_wconf 90' lang='lat' dir='ltr'><strong>animi,</strong></span> <span class='ocrx_word' id='word_1_539' title='bbox 3227 3286 3287 3332; x_wconf 92' lang='lat' dir='ltr'><strong>ut</strong></span> <span class='ocrx_word' id='word_1_540' title='bbox 3319 3277 3396 3341; x_wconf 85' lang='lat' dir='ltr'><strong>fit,</strong></span> <span class='ocrx_word' id='word_1_541' title='bbox 3428 3275 3717 3330; x_wconf 72' lang='lat' dir='ltr'><strong>affectione</strong></span> <span class='ocrx_word' id='word_1_542' title='bbox 3746 3274 3826 3327; x_wconf 90' lang='lat' dir='ltr'><strong>lo—</strong></span> 
     </span>
    </p>
   </div>
   <div class='ocr_carea' id='block_1_79' title="bbox 2245 3367 3711 3442">
    <p class='ocr_par' dir='ltr' id='par_1_79' title="bbox 2245 3367 3711 3442">
     <span class='ocr_line' id='line_1_79' title="bbox 2245 3367 3711 3442; baseline -0.009 -11"><span class='ocrx_word' id='word_1_543' title='bbox 2245 3386 2427 3439; x_wconf 91' lang='lat' dir='ltr'><strong>eutus,</strong></span> <span class='ocrx_word' id='word_1_544' title='bbox 2459 3383 2514 3429; x_wconf 90' lang='lat' dir='ltr'><strong>et</strong></span> <span class='ocrx_word' id='word_1_545' title='bbox 2538 3391 2595 3429; x_wconf 91' lang='lat' dir='ltr'><strong>se</strong></span> <span class='ocrx_word' id='word_1_546' title='bbox 2631 3374 2867 3427; x_wconf 90' lang='lat' dir='ltr'><strong>aliorum</strong></span> <span class='ocrx_word' id='word_1_547' title='bbox 2891 3371 3049 3442; x_wconf 89' lang='lat' dir='ltr'><strong>quasi</strong></span> <span class='ocrx_word' id='word_1_548' title='bbox 3079 3369 3358 3425; x_wconf 91' lang='lat' dir='ltr'><strong>coloribus</strong></span> <span class='ocrx_word' id='word_1_549' title='bbox 3379 3367 3711 3437; x_wconf 84' lang='lat' dir='ltr'><strong>depinxisse.</strong></span> 
     </span>
    </p>
   </div>
   <div class='ocr_carea' id='block_1_80' title="bbox 2314 3457 3827 3536">
    <p class='ocr_par' dir='ltr' id='par_1_80' title="bbox 2314 3457 3827 3536">
     <span class='ocr_line' id='line_1_80' title="bbox 2314 3457 3827 3536; baseline -0.009 -12"><span class='ocrx_word' id='word_1_550' title='bbox 2314 3469 2377 3524; x_wconf 76' lang='grc' dir='ltr'><strong>ν.</strong></span> <span class='ocrx_word' id='word_1_551' title='bbox 2409 3467 2512 3522; x_wconf 89' lang='lat' dir='ltr'><strong>Ubi</strong></span> <span class='ocrx_word' id='word_1_552' title='bbox 2543 3465 2782 3536; x_wconf 88' lang='lat' dir='ltr'><strong>primum</strong></span> <span class='ocrx_word' id='word_1_553' title='bbox 2814 3463 3046 3517; x_wconf 87' lang='lat' dir='ltr'><strong>accessit</strong></span> <span class='ocrx_word' id='word_1_554' title='bbox 3069 3460 3136 3515; x_wconf 91' lang='lat' dir='ltr'><strong>ad</strong></span> <span class='ocrx_word' id='word_1_555' title='bbox 3170 3459 3378 3522; x_wconf 92' lang='lat' dir='ltr'><strong>sedem,</strong></span> <span class='ocrx_word' id='word_1_556' title='bbox 3406 3457 3682 3513; x_wconf 89' lang='lat' dir='ltr'><strong>indefesso</strong></span> <span class='ocrx_word' id='word_1_557' title='bbox 3706 3463 3827 3511; x_wconf 77' lang='lat' dir='ltr'><strong>stu-</strong></span> 
     </span>
    </p>
   </div>
   <div class='ocr_carea' id='block_1_81' title="bbox 2245 3548 3824 3625">
    <p class='ocr_par' dir='ltr' id='par_1_81' title="bbox 2245 3548 3824 3625">
     <span class='ocr_line' id='line_1_81' title="bbox 2245 3548 3824 3625; baseline -0.008 -13"><span class='ocrx_word' id='word_1_558' title='bbox 2245 3559 2338 3613; x_wconf 86' lang='lat' dir='ltr'><strong>dio</strong></span> <span class='ocrx_word' id='word_1_559' title='bbox 2368 3557 2621 3612; x_wconf 92' lang='lat' dir='ltr'><strong>incubuit</strong></span> <span class='ocrx_word' id='word_1_560' title='bbox 2664 3555 2718 3609; x_wconf 91' lang='lat' dir='ltr'><strong>in</strong></span> <span class='ocrx_word' id='word_1_561' title='bbox 2753 3554 2913 3625; x_wconf 59' lang='lat'><strong>156</strong></span> <span class='ocrx_word' id='word_1_562' title='bbox 2944 3552 3261 3622; x_wconf 90' lang='lat' dir='ltr'><strong>parochiam</strong></span> <span class='ocrx_word' id='word_1_563' title='bbox 3287 3551 3356 3604; x_wconf 92' lang='lat' dir='ltr'><strong>ab</strong></span> <span class='ocrx_word' id='word_1_564' title='bbox 3390 3548 3665 3604; x_wconf 68' lang='lat' dir='ltr'><strong>haereticis</strong></span> <span class='ocrx_word' id='word_1_565' title='bbox 3693 3563 3824 3616; x_wconf 85' lang='lat' dir='ltr'><strong>pur-</strong></span> 
     </span>
    </p>
   </div>
   <div class='ocr_carea' id='block_1_82' title="bbox 2244 3638 3823 3722">
    <p class='ocr_par' dir='ltr' id='par_1_82' title="bbox 2244 3638 3823 3722">
     <span class='ocr_line' id='line_1_82' title="bbox 2244 3638 3823 3722; baseline -0.009 -18"><span class='ocrx_word' id='word_1_566' title='bbox 2244 3649 2475 3722; x_wconf 88' lang='lat' dir='ltr'><strong>gandam</strong></span> <span class='ocrx_word' id='word_1_567' title='bbox 2498 3665 2513 3714; x_wconf 86' lang='lat'><strong>;</strong></span> <span class='ocrx_word' id='word_1_568' title='bbox 2545 3648 2748 3718; x_wconf 92' lang='lat' dir='ltr'><strong>quibus</strong></span> <span class='ocrx_word' id='word_1_569' title='bbox 2778 3661 2908 3700; x_wconf 90' lang='lat' dir='ltr'><strong>vero</strong></span> <span class='ocrx_word' id='word_1_570' title='bbox 2936 3643 3222 3698; x_wconf 88' lang='lat' dir='ltr'><strong>laboribus</strong></span> <span class='ocrx_word' id='word_1_571' title='bbox 3254 3651 3311 3697; x_wconf 91' lang='lat' dir='ltr'><strong>et</strong></span> <span class='ocrx_word' id='word_1_572' title='bbox 3334 3656 3446 3710; x_wconf 92' lang='lat' dir='ltr'><strong>quo</strong></span> <span class='ocrx_word' id='word_1_573' title='bbox 3473 3640 3681 3702; x_wconf 87' lang='lat' dir='ltr'><strong>fructu,</strong></span> <span class='ocrx_word' id='word_1_574' title='bbox 3706 3638 3823 3692; x_wconf 82' lang='lat' dir='ltr'><strong>No-</strong></span> 
     </span>
    </p>
   </div>
   <div class='ocr_carea' id='block_1_83' title="bbox 2244 3727 3828 3809">
    <p class='ocr_par' dir='ltr' id='par_1_83' title="bbox 2244 3727 3828 3809">
     <span class='ocr_line' id='line_1_83' title="bbox 2244 3727 3828 3809; baseline -0.009 -15"><span class='ocrx_word' id='word_1_575' title='bbox 2244 3741 2398 3794; x_wconf 80' lang='lat' dir='ltr'><strong>mo”</strong></span> <span class='ocrx_word' id='word_1_576' title='bbox 2431 3738 2700 3809; x_wconf 86' lang='lat' dir='ltr'><strong>exponit.</strong></span> <span class='ocrx_word' id='word_1_577' title='bbox 2738 3756 2756 3789; x_wconf 75' lang='grc' dir='ltr'>ι</span> <span class='ocrx_word' id='word_1_578' title='bbox 2795 3736 2978 3799; x_wconf 69' lang='lat' dir='ltr'><strong>Vicos,</strong></span> <span class='ocrx_word' id='word_1_579' title='bbox 3015 3734 3197 3803; x_wconf 90' lang='lat' dir='ltr'><strong>inquit</strong></span> <span class='ocrx_word' id='word_1_580' title='bbox 3243 3733 3311 3796; x_wconf 80' lang='lat'><strong>&quot;,</strong></span> <span class='ocrx_word' id='word_1_581' title='bbox 3355 3738 3480 3786; x_wconf 91' lang='lat' dir='ltr'><strong>octo</strong></span> <span class='ocrx_word' id='word_1_582' title='bbox 3527 3727 3828 3783; x_wconf 83' lang='lat' dir='ltr'><strong>Marcionis</strong></span> 
     </span>
    </p>
   </div>
   <div class='ocr_carea' id='block_1_84' title="bbox 2243 3815 3822 3896">
    <p class='ocr_par' dir='ltr' id='par_1_84' title="bbox 2243 3815 3822 3896">
     <span class='ocr_line' id='line_1_84' title="bbox 2243 3815 3822 3896; baseline -0.009 -12"><span class='ocrx_word' id='word_1_583' title='bbox 2243 3828 2438 3884; x_wconf 69' lang='lat' dir='ltr'><strong>haeresi</strong></span> <span class='ocrx_word' id='word_1_584' title='bbox 2471 3833 2780 3896; x_wconf 91' lang='lat' dir='ltr'><strong>corruptos,</strong></span> <span class='ocrx_word' id='word_1_585' title='bbox 2815 3840 2924 3879; x_wconf 90' lang='lat' dir='ltr'><strong>una</strong></span> <span class='ocrx_word' id='word_1_586' title='bbox 2963 3838 3088 3878; x_wconf 92' lang='lat' dir='ltr'><strong>eum</strong></span> <span class='ocrx_word' id='word_1_587' title='bbox 3137 3821 3336 3875; x_wconf 90' lang='lat' dir='ltr'><strong>vicinis</strong></span> <span class='ocrx_word' id='word_1_588' title='bbox 3381 3819 3538 3882; x_wconf 88' lang='lat' dir='ltr'><strong>locis,</strong></span> <span class='ocrx_word' id='word_1_589' title='bbox 3570 3817 3636 3871; x_wconf 91' lang='lat' dir='ltr'><strong>ad</strong></span> <span class='ocrx_word' id='word_1_590' title='bbox 3667 3815 3822 3870; x_wconf 89' lang='lat' dir='ltr'><strong>veri-</strong></span> 
     </span>
    </p>
   </div>
   <div class='ocr_carea' id='block_1_85' title="bbox 2244 3909 3826 3988">
    <p class='ocr_par' dir='ltr' id='par_1_85' title="bbox 2244 3909 3826 3988">
     <span class='ocr_line' id='line_1_85' title="bbox 2244 3909 3826 3988; baseline -0.008 -12"><span class='ocrx_word' id='word_1_591' title='bbox 2244 3930 2411 3977; x_wconf 88' lang='lat' dir='ltr'><strong>tatem</strong></span> <span class='ocrx_word' id='word_1_592' title='bbox 2458 3919 2711 3972; x_wconf 89' lang='lat' dir='ltr'><strong>nolentes</strong></span> <span class='ocrx_word' id='word_1_593' title='bbox 2738 3914 3007 3988; x_wconf 83' lang='lat' dir='ltr'><strong>perduxi:</strong></span> <span class='ocrx_word' id='word_1_594' title='bbox 3033 3913 3218 3968; x_wconf 91' lang='lat' dir='ltr'><strong>vicum</strong></span> <span class='ocrx_word' id='word_1_595' title='bbox 3253 3912 3422 3967; x_wconf 92' lang='lat' dir='ltr'><strong>alium</strong></span> <span class='ocrx_word' id='word_1_596' title='bbox 3459 3909 3826 3964; x_wconf 83' lang='lat' dir='ltr'><strong>Eunomianis</strong></span> 
     </span>
    </p>
   </div>
   <div class='ocr_carea' id='block_1_86' title="bbox 2243 4001 3827 4073">
    <p class='ocr_par' dir='ltr' id='par_1_86' title="bbox 2243 4001 3827 4073">
     <span class='ocr_line' id='line_1_86' title="bbox 2243 4001 3827 4073; baseline -0.008 -8"><span class='ocrx_word' id='word_1_597' title='bbox 2243 4011 2531 4073; x_wconf 85' lang='lat' dir='ltr'><strong>refertum,</strong></span> <span class='ocrx_word' id='word_1_598' title='bbox 2558 4016 2613 4062; x_wconf 91' lang='lat' dir='ltr'><strong>et</strong></span> <span class='ocrx_word' id='word_1_599' title='bbox 2631 4007 2806 4061; x_wconf 83' lang='lat' dir='ltr'><strong>alium</strong></span> <span class='ocrx_word' id='word_1_600' title='bbox 2830 4005 3069 4068; x_wconf 82' lang='lat' dir='ltr'><strong>Arianis,</strong></span> <span class='ocrx_word' id='word_1_601' title='bbox 3097 4004 3297 4058; x_wconf 71' lang='lat' dir='ltr'><strong>divina:</strong></span> <span class='ocrx_word' id='word_1_602' title='bbox 3329 4001 3660 4072; x_wconf 82' lang='lat' dir='ltr'><strong>cognitionis</strong></span> <span class='ocrx_word' id='word_1_603' title='bbox 3697 4001 3827 4054; x_wconf 79' lang='lat' dir='ltr'><strong>luce</strong></span> 
     </span>
    </p>
   </div>
   <div class='ocr_carea' id='block_1_87' title="bbox 2244 4091 3824 4167">
    <p class='ocr_par' dir='ltr' id='par_1_87' title="bbox 2244 4091 3824 4167">
     <span class='ocr_line' id='line_1_87' title="bbox 2244 4091 3824 4167; baseline -0.008 -9"><span class='ocrx_word' id='word_1_604' title='bbox 2244 4101 2549 4165; x_wconf 90' lang='lat' dir='ltr'><strong>illustravi;</strong></span> <span class='ocrx_word' id='word_1_605' title='bbox 2578 4099 2903 4167; x_wconf 90' lang='lat' dir='ltr'><strong>nullumque</strong></span> <span class='ocrx_word' id='word_1_606' title='bbox 2928 4095 3075 4166; x_wconf 91' lang='lat' dir='ltr'><strong>apud</strong></span> <span class='ocrx_word' id='word_1_607' title='bbox 3098 4110 3228 4160; x_wconf 82' lang='lat' dir='ltr'><strong>nos,</strong></span> <span class='ocrx_word' id='word_1_608' title='bbox 3253 4094 3353 4148; x_wconf 90' lang='lat' dir='ltr'><strong>Dei</strong></span> <span class='ocrx_word' id='word_1_609' title='bbox 3377 4091 3670 4157; x_wconf 85' lang='lat' dir='ltr'><strong>beneﬁcio,</strong></span> <span class='ocrx_word' id='word_1_610' title='bbox 3701 4091 3824 4146; x_wconf 65' lang='lat' dir='ltr'><strong>bte-</strong></span> 
     </span>
    </p>
   </div>
   <div class='ocr_carea' id='block_1_88' title="bbox 2245 4183 3829 4256">
    <p class='ocr_par' dir='ltr' id='par_1_88' title="bbox 2245 4183 3829 4256">
     <span class='ocr_line' id='line_1_88' title="bbox 2245 4183 3829 4256; baseline -0.006 -9"><span class='ocrx_word' id='word_1_611' title='bbox 2245 4193 2386 4248; x_wconf 82' lang='lat' dir='ltr'><strong>resis</strong></span> <span class='ocrx_word' id='word_1_612' title='bbox 2412 4188 2604 4246; x_wconf 87' lang='lat' dir='ltr'><strong>lolium</strong></span> <span class='ocrx_word' id='word_1_613' title='bbox 2636 4189 2891 4243; x_wconf 84' lang='lat' dir='ltr'><strong>relictum</strong></span> <span class='ocrx_word' id='word_1_614' title='bbox 2931 4195 3036 4242; x_wconf 89' lang='lat' dir='ltr'><strong>est.</strong></span> <span class='ocrx_word' id='word_1_615' title='bbox 3078 4186 3267 4256; x_wconf 87' lang='lat' dir='ltr'><strong>Neque</strong></span> <span class='ocrx_word' id='word_1_616' title='bbox 3297 4201 3428 4240; x_wconf 91' lang='lat' dir='ltr'><strong>vero</strong></span> <span class='ocrx_word' id='word_1_617' title='bbox 3454 4184 3555 4239; x_wconf 88' lang='lat' dir='ltr'><strong>ista</strong></span> <span class='ocrx_word' id='word_1_618' title='bbox 3580 4183 3697 4238; x_wconf 88' lang='lat' dir='ltr'><strong>sine</strong></span> <span class='ocrx_word' id='word_1_619' title='bbox 3727 4198 3829 4253; x_wconf 85' lang='lat' dir='ltr'><strong>pe-</strong></span> 
     </span>
    </p>
   </div>
   <div class='ocr_carea' id='block_1_89' title="bbox 2243 4273 3827 4353">
    <p class='ocr_par' dir='ltr' id='par_1_89' title="bbox 2243 4273 3827 4353">
     <span class='ocr_line' id='line_1_89' title="bbox 2243 4273 3827 4353; baseline -0.007 -15"><span class='ocrx_word' id='word_1_620' title='bbox 2243 4284 2434 4339; x_wconf 92' lang='lat' dir='ltr'><strong>riculis</strong></span> <span class='ocrx_word' id='word_1_621' title='bbox 2460 4283 2720 4353; x_wconf 62' lang='lat' dir='ltr'><strong>prarstiti;</strong></span> <span class='ocrx_word' id='word_1_622' title='bbox 2764 4281 2864 4335; x_wconf 89' lang='lat' dir='ltr'><strong>sed</strong></span> <span class='ocrx_word' id='word_1_623' title='bbox 2902 4280 3026 4334; x_wconf 92' lang='lat' dir='ltr'><strong>fuso</strong></span> <span class='ocrx_word' id='word_1_624' title='bbox 3054 4279 3381 4349; x_wconf 91' lang='lat' dir='ltr'><strong>plerumque</strong></span> <span class='ocrx_word' id='word_1_625' title='bbox 3419 4273 3705 4345; x_wconf 78' lang='lat' dir='ltr'><strong>sanguine,</strong></span> <span class='ocrx_word' id='word_1_626' title='bbox 3736 4274 3827 4328; x_wconf 55' lang='lat' dir='ltr'><strong>la-</strong></span> 
     </span>
    </p>
   </div>
   <div class='ocr_carea' id='block_1_90' title="bbox 2244 4363 3828 4446">
    <p class='ocr_par' dir='ltr' id='par_1_90' title="bbox 2244 4363 3828 4446">
     <span class='ocr_line' id='line_1_90' title="bbox 2244 4363 3828 4446; baseline -0.007 -17"><span class='ocrx_word' id='word_1_627' title='bbox 2244 4375 2467 4446; x_wconf 89' lang='lat' dir='ltr'><strong>pidatus</strong></span> <span class='ocrx_word' id='word_1_628' title='bbox 2501 4373 2572 4427; x_wconf 89' lang='lat' dir='ltr'><strong>ab</strong></span> <span class='ocrx_word' id='word_1_629' title='bbox 2609 4373 2690 4426; x_wconf 89' lang='lat' dir='ltr'><strong>eis</strong></span> <span class='ocrx_word' id='word_1_630' title='bbox 2727 4384 2994 4440; x_wconf 66' lang='lat' dir='ltr'><strong>persaepe,</strong></span> <span class='ocrx_word' id='word_1_631' title='bbox 3043 4377 3099 4422; x_wconf 89' lang='lat' dir='ltr'><strong>et</strong></span> <span class='ocrx_word' id='word_1_632' title='bbox 3139 4367 3208 4421; x_wconf 88' lang='lat' dir='ltr'><strong>ad</strong></span> <span class='ocrx_word' id='word_1_633' title='bbox 3263 4366 3409 4436; x_wconf 89' lang='lat' dir='ltr'><strong>ipsas</strong></span> <span class='ocrx_word' id='word_1_634' title='bbox 3461 4363 3577 4419; x_wconf 90' lang='lat' dir='ltr'><strong>orci</strong></span> <span class='ocrx_word' id='word_1_635' title='bbox 3632 4373 3828 4434; x_wconf 86' lang='lat' dir='ltr'><strong>portas</strong></span> 
     </span>
    </p>
   </div>
   <div class='ocr_carea' id='block_1_91' title="bbox 565 4441 2137 4533">
    <p class='ocr_par' dir='ltr' id='par_1_91' title="bbox 565 4441 2135 4513">
     <span class='ocr_line' id='line_1_91' title="bbox 565 4441 2135 4513; baseline -0.001 -15"><span class='ocrx_word' id='word_1_636' title='bbox 565 4442 632 4498; x_wconf 90' lang='lat' dir='ltr'><strong>ad</strong></span> <span class='ocrx_word' id='word_1_637' title='bbox 661 4459 828 4498; x_wconf 88' lang='lat' dir='ltr'><strong>aures</strong></span> <span class='ocrx_word' id='word_1_638' title='bbox 857 4450 941 4496; x_wconf 87' lang='lat' dir='ltr'><strong>est</strong></span> <span class='ocrx_word' id='word_1_639' title='bbox 966 4442 1284 4513; x_wconf 69' lang='lat' dir='ltr'><strong>coniunctio</strong></span> <span class='ocrx_word' id='word_1_640' title='bbox 1313 4459 1326 4494; x_wconf 89' lang='lat'>:</span> <span class='ocrx_word' id='word_1_641' title='bbox 1357 4441 1450 4494; x_wconf 87' lang='lat' dir='ltr'><strong>illa</strong></span> <span class='ocrx_word' id='word_1_642' title='bbox 1478 4441 1681 4511; x_wconf 87' lang='lat' dir='ltr'><strong>quippe</strong></span> <span class='ocrx_word' id='word_1_643' title='bbox 1710 4441 1878 4494; x_wconf 86' lang='lat' dir='ltr'><strong>verba</strong></span> <span class='ocrx_word' id='word_1_644' title='bbox 1904 4443 2135 4512; x_wconf 88' lang='lat' dir='ltr'><strong>profert,</strong></span> 
     </span>
    </p>
   </div>
   <div class='ocr_carea' id='block_1_92' title="bbox 2241 4441 3826 4533">
    <p class='ocr_par' dir='ltr' id='par_1_92' title="bbox 2245 4441 3826 4533">
     <span class='ocr_line' id='line_1_92' title="bbox 2245 4441 3826 4533; baseline -0.006 -16"><span class='ocrx_word' id='word_1_645' title='bbox 2245 4441 2534 4533; x_wconf 81' lang='lat' dir='ltr'><strong>impulsus.</strong></span> <span class='ocrx_word' id='word_1_646' title='bbox 2589 4480 2607 4512; x_wconf 75' lang='grc' dir='ltr'><strong><em>ι</em></strong></span> <span class='ocrx_word' id='word_1_647' title='bbox 2663 4461 2862 4514; x_wconf 86' lang='lat' dir='ltr'><strong>Decem</strong></span> <span class='ocrx_word' id='word_1_648' title='bbox 2891 4457 3340 4512; x_wconf 80' lang='lat' dir='ltr'><strong>Mareionitarum</strong></span> <span class='ocrx_word' id='word_1_649' title='bbox 3370 4454 3538 4509; x_wconf 91' lang='lat' dir='ltr'><strong>millia</strong></span> <span class='ocrx_word' id='word_1_650' title='bbox 3576 4471 3606 4508; x_wconf 95' lang='lat' dir='ltr'><strong>a</strong></span> <span class='ocrx_word' id='word_1_651' title='bbox 3639 4469 3697 4508; x_wconf 90' lang='lat' dir='ltr'><strong>se</strong></span> <span class='ocrx_word' id='word_1_652' title='bbox 3719 4454 3826 4507; x_wconf 83' lang='lat' dir='ltr'><strong>ba-</strong></span> 
     </span>
    </p>
   </div>
   <div class='ocr_carea' id='block_1_93' title="bbox 562 4531 2136 4604">
    <p class='ocr_par' dir='ltr' id='par_1_93' title="bbox 562 4531 2136 4604">
     <span class='ocr_line' id='line_1_93' title="bbox 562 4531 2136 4604; baseline -0.001 -16"><span class='ocrx_word' id='word_1_653' title='bbox 562 4535 648 4594; x_wconf 72' lang='lat' dir='ltr'><strong>ha&#39;:</strong></span> <span class='ocrx_word' id='word_1_654' title='bbox 677 4550 810 4588; x_wconf 90' lang='lat' dir='ltr'><strong>vero</strong></span> <span class='ocrx_word' id='word_1_655' title='bbox 853 4535 1178 4604; x_wconf 90' lang='lat' dir='ltr'><strong>excipiunt:</strong></span> <span class='ocrx_word' id='word_1_656' title='bbox 1206 4532 1454 4588; x_wconf 91' lang='lat' dir='ltr'><strong>eamdem</strong></span> <span class='ocrx_word' id='word_1_657' title='bbox 1489 4541 1546 4585; x_wconf 91' lang='lat' dir='ltr'><strong>et</strong></span> <span class='ocrx_word' id='word_1_658' title='bbox 1587 4547 1691 4587; x_wconf 93' lang='lat' dir='ltr'><strong>nos</strong></span> <span class='ocrx_word' id='word_1_659' title='bbox 1733 4531 2005 4586; x_wconf 88' lang='lat' dir='ltr'><strong>habemus</strong></span> <span class='ocrx_word' id='word_1_660' title='bbox 2037 4549 2136 4586; x_wconf 85' lang='lat' dir='ltr'><strong>vo-</strong></span> 
     </span>
    </p>
   </div>
   <div class='ocr_carea' id='block_1_94' title="bbox 561 4626 2139 4695">
    <p class='ocr_par' dir='ltr' id='par_1_94' title="bbox 561 4626 2139 4695">
     <span class='ocr_line' id='line_1_94' title="bbox 561 4626 2139 4695; baseline -0.001 -12"><span class='ocrx_word' id='word_1_661' title='bbox 561 4628 805 4695; x_wconf 77' lang='lat' dir='ltr'><strong>hiscum;</strong></span> <span class='ocrx_word' id='word_1_662' title='bbox 831 4643 928 4681; x_wconf 86' lang='lat' dir='ltr'><strong>vos</strong></span> <span class='ocrx_word' id='word_1_663' title='bbox 944 4627 1149 4681; x_wconf 76' lang='lat' dir='ltr'><strong>etenim</strong></span> <span class='ocrx_word' id='word_1_664' title='bbox 1173 4642 1299 4680; x_wconf 92' lang='lat' dir='ltr'><strong>eum</strong></span> <span class='ocrx_word' id='word_1_665' title='bbox 1319 4626 1599 4695; x_wconf 88' lang='lat' dir='ltr'><strong>voluptate</strong></span> <span class='ocrx_word' id='word_1_666' title='bbox 1617 4639 1900 4679; x_wconf 89' lang='lat' dir='ltr'><strong>sermones</strong></span> <span class='ocrx_word' id='word_1_667' title='bbox 1917 4637 2139 4681; x_wconf 88' lang='lat' dir='ltr'><strong>nostros</strong></span> 
     </span>
    </p>
   </div>
   <div class='ocr_carea' id='block_1_95' title="bbox 558 4715 2140 4788">
    <p class='ocr_par' dir='ltr' id='par_1_95' title="bbox 558 4715 2140 4788">
     <span class='ocr_line' id='line_1_95' title="bbox 558 4715 2140 4788; baseline -0.005 -10"><span class='ocrx_word' id='word_1_668' title='bbox 558 4719 785 4780; x_wconf 82' lang='lat' dir='ltr'><strong>auditis.</strong></span> <span class='ocrx_word' id='word_1_669' title='bbox 837 4725 893 4772; x_wconf 85' lang='lat' dir='ltr'><strong>et</strong></span> <span class='ocrx_word' id='word_1_670' title='bbox 943 4733 1044 4788; x_wconf 87' lang='lat' dir='ltr'><strong>ego</strong></span> <span class='ocrx_word' id='word_1_671' title='bbox 1088 4717 1342 4787; x_wconf 79' lang='lat' dir='ltr'><strong>exiguam</strong></span> <span class='ocrx_word' id='word_1_672' title='bbox 1379 4716 1524 4770; x_wconf 89' lang='lat' dir='ltr'><strong>hanc</strong></span> <span class='ocrx_word' id='word_1_673' title='bbox 1555 4715 1753 4769; x_wconf 92' lang='lat' dir='ltr'><strong>stillam</strong></span> <span class='ocrx_word' id='word_1_674' title='bbox 1801 4716 2140 4784; x_wconf 89' lang='lat' dir='ltr'><strong>perlibenter</strong></span> 
     </span>
    </p>
   </div>
   <div class='ocr_carea' id='block_1_96' title="bbox 561 4810 1231 4867">
    <p class='ocr_par' dir='ltr' id='par_1_96' title="bbox 561 4810 1231 4867">
     <span class='ocr_line' id='line_1_96' title="bbox 561 4810 1231 4867; baseline -0.007 0"><span class='ocrx_word' id='word_1_675' title='bbox 561 4813 618 4867; x_wconf 79' lang='lat' dir='ltr'><strong>in</strong></span> <span class='ocrx_word' id='word_1_676' title='bbox 642 4827 740 4866; x_wconf 87' lang='lat' dir='ltr'><strong>vos</strong></span> <span class='ocrx_word' id='word_1_677' title='bbox 772 4810 1022 4865; x_wconf 74' lang='lat' dir='ltr'><strong>eﬂundo.</strong></span> <span class='ocrx_word' id='word_1_678' title='bbox 1055 4831 1074 4863; x_wconf 74' lang='grc' dir='ltr'><strong>ι</strong></span> <span class='ocrx_word' id='word_1_679' title='bbox 1227 4814 1231 4818; x_wconf 88' lang='grc'><em>’</em></span> 
     </span>
    </p>
   </div>
   <div class='ocr_carea' id='block_1_97' title="bbox 629 4899 2136 4969">
    <p class='ocr_par' dir='ltr' id='par_1_97' title="bbox 629 4899 2136 4969">
     <span class='ocr_line' id='line_1_97' title="bbox 629 4899 2136 4969; baseline -0.001 -12"><span class='ocrx_word' id='word_1_680' title='bbox 629 4902 718 4957; x_wconf 86' lang='lat' dir='ltr'><strong>Ill.</strong></span> <span class='ocrx_word' id='word_1_681' title='bbox 749 4902 951 4956; x_wconf 82' lang='lat' dir='ltr'><strong>Verum</strong></span> <span class='ocrx_word' id='word_1_682' title='bbox 993 4902 1111 4955; x_wconf 62' lang='lat' dir='ltr'><strong>hac</strong></span> <span class='ocrx_word' id='word_1_683' title='bbox 1138 4899 1497 4954; x_wconf 86' lang='lat' dir='ltr'><strong>humanitatis</strong></span> <span class='ocrx_word' id='word_1_684' title='bbox 1534 4901 1720 4969; x_wconf 91' lang='lat' dir='ltr'><strong>potius</strong></span> <span class='ocrx_word' id='word_1_685' title='bbox 1747 4915 1908 4969; x_wconf 90' lang='lat' dir='ltr'><strong>quam</strong></span> <span class='ocrx_word' id='word_1_686' title='bbox 1939 4901 2136 4956; x_wconf 82' lang='lat' dir='ltr'><strong>volun-</strong></span> 
     </span>
    </p>
   </div>
   <div class='ocr_carea' id='block_1_98' title="bbox 561 4991 2136 5064">
    <p class='ocr_par' dir='ltr' id='par_1_98' title="bbox 561 4991 2136 5064">
     <span class='ocr_line' id='line_1_98' title="bbox 561 4991 2136 5064; baseline 0.002 -18"><span class='ocrx_word' id='word_1_687' title='bbox 561 4995 691 5047; x_wconf 88' lang='lat' dir='ltr'><strong>tatis</strong></span> <span class='ocrx_word' id='word_1_688' title='bbox 718 5002 962 5064; x_wconf 90' lang='lat' dir='ltr'><strong>peccata,</strong></span> <span class='ocrx_word' id='word_1_689' title='bbox 994 5001 1055 5048; x_wconf 92' lang='lat' dir='ltr'><strong>ut</strong></span> <span class='ocrx_word' id='word_1_690' title='bbox 1081 4992 1240 5046; x_wconf 76' lang='lat' dir='ltr'><strong>facile</strong></span> <span class='ocrx_word' id='word_1_691' title='bbox 1266 4992 1402 5046; x_wconf 90' lang='lat' dir='ltr'><strong>viris</strong></span> <span class='ocrx_word' id='word_1_692' title='bbox 1427 4991 1645 5046; x_wconf 85' lang='lat' dir='ltr'><strong>eximiis</strong></span> <span class='ocrx_word' id='word_1_693' title='bbox 1674 4991 1974 5048; x_wconf 89' lang='lat' dir='ltr'><strong>condonari</strong></span> <span class='ocrx_word' id='word_1_694' title='bbox 2006 5009 2136 5064; x_wconf 91' lang='lat' dir='ltr'><strong>pos-</strong></span> 
     </span>
    </p>
   </div>
   <div class='ocr_carea' id='block_1_99' title="bbox 558 5083 2137 5155">
    <p class='ocr_par' dir='ltr' id='par_1_99' title="bbox 558 5083 2137 5155">
     <span class='ocr_line' id='line_1_99' title="bbox 558 5083 2137 5155; baseline 0.001 -14"><span class='ocrx_word' id='word_1_695' title='bbox 558 5087 691 5148; x_wconf 80' lang='lat' dir='ltr'><strong>sint,</strong></span> <span class='ocrx_word' id='word_1_696' title='bbox 731 5085 859 5155; x_wconf 90' lang='lat' dir='ltr'><strong>quia</strong></span> <span class='ocrx_word' id='word_1_697' title='bbox 891 5085 1049 5138; x_wconf 89' lang='lat' dir='ltr'><strong>facile</strong></span> <span class='ocrx_word' id='word_1_698' title='bbox 1090 5083 1236 5137; x_wconf 90' lang='lat' dir='ltr'><strong>inter</strong></span> <span class='ocrx_word' id='word_1_699' title='bbox 1264 5084 1490 5153; x_wconf 76' lang='lat' dir='ltr'><strong>plausus</strong></span> <span class='ocrx_word' id='word_1_700' title='bbox 1534 5083 1872 5154; x_wconf 89' lang='lat' dir='ltr'><strong>subrepunt;</strong></span> <span class='ocrx_word' id='word_1_701' title='bbox 1917 5087 1993 5142; x_wconf 84' lang='lat' dir='ltr'><strong>ita</strong></span> <span class='ocrx_word' id='word_1_702' title='bbox 2026 5103 2137 5143; x_wconf 92' lang='lat' dir='ltr'><strong>non</strong></span> 
     </span>
    </p>
   </div>
   <div class='ocr_carea' id='block_1_100' title="bbox 567 5173 2136 5248">
    <p class='ocr_par' dir='ltr' id='par_1_100' title="bbox 567 5173 2136 5248">
     <span class='ocr_line' id='line_1_100' title="bbox 567 5173 2136 5248; baseline 0.002 -16"><span class='ocrx_word' id='word_1_703' title='bbox 567 5177 958 5238; x_wconf 88' lang='lat' dir='ltr'><strong>obstiterunt,</strong></span> <span class='ocrx_word' id='word_1_704' title='bbox 1006 5174 1304 5244; x_wconf 85' lang='lat' dir='ltr'><strong>quominus</strong></span> <span class='ocrx_word' id='word_1_705' title='bbox 1379 5189 1480 5242; x_wconf 90' lang='lat' dir='ltr'><strong>pro</strong></span> <span class='ocrx_word' id='word_1_706' title='bbox 1536 5173 1799 5244; x_wconf 79' lang='lat' dir='ltr'><strong>dignitate</strong></span> <span class='ocrx_word' id='word_1_707' title='bbox 1846 5193 2136 5248; x_wconf 89' lang='lat' dir='ltr'><strong>personam</strong></span> 
     </span>
    </p>
   </div>
   <div class='ocr_carea' id='block_1_101' title="bbox 567 5265 2134 5339">
    <p class='ocr_par' dir='ltr' id='par_1_101' title="bbox 567 5265 2134 5339">
     <span class='ocr_line' id='line_1_101' title="bbox 567 5265 2134 5339; baseline 0.004 -17"><span class='ocrx_word' id='word_1_708' title='bbox 567 5268 820 5339; x_wconf 61' lang='lat' dir='ltr'><strong>praesulis</strong></span> <span class='ocrx_word' id='word_1_709' title='bbox 850 5265 1196 5322; x_wconf 88' lang='lat' dir='ltr'><strong>sustinuerit.</strong></span> <span class='ocrx_word' id='word_1_710' title='bbox 1230 5265 1464 5322; x_wconf 85' lang='lat' dir='ltr'><strong>Videtur</strong></span> <span class='ocrx_word' id='word_1_711' title='bbox 1507 5267 1654 5320; x_wconf 91' lang='lat' dir='ltr'><strong>enim</strong></span> <span class='ocrx_word' id='word_1_712' title='bbox 1703 5269 1758 5322; x_wconf 91' lang='lat' dir='ltr'><strong>in</strong></span> <span class='ocrx_word' id='word_1_713' title='bbox 1807 5284 1867 5325; x_wconf 86' lang='lat' dir='ltr'><strong>se</strong></span> <span class='ocrx_word' id='word_1_714' title='bbox 1905 5271 2134 5328; x_wconf 88' lang='lat' dir='ltr'><strong>formam</strong></span> 
     </span>
    </p>
   </div>
   <div class='ocr_carea' id='block_1_102' title="bbox 629 5441 1541 5504">
    <p class='ocr_par' dir='ltr' id='par_1_102' title="bbox 629 5441 1541 5504">
     <span class='ocr_line' id='line_1_102' title="bbox 629 5441 1541 5504; baseline -0.002 -8"><span class='ocrx_word' id='word_1_715' title='bbox 629 5445 658 5487; x_wconf 76' lang='grc' dir='ltr'>δ</span> <span class='ocrx_word' id='word_1_716' title='bbox 689 5441 705 5496; x_wconf 89' lang='grc' dir='ltr'><strong>Ι</strong></span> <span class='ocrx_word' id='word_1_717' title='bbox 748 5443 890 5496; x_wconf 87' lang='lat' dir='ltr'><strong>Tim.</strong></span> <span class='ocrx_word' id='word_1_718' title='bbox 932 5457 1010 5504; x_wconf 85' lang='lat'><strong>111,</strong></span> <span class='ocrx_word' id='word_1_719' title='bbox 1031 5441 1084 5494; x_wconf 77' lang='lat'><strong>3.</strong></span> <span class='ocrx_word' id='word_1_720' title='bbox 1164 5449 1186 5479; x_wconf 69' lang='grc' dir='ltr'><strong>ε</strong></span> <span class='ocrx_word' id='word_1_721' title='bbox 1221 5441 1331 5496; x_wconf 85' lang='lat' dir='ltr'><strong>Tit.</strong></span> <span class='ocrx_word' id='word_1_722' title='bbox 1357 5457 1394 5504; x_wconf 88' lang='grc' dir='ltr'><strong>ι,</strong></span> <span class='ocrx_word' id='word_1_723' title='bbox 1429 5441 1541 5494; x_wconf 71' lang='lat'><strong>7-9.</strong></span> 
     </span>
    </p>
   </div>
   <div class='ocr_carea' id='block_1_103' title="bbox 2247 4544 3830 4622">
    <p class='ocr_par' dir='ltr' id='par_1_103' title="bbox 2247 4544 3830 4622">
     <span class='ocr_line' id='line_1_103' title="bbox 2247 4544 3830 4622; baseline -0.004 -17"><span class='ocrx_word' id='word_1_724' title='bbox 2247 4555 2450 4622; x_wconf 89' lang='lat' dir='ltr'><strong>ptismo</strong></span> <span class='ocrx_word' id='word_1_725' title='bbox 2478 4551 2648 4604; x_wconf 90' lang='lat' dir='ltr'><strong>tincta</strong></span> <span class='ocrx_word' id='word_1_726' title='bbox 2680 4549 2787 4603; x_wconf 90' lang='lat' dir='ltr'><strong>alio</strong></span> <span class='ocrx_word' id='word_1_727' title='bbox 2825 4549 2878 4602; x_wconf 92' lang='lat' dir='ltr'><strong>in</strong></span> <span class='ocrx_word' id='word_1_728' title='bbox 2901 4549 3022 4603; x_wconf 91' lang='lat' dir='ltr'><strong>loco</strong></span> <span class='ocrx_word' id='word_1_729' title='bbox 3051 4547 3218 4602; x_wconf 86' lang='lat' dir='ltr'><strong>refert</strong></span> <span class='ocrx_word' id='word_1_730' title='bbox 3242 4547 3288 4579; x_wconf 73' lang='lat'><strong>“</strong></span> <span class='ocrx_word' id='word_1_731' title='bbox 3320 4565 3332 4600; x_wconf 91' lang='lat'>:</span> <span class='ocrx_word' id='word_1_732' title='bbox 3365 4553 3514 4600; x_wconf 89' lang='lat' dir='ltr'><strong>tanta</strong></span> <span class='ocrx_word' id='word_1_733' title='bbox 3545 4545 3648 4599; x_wconf 89' lang='lat' dir='ltr'><strong>fuit</strong></span> <span class='ocrx_word' id='word_1_734' title='bbox 3668 4544 3830 4599; x_wconf 87' lang='lat' dir='ltr'><strong>labo-</strong></span> 
     </span>
    </p>
   </div>
   <div class='ocr_carea' id='block_1_104' title="bbox 2249 4636 3825 4713">
    <p class='ocr_par' dir='ltr' id='par_1_104' title="bbox 2249 4636 3825 4713">
     <span class='ocr_line' id='line_1_104' title="bbox 2249 4636 3825 4713; baseline -0.006 -15"><span class='ocrx_word' id='word_1_735' title='bbox 2249 4647 2326 4700; x_wconf 88' lang='lat' dir='ltr'><strong>ris</strong></span> <span class='ocrx_word' id='word_1_736' title='bbox 2358 4659 2607 4709; x_wconf 90' lang='lat' dir='ltr'><strong>merces,</strong></span> <span class='ocrx_word' id='word_1_737' title='bbox 2659 4650 2807 4697; x_wconf 89' lang='lat' dir='ltr'><strong>tanta</strong></span> <span class='ocrx_word' id='word_1_738' title='bbox 2843 4640 3138 4713; x_wconf 78' lang='lat' dir='ltr'><strong>pugnantis</strong></span> <span class='ocrx_word' id='word_1_739' title='bbox 3181 4653 3354 4708; x_wconf 87' lang='lat' dir='ltr'><strong>usque</strong></span> <span class='ocrx_word' id='word_1_740' title='bbox 3392 4637 3460 4692; x_wconf 91' lang='lat' dir='ltr'><strong>ad</strong></span> <span class='ocrx_word' id='word_1_741' title='bbox 3494 4636 3825 4708; x_wconf 87' lang='lat' dir='ltr'><strong>sanguinem</strong></span> 
     </span>
    </p>
   </div>
   <div class='ocr_carea' id='block_1_105' title="bbox 2246 4753 3824 4877">
    <p class='ocr_par' dir='ltr' id='par_1_105' title="bbox 2246 4753 3824 4877">
     <span class='ocr_line' id='line_1_105' title="bbox 2246 4753 3824 4877; baseline -0.007 -12"><span class='ocrx_word' id='word_1_742' title='bbox 2246 4753 2645 4877; x_wconf 42' lang='lat' dir='ltr'><strong>co&#39;a&#39;jaheque</strong></span> <span class='ocrx_word' id='word_1_743' title='bbox 2679 4804 2880 4860; x_wconf 90' lang='lat' dir='ltr'><strong>mirum</strong></span> <span class='ocrx_word' id='word_1_744' title='bbox 2921 4820 2989 4858; x_wconf 88' lang='lat' dir='ltr'><strong>eo</strong></span> <span class='ocrx_word' id='word_1_745' title='bbox 3023 4810 3295 4873; x_wconf 86' lang='lat' dir='ltr'><strong>proventu</strong></span> <span class='ocrx_word' id='word_1_746' title='bbox 3343 4799 3523 4868; x_wconf 82' lang='lat' dir='ltr'><strong>colligi</strong></span> <span class='ocrx_word' id='word_1_747' title='bbox 3575 4798 3824 4854; x_wconf 85' lang='lat' dir='ltr'><strong>fructum</strong></span> 
     </span>
    </p>
   </div>
   <div class='ocr_carea' id='block_1_106' title="bbox 2245 4887 3823 4970">
    <p class='ocr_par' dir='ltr' id='par_1_106' title="bbox 2245 4887 3823 4970">
     <span class='ocr_line' id='line_1_106' title="bbox 2245 4887 3823 4970; baseline -0.008 -18"><span class='ocrx_word' id='word_1_748' title='bbox 2245 4899 2489 4970; x_wconf 86' lang='lat' dir='ltr'><strong>potuisse</strong></span> <span class='ocrx_word' id='word_1_749' title='bbox 2508 4911 2539 4950; x_wconf 93' lang='lat' dir='ltr'><strong>a</strong></span> <span class='ocrx_word' id='word_1_750' title='bbox 2575 4903 2800 4951; x_wconf 88' lang='lat' dir='ltr'><strong>strenuo</strong></span> <span class='ocrx_word' id='word_1_751' title='bbox 2827 4893 3057 4957; x_wconf 91' lang='lat' dir='ltr'><strong>cultore,</strong></span> <span class='ocrx_word' id='word_1_752' title='bbox 3085 4890 3175 4946; x_wconf 91' lang='lat' dir='ltr'><strong>cui</strong></span> <span class='ocrx_word' id='word_1_753' title='bbox 3224 4889 3394 4944; x_wconf 91' lang='lat' dir='ltr'><strong>sancti</strong></span> <span class='ocrx_word' id='word_1_754' title='bbox 3435 4887 3823 4959; x_wconf 87' lang='lat' dir='ltr'><strong>prodigiorum</strong></span> 
     </span>
    </p>
   </div>
   <div class='ocr_carea' id='block_1_107' title="bbox 2239 4979 3822 5057">
    <p class='ocr_par' dir='ltr' id='par_1_107' title="bbox 2239 4979 3822 5057">
     <span class='ocr_line' id='line_1_107' title="bbox 2239 4979 3822 5057; baseline -0.009 -11"><span class='ocrx_word' id='word_1_755' title='bbox 2239 4991 2548 5051; x_wconf 79' lang='lat' dir='ltr'><strong>eﬂ‘ectores,</strong></span> <span class='ocrx_word' id='word_1_756' title='bbox 2600 4986 2818 5057; x_wconf 89' lang='lat' dir='ltr'><strong>ipsique</strong></span> <span class='ocrx_word' id='word_1_757' title='bbox 2855 4984 3088 5048; x_wconf 70' lang='lat' dir='ltr'><strong>cmlites,</strong></span> <span class='ocrx_word' id='word_1_758' title='bbox 3125 4991 3182 5038; x_wconf 92' lang='lat' dir='ltr'><strong>et</strong></span> <span class='ocrx_word' id='word_1_759' title='bbox 3223 4981 3531 5052; x_wconf 59' lang='lat' dir='ltr'><strong>praesertim</strong></span> <span class='ocrx_word' id='word_1_760' title='bbox 3569 4979 3822 5048; x_wconf 85' lang='lat' dir='ltr'><strong>Baptista</strong></span> 
     </span>
    </p>
   </div>
   <div class='ocr_carea' id='block_1_108' title="bbox 2237 5070 3821 5145">
    <p class='ocr_par' dir='ltr' id='par_1_108' title="bbox 2237 5070 3821 5145">
     <span class='ocr_line' id='line_1_108' title="bbox 2237 5070 3821 5145; baseline -0.009 -7"><span class='ocrx_word' id='word_1_761' title='bbox 2237 5084 2478 5140; x_wconf 86' lang='lat' dir='ltr'><strong>Joannes</strong></span> <span class='ocrx_word' id='word_1_762' title='bbox 2527 5079 2950 5136; x_wconf 90' lang='lat' dir='ltr'><strong>collaborarent.</strong></span> <span class='ocrx_word' id='word_1_763' title='bbox 3008 5076 3144 5130; x_wconf 81' lang='lat' dir='ltr'><strong>Rem</strong></span> <span class='ocrx_word' id='word_1_764' title='bbox 3190 5074 3306 5145; x_wconf 90' lang='lat' dir='ltr'><strong>ipse</strong></span> <span class='ocrx_word' id='word_1_765' title='bbox 3357 5079 3564 5136; x_wconf 87' lang='lat' dir='ltr'><strong>narrat,</strong></span> <span class='ocrx_word' id='word_1_766' title='bbox 3617 5070 3711 5124; x_wconf 91' lang='lat' dir='ltr'><strong>ubi</strong></span> <span class='ocrx_word' id='word_1_767' title='bbox 3746 5070 3821 5124; x_wconf 86' lang='lat' dir='ltr'><strong>de</strong></span> 
     </span>
    </p>
   </div>
   <div class='ocr_carea' id='block_1_109' title="bbox 2235 5161 3822 5238">
    <p class='ocr_par' dir='ltr' id='par_1_109' title="bbox 2235 5161 3822 5238">
     <span class='ocr_line' id='line_1_109' title="bbox 2235 5161 3822 5238; baseline -0.01 -9"><span class='ocrx_word' id='word_1_768' title='bbox 2235 5175 2443 5230; x_wconf 73' lang='lat' dir='ltr'><strong>Iacobo</strong></span> <span class='ocrx_word' id='word_1_769' title='bbox 2477 5173 2887 5238; x_wconf 86' lang='lat' dir='ltr'><strong>Thaumaturgo</strong></span> <span class='ocrx_word' id='word_1_770' title='bbox 2910 5167 3121 5221; x_wconf 85' lang='lat' dir='ltr'><strong>scribit.</strong></span> <span class='ocrx_word' id='word_1_771' title='bbox 3154 5185 3171 5218; x_wconf 71' lang='grc' dir='ltr'>ι</span> <span class='ocrx_word' id='word_1_772' title='bbox 3197 5165 3476 5235; x_wconf 77' lang='lat' dir='ltr'><strong>Rogabam</strong></span> <span class='ocrx_word' id='word_1_773' title='bbox 3505 5165 3703 5233; x_wconf 90' lang='lat' dir='ltr'><strong>ipsum,</strong></span> <span class='ocrx_word' id='word_1_774' title='bbox 3725 5161 3822 5214; x_wconf 71' lang='lat' dir='ltr'><strong>in-</strong></span> 
     </span>
    </p>
   </div>
   <div class='ocr_carea' id='block_1_110' title="bbox 2239 5253 3821 5338">
    <p class='ocr_par' dir='ltr' id='par_1_110' title="bbox 2239 5253 3821 5338">
     <span class='ocr_line' id='line_1_110' title="bbox 2239 5253 3821 5338; baseline -0.01 -16"><span class='ocrx_word' id='word_1_775' title='bbox 2239 5268 2360 5338; x_wconf 91' lang='lat' dir='ltr'><strong>quit</strong></span> <span class='ocrx_word' id='word_1_776' title='bbox 2385 5266 2453 5330; x_wconf 80' lang='lat'><strong>&quot;,</strong></span> <span class='ocrx_word' id='word_1_777' title='bbox 2477 5263 2714 5326; x_wconf 81' lang='lat' dir='ltr'><strong>enixius,</strong></span> <span class='ocrx_word' id='word_1_778' title='bbox 2740 5268 2802 5316; x_wconf 92' lang='lat' dir='ltr'><strong>ut</strong></span> <span class='ocrx_word' id='word_1_779' title='bbox 2830 5263 3001 5317; x_wconf 87' lang='lat' dir='ltr'><strong>Deum</strong></span> <span class='ocrx_word' id='word_1_780' title='bbox 3029 5259 3415 5315; x_wconf 88' lang='lat' dir='ltr'><strong>universorum</strong></span> <span class='ocrx_word' id='word_1_781' title='bbox 3443 5264 3646 5319; x_wconf 82' lang='lat' dir='ltr'><strong>oraret,</strong></span> <span class='ocrx_word' id='word_1_782' title='bbox 3675 5253 3821 5307; x_wconf 87' lang='lat' dir='ltr'><strong>mihi</strong></span> 
     </span>
    </p>
   </div>
   <div class='ocr_carea' id='block_1_111' title="bbox 1891 5539 2470 5598">
    <p class='ocr_par' dir='ltr' id='par_1_111' title="bbox 1891 5539 2470 5598">
     <span class='ocr_line' id='line_1_111' title="bbox 1891 5539 2470 5598; baseline -0.007 -2"><span class='ocrx_word' id='word_1_783' title='bbox 1891 5539 2201 5598; x_wconf 73' lang='lat' dir='ltr'><strong>SCI-IULZII</strong></span> <span class='ocrx_word' id='word_1_784' title='bbox 2238 5539 2446 5598; x_wconf 59' lang='lat' dir='ltr'><strong>NOTA‘I</strong></span> <span class='ocrx_word' id='word_1_785' title='bbox 2458 5581 2470 5592; x_wconf 96' lang='lat'><strong>.</strong></span> 
     </span>
    </p>
   </div>
   <div class='ocr_carea' id='block_1_112' title="bbox 628 5655 2540 5728">
    <p class='ocr_par' dir='ltr' id='par_1_112' title="bbox 628 5655 2540 5728">
     <span class='ocr_line' id='line_1_112' title="bbox 628 5655 2540 5728; baseline 0.003 -20"><span class='ocrx_word' id='word_1_786' title='bbox 628 5659 674 5728; x_wconf 56' lang='grc' dir='ltr'><strong><em>ν</em></strong></span> <span class='ocrx_word' id='word_1_787' title='bbox 703 5655 903 5728; x_wconf 60' lang='lat' dir='ltr'><strong>Inquit.</strong></span> <span class='ocrx_word' id='word_1_788' title='bbox 939 5655 1068 5712; x_wconf 79' lang='lat' dir='ltr'><strong>Vid.</strong></span> <span class='ocrx_word' id='word_1_789' title='bbox 1099 5655 1273 5728; x_wconf 68' lang='lat' dir='ltr'><strong>epist.</strong></span> <span class='ocrx_word' id='word_1_790' title='bbox 1309 5656 1423 5728; x_wconf 19' lang='lat'><strong>75.7</strong></span> <span class='ocrx_word' id='word_1_791' title='bbox 1448 5658 1512 5728; x_wconf 52' lang='lat' dir='ltr'><strong>f&#39;</strong></span> <span class='ocrx_word' id='word_1_792' title='bbox 1535 5657 1797 5728; x_wconf 63' lang='grc' dir='ltr'><strong>ΡΙιὶιοιΙι.ν</strong></span> <span class='ocrx_word' id='word_1_793' title='bbox 1829 5675 1948 5728; x_wconf 90' lang='lat' dir='ltr'><strong>cap.</strong></span> <span class='ocrx_word' id='word_1_794' title='bbox 1985 5661 2070 5715; x_wconf 78' lang='lat' dir='ltr'><strong>l7.</strong></span> <span class='ocrx_word' id='word_1_795' title='bbox 2146 5659 2397 5715; x_wconf 80' lang='lat' dir='ltr'><strong>&quot;Nemo.</strong></span> <span class='ocrx_word' id='word_1_796' title='bbox 2439 5659 2540 5716; x_wconf 86' lang='lat' dir='ltr'><strong>Ed.</strong></span> 
     </span>
    </p>
   </div>
   <div class='ocr_carea' id='block_1_113' title="bbox 2585 5655 3815 5730">
    <p class='ocr_par' dir='ltr' id='par_1_113' title="bbox 2585 5655 3815 5730">
     <span class='ocr_line' id='line_1_113' title="bbox 2585 5655 3815 5730; baseline -0.001 -17"><span class='ocrx_word' id='word_1_797' title='bbox 2585 5658 2738 5730; x_wconf 84' lang='lat' dir='ltr'><strong>prior</strong></span> <span class='ocrx_word' id='word_1_798' title='bbox 2767 5655 3004 5714; x_wconf 77' lang='lat' dir='ltr'><strong>habebat</strong></span> <span class='ocrx_word' id='word_1_799' title='bbox 3041 5655 3360 5714; x_wconf 77' lang='lat' dir='ltr'><strong>Eutreehio.</strong></span> <span class='ocrx_word' id='word_1_800' title='bbox 3439 5659 3484 5692; x_wconf 81' lang='grc'><strong><em>⁸⁸</em></strong></span> <span class='ocrx_word' id='word_1_801' title='bbox 3512 5657 3686 5730; x_wconf 82' lang='lat' dir='ltr'><strong>Epist.</strong></span> <span class='ocrx_word' id='word_1_802' title='bbox 3713 5655 3815 5713; x_wconf 70' lang='lat' dir='ltr'><strong>8i.</strong></span> 
     </span>
    </p>
   </div>
   <div class='ocr_carea' id='block_1_114' title="bbox 561 5723 2339 5807">
    <p class='ocr_par' dir='ltr' id='par_1_114' title="bbox 561 5723 2339 5807">
     <span class='ocr_line' id='line_1_114' title="bbox 561 5723 2339 5807; baseline 0.001 -23"><span class='ocrx_word' id='word_1_803' title='bbox 561 5723 925 5796; x_wconf 70' lang='lat' dir='ltr'><strong>&quot;EpistHS.</strong></span> <span class='ocrx_word' id='word_1_804' title='bbox 977 5723 1156 5799; x_wconf 60' lang='lat' dir='ltr'><strong>(Audi</strong></span> <span class='ocrx_word' id='word_1_805' title='bbox 1190 5726 1352 5797; x_wconf 87' lang='lat' dir='ltr'><strong>epist.</strong></span> <span class='ocrx_word' id='word_1_806' title='bbox 1405 5726 1551 5800; x_wconf 78' lang='lat'><strong>113.)</strong></span> <span class='ocrx_word' id='word_1_807' title='bbox 1627 5730 1836 5784; x_wconf 72' lang='lat' dir='ltr'><strong>&quot;Hist.</strong></span> <span class='ocrx_word' id='word_1_808' title='bbox 1878 5723 2051 5807; x_wconf 72' lang='lat' dir='ltr'><strong>r&#39;elig.,</strong></span> <span class='ocrx_word' id='word_1_809' title='bbox 2099 5745 2220 5801; x_wconf 87' lang='lat' dir='ltr'><strong>cap.</strong></span> <span class='ocrx_word' id='word_1_810' title='bbox 2250 5731 2339 5785; x_wconf 78' lang='lat'><strong>21.</strong></span> 
     </span>
    </p>
   </div>
  </div>
