2040 3237
179 179 223 214 τοι

755 179 938 208 HISTORIA
957 179 1213 209 THEODORETI.

1754 181 1805 213 102

177 239 207 263 ut
226 237 349 269 legem
371 233 447 261 loliis
467 239 581 260 vacuam
603 231 740 263 redderet,
766 231 936 266 liberamque
950 239 965 258 a
980 234 1001 260 A
1016 237 1114 258 nactus
1135 239 1234 264 essent,
1261 230 1453 266 aquarductum
1478 233 1600 266 condidi,
1620 239 1647 261 et
1665 240 1803 262 carentem

178 279 328 307 seminibus
345 278 552 306 haereticorum.
576 277 701 312 Angebat
724 277 798 303 enim
820 285 864 304 me
880 277 964 303 vehe-

175 329 283 354 menter
301 325 467 352 exsecrandi
479 324 625 351 Marcionis
636 331 726 356 error,
742 323 787 357 qui
802 331 964 358 magnopere

176 370 336 398 invaluerat.
364 369 414 396 Ille
437 374 530 397 autem
552 367 702 395 obtestanti
724 368 791 394 mihi
814 376 820 393 :
841 368 891 394 Νει
913 376 962 400 me,

175 415 272 451 inquit,
293 423 341 442 nec
360 414 415 442 alio
430 415 502 450 apud
523 414 608 441 Deum
625 414 670 440 tibi
697 422 761 449 opus
788 417 825 440 est
840 414 901 440 inte'
914 422 965 440 τεε-

174 470 248 495 nm;
266 468 404 489 «omnium
419 461 499 488 habet
513 459 657 492 Joannem,
688 459 763 486 Verbi
788 467 885 491 vocem,
913 459 962 486 Do-

175 508 236 535 mini
263 513 468 542 prcrurwrem,
498 506 543 540 qui
559 506 605 532 hoc
620 513 666 540 pro
683 509 707 531 te
721 504 878 539 deprecatur
900 505 962 531 issi-

176 556 232 580 due.
248 561 258 578 ι

204 597 314 631 Quanta
333 597 377 624 vis
391 596 465 623 foret
478 596 612 631 ejusmodi
627 604 738 630 precum
754 596 787 623 ad
808 598 815 606 ‘
832 604 960 623 coercen-

174 643 237 670 dum
251 642 418 674 daemonem,
434 649 470 669 ne
485 649 542 676 prae
562 641 676 672 invidia,
694 649 748 675 qua
770 642 960 676 rumpebatur,

175 687 308 715 laboranti
330 686 498 718 obsisteret,
521 690 631 713 ostento
659 686 732 713 Deus
757 685 961 713 Theodoretum

175 732 323 761 admonuit.
351 741 361 758 α
381 731 465 760 Venit
490 731 651 766 aliquando,
676 731 769 766 inquit
779 732 812 764 ",
830 731 864 759 de
881 736 961 759 nocte

176 779 289 807 exitialis
308 778 423 813 quidam
451 778 570 808 daemon,
595 781 624 804 et
641 777 709 813 Syra
731 778 847 812 loquens
870 786 958 805 voce:

178 823 242 857 Quid
259 824 329 851 heus
343 828 372 850 tu
383 823 488 850 bellum
501 823 574 858 geris
586 830 649 850 cum
662 823 798 850 Marcione
808 823 819 849 ἒν
831 823 886 850 Cur
900 829 955 850 lan-

178 869 237 896 detu
259 876 322 896 eum
347 868 395 895 illo
414 868 487 895 hanc
508 875 626 902 pugnam
643 867 810 902 suscepisti?
826 867 895 900 Quid
915 867 960 894 ille

1016 275 1096 309 aquis
1111 275 1251 302 civitatem
1265 276 1344 310 aquis
1362 277 1476 310 replevi.
1500 287 1508 302 ι

1052 319 1124 352 Quin
1144 320 1227 346 etiam
1251 320 1285 346 de
1313 321 1437 348 lcvandis
1460 323 1592 349 oneribus
1610 330 1671 350 cum
1686 323 1801 351 Pulche-

1014 365 1054 391 ria
1070 365 1190 400 Augusta
1204 367 1259 400 egit
1277 374 1325 401 per
1342 367 1458 398 litteras,
1483 368 1668 396 miserabilem
1685 371 1804 397 civitatis

1014 414 1115 437 statum
1137 410 1266 437 ﬂebiliter
1286 419 1426 445 exponens
1452 412 1485 443 ’9,
1511 413 1554 439 cui
1581 421 1679 447 nempe
1711 424 1719 440 ε
1747 420 1800 441 tam

1014 463 1099 490 grave
1114 463 1184 483 onus
1197 456 1384 488 incumbebat,
1403 463 1432 483 ut
1449 462 1476 484 et
1488 459 1587 492 praedia
1600 460 1684 486 multa
1699 461 1805 488 colonis

1014 501 1143 528 destituta
1158 506 1259 533 essent,
1274 502 1359 528 multa
1376 503 1458 529 etiam
1475 511 1489 530 a
1503 505 1710 538 possessoribus
1726 506 1804 540 peni-

1014 550 1058 573 tus
1078 547 1186 574 dcscrta
1205 556 1211 573 :
1235 552 1263 574 et
1289 555 1338 582 pro
1362 548 1405 574 his
1427 549 1606 576 nihilominus
1624 550 1802 585 exigerentur

1013 591 1197 619 infelicissimi
1212 592 1386 626 decuriones,
1400 593 1458 628 qui,
1475 595 1646 621 exactionem
1664 596 1801 623 ferrenon

1012 638 1144 669 valentes,
1161 638 1261 672 partim
1279 639 1480 671 mcndicarent,
1496 640 1594 674 partim
1610 640 1673 675 fuga
1688 649 1717 667 se
1737 641 1802 668 sub-

1013 684 1156 719 ducerent.
1175 693 1184 709 ι

1047 729 1117 762 Quid
1137 730 1210 763 quod
1230 730 1367 758 laboranti
1388 731 1492 757 civitati
1515 731 1665 763 medicum,
1686 740 1740 766 quo
1755 741 1801 759 ca-

1012 775 1100 808 rebat,
1126 776 1234 810 aliaque
1264 777 1397 811 ejusmodi
1426 777 1521 811 plura,
1549 785 1610 811 quae
1631 778 1741 812 longum
1760 785 1802 804 rc-

1010 823 1092 855 ferre,
1122 824 1298 858 procuravit,
1325 825 1417 850 animo
1441 824 1644 853 admirabiliter
1674 826 1798 858 liberali,

1010 874 1095 901 egens
1108 867 1177 901 ipse,
1195 872 1226 894 ut
1239 867 1285 894 alii
1301 868 1482 896 abundarent.

175 913 221 941 tibi
247 913 380 941 molestiae
408 901 528 940 creavit?
545 901 649 939 Bcllare
669 901 781 944 desine,
800 912 958 939 inimicitias
977 901 997 927 Β
1044 912 1089 939 IX.
1118 913 1210 947 Neque
1239 921 1306 940 vero
1332 914 1498 941 Theodoreti
1527 915 1707 943 beneficentia
1732 924 1800 943 eon—
1835 950 1838 951 ν

173 958 287 993 depone,
309 962 358 986 aut
383 957 557 993 experientia
576 958 676 990 disces,
698 962 831 992 quantum
855 959 957 985 bonum

171 1003 206 1030 sit
223 1003 314 1038 quies.
330 1003 407 1030 Scito
437 1002 513 1030 enim
536 1003 610 1037 quod
626 1008 651 1030 te
666 1003 720 1038 jam
741 1004 847 1038 pridem
862 1004 957 1031 confo—

171 1050 288 1082 dissem,
313 1050 367 1077 nisi
398 1055 548 1085 martyrum
577 1050 693 1077 chorum
715 1058 776 1077 cum
802 1051 906 1078 Jacobo
931 1056 957 1078 te

170 1095 372 1125 custodientem
385 1097 527 1124 vidissem.
547 1096 609 1124 llrec
619 1105 669 1132 ego
686 1097 789 1129 audivi,
803 1102 831 1124 et
850 1098 958 1124 cuidam

168 1149 184 1170 e
203 1142 401 1175 familiaribus,
419 1143 467 1178 qui
485 1144 561 1178 juxta
588 1143 751 1175 dormiebat,
768 1144 893 1176 Audisne,
915 1147 957 1170 in—

168 1194 261 1222 quam,
283 1195 344 1223 qua
371 1187 518 1214 dicuntur?
532 1188 566 1215 Et
582 1188 628 1215 ille
646 1197 652 1214 :
670 1188 776 1220 Omnia,
790 1189 890 1223 inquit,
908 1199 957 1216 au-

167 1232 234 1265 diri;
263 1237 288 1259 et
314 1241 376 1259 cum
400 1241 509 1267 surgere
530 1232 631 1265 liberet,
657 1238 686 1259 ut
702 1233 855 1268 dispicerem
871 1239 894 1260 et
915 1243 958 1260 co-

167 1286 320 1314 gmcerem
342 1279 400 1314 quis
425 1278 588 1314 loqueretur,
611 1283 657 1306 tua
673 1288 754 1306 causa
775 1280 872 1312 destiti,
890 1281 959 1316 quod

168 1329 192 1350 te
212 1323 335 1351 dormire
363 1323 527 1352 arbitrabar.
550 1324 700 1359 Surgentes
717 1325 801 1359 igitur
824 1326 914 1358 ambo,
931 1330 959 1352 et

167 1369 435 1404 cirwmspicientes,
462 1377 515 1397 nec
538 1375 644 1397 motum
670 1370 764 1402 ullius,
789 1379 841 1398 nec
864 1379 957 1398 vocem

167 1414 336 1443 audivimus.
358 1414 450 1443 Verba
473 1423 556 1450 porro
575 1415 621 1442 illa
644 1416 790 1442 nobiseum
816 1416 960 1443 audierant

166 1460 209 1488 alii
235 1467 353 1495 quoque
379 1460 534 1488 domestici.
565 1460 690 1488 Intellexi
721 1469 786 1495 ergo
809 1466 958 1496 martyrum

167 1506 282 1534 diorum
300 1507 335 1534 ab
349 1515 383 1535 eo
400 1507 454 1535 dici
470 1508 610 1543 lecythum
631 1508 695 1540 olei,
715 1509 761 1542 qui
785 1509 926 1535 collectam
944 1516 959 1535 a

1010 961 1083 984 tenta
1096 957 1148 984 fuit
1170 958 1315 993 Cyrestir-ze
1336 959 1445 991 finibus,
1470 964 1498 987 et
1514 968 1624 987 suarum
1640 961 1798 989 facultatum

1009 1004 1089 1030 modo
1103 1013 1109 1030 :
1125 1004 1173 1031 sed
1185 1005 1306 1032 extendit
1318 1013 1347 1032 se
1361 1006 1453 1037 latius,
1474 1007 1644 1041 aliarumque
1657 1008 1798 1042 regionum

1008 1054 1129 1083 egentes,
1149 1057 1218 1084 quos
1238 1051 1296 1077 suis
1316 1059 1370 1078 non
1393 1057 1509 1086 poterat,
1530 1052 1681 1079 amicorum
1699 1054 1798 1087 opibus

1005 1095 1100 1130 juvit:
1127 1100 1210 1123 testes
1240 1097 1371 1131 epistolze,
1397 1098 1498 1132 quibus
1522 1098 1633 1125 divitias
1649 1099 1707 1126 sive
1730 1108 1798 1134 quas

1009 1147 1152 1175 acceperat
1167 1151 1181 1169 a
1195 1143 1355 1177 parentibus
1378 1144 1570 1177 ainplissimas,
1593 1144 1649 1171 sive
1667 1153 1734 1180 quas
1745 1145 1797 1180 Cy~

1009 1188 1097 1214 rensis
1113 1188 1233 1215 Ecclesia
1256 1196 1311 1215 non
1335 1189 1488 1216 mediocres
1510 1190 1678 1224 possidebat.
1694 1199 1798 1226 paupe-

1009 1234 1085 1261 ribus
1110 1242 1138 1261 sc
1160 1235 1288 1269 largitum
1308 1235 1387 1261 fateri
1406 1235 1553 1270 aliquando
1566 1240 1678 1263 coaetus
1693 1241 1750 1269 est,
1770 1241 1798 1264 et

1009 1283 1121 1313 amicos.
1136 1287 1165 1308 ut
1178 1283 1249 1309 idem
1260 1283 1391 1313 facerent,
1402 1283 1502 1309 litteris
1514 1283 1692 1311 vehementer
1704 1284 1798 1311 incen-

1009 1327 1063 1358 dit;
1078 1328 1150 1362 quod
1164 1335 1214 1354 suo
1227 1332 1349 1362 tempore
1365 1328 1549 1355 narrabimus.

1045 1371 1078 1398 Χ.
1095 1372 1278 1399 Fucruntista
1291 1372 1355 1399 boni
1370 1373 1422 1399 viri
1446 1372 1548 1404 ofﬁcia,
1571 1373 1629 1400 hch
1650 1374 1794 1408 prudentis

1009 1417 1090 1443 simul
1105 1422 1131 1444 et
1142 1418 1304 1444 charitatem
1319 1418 1461 1445 sectantis.
1474 1419 1508 1445 Ut
1520 1427 1656 1453 quemque
1673 1425 1796 1451 noverat,

1009 1461 1050 1487 vel
1061 1461 1214 1488 sanctitatis
1224 1462 1294 1488 fama
1306 1463 1454 1493 celebrem,
1472 1464 1513 1489 vel
1529 1464 1653 1490 doctrina
1668 1464 1796 1495 nobilem.

1009 1507 1051 1533 vel
1064 1507 1227 1534 auctoritate
1243 1507 1389 1541 pollentem
1401 1528 1407 1539 ,
1423 1508 1460 1535 ita
1476 1509 1562 1543 ipsius
1586 1510 1734 1536 amicitiam
1753 1519 1799 1538 ca-

164 1552 261 1583 multis
285 1553 454 1589 martyribus
477 1553 698 1583 benedictionem
729 1553 892 1585 continens,
925 1554 956 1581 ad
972 1570 993 1597 ε
1010 1551 1104 1585 piabat
1123 1561 1128 1578 :
1149 1552 1215 1586 quid
1233 1552 1306 1578 enim
1322 1553 1417 1579 utilius
1429 1553 1455 1579 in
1469 1562 1576 1580 onmem
1596 1554 1658 1580 vita:
1674 1556 1798 1589 partem?

163 1598 270 1633 lectum
288 1606 381 1631 meum
402 1607 553 1634 suspensus
580 1603 639 1626 erat
655 1608 661 1626 :
677 1600 729 1626 sub
753 1599 842 1634 capite
866 1604 957 1626 autem

162 1651 223 1673 meo
245 1645 452 1681 magni'Jacobi
468 1651 548 1673 vetus
572 1645 625 1672 fuit
645 1646 770 1681 pallium,
795 1645 868 1680 quod
891 1646 957 1672 mihi

161 1691 286 1720 validius
298 1695 360 1719 erat
371 1691 444 1719 vallo
455 1691 576 1727 quodam
592 1692 779 1719 adamantino.
805 1702 814 1717 ›

196 1747 284 1784 ιᾷῚ
303 1748 359 1776 Vl].
380 1748 449 1776 Dum
465 1749 502 1776 ita
526 1749 600 1776 Deus
615 1749 714 1783 emptis
730 1749 843 1781 faveret,
868 1749 960 1775 Theo-

159 1792 282 1820 doretus
307 1791 431 1820 vicissim
458 1792 558 1820 divinae
590 1793 658 1828 legis
688 1801 794 1820 memor
818 1793 957 1819 assiduam

158 1837 343 1874 praesentiam
366 1838 506 1874 parochias
528 1839 686 1869 exhibebat.
709 1839 776 1866 Nam
796 1839 847 1866 etsi
861 1838 958 1865 Antio-

158 1883 230 1912 chiae
256 1883 381 1911 subinde
408 1884 526 1912 haberet
551 1884 710 1916 conciones,
730 1884 839 1919 quoties
860 1892 959 1919 nempe

157 1929 324 1962 adveniret,
337 1937 367 1957 se
383 1934 475 1957 tamen
492 1934 573 1965 negat
588 1938 709 1965 unquam
724 1930 879 1962 advenisse,
892 1931 958 1965 quin

159 1973 302 2002 tractoria
325 1978 474 2002 vocaretur
491 1975 525 2002 ad
541 1974 671 2010 synodos,
696 1983 710 2001 a
735 1975 836 2009 quibus
864 1975 959 2002 abesse

154 2020 238 2048 nefas
276 2025 361 2048 esset.
385 2029 394 2046 ε
426 2020 540 2048 Noverit
556 2020 717 2056 magnitudo
746 2025 792 2047 tua
830 2021 957 2056 (Nomum

152 2066 317 2102 alloquitur
337 2065 383 2102 "),
406 2073 450 2093 me
470 2073 521 2093 nec
534 2071 660 2101 tempore
677 2066 830 2094 beatissimi
856 2066 958 2093 sancti-

153 2119 211 2148 que
242 2111 400 2143 Theodoti,
429 2119 482 2139 nec
498 2111 549 2139 sub
568 2112 654 2139 beatae
674 2112 813 2139 memoriae
833 2112 936 2139 Joanne
951 2132 958 2144 ,

153 2166 208 2186 nec
247 2157 306 2186 sub
341 2157 516 2187 sanctissimo
548 2158 678 2192 episcopo
712 2157 825 2184 domino
854 2157 960 2184 Domno

152 2209 262 2240 sponte
293 2210 354 2231 mea
374 2203 494 2230 intrasse
518 2203 712 2234 Antiochiam,
737 2202 784 2229 sed
814 2202 960 2236 quinquies

151 2257 187 2277 ac
229 2249 329 2277 sexies
369 2253 497 2276 vocatum
549 2248 595 2275 vix
647 2248 783 2283 paruisse.
825 2248 958 2274 Parebam

152 2298 276 2325 autem,
303 2297 335 2320 ut
368 2293 558 2321 ecclesiastico
587 2292 686 2320 canoni
708 2292 886 2327 obscquerer,
911 2293 958 2327 qui

151 2348 239 2369 reum
276 2339 375 2367 haberi
398 2339 479 2374 jubet
501 2346 584 2371 eum,
610 2338 658 2373 qui
685 2338 719 2365 ad
741 2338 874 2373 synodum
909 2346 958 2365 vo-

151 2391 240 2415 catus
263 2385 364 2413 adesse
385 2385 514 2412 noluerit.
539 2394 549 2410 »
565 2385 666 2412 Verum
692 2384 742 2411 ista
760 2384 865 2415 videre,
888 2391 958 2418 quo-

150 2431 246 2460 modo
268 2438 334 2458 cum
353 2430 547 2466 superioribus
572 2435 654 2465 atque
676 2430 759 2457 etiam
780 2430 960 2464 sequentibus

150 2482 222 2512 apte
237 2476 412 2508 cohercent,
425 2483 480 2503 non
503 2479 545 2503 est
559 2476 680 2503 hominis
692 2479 832 2510 utcunque
845 2476 957 2503 oculati.

190 2533 271 2561 VIII.
305 2532 370 2560 Suis
392 2531 561 2568 Cyrensibus
586 2532 658 2559 bona
687 2532 770 2559 etiam
798 2532 959 2566 temporalia

151 2577 301 2615 providit.
322 2587 332 2604 ι
354 2577 482 2605 Publicas
501 2578 636 2613 porticus,
654 2577 745 2611 inquit
763 2577 795 2608 ’⁸,
813 2584 846 2603 ex
862 2577 958 2604 rediti-

151 2625 214 2652 bus
231 2622 435 2652 ecclesiasticis
456 2623 542 2655 erexi,
555 2627 654 2657 pontes
675 2622 745 2649 duos
760 2622 892 2649 maximos
910 2630 958 2649 ex-

151 2668 266 2701 struxi,
290 2667 455 2695 balnearum
477 2667 652 2703 publicarum
680 2675 772 2695 curam
797 2667 878 2702 gessi,
896 2675 957 2694 cum

150 2724 190 2743 ex
216 2714 344 2742 alluente
363 2713 477 2740 ﬂumine
507 2722 591 2748 aquas
617 2713 789 2740 haurientem
818 2713 957 2740 civitatem

1044 1607 1136 1634 Coluit
1161 1608 1187 1635 in
1206 1608 1316 1643 primis,
1342 1613 1371 1635 ut
1386 1613 1509 1643 patroni,
1528 1610 1656 1636 Acacium
1673 1611 1799 1639 Bcru‘en-

1009 1660 1078 1685 sem,
1095 1661 1213 1687 eumque
1230 1661 1284 1680 non
1306 1654 1428 1680 laudavit
1452 1658 1556 1681 tantum
1580 1656 1655 1682 velut
1670 1657 1799 1690 apostoli-

1009 1707 1071 1725 cum
1083 1699 1182 1728 virum.
1201 1699 1248 1726 sed
1260 1699 1341 1726 etiam
1358 1700 1460 1734 pressis
1482 1700 1563 1735 148
1580 1701 1702 1736 vestigiis
1720 1710 1799 1729 secti—

1010 1748 1053 1771 tus
1069 1749 1111 1771 est
1127 1749 1255 1778 tanquam
1275 1744 1337 1771 vita:
1356 1744 1464 1771 ducem.
1480 1744 1568 1771 Coluit
1590 1745 1694 1779 pariter
1711 1746 1797 1772 Joan—

1010 1798 1072 1816 nem
1089 1790 1301 1820 Antioehenum,
1312 1794 1338 1816 ct
1349 1794 1458 1824 propter
1467 1790 1612 1821 cathedrae,
1621 1790 1664 1817 cui
1677 1790 1796 1823 suberat,

1010 1834 1182 1869 dignitatem,
1201 1839 1228 1861 et
1245 1838 1274 1861 ut
1291 1839 1426 1861 amantem
1441 1835 1606 1865 redamaret,
1622 1836 1798 1863 ctimmensis

1009 1880 1052 1906 sui
1073 1880 1200 1906 laudibus
1228 1879 1332 1906 cultum
1360 1879 1535 1913 rependcrct.
1561 1879 1652 1907 Coluit
1672 1880 1799 1907 similiter

1006 1926 1143 1953 Andream
1165 1925 1384 1956 Samosatenum,
1403 1926 1492 1952 virum
1518 1929 1575 1952 toto
1595 1925 1706 1953 Oriente
1732 1927 1799 1954 cele-

1010 1972 1087 1999 brem
1104 1992 1110 2003 ,
1137 1971 1183 2005 qui
1210 1971 1340 1998 adversus
1366 1971 1484 2005 capitula
1504 1971 1598 2006 Cyrilli
1619 1970 1798 1999 Orientalium

1009 2018 1120 2045 nomine
1147 2018 1316 2053 objectiones
1332 2019 1453 2053 scripsit.
1471 2019 1541 2051 Quin
1562 2023 1590 2046 et
1604 2019 1798 2047 Constantino-

1009 2064 1063 2097 poli
1076 2064 1224 2090 multorum
1237 2064 1383 2091 amicitiam
1404 2065 1517 2098 appetiit
1530 2085 1535 2095 ,
1551 2064 1632 2091 etiam
1643 2069 1796 2099 potentum,

1010 2109 1057 2135 sed
1072 2117 1166 2136 eorum
1189 2110 1314 2141 maxime,
1338 2110 1384 2144 qui
1405 2111 1530 2137 Nestorio
1552 2110 1686 2143 faverent,
1708 2111 1799 2146 cujus-

1011 2153 1083 2180 modi
1122 2154 1273 2181 Antiochus
1304 2156 1448 2189 praefectus
1475 2156 1603 2190 praetorio
1630 2160 1657 2183 et
1684 2157 1798 2189 consul,

1010 2197 1129 2225 Irenzeus
1140 2206 1241 2230 comes,
1254 2200 1355 2234 aliique
1371 2200 1472 2234 plures.

975 2236 998 2265 Β
1046 2243 1099 2271 Sed
1121 2245 1208 2271 voluit
1227 2246 1253 2271 in
1279 2245 1376 2280 primis
1396 2246 1483 2273 videri
1506 2246 1708 2274 necessitudine
1731 2254 1799 2274 con-

1010 2290 1122 2325 junctus
1132 2298 1193 2317 cum
1203 2291 1381 2319 sanctissimis
1390 2292 1544 2326 quibusque
1557 2292 1707 2324 monachis,
1718 2300 1799 2326 quam

1012 2339 1043 2362 ut
1057 2339 1224 2368 ostentaret,
1245 2344 1299 2362 non
1323 2336 1517 2363 defunctorum
1530 2337 1622 2368 modo.
1635 2337 1800 2372 quibuscum
1820 2355 1830 2362 .

1012 2380 1184 2408 familiariter
1202 2382 1316 2416 egisset,
1335 2382 1383 2409 sed
1403 2382 1556 2409 viventium
1581 2391 1690 2418 quoque
1711 2383 1799 2410 admi—

1014 2424 1115 2451 randos
1129 2433 1230 2460 agones
1245 2426 1385 2453 memoriae
1402 2427 1542 2455 mandavit
1559 2437 1565 2454 :
1583 2433 1664 2463 atque
1681 2428 1738 2456 hatc
1759 2434 1800 2457 est

1013 2470 1147 2505 Religiosa
1175 2472 1297 2499 Historia
1313 2494 1320 2505 ,
1346 2473 1390 2500 cui
1418 2473 1556 2501 Philol/iro
1588 2483 1687 2502 nomen
1711 2475 1800 2510 impo-

1011 2515 1075 2543 suit.

1048 2574 1206 2602 Absentiam
1226 2577 1386 2610 ainieorum,
1402 2586 1471 2613 quos
1487 2579 1639 2606 Antiochia:
1656 2578 1801 2605 discedens

1014 2621 1175 2655 reliquerat,
1194 2622 1333 2650 solabatur
1348 2624 1453 2652 crebris
1470 2632 1520 2658 per
1532 2624 1641 2651 littera:
1656 2623 1799 2651 salutatio-

1013 2666 1105 2698 nibus,
1123 2666 1206 2702 idque
1218 2668 1368 2702 praesertim
1387 2675 1463 2695 more
1479 2668 1569 2702 gentis
1586 2672 1647 2703 post
1664 2668 1801 2696 solemnes

1012 2712 1080 2745 dies,
1097 2712 1155 2740 sive
1169 2715 1175 2722 ‘
1185 2714 1332 2745 nascentis,
1348 2713 1405 2740 sive
1423 2713 1591 2748 resurgentis
1606 2712 1798 2741 Christi.Hinc

846 2787 945 2815 SCHUl
953 2787 1003 2815 .le
1022 2786 1136 2815 ΝΟΤιΕ.

193 2868 223 2886 ³⁵
239 2867 311 2896 Hist.
329 2866 422 2903 relig.,
441 2874 500 2901 cap.
511 2867 557 2894 2i.
594 2866 617 2882 "'
631 2866 717 2901 Epist.
732 2866 776 2893 81.
814 2866 837 2882 ¹⁸
850 2865 919 2893 lbid.
958 2866 980 2882 "
995 2865 1085 2897 Epist.
1098 2864 1148 2892 45..
