4080 6484
497 338 596 402 103

1554 335 1933 398 GARNERII
1969 334 2466 397 DISSER'I‘ATIO
2506 333 2554 393 Ι.

3667 331 3767 398 104

494 462 576 507 tot
597 447 940 505 heortastica
971 446 1217 518 epistola
1247 445 1554 502 etiamnum
1597 445 1910 512 habentur,
1951 446 2080 517 qui-
2113 456 2155 512 Α
2184 461 2304 510 nos,
2342 444 2438 516 qui
2472 452 2529 499 et
2573 442 2823 497 Ληοωωὶ
2866 438 3231 509 dicebantur;
3257 440 3636 501 Macedoniam
3665 447 3765 502 tri-

495 543 618 604 bus,
656 540 763 595 etsi
803 539 1143 594 brevissima
1200 536 1333 599 sint,
1381 544 1443 590 ut
1503 535 1860 591 salutationes
1901 537 2078 600 decet,

495 632 632 686 nihil
653 639 748 684 aut
779 628 1048 684 urbanius
1081 626 1322 682 inveniri
1352 635 1561 696 potest,
1601 635 1697 682 aut
1737 627 2044 697 elegantius
2064 667 2078 692 ,

491 733 588 777 aut
613 721 780 777 etiam
813 719 984 789 magis
1016 719 1188 788 pium.

562 815 653 869 XI.
697 812 1031 867 Eorumdem
1089 810 1393 864 amicorum
1445 808 1666 864 casibus
1708 807 2079 871 afﬁciebatur,

492 904 722 976 perinde
745 919 808 958 ac
832 902 968 967 suis,
1001 901 1151 972 quod
1173 901 1416 978 hominis
1436 901 1636 955 eximie
1673 900 1897 971 benigni
1923 917 1936 952 :
1963 899 2082 954 hac

493 1012 657 1052 causa
701 995 824 1058 fuit,
849 1010 951 1050 cur
977 993 1379 1050 consolatorias
1412 993 1627 1047 litteras
1662 992 1923 1061 frequens
1948 992 2084 1047 scri-

493 1088 672 1149 beret,
695 1087 958 1156 episeopo
979 1085 1205 1156 quidem
1239 1085 1456 1155 dignas,
1507 1085 1603 1139 sed
1635 1085 1863 1138 humani
1898 1093 2082 1139 tamen

493 1192 692 1231 sensus
729 1191 839 1230 non
868 1176 1082 1230 inanes.
1116 1173 1258 1240 Quid
1294 1174 1595 1228 humanius
1627 1173 1714 1228 his
1751 1173 1819 1226 ad
1843 1172 2081 1228 Alexan—

493 1269 650 1322 dram
663 1267 1064 1322 nobilissimam
1081 1267 1340 1321 feminam
1358 1265 1635 1320 verbis“?
1662 1285 1680 1316 ι
1710 1264 1960 1328 Sicasus,
1986 1265 2083 1335 qui

498 1359 596 1414 tibi
633 1359 856 1424 accidit,
893 1359 1063 1413 solam
1094 1366 1354 1412 naturam
1389 1356 1800 1412 considerarem
1823 1394 1837 1418 ,
1863 1371 2083 1425 egerem

494 1457 552 1505 et
597 1465 699 1521 ego
739 1450 856 1519 ipse
890 1449 1361 1512 consolatoribus,
1403 1463 1516 1502 non
1561 1447 1738 1503 solum
1771 1447 1919 1518 quod
1961 1463 2083 1502 mea

495 1557 619 1596 esse
654 1541 878 1606 ducam,
922 1556 1044 1610 qua
1088 1549 1181 1594 tua
1229 1548 1390 1602 sunt,
1437 1547 1551 1592 tum
1594 1539 1755 1600 lata,
1817 1547 1930 1594 tum
1976 1539 2084 1594 alia

497 1649 872 1704 quacunque;
913 1648 1108 1687 verum
1140 1632 1305 1686 etiam
1330 1631 1478 1701 quod
1502 1631 1886 1686 admirandum
1928 1632 2082 1686 illum

497 1740 562 1783 ac
601 1729 726 1798 jure
766 1725 1100 1780 laudandum
1142 1725 1324 1778 virum
1371 1724 1536 1779 unice
1577 1723 1885 1785 dilexerim,
1914 1731 2021 1778 etc.
2057 1742 2076 1774 ι

2186 537 2312 601 bus,
2338 535 2558 590 duobus
2585 532 2987 603 Apollinarium
3013 531 3234 588 refellit.

2247 625 2480 697 Scripsit
2504 625 2672 681 etiam
2704 624 3131 679 commentarios
3177 625 3235 680 in
3267 624 3493 682 Cantica
3517 629 3766 684 cantico-

2192 736 2338 784 rum,
2369 735 2480 774 non
2513 717 2610 788 qui
2649 715 2928 772 habentur
2961 716 3018 770 in
3044 716 3204 772 libris
3225 717 3430 774 editis:
3461 726 3592 774 sunt
3620 720 3766 775 enim

2183 808 2458 880 suppositi
2503 808 2548 840 ³¹
2590 825 2603 861 :
2651 806 2745 862 sed
2782 804 2910 872 alii,
2944 821 3086 887 quos
3123 806 3402 862 interiisse
3441 807 3500 861 in
3535 822 3768 864 censura

2180 902 2562 957 ostendemus.
2609 897 2845 968 Scripsit
2887 897 3097 969 pariter
3153 896 3212 952 in
3265 897 3548 956 Danielem
3605 908 3769 970 atque

2181 988 2320 1043 alios
2344 987 2663 1060 prophetas,
2692 985 2810 1042 sive
2837 985 2934 1058 qui
2955 983 3192 1056 majores
3222 985 3505 1054 dicuntur,
3523 988 3640 1044 sive
3671 991 3768 1060 qui

2181 1081 2447 1137 minores.

2252 1173 2431 1244 Atque
2483 1172 2617 1229 illud
2669 1172 2774 1229 fuit
2820 1171 3140 1229 tirocinium
3185 1172 3451 1240 auctoris,
3476 1188 3588 1244 quo
3605 1188 3771 1230 nemo

2181 1263 2342 1334 plura
2392 1263 2664 1318 dicendus
2711 1271 2796 1318 est
2841 1261 3084 1318 edidisse
3113 1263 3258 1318 inter
3296 1261 3536 1323 Gracos.
3571 1271 3773 1332 prater

2180 1353 2640 1427 Chrysostomum
2678 1363 2736 1410 et
2766 1353 3055 1426 Cyrillum,
3108 1354 3155 1410 si
3193 1353 3360 1410 modo
3386 1354 3658 1425 judicium
3683 1353 3769 1409 fe—
3843 1422 3846 1424 γ

2181 1445 2417 1502 rendam
2451 1446 2527 1501 sit
2556 1461 2626 1501 ex
2660 1446 2944 1516 operibus,
2984 1462 3106 1516 qua
3140 1445 3210 1500 ad
3241 1460 3343 1501 nos
3369 1455 3767 1516 pervenerunt.

2253 1538 2462 1593 Verum
2502 1538 2912 1593 laudatissimus
2961 1538 3052 1594 ille
3105 1546 3270 1609 atque
3316 1536 3644 1592 utilissimus
3672 1535 3773 1592 ad—

2181 1644 2378 1685 versus
2415 1629 2710 1685 hareticos
2767 1629 3002 1686 Arianos
3043 1639 3102 1686 et
3142 1628 3561 1700 Apollinaristas
3610 1628 3772 1684 labor

2183 1722 2378 1777 nocuit
2414 1722 2662 1787 auctori,
2713 1722 2925 1792 totique
2953 1722 3232 1786 Ecclesia,
3256 1736 3369 1776 non
3392 1735 3492 1791 per
3517 1735 3598 1786 se,
3632 1719 3770 1790 quid

569 1815 686 1870 XII.
731 1815 867 1870 Cum
912 1815 1112 1870 vicinis
1136 1815 1396 1871 omnibus
1440 1815 1714 1885 episcopis
1752 1830 1863 1870 non
1888 1815 2084 1869 huma-
2114 1826 2155 1880 Β
2183 1815 2331 1869 enim
2385 1815 2738 1870 consultius?
2793 1814 2889 1870 scd
2929 1813 3134 1870 infelici
3175 1813 3412 1885 quadam
3455 1814 3767 1869 occasione.

496 1924 623 1963 nam
645 1907 809 1962 modo
839 1907 1137 1962 amicitiam
1175 1908 1366 1972 coluit,
1413 1907 1508 1962 sed
1544 1907 1920 1963 Christianam
1945 1923 2084 1977 quo-

493 2016 604 2070 que
652 1999 998 2054 charitatem.
1048 1999 1110 2053 In
1165 1999 1530 2069 Euphratesia
1574 1999 1880 2069 provincia,
1923 2001 2082 2070 cujus

497 2107 626 2162 pars
653 2100 738 2146 est
771 2089 1072 2162 Cyrestica,
1112 2089 1339 2144 fuerunt
1371 2105 1436 2144 ea
1467 2098 1648 2155 atate,
1685 2091 1834 2160 quod
1857 2091 2081 2160 quidem

497 2183 692 2246 sciam,
724 2192 923 2251 prater
957 2180 1160 2250 Cyrum
1195 2180 1486 2236 duodecim
1533 2181 1820 2247 civitates;
1865 2182 2084 2252 scripta

497 2269 570 2323 ad
618 2268 860 2338 plurium
923 2269 1204 2324 antistites
1263 2269 1508 2339 epistola
1559 2286 1710 2326 nunc
1775 2271 2081 2337 habentur,

495 2363 690 2415 amica
734 2375 925 2415 omnes
958 2368 1015 2416 et
1042 2359 1325 2417 charitatis
1359 2377 1524 2417 sensu
1560 2362 1756 2432 plena.
1793 2363 2077 2418 Habentur

501 2468 635 2508 sane
673 2453 742 2508 ad
772 2452 1142 2508 Alexandrum
1161 2453 1630 2523 Hierapolitanum
1667 2455 1978 2525 primatem,
2013 2456 2081 2512 ad

501 2545 779 2602 Andream
804 2545 1244 2610 Samosatenum,
1270 2545 1536 2601 Joannem
1556 2546 2079 2615 Germaniciensem,

503 2635 914 2690 Theodoretum
947 2635 1786 2706 Zeugmatensem,Sabinianum
1805 2637 2082 2694 Perrhen-

499 2743 662 2794 sem;
725 2743 828 2782 nec
885 2724 1113 2781 dubium
1150 2727 1286 2797 quin
1326 2727 1396 2782 ad
1428 2727 1585 2792 alios,
1622 2728 1774 2785 velut
1825 2727 2079 2795 Dollehii,

504 2818 733 2888 Europi,
760 2816 1100 2882 Urimorum,
1124 2815 1512 2882 Neocasnrea,
1537 2816 1891 2888 Sergiopolis,
1928 2818 2084 2876 Sura

501 2921 562 2966 et
598 2909 1016 2980 Macrianopolis
1052 2909 1313 2979 prasides
1349 2928 1362 2963 :
1397 2925 1523 2964 nam
1558 2910 1744 2966 multa
1785 2921 1933 2978 sunt,
1969 2928 2083 2970 non

503 3001 782 3072 inscripta
822 2999 1044 3056 nomine
1103 3000 1338 3057 civitatis
1364 3041 1380 3068 ,
1432 3002 1591 3074 cujus
1637 3001 1706 3057 ad
1761 3003 2082 3076 episcopum

500 3093 880 3149 mittebantur.

2189 1907 2326 1962 Nam
2355 1921 2482 1962 eum
2514 1905 2901 1962 Theodoretus
2940 1907 3246 1979 praestigias
3289 1905 3516 1977 triginta
3557 1905 3768 1976 Apolli-

2186 1999 2361 2065 narii,
2399 2008 2769 2071 cognatasque
2821 1999 3053 2054 aliorum
3099 1999 3485 2055 hareticorum
3528 1997 3771 2069 argutias

2188 2093 2537 2157 dissolveret,
2595 2107 2794 2163 passus
2854 2099 2959 2157 est,
3014 2093 3160 2162 quod
3205 2092 3561 2148 vehementer
3586 2091 3768 2146 allecti

2187 2183 2369 2238 solent
2405 2201 2418 2236 :
2456 2182 2658 2237 formas
2685 2182 2916 2254 hujusce
2947 2182 3174 2238 haresis
3198 2181 3374 2247 ﬁnxit,
3415 2197 3482 2236 eo
3526 2181 3774 2236 fallacio-

2187 2290 2300 2340 res,
2339 2289 2452 2345 quo
2487 2273 2809 2338 invidiores,
2855 2289 3079 2344 easque,
3129 2289 3316 2330 amore
3358 2273 3484 2329 fidei
3529 2272 3769 2344 odioque

2187 2367 2395 2422 erroris
2417 2366 2722 2432 annitente,
2749 2365 2856 2422 alte
2882 2367 3068 2423 animo
3114 2367 3197 2423 sic
3227 2365 3527 2437 impressit,
3561 2375 3623 2422 ut
3653 2366 3770 2424 ha-

2188 2457 2339 2514 resin
2366 2466 2558 2529 postea
2592 2458 2698 2514 sibi
2750 2459 3063 2530 perspicere
3113 2458 3419 2524 videretur,
3455 2459 3510 2514 in
3536 2458 3766 2529 quibus.-

2189 2565 2407 2622 eunque
2451 2551 2612 2606 librls
2660 2557 3017 2607 occurrerent
3071 2551 3241 2607 verba
3295 2549 3440 2606 ﬂecti
3494 2549 3674 2604 facilia
3711 2549 3766 2605 in

2189 2643 2606 2714 prajudlcatum
2642 2658 2887 2699 sensum.
2921 2642 3047 2699 Haec
3071 2658 3101 2698 a
3131 2642 3298 2698 nobis
3321 2651 3384 2697 ut
3409 2642 3652 2707 brevius,
3691 2641 3769 2697 ita

2188 2732 2375 2788 forsan
2409 2733 2704 2791 obscurius
2733 2733 2901 2802 dicta,
2935 2748 3280 2807 consequens
3323 2749 3508 2790 rerum
3535 2742 3768 2792 eventus

2189 2823 2507 2881 declarabit.

2739 2942 2899 3015 150
2930 2941 3080 3000 CAP.
3129 2941 3220 3000 Iv.

2186 3056 2230 3114 I.
2253 3055 2866 3129 Constantinopolitana
2883 3055 3460 3129 Εςεςιεδ-ἱαξ-ριγιενίῖεἱιιιρν⁸
3475 3055 3765 3112 Nestorius.

2252 3127 2318 3183 II.
2356 3125 2659 3183 Theodoreti
2683 3129 2904 3182 amicus.
2933 3126 3079 3182 III.A
3113 3125 3376 3182 Theodoro
3403 3125 3767 3194 Mopsuesteno

571 3183 760 3253 Neque
795 3199 928 3239 vero
978 3199 1091 3240 sua
1139 3185 1440 3256 provincia
1487 3186 1688 3244 finibus
1723 3203 1878 3245 suam
1901 3187 2158 3248 amici-6
2259 3197 2516 3251 didicerat
2567 3199 2812 3257 heresin.
2864 3199 2946 3251 cui
3003 3213 3193 3252 nomen
3245 3197 3405 3251 dedit.
3471 3183 3558 3250 I'V.
3618 3195 3769 3251 Hanc

504 3272 635 3328 tiam
693 3273 987 3336 continuit,
1031 3273 1128 3328 sed
1185 3273 1252 3330 ad
1307 3275 1518 3330 vicinas
1564 3292 1785 3348 quoque
1818 3278 2085 3334 extendit.

581 3363 742 3436 149
783 3365 1203 3435 Euphratesiam
1256 3366 1556 3437 Augustam
1614 3369 1849 3424 attinent
1905 3368 1976 3424 ab
2022 3383 2089 3424 0-

501 3457 682 3512 riente
718 3455 1036 3523 Osrhoena;
1080 3473 1110 3510 a
1163 3457 1394 3514 meridie
1448 3457 1728 3514 Phoenicia
1778 3460 1978 3518 Libani
2031 3468 2089 3516 et

502 3546 663 3618 Syria
687 3545 900 3617 prima;
931 3546 999 3602 ab
1054 3547 1336 3604 occidente
1371 3548 1561 3607 Cilicia
1605 3552 1887 3618 secunda;
1936 3568 1968 3606 a
2001 3567 2088 3608 se-

501 3640 815 3710 ptentrione
851 3637 1126 3694 Armenia.
1164 3639 1462 3696 Osrhoena
1495 3651 1662 3712 caput
1694 3642 1800 3697 fuit
1833 3643 2036 3698 Edessa
2066 3660 2082 3710 ;

503 3728 676 3800 Syria
711 3729 901 3799 prima
927 3730 1201 3800 totiusque
1225 3731 1489 3798 Orientis,
1514 3733 1834 3801 Antiochia;
1856 3733 2082 3801 Cilicia,

501 3821 823 3876 Anazarbus
847 3839 862 3888 ;
895 3821 1165 3878 Armenia
1189 3824 1468 3890 secunda,
1497 3824 1781 3891 Melitene;
1811 3825 2086 3882 Armenia

502 3912 712 3982 prima,
741 3912 987 3969 Sebaste.
1019 3913 1101 3969 Ad
1127 3914 1465 3986 singularum
1492 3915 1781 3985 episcopos
1809 3916 2085 3975 scribebat

502 4003 784 4074 frequens,
823 4013 1146 4076 tantumque
1180 4022 1279 4077 per
1311 4006 1525 4062 litteras
1561 4006 1795 4062 faciebat
1827 4007 2085 4064 omnibus

503 4095 588 4148 sui
640 4111 904 4161 amorem,
942 4104 1004 4150 ut
1036 4095 1165 4151 inde
1193 4096 1542 4168 postmodum
1567 4104 1687 4152 orta
1719 4098 1791 4152 sit
1823 4099 2082 4155 erimina-

503 4187 736 4252 tionum,
777 4203 915 4258 quas
946 4202 1141 4257 passus
1185 4197 1290 4254 est,
1330 4189 1378 4245 si
1409 4203 1520 4246 non
1548 4201 1734 4255 causa,
1767 4190 1960 4245 saltem
1983 4205 2080 4246 oc-

502 4280 671 4335 casio.

572 4368 714 4424 XIII.
742 4369 859 4424 Jam
887 4368 1015 4424 inde
1044 4385 1074 4424 a
1100 4369 1291 4439 primis
1316 4369 1668 4440 episcopatus
1683 4370 1842 4425 annis
1872 4366 2079 4442 aliquid

499 4460 785 4530 scripsisse
821 4460 1052 4516 suadere
1080 4467 1266 4531 posset
1298 4460 1535 4515 hominis
1567 4461 1805 4516 eruditio
1835 4462 2076 4532 singula-

2264 3269 2732 3350 sparg'erenubilgue
2757 3268 2964 3350 nititur.
3011 3267 3076 3322 ν.
3115 3266 3328 3322 Obsistit
3357 3264 3767 3350 sanctus‘Cyrilf

2263 3335 2364 3391 lus.
2396 3335 2484 3391 VI.
2519 3335 2576 3392 S.
2613 3336 2921 3394 Caelestinus
2968 3354 3085 3391 eam
3121 3354 3238 3391 cum
3292 3347 3504 3391 auctore
3546 3335 3768 3394 dantnat

2264 3406 2446 3477 Romae
2462 3409 2516 3461 in
2546 3407 2764 3462 concilio
2793 3406 3106 3462 Occidentis.
3127 3407 3239 3475 ΥΠ.
3267 3405 3498 3477 Cyrillus
3518 3409 3570 3460 in
3592 3409 3768 3461 conci-

2263 3477 2334 3532 lio
2371 3476 2610 3549 zEgupti,
2650 3478 2790 3532 unde
2840 3479 2999 3532 mittit
3043 3478 3112 3531 ad
3144 3476 3448 3549 Nestorium
3495 3477 3768 3549 duodecim

2259 3546 2750 3618 anathematismos,
2799 3564 2918 3603 cum
2962 3549 3070 3603 suis
3109 3555 3167 3618 et
3214 3547 3515 3618 apostolicis
3558 3546 3765 3601 litteris.

2265 3617 2400 3673 VIII.
2464 3617 2821 3687 Theodoretus
2873 3626 3063 3687 rogatu
3118 3617 3346 3672 Nestbrii
3410 3619 3768 3687 anathemati-

2260 3703 2405 3742 smos
2435 3690 2631 3751 arquit.
2674 3686 2763 3742 IX.
2793 3685 3014 3741 Labitur
3061 3688 3117 3741 in
3171 3689 3413 3742 haresin.
3459 3686 3526 3740 Χ.
3564 3687 3767 3755 Lapsus

2260 3773 2450 3812 causa.
2500 3745 2591 3814 XI.
2631 3756 2872 3814 Enistola
2907 3757 2978 3811 ad
3018 3759 3341 3812 monasteria
3388 3755 3588 3814 Curillo
3618 3758 3769 3814 iuiu-

2257 3773 2450 3812 causw.
2504 3773 2591 3814 λι.
2631 3773 2872 3827 Epistom
2907 3773 2977 3811 aa
3018 3773 3341 3812 monasteria
3388 3773 3588 3828 (λεν-πιιο
3618 3773 3769 3827 inju-

2253 3828 2433 3955 rias?!
2453 3827 2568 3883 XII.
2599 3827 2900 3885 Gennadius
2927 3827 3050 3881 inde
3082 3828 3333 3882 adversus
3375 3825 3634 3900 Cyrillum
3679 3844 3770 3883 ac—

2261 3912 2354 3952 cen
2393 3915 2409 3951 ι
2438 3915 2523 3953 ur.

2261 3912 2523 3953 cenattur.

2566 4008 2586 4030 θ
2609 4010 2684 4060 Ab
2704 4023 2836 4060 anno
2857 4009 3037 4062 Christi
3061 4010 3152 4060 428
3187 4012 3246 4063 ad
3281 4011 3388 4062 ιδι.

2256 4112 2298 4168 Ι.
2321 4111 2509 4168 Annos
2527 4111 2642 4169 fere
2675 4122 2798 4168 octo
2822 4113 2877 4168 in
2912 4113 3227 4184 episcopatu
3251 4113 3628 4170 Theodoretus
3655 4116 3771 4186 jam

2185 4211 2412 4272 egerat,
2471 4218 2598 4258 cum
2640 4203 2901 4259 defuncto
2955 4203 3201 4260 Sisinnio
3241 4205 3405 4276 regia
3448 4207 3602 4261 urbis
3646 4208 3771 4278 epi-

2185 4304 2374 4361 seopo,
2415 4291 2694 4361 eleroque,
2737 4291 2882 4347 inter
2919 4293 3192 4362 agendum
3226 4293 3294 4349 de
3331 4310 3676 4360 successore,
3710 4296 3770 4350 in

2184 4388 2369 4448 partes
2426 4379 2621 4443 diviso,
2679 4380 2977 4449 imperator
3033 4383 3394 4450 Theodosius,
3451 4401 3563 4455 quo
3613 4387 3767 4442 litem

2185 4477 2574 4538 componeret,
2641 4470 2936 4527 Antiochia
2999 4473 3318 4548 Nestorium
3372 4479 3768 4533 accersendum

499 4549 598 4609 ris.
641 4557 698 4604 et
736 4550 1016 4621 ingenium
1055 4559 1386 4606 actuosum:
1425 4551 1521 4606 sed
1569 4551 1624 4606 id
1675 4551 1896 4622 epinari
1931 4561 2080 4607 vetat
2113 4551 2156 4604 Ι)
2184 4558 2458 4618 credidit.
2520 4559 2886 4632 Ecelesiaque
2950 4563 3565 4637 Constantinopolitanae
3631 4586 3771 4640 pra-

501 4642 645 4695 ratio
698 4643 998 4707 temporis;
1055 4658 1181 4695 nam
1236 4644 1473 4711 primum
1514 4659 1653 4714 opus
1696 4646 1842 4700 circa
1874 4661 2078 4702 annum

427 4719 438 4726 ’
498 4729 606 4785 425
629 4729 821 4786 edidit.
854 4731 1032 4799 Quare
1065 4729 1311 4802 quinque
1335 4732 1552 4803 priores
1585 4750 1758 4790 annos
1799 4736 1983 4805 posuit
2022 4736 2081 4790 in

499 4822 616 4876 suis
647 4821 983 4894 Cyrcnsibus
1006 4823 1075 4878 ad
1109 4839 1294 4878 veram
1317 4824 1579 4894 pietatem
1616 4826 1932 4882 excolendis
1951 4842 2080 4896 pro-

499 4912 857 4984 lligandisque
905 4914 1200 4978 haereticis,
1220 4916 1316 4986 qui
1359 4925 1491 4973 tunc
1520 4917 1796 4978 vigebant,
1835 4917 2076 4984 Arianis,

499 5004 921 5071 Macedonianis,
945 5015 1109 5075 atque
1130 5007 1556 5076 Apollinaristis.
1581 5009 1692 5064 llos
1721 5011 2081 5069 concionihus

498 5096 736 5166 primum
772 5097 1129 5168 oppugnavit,
1168 5112 1296 5152 mox
1318 5099 1498 5164 libris,
1523 5115 1682 5171 quos,
1710 5111 1771 5155 ut
1799 5103 1866 5157 ab
1898 5106 2079 5159 omni-

502 5189 604 5244 bus
651 5189 866 5244 facilius
917 5188 1251 5259 legerentur,
1280 5189 1622 5265 dialogorum
1659 5207 1813 5248 more
1856 5210 2079 5266 compo-

504 5279 609 5336 suit
647 5295 662 5334 :
697 5280 915 5336 duobus
942 5279 1108 5351 igitur
1139 5279 1388 5342 Arianos.
1429 5296 1524 5336 seu
1559 5284 1741 5356 potius
1778 5285 2078 5343 Eunomia-

2191 4651 2508 4706 ficiendum.

2258 4743 2324 4797 ll.
2354 4745 2487 4800 Erat
2520 4745 2611 4802 ille
2645 4748 2960 4818 eloquentia
2990 4758 3047 4805 et
3083 4751 3207 4806 vitae
3231 4752 3484 4808 instituto
3509 4754 3766 4815 celebris,

2186 4834 2586 4905 videbaturque
2631 4837 2806 4908 ipsius
2845 4840 3008 4894 etiam
3036 4840 3431 4912 Chrysostomi,
3477 4839 3765 4899 AntiOchia

2186 4926 2318 4980 olim
2375 4931 2607 4995 evocati,
2658 4946 2768 4985 non
2817 4931 3084 4987 absimilis
3125 4932 3385 4988 futurus:
3420 4951 3591 5004 quare
3643 4951 3766 4989 om-

2184 5017 2376 5082 nium,
2449 5029 2810 5092 praterquam
2863 5023 3191 5080 clericorum
3261 5029 3766 5098 monachorumque

2186 5109 2329 5165 votis
2369 5121 2648 5180 expetitus
2681 5113 3212 5186 Constantinopolim
3246 5121 3417 5185 venit,
3447 5122 3763 5179 ordinatus-

2185 5216 2292 5271 que
2321 5211 2406 5257 σει
2441 5203 2529 5258 die
2561 5204 2772 5259 decima
2810 5205 3012 5276 Aprilis
3044 5208 3174 5262 anni
3209 5209 3334 5264 428.

2259 5293 2350 5349 ιιι.
2388 5294 2613 5350 Viaerat
2656 5297 2846 5368 plures
2903 5313 3078 5354 annos
3133 5317 3259 5356 eum
3305 5303 3651 5362 Theodoreto
3703 5307 3759 5362 in

1851 5463 2163 5524 SCIIULZII
2204 5466 2432 5525 NOTfE.

578 5633 622 5663 ³ο
650 5631 822 5702 Epist.
864 5634 948 5689 Η.

1061 5635 1743 5728 Λβιέηςξξὶνῃηξιιρροέξιί.
1765 5647 1963 5728 .Multjs
1997 5649 2588 5728 quidemargumentis
2619 5655 2761 5710 hanc
2788 5655 3116 5728 hypothesin
3144 5677 3408 5719 exornare
3448 5663 3660 5720 studuit
3701 5666 3759 5721 in

499 5697 630 5757 uss.
654 5697 713 5769 2;
734 5719 774 5758 α
811 5703 864 5772 3,
902 5703 1016 5778 55;
1051 5707 1146 5764 sed
1175 5724 1369 5780 parum
1409 5697 1594 5769 vale’ré
1627 5697 1741 5782 tua,
1761 5697 1964 5786 ῑὶέὲἶιῖ
1993 5697 3086 5802 ἃιῖῑέεῐῇίῐίἕῖἑῖᾰῖὶὶἒέᾶἲὲἶιὸἶινὲὂῖιῖἧῗ
