2040 3230
152 175 204 208 105

760 175 941 206 HISTORIA
960 175 1214 211 TIIEODORETI.
1730 189 1778 222 106

149 231 267 258 mandm
285 231 380 259 Sancti
399 232 532 271 Euprepii
551 239 636 266 prope
654 231 839 262 Antiochiam,
863 230 942 264 eique
958 232 979 259 A
996 235 1101 260 tantum
1115 236 1200 269 regia,
1214 244 1262 263 nec
1276 237 1302 264 in
1318 237 1429 266 Oriente
1451 241 1551 273 solutn,
1579 242 1625 269 sed
1646 244 1727 270 etiam
1753 245 1778 272 in

147 281 210 303 erat
223 283 281 303 non
298 277 423 304 diuturni
439 282 542 304 tantum
561 276 746 308 contubernii,
770 276 816 303 sed
834 276 941 303 studio-

148 328 211 348 rum
234 321 319 348 etiam
335 329 368 349 ac
386 321 520 349 doctrinm
536 322 728 349 cmnmunione
749 322 940 357 conjunctissi-

147 375 227 395 mus:
239 368 398 396 habuerant
409 370 483 396 enim
500 370 580 396 ambo
592 377 764 397 communem
783 369 941 404 magistrum

147 413 228 442 libris
241 418 271 441 et
287 412 471 442 concionibus
493 416 631 443 celebrem
658 416 843 446 Theodorum,
864 416 941 450 cujus

147 459 260 494 scriptis
283 467 394 495 semper
408 481 414 492 ,
439 461 560 496 alloquio
583 461 731 488 idemidem
760 461 939 493 fruebantur,

147 510 229 540 prout
245 513 348 541 nempe
365 506 550 539 Antiochiam,
564 507 642 534 statis
653 507 820 542 synodorum
835 511 939 541 tempo-

149 549 236 583 ribus,
254 551 397 578 veniebat.
424 551 520 586 lbique
545 558 658 587 propter
673 552 863 578 incredibilem
880 560 939 579 om-

147 595 222 623 nium
235 596 398 631 opinionem
410 596 587 625 detinebatur
601 598 771 632 aliquandiu,
789 603 818 624 ut
830 597 940 624 audien-

147 641 213 669 tium
243 641 425 678 cupiditatem
454 643 586 678 expleret.
619 643 682 670 Inde
720 647 793 670 arcta
821 643 937 670 Nestorii

147 686 369 723 Theodoretique
387 688 572 715 necessitudo.
582 688 638 715 Etsi
649 693 722 715 tanta
737 693 796 715 erat
811 688 938 715 Theodo—

147 737 236 761 retum
254 732 330 761 inter
344 738 372 760 et
383 733 541 761 Nestorium
555 733 683 760 amicitize
701 734 866 765 necessitas,
883 741 936 759 nou

149 777 203 804 fuit
219 782 310 806 tamen
323 786 380 806 una
398 778 543 813 utriusque
557 779 674 811 indoles,
689 779 840 813 eademque
854 778 937 805 animi

150 823 317 858 propensio:
341 824 518 852 'l'beodoreto
543 825 650 852 sincera
683 833 778 856 mens,
810 824 937 851 Nestorio

150 867 281 909 subdola;
298 877 358 896 rem
374 869 461 905 ipsam
477 871 586 905 pietatis
599 870 788 897 Theodoretus
810 870 934 897 sectaba-

148 917 199 945 tur,
215 906 362 942 Nestorius
376 915 495 950 speciem
510 924 516 941 :
530 915 626 942 amicis
640 915 686 942 ille
703 922 773 949 pene
788 916 935 947 serviebat,
954 901 973 929 η

145 962 175 985 ut
201 956 342 992 dominis;
366 959 418 986 iste
448 960 579 987 utebatur
609 964 739 994 tanqttam
781 961 935 995 mancipiis.

143 1003 234 1032 Verbo
261 1004 364 1038 dicam,
389 1005 416 1033 id
441 1014 502 1034 esse
528 1006 615 1034 voluit
648 1006 848 1039 Theodoretus,
863 1008 936 1042 quod

141 1049 287 1078 Nestorius
302 1050 403 1079 videri.

175 1094 230 1128 Νη
243 1094 346 1124 Fertur
365 1097 388 1112 ³¹
412 1096 480 1124 falsa
500 1097 624 1132 quaedam
651 1098 684 1125 de
705 1098 832 1126 Nestorio
853 1098 934 1130 fama,

139 1139 227 1174 quod,
241 1148 308 1168 cum
327 1142 434 1170 accitus
454 1142 718 1178 Constantinopolim
746 1152 795 1178 per
813 1144 935 1171 Ciliciam

139 1185 281 1218 transiret,
294 1186 345 1214 ubi
361 1186 529 1221 Mopsuestia
546 1192 598 1219 est,
618 1188 794 1215 Theodorum
812 1189 937 1223 Mopsue—

138 1230 196 1259 stia;
219 1232 370 1266 praesulem
393 1233 543 1260 admodum
567 1241 673 1266 senem,
693 1235 793 1270 quippe
820 1236 936 1270 expletis

138 1278 194 1304 fere
205 1284 256 1304 sex
278 1281 307 1304 et
327 1277 440 1313 triginta
462 1278 639 1313 episcopatus
657 1280 746 1311 annis,
763 1281 933 1312 convenerit,

137 1322 278 1358 simulque
294 1323 442 1358 agitaverit
460 1324 575 1351 consilia
587 1325 621 1351 de
633 1325 745 1357 haeresi,
764 1334 845 1360 quam
862 1332 935 1353 uter-

137 1375 191 1402 que
207 1367 315 1395 dudum
340 1369 368 1395 in
396 1369 460 1396 sinu
483 1369 604 1402 fovebat,
619 1378 755 1405 quamque
774 1371 935 1399 Theodorus

137 1413 218 1440 etiam
237 1414 370 1448 scriptis,
404 1414 451 1442 sed
476 1415 610 1443 hactenus
631 1417 749 1451 pressis,
774 1418 932 1450 mandarat,

142 1457 216 1494 151
247 1467 300 1494 pro
326 1464 452 1495 tempore
484 1465 512 1488 ct
543 1462 603 1490 loco
629 1463 777 1497 aperienda
799 1473 804 1489 :
823 1464 934 1498 quando

140 1511 235 1539 nempe
250 1504 399 1533 Nestorius
411 1510 514 1533 tantam
527 1508 676 1541 potentiam
687 1508 933 1543 auctoritatemque

137 1548 207 1584 Iptl
237 1550 398 1587 principum
430 1552 537 1579 animos
555 1553 671 1587 adeptus
690 1554 801 1586 fuisset,
831 1559 932 1589 quanta

134 1602 202 1631 Opus
223 1599 290 1625 erat
315 1596 350 1624 ad
376 1601 432 1625 tam
455 1597 544 1625 audax
575 1598 682 1626 facilius
711 1599 882 1626 tentandum.
903 1600 932 1627 Id

132 1641 263 1676 quamvis
280 1641 317 1670 ab
336 1642 465 1678 Evagrio,
488 1647 601 1672 auctore
629 1645 796 1679 caeteroquin
826 1646 931 1679 nobili,

133 1685 274 1719 tradatur,
297 1692 404 1723 pugnat
429 1693 521 1715 tamen
541 1697 604 1716 cum
623 1690 728 1717 ratione
756 1695 931 1725 temporum:

130 1738 193 1759 nam
221 1730 303 1759 diem
327 1736 484 1760 extremum
507 1734 614 1761 obicrat
642 1735 815 1766 Theodorus.
844 1737 933 1770 prius—

128 1784 211 1811 quam
227 1777 266 1804 de
280 1777 459 1813 praeﬁciendo
476 1779 605 1806 Ecclesiae
622 1779 932 1815 Cunslanlinopolitanm

127 1821 263 1850 Nestorio
277 1823 457 1858 cogitaretur.
484 1823 543 1850 Non
571 1824 645 1850 enim
668 1825 745 1859 prius
771 1826 930 1860 cogitatum,

126 1875 208 1901 quam
225 1887 235 1899 ,
266 1866 399 1894 defuncto
423 1867 565 1900 Sisiunio,
596 1868 767 1895 divideretur
792 1870 818 1896 in
840 1876 932 1905 partes

127 1912 206 1940 urbis
225 1912 314 1948 regite
325 1913 427 1945 clerus,
437 1913 499 1940 aliis
510 1913 594 1940 alium
608 1915 753 1949 praesulem
764 1916 929 1942 volentibus.

124 1958 208 1993 Atqui
233 1957 387 1985 defunctus
401 1964 446 1986 cst
465 1958 604 1986 Sisinnius
629 1959 673 1986 die
695 1960 730 1986 2t
759 1960 929 1993 Decembris,

123 2011 190 2031 ann.
208 2003 282 2037 427,
296 2012 353 2039 quo
369 2013 444 2032 anno
460 2005 600 2033 Theodori
614 2006 707 2033 obitus
723 2007 848 2042 contigit.
859 2007 930 2040 Quo-

122 2050 207 2078 modo
222 2049 316 2085 igitur
329 2050 484 2083 Nestorius,
498 2051 557 2086 qui,
568 2059 623 2078 non
636 2056 699 2078 ante
711 2052 836 2079 Martium
851 2062 929 2080 tuen—

121 2103 180 2122 κω
199 2096 277 2123 anni
301 2095 366 2128 428,
383 2095 651 2132 Constantinopolim
669 2105 718 2131 per
741 2097 862 2125 Ciliciam
880 2107 928 2133 pc-

121 2141 175 2174 tiit,
192 2140 382 2168 Theodorum
397 2143 547 2170 convenire
562 2143 683 2177 potuerit
697 2143 708 2168 ?

153 2186 225 2214 Fuit.
242 2193 332 2222 porro
349 2186 489 2218 Theodori
512 2186 688 2223 Nestoriique
716 2189 829 2216 haeresis
856 2190 928 2225 inju-

992 279 1117 315 ngypto,
1135 282 1189 308 imo
1204 285 1267 310 etin
1287 286 1353 312 urbe
1369 286 1463 319 Roma,
1482 297 1537 323 quo
1558 298 1699 318 sermones
1716 300 1780 319 suos

994 327 1153 354 transmisit.

1029 371 1059 397 Υ.
1077 373 1222 407 Postquam
1247 384 1311 401 \cro
1332 378 1465 405 nefandus
1487 380 1588 406 Christi
1613 381 1699 409 hostis
1714 391 1780 417 pro-

992 416 1081 449 palata
1103 418 1200 445 haeresi
1219 425 1304 447 totum
1319 423 1413 449 orbem
1431 426 1588 457 commovit,
1603 416 1780 463 monitusque

992 463 1076 489 semel
1098 472 1130 490 ac
1148 465 1247 492 iterum
1272 475 1286 492 a
1306 472 1401 495 sancto
1424 469 1535 504 Cyrillo,
1560 479 1614 498 non
1632 473 1712 500 modo
1724 482 1778 501 non

992 507 1074 535 desiit
1102 509 1260 544 impietatis,
1292 513 1338 540 sed
1367 522 1426 541 eam
1454 516 1648 550 conﬁdentius,
1674 527 1727 553 qua
1752 521 1778 546 vi

992 554 1168 588 potentiaque
1191 555 1437 593 Constantinopoli,
1453 569 1506 594 qna
1519 561 1662 590 fraudibus
1676 564 1778 596 Romae,

992 598 1100 624 ﬁrmare
1125 608 1209 627 ausus
1230 606 1291 628 est:
1319 611 1363 630 res
1381 604 1414 630 ad
1431 605 1522 631 sedem
1537 608 1714 640 apostolicam
1730 609 1779 636 dc-

991 643 1042 669 lata
1061 644 1083 659 ³³
1097 650 1138 671 cst
1156 654 1204 679 per
1216 647 1332 679 litteras,
1347 653 1403 675 tum
1418 650 1522 685 Cyrilli,
1537 653 1678 685 querentis
1697 654 1779 682 simul

990 693 1017 714 ct
1037 692 1214 724 accusantis;
1237 698 1293 719 ttun
1320 695 1449 727 Nestorii,
1477 696 1556 723 ﬁdem
1583 705 1672 729 suam,
1689 700 1780 727 missis

990 740 1038 766 per
1063 734 1228 762 Antiochum
1256 738 1345 764 virum
1368 739 1502 767 illustrem
1516 743 1700 776 sermonibus,
1716 752 1781 778 pro—

990 778 1054 805 bare
1074 781 1231 808 adniti-ritis.

1024 825 1067 851 Ἦ.
1084 826 1170 853 Causa
1186 828 1211 854 in
1230 829 1348 856 concilio
1363 830 1496 863 Romano,
1518 838 1612 860 sancto
1629 833 1780 862 leestino

989 871 1163 904 prrcsidcute,
1180 874 1279 907 agitata
1295 879 1347 906 est,
1370 875 1479 910 lataque
1494 879 1641 911 sententia,
1656 888 1708 913 qua
1722 881 1779 907 hae-

990 917 1091 943 reticus
1101 918 1254 952 juberetur,
1274 920 1326 946 nisi
1335 921 1427 947 mallet
1441 922 1540 956 deponi
1556 923 1626 951 intra
1640 925 1778 953 decitnum

989 961 1061 988 diem
1080 971 1094 989 a
1114 963 1332 998 denuntiatione,
1362 974 1492 994 revocare
1517 976 1652 1001 errorem,
1673 972 1780 1006 capitu-

988 1007 1067 1042 laque
1093 1016 1107 1035 a
1136 1009 1237 1044 Cyrillo
1261 1011 1362 1045 scripta
1382 1012 1558 1040 subscribere
1576 1014 1615 1040 a":
1634 1015 1778 1050 iuberetur

987 1062 1096 1088 quoque
1124 1055 1251 1090 Cyrillus,
1274 1057 1371 1091 primm
1389 1064 1450 1093 post
1466 1060 1617 1087 Romanam
1633 1062 1707 1089 sedis
1719 1063 1777 1097 cpi-

987 1107 1097 1134 scopus,
1121 1101 1195 1128 vices
1214 1101 1356 1130 C(nlestini
1386 1104 1437 1132 hoc
1463 1105 1491 1132 in
1515 1107 1626 1141 negotio
1652 1107 1777 1142 implere,

987 1145 1207 1179 sententiamque
1221 1148 1332 1182 exsequi
1348 1156 1381 1175 ex
1397 1156 1534 1177 canonum
1553 1153 1723 1186 praescripto.

1023 1189 1077 1216 Vll.
1103 1190 1131 1217 ld
1158 1195 1187 1218 ut
1214 1198 1356 1226 prmstaret
1382 1195 1510 1230 Cyl-illus,
1537 1205 1571 1224 ex
1594 1201 1647 1224 tota
1661 1198 1778 1234 [Egypto

986 1235 1094 1270 collegit
1121 1237 1266 1271 synodum,
1294 1239 1412 1274 indeque
1434 1246 1550 1275 quatuor
1576 1243 1719 1278 episcopos
1743 1245 1777 1272 ad

986 1281 1142 1308 Nestorium
1165 1283 1243 1318 152
1259 1285 1343 1317 misit,
1362 1294 1424 1313 cum
1442 1288 1542 1314 summi
1560 1289 1568 1297 '
1584 1289 1720 1322 pontificis
1733 1290 1779 1317 lit-

987 1326 1063 1358 teris,
1091 1328 1214 1362 suisque,
1240 1334 1323 1363 atque
1352 1331 1435 1357 etiam
1466 1332 1611 1359 duodecim
1637 1334 1775 1368 capitulis,

986 1371 1043 1398 sive
1069 1373 1318 1406 anathematismis,
1345 1377 1446 1410 quibus
1469 1386 1500 1404 ex
1526 1379 1655 1406 mandato
1678 1382 1776 1408 summi

986 1418 1124 1451 pontiﬁcis
1135 1420 1298 1446 catholicam
1311 1422 1454 1449 veritatem
1467 1423 1586 1450 Nestorii
1599 1424 1777 1459 blasphcmiis

986 1463 1139 1496 oppositam
1155 1465 1316 1498 complexus
1332 1471 1401 1498 erat,
1421 1467 1578 1502 quibusque
1600 1470 1702 1504 scripto
1725 1471 1777 1497 Nc-

985 1508 1087 1535 storius
1113 1510 1296 1541 consentiret,
1324 1511 1346 1537 si
1371 1512 1454 1539 vellet
1477 1513 1629 1541 catholicus
1647 1515 1732 1542 videri
1749 1521 1777 1542 et

987 1554 1012 1580 in
1034 1554 1098 1581 sede
1112 1555 1273 1582 consistere.

1021 1600 1122 1626 Verum
1144 1601 1279 1636 Cyrillus,
1306 1607 1452 1636 antequam
1486 1603 1619 1638 synodum
1650 1605 1774 1636 haberet,

986 1645 1104 1678 indeque
1128 1646 1395 1680 Constantinopolim
1409 1648 1554 1682 episcopos
1572 1649 1703 1680 mitteret,
1719 1651 1776 1685 jus-

985 1695 1058 1717 scrat
1085 1690 1285 1723 Possidouium,
1312 1699 1367 1718 suae
1395 1693 1523 1720 Ecclesia:
1547 1693 1703 1726 diaconum,
1728 1696 1776 1729 qui

986 1737 1069 1762 limna
1088 1736 1186 1762 sumini
1205 1737 1343 1771 pontiﬁcis
1365 1738 1472 1765 litteras
1486 1740 1627 1771 attulerat,
1644 1739 1775 1767 Hieroso—

984 1782 1082 1815 lymam
1106 1786 1134 1808 et
1157 1782 1330 1809 Antiochiam
1350 1783 1498 1817 proﬁcisci,
1512 1785 1671 1819 litterasque
1685 1786 1774 1813 lee-

983 1827 1047 1853 stini
1066 1827 1099 1853 ad
1119 1827 1262 1861 utriusque
1282 1827 1403 1855 civitatis
1428 1829 1565 1856 antistites
1589 1830 1705 1857 deferre.
1726 1831 1774 1859 llis

983 1879 996 1897 a
1029 1879 1136 1898 summo
1166 1872 1296 1906 pontiﬁce
1320 1872 1492 1899 docebantur
1515 1873 1550 1900 de
1581 1875 1718 1901 sententia
1746 1875 1774 1902 in

983 1918 1138 1945 Nestorium
1154 1919 1218 1950 lata,
1233 1919 1370 1953 simulque
1385 1925 1414 1946 et
1428 1920 1660 1948 abstrahebantur
1674 1930 1688 1948 τι
1713 1931 1773 1956 par-

984 1963 1067 1995 tibus,
1095 1972 1163 1997 quas
1184 1964 1304 1990 amicitia
1330 1964 1445 1991 suadere
1470 1969 1594 1998 poterat:
1616 1966 1773 2001 obstringe-

982 2008 1082 2035 bantur
1095 2009 1177 2035 etiam
1194 2008 1227 2035 ad
1244 2009 1305 2035 ﬁdei
1322 2017 1433 2036 causam
1445 2009 1656 2042 defendendam,
1673 2012 1771 2045 partim

982 2058 1067 2084 metu,
1098 2060 1131 2079 ne
1158 2053 1224 2086 quid
1250 2053 1338 2079 simile
1369 2053 1435 2087 ipsis
1449 2053 1643 2087 contingeret;
1671 2056 1770 2088 partim

982 2098 1094 2125 honoris
1115 2106 1209 2129 sensu,
1238 2103 1267 2124 ut
1298 2098 1344 2132 qui
1368 2103 1532 2125 vocarentur
1557 2099 1584 2125 iu
1611 2100 1770 2128 societatem

981 2143 1081 2178 negotii
1102 2144 1225 2169 onmium
1246 2151 1277 2170 ea
1292 2148 1453 2178 tempestate
1470 2145 1590 2172 maximi.

1017 2189 1077 2222 Quo
1090 2195 1213 2224 tempore
1231 2190 1325 2225 Cyrilli
1344 2190 1477 2217 diaconus
1495 2191 1667 2219 Antiochiam
1683 2193 1768 2226 venit,

117 2232 195 2260 rios:
207 2239 302 2267 supra
318 2231 429 2259 modum
450 2232 572 2265 Christo,
591 2233 683 2260 Mariae
698 2234 815 2269 Virgini,
835 2239 862 2261 et
880 2235 927 2261 toti
947 2235 968 2262 ἰ)
981 2236 1070 2262 soluta
1097 2244 1192 2263 recens
1214 2242 1273 2263 erat
1296 2237 1417 2271 synodus
1437 2238 1613 2270 autumnalis,
1629 2247 1770 2266 remanse~

117 2278 277 2306 hominum
305 2277 422 2312 generi:
446 2277 558 2305 Christo
581 2279 655 2305 enim
672 2278 812 2306 invidebat
829 2279 928 2307 divini-

116 2327 220 2356 tatem,
241 2322 354 2358 Virgini
379 2331 481 2350 nomen
500 2323 634 2359 Deiparae,
665 2324 826 2356 hominibus
850 2333 926 2360 spem

114 2369 233 2397 salutis.
260 2367 404 2396 Christum
422 2369 526 2404 quippe
539 2369 682 2396 asserebat
699 2377 756 2396 non
769 2377 829 2396 esse
840 2370 926 2397 Deum
944 2408 947 2410 Ι

116 2415 227 2450 reipsa,
243 2414 295 2443 sed
309 2422 411 2450 purum
424 2414 576 2446 hominem,
592 2415 647 2442 Deo
660 2415 751 2442 Verbo
764 2415 926 2444 habitudine

114 2460 370 2495 soheopulatum.
389 2460 468 2493 Unde
487 2459 516 2487 ﬁt
527 2467 711 2495 consequens,
734 2464 764 2487 ut
779 2469 830 2488 nec
847 2462 925 2489 beata

115 2505 206 2544 Virgo
234 2507 382 2543 peperisse
407 2507 495 2534 Deum
517 2506 572 2534 dici
595 2511 702 2541 posset,
721 2515 772 2535 nec
797 2508 927 2536 homines

114 2553 244 2581 salutem
260 2560 384 2588 sperare.
401 2557 431 2580 ut
448 2560 509 2587 quae
525 2552 561 2580 ab
576 2552 688 2580 homine
707 2555 861 2589 exspectari
879 2564 927 2582 nc-

113 2604 216 2634 qneat.
247 2598 367 2626 Tantam
393 2599 578 2633 impietatem,
604 2607 666 2626 cum
687 2600 807 2634 primum
824 2609 925 2636 oppor-

115 2650 186 2674 tune
203 2644 313 2680 potuit,
327 2652 382 2679 qua
403 2645 597 2680 conciouibus,
618 2653 671 2680 qua
692 2646 848 2680 colloquiis,
873 2655 926 2682 qua

115 2692 257 2729 malignis
278 2691 386 2720 artibus
418 2691 520 2726 sparsit
542 2692 695 2723 Nestorius.
726 2701 780 2720 non
807 2693 834 2720 in
858 2695 926 2722 urbe

981 2287 1079 2317 ratque
1094 2283 1164 2309 forte
1180 2282 1252 2317 apud
1267 2283 1400 2310 Joannem
1416 2283 1607 2311 Theodoretus
1625 2292 1686 2311 cum
1708 2285 1771 2313 aliis

980 2329 1113 2362 quinque,
1137 2328 1271 2355 Archelao
1291 2328 1420 2355 Cmsarcte
1436 2328 1623 2363 Cappadocia},
1640 2330 1770 2365 Apringio

980 2374 1128 2405 Chalcidis,
1144 2373 1257 2400 llcliade
1278 2373 1442 2408 Zeugmatis,
1455 2374 1562 2401 Melctio
1575 2375 1769 2408 Neocazsareaz,

981 2421 1009 2443 et
1026 2417 1143 2443 Macario
1159 2417 1300 2444 Laodiceae
1315 2418 1463 2452 episcopis,
1480 2419 1644 2453 quibuscum
1660 2428 1689 2447 rc
1710 2428 1770 2447 ma-

982 2464 1072 2490 turius
1093 2462 1256 2495 deliberata,
1275 2464 1362 2490 visum
1379 2468 1431 2496 est,
1449 2464 1563 2492 Joannis
1577 2466 1685 2493 nomine
1699 2467 1770 2494 scri-

980 2509 1100 2536 bendum
1130 2508 1275 2540 Nestorio,
1306 2513 1335 2535 ut
1362 2509 1493 2536 Θεοτόκου
1519 2510 1691 2539 confessione
1717 2511 1769 2538 im-

981 2553 1150 2589 pendentem
1167 2553 1251 2588 capiti
1271 2562 1321 2581 suo
1336 2558 1526 2589 tempestatem
1545 2561 1692 2583 averteret.
1708 2556 1770 2583 Non

979 2600 1032 2627 erit
1055 2607 1138 2634 porro
1162 2607 1249 2626 vanus
1269 2600 1417 2634 conjector,
1430 2600 1477 2634 qui
1492 2600 1635 2634 epistolam
1647 2608 1662 2626 a
1678 2600 1769 2626 Theo-

979 2647 1076 2675 dorcto
1088 2647 1218 2681 scriptam
1231 2650 1308 2680 putet
1323 2646 1354 2672 ³⁵.
1373 2645 1440 2672 Nam
1456 2649 1483 2672 et
1500 2645 1534 2672 de
1548 2645 1634 2679 ipsius
1654 2646 1769 2672 consilio

979 2695 1081 2722 dictata
1098 2693 1209 2725 dicitur,
1226 2697 1254 2719 et
1272 2691 1358 2726 ipsius
1375 2690 1473 2725 stylum
1485 2691 1577 2721 refert,
1590 2695 1615 2717 et
1629 2690 1715 2717 aliinis
1728 2696 1769 2718 est

808 2742 968 2771 SCHULle
989 2740 1104 2772 NOTAE.

151 2784 335 2820 '7’7Evagrins
350 2785 400 2811 lib.
422 2793 441 2814 ι.
457 2793 516 2820 cap.
548 2785 575 2812 Ξ.

627 2786 654 2825 ³³.
681 2786 841 2825 DeluIa__esI.
871 2790 933 2817 Vid.
958 2790 1045 2825 Epist.
1067 2788 1179 2825 thle‘st.
1197 2785 1376 2825 _ad_Neslor.

1430 2785 1453 2801 ”
1465 2785 1531 2812 Acta
1547 2785 1654 2811 concilii
1667 2784 1767 2819 Ephes.

117 2820 138 2858 ξι
148 2819 368 2860 μονα-τραιει.
389 2819 520 2860 Eamdtjn
534 2821 701 2860 sententiam
711 2823 750 2860 in
773 2823 851 2860 Notis
861 2825 897 2851 ad
911 2819 1028 2855 Joannis
1041 2822 1204 2860 Antipolim
1220 2820 1364 2860 epistelam
1381 2820 1458 2860 (951i!-
1470 2819 1570 2860 p_ri0ri5_
1586 2828 1612 2854 p-
1629 2820 1686 2860 ἔφη
1701 2827 1770 2860 tutas

117 2853 191 2896 intra
211 2853 353 2886 dabimus.
370 2860 465 2882 tuetur
479 2855 649 2886 Garuerius;
670 2857 719 2884 Sed
742 2858 769 2884 in
787 2858 853 2885 diss.
874 2853 953 2888 tertia
973 2853 1050 2896 (edit.
1068 2857 1170 2893 prioris
1190 2853 1248 2891 pagi
1270 2855 1321 2882 469
1342 2860 1369 2882 et
1382 2855 1456 2887 ιιιι,
1471 2853 1510 2881 ide
1533 2854 1570 2882 rei
1587 2853 1706 2881 veritate
1718 2854 1769 2881 du-

121 2888 207 2916 bitat.

254 2935 396 2966 ΡΑτιιοι.
421 2936 480 2965 Gn.
503 2936 669 2966 LXXXIV.

1548 2935 1566 2966 ll
