4080 6466
524 372 625 440 M7

1680 365 2053 425 GARNERII
2099 365 2596 427 DISSERTATIO
2633 369 2683 428 Ι.

3667 312 3776 435 ica

524 485 697 546 alteri,
755 484 808 535 in
843 496 947 550 qua
993 479 1134 531 idem
1182 479 1297 533 fere
1347 488 1729 549 argumentum
1771 479 1838 532 de
1877 478 2100 549 Virgine
2129 486 2169 541 Α
2206 479 2366 533 modo
2410 482 2522 534 sola
2570 482 2710 534 ratio
2751 480 3046 536 haberetur
3085 479 3475 550 objectionum,
3507 495 3643 550 quas
3673 497 3771 536 no-

520 575 748 646 Deipara
792 580 1073 632 tractator,
1127 579 1181 625 et
1221 571 1475 626 eumdem
1511 571 1729 626 videtur
1763 570 1965 625 habere
1995 585 2095 623 au-

520 678 748 729 ctorem,
800 679 962 732 quem
1009 662 1128 716 alia:
1181 663 1293 717 fere
1340 678 1533 717 omnes
1583 663 1635 717 in
1669 663 1910 717 secunda
1943 670 2096 732 parte

519 756 736 812 concilii
786 753 1044 825 Ephesini
1098 761 1390 817 contentae,
1435 768 1669 822 quarum
1718 762 1897 807 tamen
1951 765 2096 805 non-

520 849 682 903 nullae
696 864 725 900 a
752 846 1101 899 Theodoreto
1120 845 1338 914 scripta:
1359 845 1632 899 sciuntur.

592 940 724 996 VIII.
757 937 1064 1001 Nestorlus,
1096 944 1160 992 ut
1187 944 1310 991 erat
1348 950 1457 1006 pra:
1499 932 1757 1006 superbia
1806 935 2097 1005 impatiens

516 1028 876 1100 pteniteutiac,
900 1035 1063 1096 atque
1079 1026 1243 1079 etiam
1264 1024 1676 1091 admonitionis,
1700 1024 2096 1096 sprevitamica

515 1117 880 1175 Orientalium
932 1117 1186 1179 consilia,
1236 1116 1446 1185 sprevit
1494 1125 1551 1171 et
1604 1116 1897 1187 imperium
1949 1114 2097 1170 sedis

517 1208 851 1278 apostolicae,
902 1207 1047 1276 quod
1097 1206 1256 1276 legati
1306 1205 1540 1278 Egyptii
1563 1204 2095 1274 Constantinopolim

517 1299 733 1372 appulsi
788 1299 1102 1353 detulerant
1135 1315 1149 1351 :
1202 1307 1515 1351 contentam
1550 1297 1697 1351 enim
1724 1295 1944 1359 litteris,
1980 1303 2095 1348 tum

515 1390 801 1449 Calestini
835 1390 1033 1446 summi
1062 1389 1357 1459 pontificis,
1394 1399 1508 1444 tum
1537 1389 1723 1460 Cyrilli
1743 1386 2096 1442 Alexandrini

517 1483 783 1555 episcopi.
803 1482 1296 1544 denuntiationem,
1316 1481 1511 1535 callide
1532 1480 1742 1534 irritam
1760 1478 2095 1535 reddiderat.

518 1577 789 1632 Ell‘ecerat
825 1575 975 1629 enim
1017 1574 1132 1627 suis
1173 1573 1407 1635 artibus.
1445 1582 1507 1627 ut
1542 1572 1890 1627 Theodosius
1919 1571 2097 1640 impe-

520 1676 673 1721 nator
707 1666 1013 1736 generalem
1049 1664 1317 1735 synodum
1353 1663 1555 1732 Ephesi
1606 1662 1911 1717 habendam
1958 1660 2102 1715 indi-

519 1766 691 1821 ceret,
721 1765 776 1810 et
808 1756 1117 1811 evocatoria
1148 1754 1432 1809 sanctione
1460 1764 1697 1817 caveret,
1739 1769 1807 1807 ne
1845 1751 1974 1823 quid
2016 1752 2100 1806 in—

2205 570 2348 625 mine
2382 569 2744 626 Orientalium
2771 583 2958 627 contra
2981 573 3218 642 capitula
3241 572 3548 642 proposuit.
3572 572 3776 627 Verum

2202 659 2246 715 si
2274 662 2550 715 credimus
2576 661 2863 715 Anastasio
2892 662 3134 726 Sinaitae,
3162 660 3510 731 postmodum
3529 660 3775 715 accendit

2203 753 2443 809 hominis
2479 754 2665 818 bilem,
2705 754 2933 824 negotii,
2968 770 3078 823 quo
3106 754 3266 808 amici
3298 752 3776 823 periclitabantur,

2204 846 2576 901 diuturnitas:
2619 861 2791 916 quare
2822 854 2879 901 et
2904 845 3313 900 Theodorelum
3340 844 3579 907 ulturus,
3612 858 3778 911 quem

2202 954 2232 994 a
2262 938 2466 1010 Cyrillo
2495 938 2680 993 lzesum
2705 946 2941 1008 putaret,
2967 945 3022 992 et
3049 937 3261 1007 priores
3286 951 3415 990 suas
3438 934 3781 1006 obiectiones

2203 1030 2553 1093 defensurus,
2596 1032 2613 1050 ‘
2654 1030 2954 1085 virulentas
3008 1027 3232 1097 scripsit
3278 1026 3542 1081 adversus
3587 1023 3782 1096 Cyrilli

2204 1123 2620 1193 responsionem
2646 1119 3125 1191 reprehensiones,
3147 1133 3382 1189 quarum
3414 1116 3778 1188 fragmentum

2204 1216 2442 1270 refertur
2471 1214 2527 1268 in
2559 1213 2705 1268 libro
2733 1210 3005 1267 Anaslasii
3043 1211 3107 1274 ",
3150 1211 3242 1280 qui
3275 1207 3397 1263 Duas
3433 1210 3530 1263 viae
3557 1208 3777 1263 dicitur.

2273 1305 2365 1360 IX.
2390 1304 2567 1374 Atque
2590 1304 2680 1357 hic
2701 1302 2909 1373 primus
2943 1302 3045 1355 fuit
3075 1300 3406 1355 Theodoreti
3432 1316 3591 1355 casus
3615 1319 3625 1352 :
3652 1303 3781 1355 cum

2203 1398 2350 1452 enim
2372 1395 2636 1450 scriberet
2676 1390 2781 1464 pro'
2819 1392 2977 1447 amici
3017 1407 3201 1455 causa,
3241 1407 3350 1444 non
3397 1390 3556 1462 154
3592 1404 3783 1461 repre-

2206 1489 2398 1543 hendit
2429 1494 2639 1541 tantum
2670 1484 2855 1557 Cyrilli
2885 1483 3085 1555 capita,
3108 1490 3335 1553 propter
3356 1483 3594 1552 speciem
3616 1481 3782 1550 Apol-

2204 1578 2458 1634 linariani
2494 1576 2721 1639 erroris,
2750 1573 2897 1645 quod
2926 1573 3051 1628 aliis
3074 1586 3295 1643 quoque
3326 1571 3485 1625 bonis
3506 1570 3779 1641 contigit;

2206 1670 2301 1724 sed
2350 1683 2498 1723 caeco
2538 1666 2745 1737 impetu
2784 1665 2837 1720 in
2865 1678 3087 1719 errores
3111 1670 3348 1732 quatuor
3373 1661 3487 1731 ipse
3516 1661 3784 1730 abreptus

2205 1767 2310 1823 est,
2359 1768 2585 1828 propter
2626 1772 2766 1826 quos
2816 1771 2847 1810 a
2873 1755 3064 1825 quinta
3095 1738 3306 1825 synodo
3352 1754 3643 1807 damnatus
3671 1761 3777 1808 est.

520 1850 679 1903 terim
710 1849 764 1902 in
791 1848 1113 1902 alterutram
1154 1853 1364 1915 partem
1413 1853 1758 1910 tentaretur;
1796 1845 1890 1899 sed
1934 1858 2099 1898 causa
2132 1837 2171 1892 Β
2199 1850 2333 1905 Nam
2369 1864 2493 1902 cum
2517 1848 2756 1918 primum
2781 1844 3299 1900 anathematismum
3326 1841 3778 1913 reprehenderet,

516 1941 729 2009 integra
771 1938 1082 1993 deferretur
1130 1936 1199 1990 ad
1239 1936 1529 2006 episcopos
1574 1936 1677 1990 rite
1717 1942 2095 2005 congregatos.

592 2029 747 2099 153
767 2028 1118 2083 Sanctionem
1136 2026 1289 2080 vafer
1313 2025 1622 2087 haereticus,
1647 2025 1966 2095 priusquam
1988 2038 2096 2087 res,

516 2118 587 2173 de
629 2134 736 2187 qua
790 2117 987 2172 litteris
1023 2132 1053 2171 a
1090 2117 1298 2195 Joanne
1349 2115 1639 2180 didicerat,
1677 2115 1731 2168 in
1777 2114 1913 2168 urbe
1953 2113 2100 2184 regia

521 2212 912 2274 innotesceret,
947 2209 1255 2265 aulicorum
1284 2225 1387 2280 ope
1420 2223 1555 2262 auro
1587 2223 1688 2262 suo
1712 2216 2099 2277 corruptorum

523 2303 893 2372 subripuerat.
936 2316 1111 2371 eaque
1143 2308 1260 2355 arte
1308 2299 1507 2355 summi
1562 2298 1840 2370 pontificis
1882 2306 2102 2353 senten-

526 2394 656 2447 tiam
703 2392 1129 2463 synodicamque
1173 2390 1361 2463 Cyrilli
1398 2406 1524 2446 cum
1553 2391 1669 2445 suis
1701 2390 1991 2445 duodecim
2015 2404 2104 2444 ca-

527 2482 715 2554 pitulis
745 2482 1142 2537 lndiiicaverat.
1175 2482 1233 2537 Id
1268 2497 1436 2537 ausus
1459 2492 1564 2545 est,
1593 2496 1715 2551 qua:
1737 2481 1838 2535 fuit
1864 2479 2103 2535 hominis

529 2572 884 2642 impudentia,
933 2572 1075 2627 datis
1109 2572 1176 2627 ad
1206 2580 1455 2628 sanctum
1489 2570 1847 2626 Caelestinum
1880 2568 2100 2632 litteris,

526 2679 635 2720 non
670 2663 906 2718 obscure
946 2662 1197 2717 innuere.
1253 2682 1270 2713 ι
1306 2663 1591 2726 Piissimis,
1636 2661 1813 2731 inquit
1834 2661 1899 2726 “,
1926 2660 2101 2729 impe-

526 2757 804 2812 ratoribus
844 2756 1070 2827 placuit,
1127 2757 1356 2811 Domino
1390 2756 1703 2825 adjuvante,
1742 2754 1909 2809 etiam
1937 2766 2103 2825 syno-

524 2849 655 2902 dum
688 2847 1139 2903 inexcusabiliter
1164 2848 1332 2902 totius
1368 2848 1518 2901 orbis
1549 2854 1818 2901 terrarum
1860 2844 2104 2901 indicere

527 2948 750 3009 propter
787 2938 1197 3008 inquisitionem
1245 2937 1478 2991 aliarum
1535 2952 1717 2991 rerum
1769 2935 2108 2992 ecclesiasti-

527 3042 757 3082 carum:
798 3042 924 3082 nam
963 3025 1367 3081 dubitationem
1415 3025 1713 3080 verborum
1756 3040 1865 3079 non
1892 3022 2106 3079 aestimo

527 3117 838 3171 habituram
895 3116 1312 3186 inquisitionem
1362 3114 1663 3181 difﬁcilem,
1717 3131 1822 3170 nec
1869 3114 2104 3185 impedi-

530 3215 710 3264 mento
764 3220 886 3261 esse
935 3205 1177 3260 futuram
1212 3203 1278 3259 ad
1334 3212 1624 3260 tractatum
1655 3203 1963 3260 divinitatis
1995 3204 2105 3259 Do-

530 3296 664 3351 mini
700 3296 846 3352 )esu.
878 3315 897 3347 ι

599 3386 708 3442 Sed
760 3401 885 3441 cum
933 3385 1262 3457 intelligeret
1317 3401 1504 3457 sparsa
1552 3402 1651 3458 per
1696 3386 1891 3442 urbem
1940 3386 2108 3442 fuisse

529 3477 716 3550 Cyrilli
752 3477 1014 3549 capitula,
1039 3493 1149 3533 una
1184 3492 1309 3533 cum
1333 3478 1532 3533 litteris
1566 3478 1824 3534 Romana:
1860 3488 1917 3533 et
1947 3477 2110 3550 Egy-

532 3570 659 3639 ptian
703 3568 919 3639 synodi,
962 3583 1293 3640 magnasque
1331 3568 1458 3623 inde
1491 3568 1802 3623 animorum
1842 3568 2011 3624 etiam
2051 3569 2107 3622 in

531 3659 655 3714 aula
707 3656 1101 3713 conversiones
1143 3656 1305 3721 eilici,
1361 3673 1463 3712 nec
1502 3657 1621 3712 suis
1658 3672 1717 3713 se
1746 3656 2109 3711 concionibus

531 3751 744 3807 duabus
786 3750 842 3805 id
898 3749 1195 3821 peregisse,
1235 3749 1382 3820 quod
1432 3748 1739 3814 moliretur,
1792 3748 2108 3803 anathema-

533 3842 725 3896 tismos
771 3840 956 3913 Cyrilli
1002 3840 1238 3912 primum
1279 3841 1336 3896 in
1383 3842 1500 3911 ipsa
1538 3840 1674 3895 urbe
1715 3839 1862 3909 regia
1892 3847 2110 3894 contra-

532 3933 629 3986 riis
678 3932 1146 3987 anathematismis
1186 3930 1408 3987 refellit.
1443 3929 1673 3996 Deinde,
1708 3928 1892 3985 missis
1914 3929 2110 3985 Antio-

522 4024 709 4079 chiam
744 4021 1127 4094 synodicarum
1157 4020 1447 4090 exemplis,
1482 4019 1751 4075 Joannem
1802 4020 2011 4092 rogavit
2047 4029 2107 4075 ut

527 4129 557 4167 ιι
614 4111 830 4167 duobus
882 4112 966 4166 sui
1012 4110 1236 4167 concilii
1286 4108 1441 4175 viris,
1496 4107 1845 4166 Theodoreto
1881 4108 2105 4183 Cyrensi

526 4213 584 4258 et
628 4203 842 4258 Andrea
891 4202 1269 4265 Samosateno,
1323 4199 1502 4270 capita
1529 4199 1819 4257 duodecim
1850 4217 1881 4257 a
1904 4201 2107 4274 Cyrillo

522 4295 841 4364 praescripta
872 4302 1095 4349 curaret
1136 4294 1313 4363 argui,
1362 4292 1517 4361 quasi
1548 4293 1882 4362 Apollinaris
1909 4295 2106 4365 impie-

526 4396 692 4441 tatem
713 4387 1082 4441 continerent.
1104 4384 1334 4440 Joannis
1354 4382 1610 4438 mandato
1635 4391 1866 4454 uterque
1888 4387 2101 4455 paruit:

2199 1940 2417 2011 negavit
2458 1939 2672 1994 beatam
2698 1937 2975 2008 Virginem
2997 1935 3273 2006 peperisse
3295 1933 3533 1989 Verbum
3561 1947 3780 1988 carnem

2200 2032 2446 2097 factum;
2482 2046 2607 2085 cum
2638 2028 2967 2093 secundum,
3013 2036 3243 2082 naturas
3289 2027 3343 2080 in
3387 2025 3607 2080 Christo
3656 2024 3780 2077 καθ’

2201 2126 2498 2179 ὑπόστασιν
2544 2122 2686 2176 nniri
2712 2138 2725 2187 ;
2763 2135 2886 2173 cum
2917 2126 3195 2189 quartum,
3227 2117 3444 2171 unicam
3472 2130 3593 2172 esse
3619 2114 3780 2171 Chri-

2200 2214 2271 2269 sti
2323 2212 2665 2275 ὑπόστατινς
2719 2225 2843 2265 cum
2896 2208 3188 2272 decimum,
3249 2207 3422 2262 Deum
3466 2205 3574 2261 dici
3621 2219 3786 2275 posse

2202 2313 2503 2358 mortuum.
2533 2302 2638 2357 ista
2663 2316 2793 2354 vero
2827 2309 3063 2370 quatuor
3096 2314 3259 2353 nemo
3291 2298 3598 2353 catholicus
3624 2295 3780 2352 fateri

2202 2395 2480 2458 abnuerit,
2532 2393 2637 2447 nisi
2689 2392 2775 2445 vel
2823 2392 2879 2445 in
2938 2391 3139 2445 crassis
3172 2389 3492 2459 ignorantia:
3536 2387 3783 2442 tenebris

2203 2492 2479 2548 versetur,
2527 2482 2612 2536 vel
2670 2481 2742 2535 ob
2787 2495 3015 2550 pravum
3061 2479 3230 2533 animi
3270 2479 3528 2533 affectum
3562 2477 3782 2533 veritati

2203 2591 2509 2648 repugnare
2536 2573 2669 2629 velit
2698 2592 2708 2626 :
2734 2588 2967 2643 quorum
3000 2572 3233 2625 alterum
3262 2571 3387 2640 quis
3419 2570 3486 2624 de
3524 2569 3781 2624 Theodo-

2204 2679 2326 2725 reto
2370 2667 2648 2724 senserit?
2681 2666 2913 2720 alterum
2946 2663 3072 2735 quis
3100 2660 3365 2718 Catholici
3399 2676 3519 2715 esse
3543 2660 3783 2715 dixerit?

2273 2760 2342 2815 Χ.
2377 2759 2505 2814 Fuit
2531 2773 2663 2812 vero
2696 2772 2922 2826 prorsus
2944 2753 3287 2815 admirabile,
3317 2752 3494 2806 virum
3519 2752 3782 2823 singulari

2204 2851 2458 2907 Numinis
2492 2849 2637 2905 dono
2688 2848 2915 2911 datum;
2957 2861 3121 2916 quem
3169 2845 3431 2899 miracula
3479 2844 3787 2900 eduxeram

2206 2942 2263 2996 in
2316 2942 2536 3006 lucem;
2588 2940 2748 3010 cujus
2800 2952 2999 3009 parens
3053 2952 3163 2991 non
3218 2936 3373 3006 prius
3424 2936 3607 3005 potuit
3660 2951 3784 2991 esse

2205 3043 2402 3099 mater,
2462 3048 2627 3102 quam
2683 3040 2922 3095 sancta;
2984 3044 3147 3100 quem
3201 3027 3453 3083 homines
3499 3028 3786 3100 stupenda

2207 3128 2516 3181 sanctitatis
2545 3124 2798 3178 foverunt
2840 3123 3007 3187 sinu;
3045 3122 3138 3191 qui
3184 3120 3467 3191 septennis
3508 3130 3781 3176 monaste-

2211 3218 2354 3273 rium
2377 3216 2656 3285 ingressus
2679 3218 2763 3266 est
2785 3227 2799 3276 ;
2824 3209 2919 3280 qui
2947 3218 3096 3265 totus
3122 3209 3224 3263 fuit
3251 3208 3305 3262 in
3327 3208 3592 3263 imitando
3606 3205 3787 3280 Chry-

2209 3317 2489 3372 sostomo;
2518 3319 2682 3376 quem
2716 3301 3037 3357 Theodotus
3088 3299 3330 3355 Orientis
3372 3300 3558 3354 lumen
3607 3298 3789 3354 eccle-

2210 3396 2447 3454 siasticis
2478 3394 2728 3449 moribus
2754 3391 3034 3455 instituit;
3060 3391 3220 3461 cujus
3256 3389 3626 3459 eloquentiam
3677 3388 3791 3443 An-

2211 3488 2433 3549 tiochia.
2469 3487 2700 3541 alterum
2734 3483 3032 3539 Orientalis
3070 3482 3288 3553 imperii
3315 3491 3500 3553 caput,
3529 3495 3638 3536 non
3685 3479 3785 3537 mi-

2210 3589 2327 3635 rata
2363 3588 2573 3633 tantum
2599 3585 2703 3640 est,
2734 3575 2829 3630 sed
2870 3575 3083 3645 stupuit
3112 3591 3127 3641 ;
3157 3574 3251 3645 qui
3277 3573 3605 3645 episcopalis
3624 3570 3790 3627 ofﬁcii

2208 3674 2414 3730 nullam
2451 3687 2561 3726 non
2601 3669 2847 3739 implevit
2887 3676 3139 3738 partem;
3172 3667 3267 3737 qui
3297 3667 3489 3722 decem
3517 3663 3793 3736 myriades

2209 3764 2495 3821 hominum
2538 3778 2645 3817 uua
2681 3762 2732 3815 in
2773 3761 2972 3815 vicinia
3003 3759 3163 3813 tinxit
3191 3758 3505 3828 baptismo;
3541 3757 3634 3827 qui
3668 3755 3793 3810 inﬂ-

2209 3858 2356 3913 nitos
2398 3854 2684 3910 haereticos
2722 3854 3011 3908 veritatem
3056 3850 3266 3915 docuit,
3298 3864 3600 3920 agrumque
3627 3847 3730 3902 sibi
3756 3861 3793 3902 a

2206 3946 2426 4003 Christo
2458 3944 2728 4000 creditum
2774 3959 2885 3999 non
2927 3941 3128 3998 sudore
3162 3950 3373 3996 tantum
3406 3938 3670 4011 irrigavit,
3691 3938 3792 3994 sed

2206 4040 2372 4095 etiam
2413 4036 2719 4109 sanguine;
2758 4050 2923 4106 quem
2974 4033 3120 4089 Deus
3171 4033 3287 4103 ipse
3337 4031 3541 4087 Jacoho
3593 4035 3794 4084 ascette

2207 4129 2552 4186 sanctissimo
2595 4127 2836 4183 ostendit
2879 4125 3028 4194 velut
3086 4125 3312 4180 haresis
3348 4121 3793 4188 domitorem,'in

2208 4221 2441 4277 hmresin
2498 4220 2796 4275 infeliciter
2841 4216 3135 4281 decidisse,
3190 4216 3386 4281 amico,
3440 4215 3534 4285 qui
3594 4221 3792 4284 sponte

2208 4313 2427 4377 ruebat,
2472 4312 2733 4366 miserum
2772 4308 3105 4364 attrahente.
3143 4306 3250 4362 Sed
3280 4324 3388 4362 non
3421 4322 3528 4361 una
3568 4306 3683 4361 haec
3709 4305 3795 4360 vi-

2208 4405 2371 4461 detur
2412 4403 2586 4457 ruina:
2620 4400 2880 4456 occasio:
2932 4400 3211 4453 hominem
3258 4399 3312 4452 in
3343 4413 3586 4469 praeceps
3607 4397 3796 4467 rapuit

524 4478 684 4533 ante“
739 4486 920 4533 “me”
976 4477 1139 4539 illius,
1190 4475 1571 4530 Τδεοάοτεῑυε
1601 4490 1799 4546 nempe
1829 4478 2101 4542 acerbius,
2137 4493 2185 4551 D
2208 4494 2539 4549 miserabilis
2578 4492 2825 4563 quaedam
2869 4491 3156 4546 concursio
3198 4506 3505 4544 causarum.
3538 4489 3664 4542 Erat
3684 4488 3789 4558 ipsi

526 4570 807 4626 remissius
860 4570 1108 4626 Andreas
1143 4585 1157 4623 :
1212 4568 1485 4639 siquidem
1524 4569 1614 4624 ille
1642 4570 1906 4625 conviciis
1938 4578 2103 4640 atque

523 4661 1010 4721 etiam‘calumniis
1044 4676 1154 4715 non
1194 4660 1483 4725 abstinuit,
1520 4661 1625 4716 iste
1649 4661 1854 4732 objecit
1888 4669 2102 4715 tantum

525 4768 707 4816 voces,
756 4768 893 4823 quas
943 4761 1161 4821 putaret
1193 4750 1595 4805 inconsiderate
1624 4752 1885 4822 prolatas.
1920 4752 2104 4807 Theo-

519 4845 748 4899 doretus
781 4843 1045 4915 Cyrillum
1089 4844 1244 4897 velut
1292 4843 1614 4898 haereticum
1647 4858 1934 4915 aggressus
1966 4856 2052 4901 est
2085 4863 2102 4913 ;

521 4936 786 4998 Andreas,
819 4950 981 5004 quem
1033 4935 1364 4990 catholicum
1418 4934 1768 5006 agnoscebat,
1815 4952 1956 5006 pene
2014 4937 2103 4993 in-

520 5026 669 5081 vitus
720 5026 994 5080 vexabat:
1038 5033 1202 5096 atque
1253 5025 1383 5081 hinc
1434 5025 1662 5080 forsitan
1694 5026 1952 5083 eﬂ‘ectum
2011 5040 2093 5096 ut,

518 5133 630 5188 quo
677 5124 924 5186 tempore
970 5117 1254 5172 veniretur
1298 5118 1367 5172 ad
1401 5120 1719 5185 concilium,
1749 5121 2102 5195 quicampus

519 5209 743 5279 quidam
788 5209 1110 5264 certaminis
1160 5209 1381 5265 iuturus
1411 5222 1552 5277 erat,
1588 5212 1845 5284 Cyrensis
1876 5215 2101 5272 advola-

520 5303 664 5355 verit
710 5315 904 5371 pugntc
957 5300 1171 5367 avidus,
1225 5300 1615 5359 Samosatenus
1644 5304 1900 5360 morbum
1932 5306 2102 5361 simu-

518 5392 735 5457 laverit,
769 5407 838 5447 ue
866 5393 1085 5448 veniret
1121 5403 1210 5459 eo,
1235 5393 1329 5449 ubi
1354 5395 1656 5451 necessitas
1687 5396 1829 5453 foret
1850 5399 2102 5454 veritatis

516 5476 923 5553 impugnanda.
975 5480 1051 5535 Ita
1096 5481 1162 5539 de
1213 5482 1432 5540 Andrea
1475 5485 1692 5555 opinari
1736 5503 1836 5557 par
1854 5497 2023 5555 esset,
2054 5488 2100 5545 si

2209 4601 2240 4641 a
2282 4596 2500 4650 natura,
2548 4594 2608 4639 ut
2648 4585 2857 4639 dictum
2893 4593 2997 4647 est,
3043 4584 3259 4637 animus
3305 4581 3575 4645 excelsus,
3604 4580 3791 4635 animo

2209 4676 2647 4748 ingenium'par
2687 4685 2742 4731 et
2776 4677 3121 4748 praecellens,
3168 4674 3389 4743 utrique
3433 4672 3661 4742 aequalis
3707 4670 3792 4725 vis

2206 4764 2558 4833 eloquentia.
2614 4763 2767 4819 Fecit
2824 4763 3115 4819 excelsitas
3172 4759 3375 4825 animi,
3443 4768 3502 4813 ut
3550 4761 3792 4813 humana

2207 4857 2405 4904 cuncta
2463 4849 2792 4921 despiceret,
2848 4859 3050 4920 praeter
3102 4849 3372 4920 gloriam:
3420 4848 3789 4919 praecellentia

2208 4938 2435 5010 ingenii,
2475 4946 2535 4993 ut
2571 4938 2818 4995 scientiis
2853 4944 3090 4993 mentem
3121 4945 3323 5006 praeter
3344 4936 3568 4991 modum
3599 4935 3795 5005 imple-

2209 5038 2314 5096 ret,
2366 5040 2424 5085 et
2463 5031 2621 5101 quasi
2672 5030 2891 5086 inflaret
2928 5049 2940 5084 :
2971 5030 3055 5084 vis
3086 5027 3436 5099 eloquentiae,
3464 5037 3525 5083 ut
3547 5027 3794 5083 Orientis

2208 5123 2535 5179 miraculum
2566 5122 2805 5185 audiret,
2836 5130 2893 5176 et
2916 5121 3062 5192 quod
3103 5122 3406 5176 humanum
3443 5130 3547 5185 est,
3598 5120 3794 5175 dicen-

2208 5216 2358 5273 tibus
2378 5215 2651 5271 crederet.

2278 5306 2435 5362 Hane
2490 5306 2732 5362 indolem
2789 5307 2941 5362 auxit
3003 5307 3390 5380 magistrorum
3444 5305 3794 5361 consuetudo

2208 5409 2375 5469 atque
2397 5396 2687 5453 admiratio
2714 5415 2727 5450 :
2753 5412 2878 5453 cum
2903 5397 3156 5452 doctrina
3177 5397 3325 5451 enim
3347 5396 3563 5452 imbibit
3588 5394 3795 5451 utrius-

2207 5504 2317 5560 que
2344 5502 2569 5544 mores:
2609 5504 2641 5543 a
2674 5487 2969 5543 Theodoro
3004 5488 3200 5543 didicit
3224 5502 3430 5557 paucos
3461 5487 3791 5559 suspicere;

1867 5645 2193 5704 SCIIULZII
2231 5645 2466 5703 NOTAE.

592 5758 634 5792 ³⁸
665 5771 824 5830 Parte
848 5790 884 5829 ιι
918 5772 1158 5845 Operam
1193 5777 1347 5835 Harii
1385 5779 1725 5836 Mercatoris.
1754 5779 1836 5851 (Ρ.
1868 5778 1931 5834 8|
1972 5780 2109 5836 edit.
2143 5777 2360 5850 Garn.).
2438 5780 2480 5813 "’
2506 5778 2567 5835 In
2597 5776 2841 5847 Hodego,
2890 5791 3011 5847 cap.
3058 5776 3153 5831 ἥ.
