4080 6466
510 369 606 431 lli

1662 376 2039 437 GARNERII
2081 376 2581 441 DISSERTATIO
2620 385 2669 444 ῐ.

3661 383 3753 448 ll!

502 488 658 559 ﬁnem
691 502 707 539 -'
739 486 1121 555 cogitaverunt.
1158 496 1206 538 ει
1243 486 1401 541 106ιηί
1432 498 1555 543 81m!
1607 490 1663 544 in
1719 491 2075 562 malignitate.
2113 500 2149 553 Α
2186 502 2366 550 tamen
2415 497 2736 554 festinatum
2787 509 2871 554 est
2912 501 3250 564 lente,mora
3287 500 3525 569 plurium
3548 499 3758 555 dierum

501 576 831 645 iniquitatem
857 575 910 627 in
942 574 1110 629 altum
1145 575 1302 630 locuti
1336 590 1458 633 sum
1487 598 1504 635 :
1535 593 1820 651 posuerunt
1848 586 1903 637 in
1948 582 2078 637 caelo

502 684 555 719 os
570 683 744 726 suum,
764 675 812 718 et
829 666 1006 736 lingua
1024 682 1204 720 eorum
1226 670 1466 723 transivit
1481 688 1639 742 super
1653 681 1851 727 terram
1867 684 1911 726 ο.
1932 674 2080 729 Psal-

505 760 676 811 mistte
700 759 796 813 ista
815 766 962 820 sunt,
987 758 1236 813 Jeremize
1255 771 1438 817 autem
1462 764 1742 834 propheta:
1766 764 1855 818 illa
1882 765 2077 833 prima.

506 849 673 917 Euge,
705 865 738 899 o
771 849 924 902 beate
971 850 1153 903 Paule.
1189 851 1511 924 Exsurgeut,
1552 855 1751 924 inquit,
1789 866 1838 909 et
1860 872 1923 909 ea:
1942 857 2080 909 vobis

501 939 626 1007 ipsis
668 940 768 991 riri
815 937 1082 1009 loquentes
1126 958 1395 1010 perversa,
1427 952 1484 995 ut
1511 945 1772 1001 abducant
1800 946 2082 1017 discipulos

500 1036 615 1094 post
650 1042 705 1080 se
748 1025 789 1078 ί.
825 1028 915 1081 Vae
948 1029 1091 1080 malo
1137 1030 1480 1085 Alexandriae
1530 1031 1788 1086 familiari
1844 1035 1983 1105 ejus,
2027 1049 2084 1089 et

502 1124 727 1187 preprio
753 1119 865 1189 jam
903 1118 991 1173 isti
1021 1120 1267 1173 secundo
1293 1137 1305 1173 :
1340 1136 1461 1190 qua:
1500 1131 1757 1193 corrupta
1781 1124 2079 1193 ploremus,

500 1226 732 1280 qumque
777 1211 1131 1279 corrumpit?
1172 1212 1249 1264 Ex
1301 1219 1417 1265 toto
1458 1213 1579 1283 jam
1615 1224 1869 1284 aperatur
1894 1225 2085 1286 myste-

501 1303 639 1355 rium
674 1302 974 1372 iniquitatis
1014 1304 1058 1354 κ.
1095 1303 1162 1356 Ει
1191 1318 1386 1357 vereor
1409 1320 1479 1359 ne
1511 1304 1655 1359 forte
1687 1322 1967 1376 nunquam
1995 1310 2084 1378 qui

500 1402 672 1458 tenet,
731 1395 795 1447 de
854 1396 1022 1448 medio
1078 1395 1195 1463 ﬁat.
1256 1397 1440 1467 Euge,
1498 1398 1734 1454 Jeremia
1795 1402 2082 1471 propheta.

498 1485 799 1557 Prop/actm,
859 1487 1072 1556 inquit,
1130 1490 1448 1558 praphetant
1508 1492 1736 1561 iniquo;
1786 1493 2084 1548 sacerdotes

499 1576 813 1646 plauserunt
863 1577 1102 1630 manibus
1155 1580 1287 1642 suis,
1336 1588 1386 1632 et
1434 1580 1659 1651 papulas
1715 1599 1859 1636 meus
1900 1583 2084 1638 dilexit

498 1668 576 1720 ita
618 1669 665 1721 Ιι.
696 1668 838 1734 Quid
861 1668 1009 1720 enim
1036 1667 1350 1735 minimum,
1391 1671 1525 1740 quid
1561 1673 1840 1729 mediocre
1868 1674 1923 1728 in
1980 1675 2087 1730 illis

500 1760 1044 1831 (anatltcmatismis)?
1085 1758 1315 1815 Omnem
1373 1764 1900 1833 supereminentiam
1960 1766 2080 1821 hla-

497 1849 761 1918 sphemize
792 1829 1071 1919 jaculatus
1097 1857 1184 1904 est
1213 1829 1484 1907 adversus
1506 1863 1726 1908 sanctos
1758 1855 1968 1919 Patres,
1989 1856 2082 1909 ad-
2117 1829 2158 1886 Β

496 1955 694 1995 versus
727 1941 1029 2009 apostolos,
1063 1941 1330 1999 adversus
1376 1942 1735 2001 Salvatorem.
1787 1948 1847 2002 in
1901 1964 2084 2002 resur-

497 2032 797 2087 rectionem
836 2032 1133 2087 meditat-ns
1166 2041 1271 2087 est.
1305 2034 1655 2104 Assumptam
1686 2036 2084 2093 humanitatem

496 2139 566 2178 ex
595 2123 759 2177 nobis
791 2131 847 2177 et
881 2138 983 2192 pro
1019 2124 1184 2178 nobis
1235 2124 1461 2196 injuriat
1490 2143 1502 2179 :
1539 2126 1782 2182 divinam
1831 2136 2083 2183 naturam

497 2224 555 2270 et
585 2214 982 2285 impassihilem
1036 2215 1385 2285 passionibus
1441 2217 1727 2287 subiacere
1775 2221 2080 2274 contendit.

498 2305 567 2360 Et
601 2314 788 2375 postea
818 2324 830 2358 :
869 2305 1448 2361 Anathematizaturus
1478 2317 1564 2362 est
1592 2316 1643 2363 te
1693 2310 1860 2371 Deus,
1908 2314 2084 2381 paries

496 2396 742 2450 dealbate
781 2397 819 2450 ί.
884 2396 1261 2452 Justissimum
1316 2398 1465 2452 enim
1535 2409 1640 2459 est,
1697 2401 1772 2455 Te
1829 2401 2087 2458 similiter

497 2486 728 2542 Ananiae
785 2487 1103 2543 Judaaorum
1160 2489 1399 2559 principi
1448 2490 1797 2545 sacerdotum
1842 2494 2084 2563 linguam

498 2576 768 2631 adversus
806 2576 1110 2645 discipulos
1145 2576 1351 2632 Christi
1383 2587 1717 2645 moventem,
1753 2582 1991 2636 similem
2015 2583 2085 2637 ab

496 2666 581 2721 eis
612 2665 1045 2735 indignationem
1080 2666 1340 2735 experiri,
1372 2687 1389 2718 ι
1430 2676 1537 2721 etc.

574 2757 705 2809 Haec
732 2755 1051 2810 Gennadius
1078 2755 1576 2827 Constantinopoli.
1629 2757 1689 2812 In
1726 2757 1958 2830 [Ἐρξιηο
1988 2762 2088 2816 lsi-

499 2849 688 2912 dorus,
720 2847 1120 2902 cuiPelusiotaa
1146 2863 1367 2913 nomen,
1423 2848 1556 2903 vicit
1606 2850 1828 2919 quidem
1869 2852 2088 2907 Genna-

499 2937 652 2992 dium
716 2937 987 2991 modestia
1030 2955 1042 2991 :
1092 2946 1511 3003 verumtamen,
1567 2955 1692 2994 cum
1754 2957 1820 2995 ex
1858 2942 2083 2999 Oriente

497 3029 805 3092 didicisset,
835 3043 946 3099 quo
976 3029 1317 3084 haberentur
1343 3030 1466 3084 loco
1496 3032 1759 3100 capitula,
1793 3043 1916 3102 post
1968 3034 2088 3088 ani-

498 3137 618 3175 mos
657 3136 687 3176 a
733 3119 1087 3174 'I‘heodoreto
1125 3129 1432 3175 commotos
1484 3120 1747 3190 Cyrillum
1801 3124 2087 3181 admonuit

498 3210 568 3265 de
621 3210 869 3265 cavendo
919 3210 1089 3264 unius
1146 3218 1360 3264 natura;
1412 3226 1636 3277 errore,
1685 3215 2085 3287 retinendaque

497 3301 783 3357 Athanasii
817 3300 885 3356 de
926 3300 1141 3356 duabus
1182 3302 1400 3357 naturis
1442 3302 1752 3359 inconfusis
1813 3306 2083 3364 doctrina.

496 3391 821 3473 Admonuit,
850 3391 1097 3462 inquam,
1131 3391 1337 3455 verbis,
1362 3407 1504 3461 quae,
1540 3404 1600 3447 ut
1629 3395 1697 3448 ab
1735 3408 1954 3452 errante
1999 3414 2088 3453 ze-

497 3482 553 3537 lo
586 3482 929 3546 oriebantur,
987 3481 1063 3537 ita
1116 3481 1432 3536 acrimonia:
1484 3484 1717 3537 multum
1770 3485 2083 3554 habebant,

496 3588 692 3643 parum
721 3571 933 3626 decori.

1101 3706 1116 3723 ‘
1154 3704 1384 3762 CAPUT
1417 3707 1476 3761 V.

511 3798 553 3854 l.
586 3796 917 3854 Conueniunt
965 3795 1151 3850 Patres
1183 3798 1466 3856 Ephesum.
1514 3798 1579 3853 ll.
1616 3798 1796 3855 Maras
1848 3802 2085 3856 consulto

586 3875 799 3940 nectunt
827 3866 1139 3940 Orientales.
1175 3866 1264 3940 Ill.
1290 3866 1852 3940 Inchoatursynodus
1904 3890 1937 3925 a
1977 3871 2085 3927 Ca-

581 3937 808 4007 tltolicis,
831 3947 877 3991 et
914 3938 1190 4007 deponitur
1216 3936 1509 3993 Nestorius.
1544 3936 1783 3995 lV.Moa:
1831 3941 2086 3996 advolant

578 4005 900 4071 Orientales,
966 4005 1015 4060 et
1049 4007 1315 4077 deponunt
1342 4007 1601 4077 Cyrillum
1631 4027 1693 4063 ac
1730 4010 2079 4066 Memnonem.

682 4078 1067 4150 Imperatorem
1094 4077 1595 4150 res_Catltolicorum
1621 4078 1810 4145 latent,
1835 4079 2086 4136 Orienta-

580 4147 1085 4221 liuminnotescunt.
1137 4147 1223 4221 γι.
1257 4148 1573 4221 Iracundius
1620 4151 1841 4221 proinde
1889 4153 1998 4221 agit
2025 4154 2081 4206 in

578 4217 841 4289 Cyrillum
876 4226 923 4271 et
958 4216 1273 4272 Catholicos.
1318 4218 1433 4274 VII.
1466 4216 1701 4273 Edoctus
1750 4239 1783 4275 a
1805 4216 2083 4277 Dalmatia

566 4288 720 4357 jubet
764 4288 834 4360 ad
865 4304 921 4341 se
969 4288 1105 4341 mitti
1154 4289 1644 4360 utrinquelegatos.
1686 4290 1819 4344 Vlll.
1854 4291 2084 4347 Theodo-

578 4368 722 4412 retus
752 4359 849 4427 fuit
876 4374 1013 4430 unus
1050 4374 1114 4411 ea:
1144 4357 1498 4430 orientalibus
1520 4358 1738 4430 legatis.
1791 4359 1884 4414 IX.
1916 4363 2081 4417 Audit

577 4426 870 4502 imperator
907 4426 1496 4502 quintuerrieutales.
1518 4426 1597 4483 Χῖ
1615 4428 1756 4502 Quos
1780 4447 1848 4502 Are
1866 4434 2079 4502 cognita
2122 4472 2125 4475 μ

576 4496 815 4580 dimittit,
865 4496 1251 4580 ethatltolicps
1284 4499 1562 4580 _admissos
1610 4500 1666 4580 in
1703 4499 1886 4580 urbem
1928 4496 2078 4580 iubet
2112 4526 2154 4580 ι)

576 4569 827 4640 ordinare
857 4570 1152 4640 episcopum
1185 4569 1242 4621 in
1277 4567 1449 4623 locum
1502 4569 1753 4640 Nestprii.
1787 4570 1880 4640 XI.
1918 4567 2079 4624 Rece-

575 4639 755 4710 dentes
788 4636 1084 4710 Orientales
1137 4640 1443 4710 conspirant
1474 4641 1547 4710 in
1607 4636 1924 4710 Catholicos.
1958 4640 2076 4695 XII.

484 4744 491 4749 -
579 4707 767 4764 Scribit
798 4708 1147 4765 Theodoretus
1197 4707 1428 4778 quinque
1463 4708 1622 4764 libros
1667 4708 1920 4764 adversus
1948 4728 2080 4765 san-

566 4789 717 4834 .ctam
739 4781 1015 4851 synodum.

736 4893 808 4942 Ab
831 4904 960 4940 anno
982 4887 1166 4941 Christi
1192 4889 1272 4938 451
1305 4890 1364 4940 ad
1397 4889 1508 4949 45!,
1531 4888 1624 4938 sub
1655 4891 1822 4940 ﬁnem.

554 5019 952 5075 LCondixerat
1013 5019 1316 5087 imperator
1356 5015 1618 5071 Patribus
1662 5015 1943 5085 Ephesum
2002 5014 2074 5071 ad

487 5110 630 5165 diem
660 5123 880 5165 sacrum
914 5108 1291 5171 Pentecostes,
1320 5104 1415 5174 qui
1447 5105 1717 5175 septimus
1754 5115 1875 5162 erat
1900 5122 2095 5177 .men-_

486 5204 564 5257 sis
597 5201 767 5257 Junii.
801 5198 1045 5254 Peractis
1090 5197 1260 5266 igitur
1305 5194 1467 5268 158
1503 5195 1659 5253 festis
1710 5198 2068 5253 Paschalibus

485 5293 747 5363 praesules
775 5286 1136 5345 accirixerunt
1164 5302 1223 5342 se
1252 5286 1321 5343 ad
1353 5287 1481 5354 iter,
1512 5296 1576 5342 ut
1604 5286 1675 5343 ad
1733 5297 1952 5358 tempus
1977 5303 2072 5342 ve-

487 5383 692 5439 nirent.

556 5474 622 5530 Il.
674 5474 755 5530 Ex
789 5471 1015 5527 Oriente
1059 5471 1399 5544 prmvolabat
1448 5472 1637 5527 animo
1689 5473 2074 5531 Theodoretus

486 5567 640 5624 velut
665 5566 733 5622 ad
744 5578 998 5634 campum
1017 5578 1212 5635 pugnae
1240 5563 1566 5633 impatiens;
1599 5563 1669 5619 ab
1687 5562 2074 5622 Orientalibus

564 5679 752 5738 cPsal.
780 5690 920 5732 usu
947 5672 1066 5734 6-9.
1141 5679 1164 5719 τ
1188 5677 1309 5733 Act.
1336 5693 1426 5744 xx,
1462 5676 1550 5733 '50.
1596 5678 1623 5718 ε
1645 5677 1691 5732 ll
1724 5678 1918 5735 Thess.
1959 5695 2019 5746 ιι,
2046 5681 2099 5736 7.

2179 590 2436 643 consulto
2481 590 2642 645 facta.
2692 590 2748 645 Id
2797 592 2995 661 agebat
3023 591 3401 646 Antiochenns
3422 591 3766 660 pra-sul,quo

2187 679 2447 733 Pati-ibus
2472 680 2798 750 jamdudum
2827 682 3170 752 congregatis
3199 681 3501 753 (efﬂuxerat
3517 680 3767 736 decimus
3794 664 3804 671 ’

2181 772 2409 840 quintus
2440 788 2468 824 a
2495 773 2750 827 condicto
2783 772 2948 843 dies),
2971 789 3244 843 motaeque
3268 772 3532 843 pertaesis,
3550 780 3767 844 tempus

2182 862 2337 917 daret
2365 863 2674 933 deponendi
2713 864 2971 928 Nestorii,
3020 865 3089 918 ad
3122 865 3269 933 quod
3292 872 3348 917 et
3387 864 3536 932 ipsos
3569 863 3768 918 callide

2182 954 2519 1025 impellebat,
2552 956 2919 1025 metropolitis
2948 955 3189 1019 duobus,
3222 971 3347 1009 cum
3375 962 3525 1009 esset
3549 954 3605 1008 in
3633 968 3767 1024 pro-

2185 1046 2351 1109 ximo,
2392 1047 2711 1116 praemissis,
2746 1047 2840 1117 qui
2900 1055 3190 1101 monerent
3243 1046 3298 1100 id
3356 1062 3539 1114 agere,
3590 1045 3769 1101 donec

2184 1137 2491 1197 adveniret.
2514 1140 2658 1206 quod
2682 1137 2954 1207 agendum
2982 1138 3286 1191 videretur.

2256 1229 2332 1282 Ea
2371 1229 2582 1281 ratione
2606 1228 2691 1281 vir
2712 1227 3040 1281 ambitiosus
3061 1227 3318 1296 sperabat
3349 1225 3466 1279 fore
3500 1232 3581 1285 ut,
3618 1223 3766 1294 quod

2184 1318 2424 1372 habebat
2456 1318 2507 1370 in
2541 1318 2704 1381 votis,
2743 1316 2979 1371 concilio
3020 1318 3190 1371 totius
3231 1315 3383 1370 orbis
3424 1314 3765 1384 praesideret.

2184 1406 2382 1464 Certus
2414 1410 2561 1462 enim
2593 1416 2729 1472 erat,
2757 1409 2849 1462 ubi
2877 1409 3118 1479 primum
3144 1407 3476 1469 advenisset,
3518 1402 3768 1475 repenti-

2186 1517 2317 1555 num
2338 1502 2605 1572 judicium
2632 1516 2916 1565 exercere,
2939 1516 3069 1571 quo,
3098 1501 3418 1569 priusquam
3469 1498 3632 1569 legati
3678 1513 3766 1552 se—

2187 1591 2272 1646 dis
2298 1592 2610 1661 apostolicze
2637 1600 3009 1661 tempestuoso
3037 1591 3170 1644 mari
3212 1573 3439 1660 possent
3467 1590 3771 1659 appellere,

2185 1684 2448 1757 Cyrillum
2487 1684 2913 1739 Alexandrinum
2935 1684 3270 1755 deponeret,
3309 1698 3412 1738 nec
3454 1691 3636 1737 tamen
3659 1683 3771 1737 Ne-

2187 1778 2417 1833 Storium
2464 1776 2797 1838 restitueret,
2846 1783 3009 1845 atque
3055 1776 3131 1829 ita
3158 1775 3336 1829 solus
3385 1775 3502 1844 ipse
3540 1774 3774 1843 patriar-

2187 1870 2414 1925 charum
2467 1865 2785 1920 moderandi
2830 1865 3049 1921 concilii
3096 1873 3291 1935 potens
3348 1872 3609 1919 restaret:
3639 1879 3772 1918 nam

2186 1960 2714 2032 Hierosolymitanus
2748 1974 2859 2027 pne
2893 1957 3241 2012 Antiocheno
3288 1942 3497 2012 nullius
3520 1966 3641 2011 erat
3664 1971 3769 2010 au-

2184 2052 2472 2108 ctoritatis.
2509 2049 2699 2105 Audax
2727 2048 2938 2103 facinus
2970 2059 3027 2104 et
3084 2050 3411 2114 violentum,
3441 2048 3538 2103 sed
3566 2055 3775 2102 eventu

2184 2160 2294 2198 non
2343 2144 2667 2205 cariturum,
2722 2140 2990 2196 suadebat
3049 2141 3315 2195 comitum
3353 2138 3680 2195 Candidiani
3717 2148 3777 2194 et

2185 2238 2405 2301 lrenaei,
2462 2232 2716 2290 Nestorio
2782 2232 3152 2296 addictorum,
3215 2248 3340 2288 cum
3395 2230 3779 2286 Orientalibus

2184 2327 2515 2398 conjuratio.
2971 2383 2977 2390 ,
3150 2330 3183 2343 ’

2254 2421 2345 2476 Ill.
2400 2420 2626 2476 Litteris
2670 2408 2999 2473 Antiocheni
3042 2432 3141 2487 per
3191 2413 3573 2484 metropolitas
3633 2411 3781 2467 duos

2184 2511 2383 2575 allatis,
2418 2508 2655 2581 Cyrillus
2693 2523 2849 2561 more
2901 2508 3171 2577 majorum
3209 2504 3342 2559 feria
3382 2502 3623 2557 secunda
3646 2518 3784 2574 syn—

2184 2603 2292 2658 odo
2327 2602 2457 2657 fecit
2484 2601 2726 2655 initium.
2760 2597 3157 2652 Incidebatilla
3212 2597 3267 2651 in
3302 2613 3332 2650 x
3370 2596 3595 2651 Kalend.
3618 2596 3779 2658 Julii,

2184 2712 2294 2766 quo
2334 2696 2422 2749 die
2473 2693 2733 2747 omnibus
2783 2689 2887 2744 rite
2938 2688 3176 2758 peractis
3199 2704 3267 2743 ex
3320 2690 3640 2759 praescripto
3687 2702 3784 2742 ca-

2185 2801 2389 2840 nonum
2429 2790 2816 2838 exauctoratus
2846 2786 2931 2834 est
2955 2777 3262 2843 Nestorius,
3293 2786 3518 2849 propter
3540 2778 3785 2833 hanresin

2185 2884 2351 2945 atque
2373 2872 2803 2930 contumaciam.

2257 2968 2348 3043 IY.
2380 2969 2458 3022 Re
2482 2967 2692 3029 audita,
2737 2982 2924 3023 comes
2978 2965 3222 3020 Irenzeus
3280 2962 3347 3016 ad
3382 2961 3701 3016 Orientales
3726 2962 3783 3015 in

2184 3059 2273 3114 via
2303 3060 2513 3129 positos
2542 3059 2775 3113 nuntius
2817 3064 3117 3128 properat:
3185 3053 3445 3108 advolant
3490 3053 3569 3107 illi
3623 3068 3786 3108 more

2113 3172 2155 3226 ε
2188 3150 2379 3203 alitum
2405 3149 2645 3203 Sabhato
2677 3156 3073 3219 consequente,
3118 3161 3243 3201 cum
3297 3155 3458 3200 antea
3503 3145 3657 3200 tarde
3694 3145 3785 3200 in-

2196 3241 2459 3295 cederent
2492 3257 2503 3292 :
2538 3254 2729 3310 agmen
2772 3254 2933 3309 agere
2975 3236 3270 3291 videbatur
3289 3235 3529 3289 Joannes
3553 3245 3789 3305 propter

2195 3333 2344 3387 sedis
2360 3332 2741 3386 auctoritatem
2765 3346 2777 3391 ;
2809 3331 2986 3399 reipsa
3004 3338 3183 3383 tamen
3203 3327 3443 3383 ducebat
3459 3326 3789 3381 Theodore-

2196 3430 2306 3485 tus,
2345 3421 2514 3475 totius
2540 3419 2792 3474 factionis
2835 3418 2992 3489 quasi
3037 3422 3219 3473 anima
3253 3433 3267 3471 :
3303 3417 3419 3472 suis
3443 3417 3589 3471 enim
3626 3415 3783 3470 nuti-

2194 3512 2303 3568 bus
2326 3511 2582 3566 movebat
2604 3509 2847 3565 Orientis
2878 3510 3205 3574 antistitem,
3228 3524 3391 3579 quem
3414 3508 3508 3563 alii
3533 3508 3601 3562 de
3624 3520 3790 3561 more

2192 3603 2590 3672 sequebantur,
2628 3601 2725 3656 sed
2773 3603 2889 3656 suis
2928 3601 3046 3671 ipse
3100 3601 3302 3657 studiis
3345 3599 3605 3654 incensus
3648 3613 3789 3668 age-

2192 3694 2374 3748 batur.

2267 3804 2426 3867 Nam,
2464 3811 2523 3857 ut
2561 3812 2768 3859 taceam
2790 3803 3018 3857 Joannis
3055 3802 3107 3856 in
3132 3802 3545 3856 Theodoretum
3576 3800 3783 3854 immo'

2191 3897 2374 3951 dicum
2406 3909 2672 3960 amorem,
2700 3892 3035 3947 Theodoreti
3059 3892 3202 3964 apud
3228 3893 3494 3948 Joannem
3536 3890 3785 3945 auctori-

2192 3997 2358 4043 tatem
2393 4002 2460 4041 ex
2484 3987 2745 4056 Opinione
2780 3986 3044 4039 doctrinae
3067 3993 3264 4049 ortam,
3301 3993 3542 4038 veterem
3569 3983 3792 4036 utrius-

2190 4097 2296 4151 que
2329 4096 2453 4134 cum
2489 4078 2746 4151 Nestorio
2778 4077 3184 4139 necessitatem,
3215 4084 3467 4131 recentes
3488 4073 3817 4129 amborum‘

2189 4188 2314 4228 cum
2347 4171 2553 4243 Cyrillo
2577 4169 2914 4232 inimicitias,
2945 4167 3191 4222 occultas
3246 4182 3372 4221 cum
3436 4165 3644 4220 Ireuzeo
3683 4180 3793 4221 c0-

2191 4264 2319 4319 mite
2344 4262 2633 4326 coitiones,
2671 4275 2734 4315 ac
2768 4260 2870 4316 alia
2903 4258 3171 4330 ejusmodi
3203 4257 3379 4327 plura,
3414 4263 3640 4326 propter
3657 4269 3795 4324 quae

2188 4356 2573 4410 Theodoretus
2608 4353 2855 4406 omnium
2890 4350 3147 4405 factionis
3184 4348 3540 4404 consiliorum
3580 4346 3796 4399 merito

2186 4457 2371 4519 potest
2391 4445 2605 4501 censeri
2624 4452 2849 4508 auctor;
2897 4443 3173 4513 ingenium
3197 4452 3346 4496 certe
3366 4439 3560 4511 ipsius,
3578 4439 3802 4510 stylus-

2185 4554 2315 4609 que,
2346 4546 2403 4591 et
2435 4534 2730 4605 singularis
2754 4532 2976 4602 quidam
3002 4548 3198 4587 verum
3253 4547 3385 4586 usus
3439 4529 3493 4583 in
3529 4527 3797 4583 Orienta-

2184 4627 2321 4682 lium
2345 4625 2569 4695 scriptis
2597 4624 2678 4678 sic
2710 4623 2915 4689 elucet,
2950 4632 3010 4678 ut
3037 4621 3294 4692 opiﬁcem
3338 4635 3450 4676 non
3481 4617 3794 4674 admodum

2185 4715 2397 4773 latendi
2439 4714 2700 4784 cupidum
2736 4713 3049 4784 patefaciet.

2263 4829 2369 4887 Ubi
2409 4827 2650 4901 primum
2709 4824 2986 4896 Ephesum
3032 4823 3269 4880 Joannes
3312 4817 3800 4893 attigit,nondum

2188 4923 2409 4987 deterso
2461 4922 2726 4992 pulvere,
2779 4921 2835 4974 in
2891 4919 3013 4989 ipso
3066 4917 3345 4990 hospitio,
3400 4911 3803 4982 intempestiva

2186 5016 2343 5081 hora,
2370 5013 2713 5070 clandestina
2750 5011 3014 5074 coitione,
3038 5007 3386 5066 Nestorianis
3421 5006 3489 5061 ad
3529 5021 3655 5061 suos
3682 5004 3795 5059 ad-

2183 5106 2409 5181 junctis,
2443 5104 2795 5175 conspirante
2829 5101 2989 5179 159
3010 5101 3350 5157 Candidiano
3385 5099 3605 5162 comite,
3625 5097 3793 5167 judi-

2184 5199 2333 5256 cium
2365 5193 2789 5254 tumultuarium
2818 5193 2886 5249 de
2912 5193 3137 5265 Cyrillo,
3164 5202 3222 5248 et
3262 5192 3551 5247 Memnone
3574 5190 3795 5260 Ephesi

2182 5290 2446 5361 episcopo
2471 5329 2485 5353 ,
2513 5286 2841 5356 ceterisque
2863 5285 3055 5357 synodi
3092 5297 3296 5341 sanctae
3336 5283 3596 5339 Patribus
3618 5297 3792 5336 exer-

2182 5392 2293 5438 cet.
2315 5380 2572 5452 Cyrillus,
2592 5386 2886 5435 accusante
2899 5376 3284 5442 Theodoreto;
3321 5376 3598 5438 Memnon,
3612 5387 3798 5442 agen-

2184 5474 2334 5530 tibus
2380 5471 2755 5538 Nestorianis;
2814 5469 3344 5536 Patres,referente
3394 5465 3794 5531 Candidiano,

2183 5563 2553 5618 damnantur:
2581 5560 2823 5632 Cyrillus
2850 5560 2917 5626 “,
2962 5559 3112 5631 quod
3142 5557 3380 5614 hasresin
3417 5554 3791 5628 Apollinaris,

2178 5680 2205 5720 ιι
2231 5676 2438 5732 Thren.
2467 5677 2620 5745 ιι,14,
2651 5677 2740 5733 15.
2822 5678 2839 5719 ί
2875 5676 2997 5734 Act.
3023 5690 3175 5741 mn,
3199 5675 3254 5732 ’5.

1836 5792 2155 5851 SCHULZII
2191 5793 2427 5851 NOTAE.

561 5889 609 5927 “
637 5886 892 5963 Cyrillus,
915 5896 1018 5946 etc.
1050 5887 1174 5945 Vid.
1216 5887 1517 5960 Epistolam
1546 5888 1613 5945 ad
1636 5887 1862 5958 Rufum,
1896 5898 1938 5946 t.
1963 5891 2054 5959 IV,
2090 5906 2147 5964 p.
2178 5890 2310 5948 1547
2340 5904 2496 5961 seqq.
