4080 6532
306 457 395 521 113

1492 454 1859 516 HISTORIA
1900 453 2410 517 THEODORETI.

3456 452 3558 518 1M

302 562 889 636 Ariique,etEunomii
914 564 968 619 in
998 563 1292 620 duodecim
1327 564 1602 634 capitibus
1625 565 1882 619 innovas—
1908 566 1957 621 Α
1981 570 2154 617 ceret.
2194 562 2485 619 Perierunt
2506 564 2724 629 litterae,
2747 580 2871 636 quae
2900 565 2968 620 ad
3016 565 3228 635 priores
3259 576 3371 622 tres
3420 566 3561 623 datae

301 667 403 723 set;
460 656 741 721 Menmon,
798 655 949 724 quod
1000 655 1349 726 tyrannidem
1400 655 1457 709 iu
1507 656 1646 711 urbe
1668 655 1874 727 Cyrillo

304 749 477 801 favens
543 746 926 811 exercuisset;
1002 746 1228 808 Patres,
1260 746 1409 816 quod
1475 746 1867 816 inexspectatis

302 837 665 893 Orientalibus
711 837 1042 891 sententiam
1094 837 1383 901 tulissent,
1438 838 1876 908 probassentque

302 927 470 999 Cyrilli
504 925 742 989 litteras,
759 935 817 980 et
844 926 1149 981 Memnonis
1173 935 1358 996 partes
1381 935 1768 996 sequerentur.

365 1018 666 1075 Abdicatus
683 1026 770 1073 est
805 1017 972 1088 igitur
995 1016 1233 1089 Cyrillus
1260 1033 1385 1072 cum
1435 1018 1744 1080 Memnone,
1773 1018 1877 1071 Pa-

310 1120 405 1165 tres
455 1109 1048 1164 excommunicatiouis
1099 1109 1371 1164 sententia
1420 1110 1667 1180 obligati,
1702 1109 1880 1164 donec

309 1199 528 1255 desertis
580 1198 769 1271 Cyrilli
807 1201 1058 1269 partibus
1091 1200 1157 1254 ad
1203 1200 1514 1255 Orientales
1552 1201 1876 1255 transirent:

309 1303 457 1361 atque
475 1292 593 1346 haec
619 1289 796 1345 forma
846 1290 950 1345 fuit
994 1291 1209 1361 judicii,
1255 1292 1413 1361 cujus
1431 1290 1761 1361 principium
1796 1290 1880 1343 in-

312 1382 440 1437 vidia
464 1392 520 1437 et
546 1382 813 1449 ambitio;
862 1391 1076 1448 auctor,
1103 1382 1360 1455 Cyrensis
1388 1382 1464 1449 u;
1494 1389 1744 1445 eventus,
1781 1382 1885 1437 Ec-

310 1473 475 1527 clesia:
501 1471 724 1527 divisio.

370 1561 432 1615 Ἴ.
466 1560 551 1615 Ad
584 1560 985 1631 imperatorem
1011 1560 1373 1617 Orientalium
1399 1563 1622 1619 nomine
1653 1564 1884 1620 relatum

316 1663 411 1720 est,
436 1653 706 1722 simulque
729 1661 993 1707 excusata
1014 1654 1114 1707 viae
1146 1653 1394 1719 tarditas,
1426 1653 1563 1708 nihil
1595 1671 1702 1709 non
1729 1671 1887 1710 men-

324 1748 470 1803 tiente
498 1747 787 1802 relationis
845 1748 1136 1818 scriptore,
1170 1764 1282 1818 quo
1314 1740 1632 1818 imperator,
1677 1760 1734 1806 et
1778 1749 1887 1806 Nc-

317 1838 454 1892 storii
481 1852 694 1902 amans,
727 1846 786 1892 et
814 1836 1022 1908 Cyrillo
1078 1838 1348 1903 infensus,
1385 1838 1691 1893 falleretur:
1726 1839 1779 1892 id
1821 1853 1889 1892 eo

1980 664 2138 719 sunt;
2165 662 2364 719 exstat,
2397 669 2520 724 quae
2550 655 2619 709 ad
2634 655 2860 711 Rufum.
2886 656 3143 711 Sarciuut
3172 673 3306 712 vero
3328 658 3558 711 aliarum

1977 744 2271 814 jacturam,
2293 745 2339 799 si
2390 753 2571 801 tamen
2610 745 2730 801 aliae
2762 746 2985 807 fuerint,
3010 755 3066 801 et
3113 763 3223 801 non
3254 748 3457 802 etedem
3492 748 3559 802 ad

1983 837 2229 906 singulos
2270 851 2301 890 a
2322 835 2463 905 pari,
2492 844 2553 890 ut
2581 836 2903 905 loquuntur,
2941 838 3139 893 missa.

2058 927 2261 983 Habuit
2283 928 2451 982 etiam
2475 928 2769 982 conciones
2802 928 2868 981 ad
2902 930 3164 998 populum
3189 929 3344 984 urbis
3377 931 3562 1000 regiae,

1986 1021 2055 1076 de
2087 1022 2291 1092 quibus
2315 1021 2390 1076 ita
2417 1021 2534 1091 ipse
2572 1020 2642 1075 ad
2675 1022 3075 1090 metropolitam
3104 1038 3263 1078 suum
3290 1023 3337 1055 “
3360 1023 3565 1093 Ephesi

1988 1122 2241 1184 agentem
2274 1130 2288 1166 :
2335 1132 2352 1164 ι
2375 1113 2621 1182 Populus
2640 1113 2820 1169 omnis
2847 1114 3022 1183 gratia
3054 1113 3148 1169 Dei
3187 1114 3329 1169 bene
3376 1114 3562 1178 habet,

1946 1262 1951 1265 _
1989 1214 2045 1261 et
2070 1206 2276 1275 jugiter
2293 1204 2364 1258 ad
2409 1206 2856 1276 nos.egreditur.
2882 1206 3194 1275 lncepimus
3220 1216 3402 1261 autem
3434 1205 3568 1275 ipsis

1987 1295 2156 1350 etiam
2212 1293 2510 1360 disserere,
2573 1302 2632 1349 et
2687 1294 3093 1350 celebravimus
3156 1295 3567 1349 communiones

1990 1386 2276 1450 maximas,
2321 1394 2379 1441 et
2428 1393 2630 1454 quarto
2677 1386 2790 1441 illis
2816 1394 3131 1441 enarratum
3156 1393 3261 1450 est,
3312 1385 3571 1455 precibus

1991 1487 2101 1534 tuae
2136 1478 2381 1548 pictatis,
2409 1478 2480 1533 de
2508 1476 2636 1545 ﬁde,
2664 1488 2721 1534 et
2748 1486 2895 1532 tanta
2920 1477 3251 1533 audiverunt
3270 1478 3571 1546 voluptate,

1993 1580 2055 1625 ut
2080 1585 2251 1640 usque
2280 1570 2349 1624 ad
2378 1569 2570 1624 horam
2595 1569 2884 1641 septimam
2925 1585 3037 1625 non
3083 1569 3452 1630 discederent,
3476 1567 3571 1621 sed

1993 1661 2422 1730 perduravcrint
2439 1676 2617 1731 usque
2653 1661 2720 1716 ad
2766 1672 2960 1717 aestum
2997 1661 3162 1715 solis:
3188 1661 3244 1715 in
3270 1661 3394 1715 aula
3425 1657 3571 1712 enim

1995 1755 2253 1819 maxima,
2304 1763 2362 1809 et
2415 1763 2654 1823 quatuor
2690 1753 2929 1809 habente
2980 1753 3246 1823 porticus,
3277 1750 3577 1807 multitudo

1998 1855 2328 1918 congregata
2368 1847 2490 1909 fuit,
2517 1856 2575 1901 et
2632 1862 2732 1901 nos
2772 1861 3010 1916 superne
3057 1843 3577 1900 concionabamure

316 1931 513 1984 facilius
556 1929 681 1992 fuit,
742 1929 892 1999 quod
943 1929 1341 1994 Candidiauus,
1388 1930 1688 2002 cognituris
1711 1929 1888 1984 cilicio
1920 1921 1961 1975 Β
1991 1940 2254 2003 suggestu
2288 1948 2457 2002 prope
2482 1939 2709 1987 tectum.
2745 1950 2762 1982 ι

315 2023 532 2090 turpiter
555 2021 801 2085 deserto,
824 2036 951 2075 cum
974 2022 987 2039 '
1007 2019 1381 2077 Orientalibus
1407 2022 1559 2091 paria
1590 2023 1887 2087 scribebat,

312 2123 362 2167 et
388 2112 795 2168 Catholicorum
828 2112 1061 2177 nuntiis,
1116 2128 1186 2166 ne
1237 2113 1292 2167 in
1341 2114 1536 2169 urbere
1580 2115 1888 2178 tenderent,

310 2202 702 2257 intercludebat
722 2201 889 2255 viam.
1122 2192 1132 2205 ’

370 2294 456 2348 Vl.
516 2292 662 2360 Quid
721 2294 922 2348 illusus
994 2291 1340 2350 Theodosius
1389 2301 1583 2349 contra
1628 2293 1894 2366 Cyrillum

308 2385 783 2456 Constantinopoli
836 2385 1120 2451 statuerit;
1180 2386 1314 2455 quid
1352 2383 1559 2441 ’misso
1615 2386 1895 2456 Ephesum

309 2478 545 2534 Palladio
573 2478 871 2549 imperiose
921 2479 1297 2545 mandaverit;
1349 2479 1626 2549 quomodo
1675 2495 1773 2549 per
1806 2494 1899 2533 co-

308 2570 493 2625 mitem
514 2585 801 2624 sacrarum
853 2570 1206 2641 largitionum
1247 2569 1512 2626 Joannem
1576 2571 1772 2625 tentari
1798 2585 1898 2625 vo-

310 2659 597 2721 luerit,ut,
626 2666 900 2728 quotquot
921 2668 1081 2713 erant
1127 2659 1325 2727 Ephesi
1363 2661 1646 2730 praesules,
1689 2660 1899 2716 Joanne

310 2750 560 2819 pnesidc,
586 2752 984 2817 convenirent;
1020 2767 1125 2821 qua
1156 2750 1393 2824 Cyrillus
1415 2753 1675 2808 violentia
1710 2753 1898 2824 conje-

309 2851 424 2896 ctus
454 2841 531 2897 sit
564 2842 619 2895 in
646 2858 971 2907 carcerem;
1005 2843 1137 2912 quid
1193 2842 1368 2897 moliti
1398 2842 1709 2898 Orientales
1761 2844 1903 2897 inte-

314 2933 427 2994 vim,
448 2932 843 2988 utCatholicis’
869 2934 957 2987 vel
989 2933 1250 2988 invidiam
1293 2934 1611 2989 rebellionis
1658 2934 1903 2990 facerent

319 3024 444 3092 apud
466 3025 897 3094 imperatorem,
936 3026 1022 3079 vel
1055 3042 1085 3079 a
1135 3028 1337 3096 populo
1363 3028 1731 3081 tumultuante
1755 3027 1904 3096 peri-

317 3116 493 3170 culum
523 3125 802 3180 crearent,
838 3133 906 3171 ex
938 3117 1075 3173 actis
1123 3118 1316 3188 synodi
1373 3117 1665 3188 Ephesinte
1700 3118 1903 3172 intelli-

2064 2023 2222 2091 Quod
2246 2026 2300 2077 in
2339 2023 2463 2078 aula
2495 2023 2880 2077 concionatum
2913 2035 2972 2075 se
2999 2030 3204 2085 narrat,
3244 2019 3298 2074 id
3340 2033 3409 2074 eo
3449 2034 3580 2072 con-

1995 2116 2136 2186 tigit.
2170 2115 2298 2185 quia
2322 2113 2792 2171 Chalcedonensis
2814 2113 3072 2167 Ecclesia:
3088 2111 3307 2182 prtesul,
3332 2110 3582 2179 quamvis

1993 2208 2614 2276 Constantinopolitanae
2649 2206 2766 2261 sedi
2820 2205 3124 2270 obnoxius,
3168 2203 3353 2258 studio
3400 2211 3581 2257 tamen

1999 2301 2126 2356 ﬁdei
2158 2301 2336 2355 vetuit
2357 2300 2410 2354 in
2452 2299 2689 2354 ecclesia
2720 2313 2955 2370 synaxes
2989 2296 3077 2367 agi
3109 2295 3178 2350 ab
3204 2293 3526 2349 hominibus
3552 2308 3581 2344 a

1999 2402 2188 2448 sancta
2250 2391 2459 2464 synodo
2505 2390 2806 2445 abstentis:
2851 2386 2999 2457 quod
3046 2392 3277 2454 questus
3305 2390 3394 2438 est
3438 2380 3583 2450 apud

2001 2485 2394 2553 imperatorem
2421 2481 2828 2541 Theodoretus,
2882 2477 3133 2549 quamvis
3167 2476 3284 2530 haec
3333 2489 3443 2530 non
3476 2480 3585 2527 tam

2000 2577 2225 2648 querela
2256 2576 2380 2640 fuit,
2415 2590 2580 2645 quam
2608 2570 2981 2627 inverecunda
3010 2566 3328 2638 impotentis
3359 2566 3453 2620 iras
3493 2580 3586 2618 vo-

2002 2666 2276 2730 ciferatio,
2311 2660 2712 2734 seditionisque
2737 2661 2948 2717 molitio
2983 2658 3070 2714 vel
3110 2654 3505 2719 comminatio;
3534 2653 3587 2708 id

2002 2775 2133 2815 vero
2158 2758 2238 2814 sic
2258 2757 2490 2812 accidit:

2075 2851 2362 2906 Admissus
2388 2846 2683 2918 aliquando
2713 2845 2782 2900 ab
2807 2845 3139 2914 imperatore
3156 2840 3225 2896 ad
3254 2838 3587 2908 colloquium

2007 2944 2062 2997 in
2093 2939 2383 2995 Ruﬁniana
2416 2939 2564 3001 villa,
2591 2952 2717 2992 cum
2747 2935 2902 2989 orbis
2925 2933 3150 2988 domino
3180 2932 3477 2985 altercatus
3507 2934 3593 2983 est

2006 3032 2292 3095 audacius,
2315 3044 2481 3100 quam
2517 3026 2802 3082 modestiae
2840 3026 2926 3080 lex
2988 3023 3172 3078 sinat:
3221 3018 3591 3092 jactabundus

2009 3134 2189 3178 tamen
2212 3137 2327 3176 rem
2352 3132 2560 3193 gestam
2595 3119 2668 3173 ita
2700 3117 2950 3171 narrat"
2974 3133 2986 3168 :
3015 3134 3033 3166 ι
3054 3113 3313 3168 Dicebam
3343 3111 3425 3164 ei:
3454 3106 3593 3174 Quia

308 3222 428 3275 εετε
462 3217 578 3262 εειο
610 3206 1035 3263 Observandum
1071 3218 1253 3263 tamen
1283 3207 1401 3263 haec
1428 3209 1566 3277 ipsa.
1594 3223 1717 3279 qua:
1749 3223 1899 3261 nunc
1931 3249 1977 3306 ο
2009 3214 2211 3269 dedisti
2260 3212 2517 3267 ﬁduciam
2571 3208 2858 3279 loquendi,
2918 3222 3044 3261 cum
3084 3203 3246 3258 venia
3306 3200 3456 3255 audi.
3493 3197 3593 3253 Ju—

311 3297 613 3363 babentur,
647 3306 851 3368 praeter
897 3298 1193 3353 relationes
1242 3307 1299 3353 et
1328 3298 1610 3369 epistolas,
1658 3298 1903 3352 breviata

304 3387 475 3442 fuisse
517 3386 590 3441 ab
618 3387 856 3456 ipsumet
889 3385 1112 3457 Cyrillo.

369 3479 489 3533 VII.
556 3478 716 3535 Hunc
770 3477 886 3535 [ere
939 3477 997 3532 in
1044 3479 1267 3533 modum
1293 3478 1435 3534 duos
1464 3481 1575 3551 jam
1619 3479 1912 3535 continuos

304 3595 541 3636 menses
561 3580 635 3634 ab
663 3579 1038 3634 Orientalibus
1059 3580 1287 3650 Ephesi,
1326 3595 1436 3650 qua
1483 3581 1559 3644 vi,
1597 3594 1706 3648 qua
1756 3577 1909 3631 frau~

303 3671 497 3736 dibus,
556 3687 665 3741 qua
725 3671 1028 3743 tyrannicis
1081 3671 1347 3727 comitum
1390 3670 1601 3724 artibus
1630 3668 1909 3724 turbatum

300 3774 443 3830 erat,
476 3779 621 3820 cum
641 3763 861 3818 tandem
882 3779 912 3818 a
939 3762 1232 3826 Dalmatio,
1269 3761 1617 3817 sanctissimo
1661 3760 1719 3814 in
1772 3760 1911 3814 urbe

301 3858 454 3928 regia
518 3857 925 3911 monachorum
982 3857 1163 3919 Patre,
1205 3852 1552 3909 Theodosius
1596 3853 1664 3907 de
1700 3867 1758 3906 re
1798 3858 1911 3905 tota

301 3946 524 4001 certior
585 3944 786 4008 factus,
829 3943 1207 4012 comitumque
1243 3941 1528 4013 perﬁdiam
1570 3940 1792 4013 indigne
1836 3938 1915 3993 fe-

304 4052 458 4103 rens,
493 4035 676 4109 jussit
716 4035 786 4090 ad
823 4049 883 4089 se
928 4033 1072 4087 mitti
1128 4041 1339 4103 septem
1371 4032 1441 4086 ab
1485 4040 1716 4100 utraque
1760 4038 1914 4099 par-te

298 4126 637 4195 episcopos,
663 4139 805 4193 quos
835 4122 905 4177 de
940 4121 1109 4193 gestis
1135 4121 1337 4190 Ephesi
1369 4134 1612 4190 praesens
1637 4118 1874 4173 audiret.

379 4218 531 4273 VIII.
567 4215 958 4271 Thcodoretus
981 4214 1084 4268 fuit
1118 4230 1263 4268 unus
1283 4213 1350 4268 de
1378 4220 1591 4283 septem
1621 4209 1915 4266 Orientali-

300 4312 444 4367 bus:
474 4311 589 4367 sed
623 4325 751 4364 cum
789 4318 1046 4379 pergeret
1079 4305 1636 4375 Constantinopolim.
1684 4319 1781 4375 spe
1811 4304 1917 4359 du-

298 4416 431 4461 ctus
486 4404 621 4458 fore
657 4411 719 4455 ut
756 4401 811 4454 in
846 4402 981 4455 urbe
1032 4400 1182 4470 regia
1213 4414 1281 4454 eo
1318 4399 1511 4469 plausu
1548 4397 1776 4460 diceret,
1808 4412 1918 4466 quo

297 4499 517 4555 solitus
544 4503 672 4550 erat
730 4493 1056 4569 Antiochiae,
1095 4500 1261 4562 atque
1294 4490 1369 4545 ita
1419 4490 1502 4545 vel
1551 4489 1637 4544 sui
1671 4487 1914 4545 Nestorii

2012 3316 2233 3361 stumue
2263 3313 2349 3358 est
2395 3302 2686 3358 haereticos
2733 3298 2960 3370 quidem
2995 3294 3505 3353 excommunicatos
3539 3290 3595 3346 in

2011 3390 2259 3446 ecclesiis
2299 3388 2500 3460 agere?
2552 3404 2653 3443 nos
2693 3402 2848 3451 vero,
2881 3386 2977 3456 qui
3011 3401 3111 3455 pro
3150 3383 3258 3438 ﬁde
3295 3390 3595 3442 certamus,

2011 3493 2069 3537 et
2090 3488 2320 3552 propter
2348 3481 2455 3535 hoc
2500 3479 2705 3534 abillis
2747 3476 3155 3533 communionis
3201 3481 3452 3529 exsortes
3508 3487 3600 3526 su-

2015 3590 2159 3638 mus,
2190 3586 2301 3626 non
2337 3571 2543 3625 intrare
2566 3569 2621 3623 in
2651 3567 2982 3624 ecclesiam?
3010 3563 3318 3635 Respondit
3355 3562 3449 3617 ille
3479 3577 3492 3614 :
3528 3561 3599 3615 Et

2014 3682 2107 3737 ego
2130 3663 2257 3736 quid
2283 3661 2523 3734 faciam?
2550 3691 2619 3700 —
2647 3658 2799 3725 Quod
2844 3659 2983 3728 fecit,
3002 3655 3328 3728 inquiebam,
3352 3654 3602 3724 magister

2017 3767 2160 3823 tuus,
2190 3772 2359 3811 comes
2392 3753 2765 3826 largitionum,
2807 3753 2862 3806 in
2905 3751 3034 3805 urbe
3062 3749 3292 3821 Epheso.
3318 3745 3419 3801 Ille
3462 3746 3603 3799 enim

2016 3860 2071 3905 ut
2093 3851 2292 3904 invenit
2342 3846 2628 3901 nonnullos
2664 3842 2999 3915 congregari,
3034 3841 3348 3913 compescuit
3392 3855 3477 3892 eos
3517 3836 3603 3891 di-

2016 3958 2173 3997 cens:
2206 3938 2302 3995 «Si
2338 3956 2443 3993 non
2495 3937 2699 4008 fueritis
2747 3933 2973 4005 paciﬁci,
3030 3949 3135 3987 non
3178 3930 3458 3985 concedam
3510 3927 3604 3981 uni

2019 4036 2165 4106 parti
2195 4032 2539 4103 congregari;
2564 4049 2582 4081 ι
2607 4037 2655 4083 et
2689 4026 2960 4098 Oportebat
2986 4025 3147 4077 etiam
3181 4031 3328 4076 tuam
3356 4022 3607 4091 pietatem

2018 4126 2303 4198 prmeipere
2346 4122 2430 4176 hic
2460 4122 2720 4192 episwpo,
2753 4134 2818 4172 ne
2875 4116 3222 4187 permitteret,
3263 4127 3430 4181 neque
3465 4109 3602 4172 illis,

2020 4233 2186 4289 neque
2220 4214 2365 4269 nobis
2406 4210 2739 4282 congregari,
2773 4208 2936 4262 donec
2957 4205 3349 4267 conveniamus,
3377 4207 3435 4254 ut
3455 4200 3607 4270 jirsta

2023 4317 2115 4362 tua
2145 4306 2407 4360 sententia
2438 4302 2676 4357 omnibus
2734 4308 2861 4353 nota
2915 4296 3035 4366 ﬁat.
3070 4294 3150 4349 Ad
3200 4294 3317 4348 haec
3350 4290 3604 4346 dicebat:

2023 4398 2283 4470 Equidem
2310 4397 2547 4467 episcopo
2595 4391 2750 4462 161
2781 4392 3048 4462 imperare
3094 4403 3194 4440 non
3226 4399 3456 4456 possum.
3506 4381 3611 4435 Ita-

2023 4508 2131 4563 que
2161 4488 2419 4561 respondi
2449 4503 2584 4559 ego:
2612 4485 2790 4556 Neque
2818 4481 2964 4536 nobis
3015 4480 3260 4549 imperes,
3290 4483 3339 4530 et
3384 4474 3607 4543 accipie-

299 4605 398 4644 I‘es
427 4584 751 4643 admOdllm
777 4583 1009 4639 amicus
1054 4583 1392 4646 τεδῑίιιιθτθῐ,
1429 4581 1514 4635 V01
1549 4579 1762 4634 allimOS
1807 4580 1917 4634 831-
1952 4604 1995 4659 υ
2026 4601 2140 4639 mus
2174 4581 2471 4644 ecclesiam,
2524 4576 3083 4650 congregabimurque,
3126 4587 3189 4623 ac
3219 4573 3490 4638 cognoscet
3517 4571 3612 4615 tua

298 4690 419 4737 tem
475 4676 683 4750 populi
725 4685 1143 4742 commoveret;
1191 4676 1379 4747 jussus
1435 4680 1521 4729 est
1569 4672 1916 4728 Chalcedone

300 4773 480 4845 160
515 4786 653 4826 cum
692 4770 808 4825 suis
855 4769 1154 4839 prmstolari
1205 4768 1499 4823 adventum
1548 4767 1917 4837 imperatoris,

298 4865 438 4919 illac
476 4863 543 4916 in
585 4860 945 4940 Ruﬁnianum
972 4858 1280 4916 transituri.

377 4956 538 5009 Dum
599 4953 954 5023 prmstolatur
1008 4951 1317 5006 adventuro
1370 4950 1633 5020 principi,
1697 4948 1923 5019 scripsit

296 5046 545 5101 litteras
571 5044 799 5098 nomine
852 5042 1183 5113 legatorum,
1211 5041 1279 5095 ad
1311 5041 1599 5111 episc0pos
1634 5049 1747 5094 tres
1778 5039 1925 5094 Itali-

2029 4678 2218 4749 pietas,
2241 4673 2410 4729 multo
2445 4671 2625 4743 plures
2656 4669 2925 4724 nobiscum
2951 4680 3083 4726 esse,
3108 4676 3271 4733 quam
3299 4675 3416 4713 cum
3443 4655 3612 4710 illis»

2098 4768 2191 4824 IX.
2220 4766 2530 4823 Orientales
2560 4763 2815 4834 quintum
2845 4757 3017 4813 auditi
3059 4762 3188 4810 sunt
3215 4768 3245 4808 a
3276 4750 3635 4813 Theodosio,’

2031 4875 2154 4931 quae
2177 4858 2282 4912 fuit
2312 4853 2553 4926 religiosi
2604 4849 2874 4922 principis
2910 4845 3194 4918 patientia.
3231 4840 3479 4908 Quatuor
3525 4837 3612 4891 in-

2031 4967 2200 5023 super
2226 4949 2279 5004 ei
2321 4945 2751 5019 protestationes
2791 4942 3081 5000 miserunt,
3126 4944 3237 4990 tres
3267 4931 3614 4989 Chalcedone

2028 5044 2335 5115 legatorum
2374 5036 2619 5100 nomine,
2644 5042 2900 5104 quartam
2926 5048 2958 5086 a
2988 5031 3106 5088 suis
3149 5026 3463 5098 Ephesinis,
3499 5038 3617 5079 out-

297 5152 518 5191 rarum
548 5135 945 5197 Ecclesiarum,
971 5132 1358 5187 Martinianum
1411 5131 1832 5186 Mediolanensis
1855 5130 1925 5196 “,
2025 5150 2125 5189 nes
2151 5129 2449 5205 iactantiae,
2473 5143 2638 5198 quam
2660 5124 2942 5180 modestiae
2963 5121 3260 5191 pleniores.

298 5228 602 5281 Joannem
624 5225 1003 5279 Ravennensis
1031 5232 1086 5279 et
1103 5223 1509 5294 Aquileiensis:
1540 5223 1763 5293 scripsit
1787 5231 1843 5278 et
1859 5223 1928 5278 ad

2100 5199 2169 5279 xi
2202 5221 2406 5277 Verum
2431 5218 2641 5273 nullum
2681 5216 2811 5271 inde
2838 5211 2986 5269 aliud
3014 5225 3194 5280 Opera:
3230 5219 3342 5261 suae
3375 5199 3615 5272 pretium

299 5316 537 5373 Rufum
584 5289 1277 5379 Thessalonicensem—ut,
1330 5314 1375 5370 si
1409 5330 1516 5383 qua
1563 5289 1769 5384 posset,
1809 5321 1930 5368 tan-
2031 5314 2300 5376 tulerunt,
2318 5325 2482 5381 quam
2503 5305 2651 5378 quod
2681 5302 2953 5375 patefacta
2982 5299 3214 5353 veritate
3239 5289 3615 5384 legaticathoa

310 5420 522 5465 tarum
567 5408 787 5463 sedium
813 5406 1093 5463 antistites
1128 5406 1185 5461 in
1207 5416 1396 5476 partes
1421 5406 1738 5461 schismatis
1762 5406 1932 5461 addu-

2032 5404 2126 5461 lici
2155 5404 2211 5458 in
2234 5377 2428 5458 urbem
2452 5377 2632 5454 vocati
2651 5401 2802 5459 sunt,
2827 5391 2895 5447 ad
2918 5383 3302 5444 sulﬁciendum
3361 5377 3617 5436 Nestorio

1696 5559 2015 5619 SLHULZII
2055 5555 2284 5615 NOTAE.

379 5723 435 5756 δ’
478 5719 761 5781 Curensis.
794 5718 1063 5774 Joannem
1098 5715 1503 5772 Antiochenum
1540 5715 1758 5771 mallem
1794 5715 1981 5771 dicere
2033 5722 2336 5770 auctorem.
2411 5707 2457 5740 ⁸³
2502 5703 2742 5781 Μρτιὶπκ
2767 5699 3037 5781 Martinus
3075 5685 3619 5781 ius}???

305 5794 376 5846 ad
414 5760 1152 5848 nJﬁ.HT'E}FJFé}Hiiiuni
1177 5760 1527 5857 jahn-iioiavit
1951 5760 2278 5854 Iid‘llctrop.
2306 5795 2480 5835 suum.
2503 5771 2874 5832 Alexandrum
2896 5769 3105 5826 scilicet
3129 5760 3615 5833 Hierapolitanum.

307 5864 449 5920 \‘id.
477 5870 531 5917 ι.
557 5860 643 5928 ιν,
676 5878 731 5933 p.
759 5860 920 5917 i345.
995 5857 1041 5892 δ’
1069 5857 1152 5915 lta
1183 5856 1399 5914 narrat.
1433 5864 1577 5914 Loco
1601 5856 1789 5912 citato.

2690 5877 2697 5884 ι
