4080 6494
498 425 600 494 125

1633 424 2013 488 GARNERII
2050 418 2553 485 DISSERTATIO
2600 428 2648 488 l.

3677 419 3781 484 illi

495 540 847 607 episcopum;
880 536 1257 596 Orientalibus
1274 536 1616 600 mandatum,
1640 550 1798 591 suam
1816 546 2091 603 quemque
2124 535 2170 588 A
2199 534 2516 588 tunditatem
2564 536 2736 589 omnis
2787 544 2944 589 terra:
2969 544 3016 589 et
3050 535 3346 590 habitantrs
3392 535 3444 586 in
3487 532 3584 586 illa
3626 536 3785 603 quasi

494 630 564 685 ad
587 628 891 684 Ecclesium
928 627 1151 697 redire;
1185 628 1333 700 quod
1364 639 1423 685 et
1460 628 1586 683 aliis
1612 627 1817 698 Ephesi
1859 638 2092 695 congre-

495 724 636 796 gatis
670 721 1038 794 signiﬁcatum
1070 733 1176 781 est.
1200 725 1353 781 Istud
1380 740 1515 781 vero
1549 740 1714 795 quam
1740 721 2093 792 impatienter

496 815 882 872 Theodoretus
922 816 1150 882 tulerit,
1208 816 1397 887 prodit
1443 817 1563 871 suis
1615 815 1685 870 ad
1736 813 2047 885 Ephesinos
2074 816 2089 833 ‘

497 907 777 963 communi
812 907 1040 964 nomine
1093 909 1301 965 litteris
1347 909 1415 963 “.
1459 909 1711 964 «Placuit
1745 907 2093 979 pientissimo

498 1002 613 1072 regi
636 1008 760 1072 post
786 1001 989 1057 multas
1036 1001 1476 1066 adhortationes,
1520 1010 1583 1057 ut
1618 1000 1820 1073 singuli
1857 1001 1927 1056 ad
1962 1016 2092 1071 pro-

497 1091 618 1161 pria
645 1091 972 1148 redeamus:
1012 1102 1072 1147 ut
1122 1102 1181 1149 et
1207 1092 1494 1165 Egyptius
1524 1099 1582 1147 et
1626 1091 1882 1147 Memnon
1908 1091 2093 1160 Ephe-

498 1181 616 1237 sius
650 1181 707 1236 in
765 1181 885 1236 suis
905 1181 1046 1237 locis
1072 1190 1351 1239 maneant.
1405 1181 1507 1238 Sic-
1533 1181 1681 1238 enim
1717 1181 1898 1253 potuit
1932 1180 2095 1253 11ng-

498 1271 652 1343 ptius
684 1286 881 1328 omnes
918 1288 1199 1329 excaacare
1229 1273 1556 1328 muneribus
1592 1274 1728 1338 suis,
1771 1280 1831 1327 ut
1856 1272 1945 1327 ille
1974 1272 2099 1343 qui-

500 1364 649 1430 dem,
705 1380 831 1421 cum
891 1365 1183 1423 innumera
1248 1366 1444 1421 fecerit
1501 1366 1664 1430 mala,
1718 1362 1786 1419 ad
1835 1365 2096 1420 thronum

498 1471 664 1513 suum
714 1456 946 1524 redeat;
983 1456 1089 1513 iste
1122 1457 1209 1512 vir
1242 1458 1510 1513 innocens
1541 1457 1881 1530 (Nestorium
1932 1456 2096 1510 intel-

502 1548 648 1619 ligit)
682 1548 772 1603 vix
803 1549 871 1603 ad
913 1564 1071 1605 suam
1121 1549 1467 1605 mansionem
1504 1550 1836 1606 dimittatur.
1868 1570 1886 1603 ι
1918 1550 2098 1607 Verba

504 1646 622 1695 haec
669 1640 1026 1708 Theodoreti,
1073 1642 1308 1697 aliorum
1356 1657 1451 1697 sex
1484 1640 1728 1698 Orientis
1793 1643 2097 1714 legatorum

503 1734 729 1788 nomine
776 1733 1105 1797 scribentis,
1155 1733 1461 1789 manifestae
1493 1733 1540 1765 ‘7
1567 1734 1966 1805 suppositionis
2007 1749 2099 1787 ar-

2198 629 2427 685 tocastas
2445 628 2470 668 ι
2492 647 2505 683 :
2528 628 2748 684 ethunc
2772 629 2864 699 qui
2884 628 3248 684 omniaverbo
3264 627 3415 691 fecit,
3442 634 3499 681 et
3512 625 3663 680 dedit
3693 626 3781 679 his

2193 736 2317 791 quae
2339 737 2449 775 non
2497 729 2677 785 erant,
2737 731 2797 775 ut
2848 729 3052 787 essent,
3103 722 3221 777 sola
3248 720 3576 775 voluntate:
3624 721 3780 790 quasi

2194 814 2399 868 oblitus
2420 813 2617 867 horum
2636 814 2904 877 omnium,
2926 813 3275 884 passionibus
3300 812 3600 867 obnoxium
3622 811 3781 879 facis,

2193 915 2251 961 et
2287 906 2463 976 legem
2487 906 2668 975 ponis,
2702 914 2763 960 ut
2792 906 3055 959 adoretur
3082 905 3230 960 Deus
3260 903 3559 975 passibilis,
3591 924 3609 956 ›
3633 912 3742 959 etc.

2264 997 2506 1053 Joannes
2562 1013 2716 1051 more
2748 996 3042 1067 prarsidum
3084 996 3300 1066 excepit
3333 995 3666 1049 Theodoreti
3701 996 3783 1051 lo-

2194 1089 2419 1159 quentis
2452 1104 2764 1144 sermonem
2797 1087 2864 1153 ‘9,
2890 1087 3138 1157 dixitque
3186 1086 3446 1142 seditiose
3487 1089 3695 1158 pariter
3724 1097 3783 1144 et

2195 1183 2535 1239 adulatorie:
2596 1181 2856 1236 laudibus
2906 1181 3055 1235 enim
3084 1179 3536 1235 aﬁ‘ecitNestorii
3590 1179 3778 1245 ﬁdem,

2195 1291 2360 1345 quam
2417 1282 2474 1329 et
2516 1274 2793 1343 exposuit,
2840 1280 2897 1327 et
2946 1286 2977 1325 a
3015 1270 3256 1342 populis,
3305 1284 3445 1339 quos
3492 1278 3618 1324 ante
3646 1267 3785 1324 ﬁde-

2195 1365 2297 1430 les,
2322 1381 2472 1420 nunc
2507 1365 2851 1421 confessores
2872 1362 3042 1418 fuisse
3080 1363 3178 1427 ait,
3221 1362 3594 1426 retinendam,
3630 1361 3784 1416 velut

2198 1459 2513 1530 depositum
2536 1468 2828 1529 paternum
2865 1474 2895 1512 a
2923 1456 3072 1521 ﬁliis,
3102 1455 3404 1510 mandavit.
3442 1455 3651 1511 «Nemo
3685 1455 3786 1511 de-

2198 1552 2501 1622 praedetur,
2538 1551 2847 1622 inquiebat,
2916 1550 3231 1621 depositum
3261 1557 3527 1615 vestrum,
3583 1565 3784 1619 nempe

2197 1643 2515 1715 dogmatum
2554 1643 2946 1698 certitudinem
2979 1661 2992 1695 :
3040 1658 3203 1697 nemo
3236 1641 3566 1712 persuadeat
3610 1640 3787 1695 Deum

2198 1748 2320 1789 esse
2346 1735 2684 1805 passibilem,
2715 1750 2895 1804 neque
2923 1733 3172 1804 corporis
3199 1741 3255 1788 et
3283 1732 3589 1787 divinitatis
3618 1748 3787 1788 unam

503 1834 680 1896 guunt
733 1826 939 1881 editam
971 1842 1152 1897 nuper
1188 1826 1489 1882 Theodosii
1526 1827 1751 1882 Sacram
1802 1827 1869 1883 ad
1906 1828 2101 1882 Patres
2135 1876 2174 1897 η
2202 1847 2322 1888 esse
2356 1841 2631 1895 naturam,
2656 1850 2673 1881 ι
2713 1837 2821 1884 etc.

501 1917 830 1973 orthodoxae
879 1918 1075 1991 synodi
1130 1918 1459 1989 Ephesium:
1492 1928 1707 1975 tantum
1755 1921 1905 1975 enim
1949 1919 2096 1974 favet

499 2007 901 2074 Orientalibus,
926 2027 1235 2083 eorumque
1268 2014 1340 2068 ita
1376 2028 1571 2083 preces
1601 2012 1671 2068 de
1714 2011 2095 2083 disputatione

503 2095 743 2153 ineunda
764 2107 821 2155 et
877 2102 1134 2172 querelas
1191 2103 1260 2158 de
1301 2103 1604 2159 Catholicis
1655 2104 2097 2160 detrectantibus

500 2190 723 2261 probat,
782 2201 842 2248 ut
881 2209 1036 2249 suam
1090 2195 1404 2251 deseruisse
1455 2212 1676 2251 causam
1710 2196 2097 2253 Theodoretus

502 2282 805 2351 videretur,
827 2284 873 2339 si
915 2301 1027 2341 non
1065 2288 1429 2351 meminisset,
1464 2297 1630 2359 atque
1662 2288 1829 2343 etiam
1865 2289 1994 2344 inde
2018 2289 2094 2344 si-

506 2373 561 2429 bi
598 2375 941 2445 triumphum
988 2377 1230 2435 fecisset.
1281 2379 1482 2447 Quanti
1535 2381 1683 2436 enim
1716 2380 1917 2437 favoris
1948 2382 2094 2437 istud

506 2472 589 2520 est
618 2481 747 2537 erga
785 2465 1113 2536 Orientales,
1145 2479 1367 2541 quantae
1414 2474 1862 2543 exprobrationis
1892 2475 1947 2530 in
1994 2473 2098 2529 Ca-

507 2556 778 2613 tholicos?
815 2558 1121 2626 «Quoniam
1168 2561 1287 2616 ﬁeri
1322 2579 1434 2618 non
1493 2564 1675 2634 potuit
1730 2572 1790 2619 ut
1831 2563 2096 2619 conveni--

505 2647 659 2716 retis,
686 2658 742 2703 et
776 2658 959 2705 vestra
987 2652 1163 2722 pietas
1189 2653 1258 2709 de
1286 2655 1693 2724 quaestionibus
1721 2654 1885 2710 motis
1913 2655 1969 2709 in
2015 2655 2097 2710 di-

504 2741 874 2811 sputationem
921 2745 1108 2799 venire
1154 2746 1351 2811 noluit,
1384 2746 1735 2802 decrevimus
1785 2757 1848 2804 ut
1900 2746 2097 2802 Orien-

505 2836 644 2890 tales
676 2835 744 2889 ad
771 2852 899 2891 suas
924 2839 1181 2908 regiones
1211 2839 1603 2911 Ecclesiasque
1648 2841 1897 2909 redeant,
1929 2855 2095 2914 syno-

504 2926 610 2982 dus
642 2927 847 2997 Ephesi
874 2929 1105 2984 collecta
1141 2930 1408 2997 solvatur,
1453 2939 1667 3001 repetat
1707 2930 2093 2986 Alexandriam

501 3016 762 3092 Cyrillus,
801 3019 1057 3075 Memnon
1086 3021 1292 3090 Ephesi
1316 3030 1558 3077 maneat.
1621 3021 1775 3078 Scire
1811 3039 1945 3079 vero
1981 3024 2096 3094 pie-

506 3116 675 3165 tatem
712 3119 953 3166 vestram
989 3113 1268 3178 volumus,
1308 3129 1412 3170 nos
1462 3114 1708 3185 quandiu
1747 3114 1950 3170 victuri
2000 3131 2093 3169 su-

2271 1924 2515 1993 Uterque
2572 1930 2780 1986 autem,
2839 1938 2964 1976 cum
2990 1923 3046 1976 in
3096 1921 3148 1975 id
3189 1921 3424 1975 maxime
3482 1919 3784 1986 invehitur,

2199 2016 2344 2088 quod
2374 2032 2405 2071 a
2437 2015 2739 2070 Catholicis
2772 2015 2918 2069 Deus
2954 2030 3149 2083 passus
3194 2013 3510 2076 diceretur,
3558 2011 3789 2066 demon-

2199 2117 2339 2164 strat
2369 2107 2601 2177 liquido,
2634 2106 2775 2161 hanc
2796 2106 3096 2170 exstitisse,
3123 2116 3249 2175 post
3273 2106 3580 2159 orationem
3612 2119 3787 2174 pane-

2198 2200 2436 2273 gyricam
2456 2199 2660 2263 Procli,
2706 2196 3079 2269 proponendre
3135 2196 3457 2266 quaestionis
3506 2195 3784 2266 vulgarem

2199 2292 2429 2345 formam
2459 2308 2471 2343 :
2511 2288 2614 2355 An,
2639 2288 2734 2359 qui
2770 2304 2963 2359 passus
2989 2297 3075 2342 est
3099 2303 3202 2358 pro
3259 2287 3442 2353 nobis,
3478 2287 3550 2341 sit
3604 2287 3783 2342 Deus:

2198 2384 2285 2439 vel
2309 2381 2637 2453 simplicius,
2669 2381 2750 2436 An
2782 2397 2978 2452 passus
3008 2380 3080 2435 sit
3109 2380 3292 2436 Deus?
3332 2380 3561 2434 Interim
3614 2380 3790 2449 partis

2199 2476 2484 2530 catholicae
2523 2475 2811 2545 praesules,
2866 2474 2961 2544 qui
2995 2473 3047 2527 in
3084 2473 3278 2528 urbem
3311 2472 3518 2543 regiam
3553 2472 3788 2525 honori-

2199 2569 2300 2624 fice
2328 2569 2543 2638 excepti
2594 2567 2836 2631 fuerant,
2874 2566 3063 2621 habita
3105 2565 3173 2620 de
3221 2581 3375 2620 more
3433 2566 3666 2636 synodo,
3713 2563 3786 2619 ad

2198 2677 2364 2731 quam
2413 2659 2595 2716 vocati
2655 2669 2789 2714 sunt
2855 2659 3224 2729 metropolita:
3280 2658 3399 2723 sedi
3462 2656 3788 2712 Constanti.-

2198 2754 2534 2825 nopolitante
2579 2752 2828 2816 obnoxii,
2878 2750 3269 2805 Maximianum
3318 2743 3573 2805 Nestorio
3618 2748 3788 2804 suﬁ‘e—

2198 2853 2414 2908 cerunt,
2453 2841 2728 2912 simulque
2760 2839 3140 2910 metroygolilas
3169 2847 3426 2910 quatuor,
3468 2848 3791 2907 aspernatos

2200 2936 2524 2997 convenire,
2583 2934 2652 2990 de
2700 2950 2799 2988 sua
2862 2932 2994 2989 sedc
3051 2932 3397 3004 deiecerunt,
3461 2930 3791 2987 melioribus

2199 3027 2540 3084 substitutis.

2274 3120 2413 3174 Dum
2442 3116 2791 3173 Chalcedone
2821 3117 2877 3171 in
2910 3115 3192 3172 Orientem
3220 3116 3464 3187 episcopi
3507 3115 3576 3170 ab
3612 3116 3790 3187 impe-

503 3215 649 3267 mus,
697 3215 810 3257 non
860 3219 1023 3273 posse
1074 3202 1384 3259 Orientales
1433 3205 1740 3262 damnare:
1785 3222 1910 3262 cum
1947 3207 2094 3262 enim
2123 3223 2166 3279 ο
2205 3218 2387 3265 ratore
2440 3207 2655 3263 dimissi
2719 3215 3023 3272 revertunt,
3078 3206 3233 3262 Tarsi
3283 3206 3340 3261 in
3402 3206 3537 3261 urbe
3580 3205 3791 3261 Cilicia:

504 3304 670 3345 nemo
695 3307 821 3346 cum
856 3292 993 3362 ipsis
1022 3293 1304 3365 disputare
1327 3296 1590 3365 voluerit,
1620 3297 1674 3353 in
1729 3299 1885 3354 nullo
1910 3313 2095 3353 coram

504 3383 669 3440 nobis
692 3386 927 3441 convicti
959 3396 1108 3446 sunt.
1136 3407 1154 3438 ι

577 3475 961 3532 Theodoretus
991 3493 1156 3549 porro
1192 3479 1569 3549 discessurus,
1609 3483 1957 3540 Chalcedone
2006 3499 2099 3537 su-

504 3583 760 3638 premum
788 3567 981 3624 habuit
1013 3571 1077 3625 ad
1106 3571 1344 3629 Nestorii
1372 3576 1648 3633 studiosos
1677 3591 1988 3630 sermonem
2012 3574 2094 3640 ης

505 3669 696 3731 spreto
747 3660 823 3714 illi
852 3661 1205 3732 Propontidis
1251 3667 1532 3733 aestuario,
1589 3666 1854 3722 confertis
1900 3665 2098 3720 lembis

504 3751 836 3820 appulerant
873 3753 1199 3811 valedicturi
1261 3746 1647 3815 defensoribus
1693 3758 1780 3813 sui
1840 3759 2097 3831 pastoris,

507 3842 880 3915 ultimumque
946 3847 1188 3904 audituri
1227 3849 1662 3917 Theodoretum,
1704 3852 1865 3923 cujus
1902 3869 2097 3911 vocem

504 3934 847 3994 Nestorianze
890 3938 1185 4012 imaginem
1230 3945 1522 4001 vocabant.
1551 3944 1649 4000 Ille
1694 3945 1904 4003 Joanne
1939 3949 2097 4020 162

509 4027 837 4099 praesidente
887 4034 1209 4090 concionem
1260 4035 1478 4102 habuit,
1536 4050 1638 4106 pro
1696 4053 1805 4109 qua
1854 4038 2099 4096 laudavit

504 4119 823 4179 Nestorium
856 4127 1013 4196 quasi
1040 4136 1429 4199 martyrem,et
1456 4128 1828 4187 debacchatus
1855 4139 1940 4187 est
1990 4133 2097 4189 im-

506 4224 762 4283 potenter
813 4216 868 4271 in
893 4217 1083 4274 Patres
1139 4218 1472 4288 Ephesinos,
1518 4219 1671 4274 velut
1716 4221 1775 4276 in
1808 4230 2095 4295 tyrannos.

505 4309 651 4364 Nihil
686 4326 853 4381 porro
882 4311 984 4368 hac
1000 4313 1248 4368 oratione
1274 4311 1629 4369 artiﬁciosius
1653 4313 1721 4370 ad
1747 4330 2098 4373 commoven-

508 4403 607 4455 «los
642 4400 829 4471 populi
857 4402 1093 4468 animos,
1125 4403 1239 4458 sive
1273 4402 1514 4472 pastoris
1544 4405 1956 4473 misericordia,
1981 4409 2097 4464 sive

506 4492 727 4548 Patrum
756 4493 1162 4563 Ephesinorum
1192 4493 1353 4561 odio;
1398 4494 1538 4550 nihil
1586 4494 1998 4567 imprudentius
2038 4499 2095 4553 in

2202 3301 2395 3371 prima:
2430 3297 2688 3352 nuntium
2736 3297 2805 3351 de
2852 3305 3092 3366 quatuor
3131 3296 3519 3366 episcoporum
3566 3295 3794 3366 deposic

2203 3396 2372 3459 tione,
2408 3391 2887 3462 Constantinopoli
2915 3390 3059 3446 facta
3084 3400 3454 3461 acceperunt:
3479 3405 3602 3460 quae
3623 3403 3790 3445 causa

2200 3487 2306 3542 fuit
2327 3483 2686 3550 subsistendi,
2723 3483 3018 3547 retinente,
3045 3489 3105 3536 ut
3131 3481 3377 3547 videtur,
3400 3479 3651 3535 Iielladio
3679 3479 3787 3535 loci

2199 3577 2469 3642 antistite,
2510 3583 2565 3631 et
2585 3583 2868 3646 satagente
2909 3590 2980 3628 ne
3002 3574 3120 3644 qui,
3155 3573 3227 3628 ob
3250 3572 3505 3628 defensus
3546 3572 3786 3628 Nestorii

2200 3680 2386 3744 partes
2412 3684 2765 3725 communem
2799 3666 3010 3722 cladem
3029 3681 3226 3737 passus
3250 3664 3449 3729 fuerat,
3480 3666 3548 3719 ab
3590 3665 3657 3719 iis
3686 3664 3785 3720 de—

2201 3771 2504 3826 sererelur,
2539 3762 2632 3832 qui
2660 3761 2860 3815 factam
2888 3758 3143 3813 Nestorio
3182 3757 3440 3828 injuriam
3481 3758 3628 3812 ferre
3675 3772 3786 3811 non

2199 3863 2449 3928 possent.
2487 3852 2685 3908 Habita
2721 3850 2890 3923 igitur
2910 3857 2995 3905 est
3018 3849 3377 3904 tumultuaria
3399 3850 3650 3919 quaedam
3693 3865 3786 3921 sy-

2198 3946 2381 4002 nodus
2441 3945 2497 4000 in
2544 3943 2701 4015 163
2759 3943 2940 3998 aliena
2986 3940 3237 4006 dimcesi,
3285 3943 3629 4012 coniuratum
3684 3958 3788 4013 pro

2200 4035 2481 4101 Ilelladio,
2516 4035 2803 4103 tribusque
2835 4032 3210 4097 consortibus,
3249 4040 3473 4087 cautum
3534 4030 3662 4087 dato
3701 4048 3792 4087 sa-

2199 4137 2506 4192 cramento,
2545 4142 2613 4182 ne
2645 4127 2771 4196 quis
2795 4126 2840 4157 ⁸⁰
2872 4125 2927 4179 in
2948 4124 3190 4179 Nestorii
3223 4123 3646 4193 depositionem,
3696 4138 3793 4178 or-

2202 4221 2543 4279 dinationem
2602 4217 2939 4284 Maximiani,
3003 4210 3210 4288 Cyl-illi,
3251 4214 3689 4285 Memnonisque,
3732 4224 3794 4271 et

2200 4316 2439 4372 aliorum
2459 4313 2871 4383 episcoporum,
2927 4309 3022 4379 qui
3080 4306 3394 4363 Nestorium
3447 4306 3791 4377 dejecerant,

2199 4407 2576 4476 receptionem
2605 4402 2966 4458 consentiret.

2270 4496 2364 4551 XI.
2404 4493 2658 4549 Rcditum
2692 4502 2779 4548 est
2815 4492 3186 4557 Antiochiam,
3208 4507 3320 4562 quo
3343 4499 3591 4560 tempore
3623 4506 3794 4563 syno-

511 4599 623 4642 rem
645 4600 838 4640 suam:
872 4603 998 4641 nam
1045 4586 1319 4641 adulando
1351 4586 1593 4642 Nestorii
1631 4564 1902 4654 sectariis,
1920 4591 2092 4645 Deum
2128 4564 2176 4623 θ
2202 4587 2308 4642 dus
2339 4584 2672 4641 autumnalis
2703 4583 2896 4639 haberi
2932 4582 3143 4637 debuit.
3172 4580 3556 4636 Theodoretus
3585 4596 3795 4650 oppor-

458 4742 462 4748 Δ
513 4689 729 4743 passum
759 4692 884 4732 cum
944 4688 1187 4749 negaret,
1225 4677 1470 4748 seipsnm
1497 4678 1743 4748 prodidit
1794 4681 2096 4751 impietatis

510 4767 742 4822 socium.
784 4770 1047 4839 «Pagani,
1090 4789 1106 4820 ι
1143 4768 1343 4839 inquit,
1391 4784 1657 4827 conversa
1716 4773 1783 4827 ad
1827 4772 2095 4846 Cyrillum

505 4860 778 4925 oratione,
808 4880 825 4909 «
849 4860 995 4931 ligna
1017 4868 1073 4915 et
1088 4859 1299 4931 lapides
1317 4870 1659 4928 venerantes,
1682 4871 1742 4916 ut
1765 4862 2097 4922 immortalia

505 4944 600 5004 illa
633 4950 876 5006 salutant
903 4969 915 5005 :
943 4961 1000 5006 tu
1031 4960 1217 5006 autem
1248 4951 1356 5007 illis
1398 4952 1722 5024 prmdicans,
1747 4970 1811 5009 ea
1841 4958 2095 5013 venerari

506 5053 616 5092 non
637 5039 862 5106 debere,
898 5040 995 5095 sed
1025 5041 1202 5096 solum
1231 5055 1426 5095 verum
1453 5041 1648 5107 Deum,
1685 5045 1776 5114 qui
1826 5048 2094 5101 constituit

509 5139 709 5186 montes
731 5132 786 5186 in
806 5139 1034 5197 statera,
1055 5140 1108 5184 et
1140 5130 1303 5186 silvas
1331 5133 1387 5192 in
1407 5130 1564 5196 libra,
1586 5142 1632 5185 et
1662 5136 1877 5189 metitur
1928 5154 2091 5193 manu

505 5238 727 5294 aquam,
760 5231 810 5278 et
838 5222 1028 5277 coelum
1045 5222 1245 5293 palmo,
1279 5233 1328 5277 et
1352 5239 1558 5277 onmem
1586 5233 1785 5281 terram
1812 5229 2011 5300 pugillo
2043 5231 2089 5298 i;

505 5317 599 5384 qui
642 5315 912 5371 constituit
939 5316 1126 5371 emtum
1152 5317 1304 5388 quasi
1316 5333 1608 5384 cameram,
1638 5321 1727 5390 qui
1748 5323 1975 5376 continet
2003 5341 2091 5377 ro-

580 5427 595 5478 i
630 5428 734 5484 Isa.
780 5444 869 5492 xL,
906 5426 989 5482 12.
1066 5427 1091 5467 li
1117 5427 1252 5483 ibid.
1282 5428 1371 5483 22.

2203 4676 2496 4731 tunitatem
2530 4681 2743 4738 nactus,
2784 4672 3002 4737 Joanni,
3048 4671 3371 4741 ueterisque
3415 4668 3791 4727 Orientalibus

2204 4776 2396 4824 auctor
2418 4765 2543 4829 fuit,
2586 4774 2665 4830 ut,
2703 4763 2851 4835 quod
2879 4764 3040 4833 legati
3083 4762 3433 4818 Chalcedone
3460 4769 3790 4828 statuerant,

2203 4859 2461 4932 quodque
2482 4858 2638 4913 Tarsi
2660 4856 2713 4910 in
2737 4856 2823 4910 via
2845 4854 3232 4910 conﬁrmatum
3262 4855 3423 4919 erat',
3456 4853 3511 4907 id
3539 4852 3792 4925 synodali

2205 4952 2477 5008 sententia
2529 4950 2698 5003 totius
2723 4946 2981 5004 ditecesis
3010 4947 3080 5000 ab
3105 4947 3172 5001 iis
3207 4962 3427 5016 quoque
3456 4945 3790 5012 sanciretur,

2204 5044 2320 5100 sive
2345 5042 2437 5113 qui
2467 5039 2815 5096 Antiochiam
2843 5054 2901 5093 se
2924 5037 3142 5108 Epheso
3167 5038 3535 5104 contulerant,
3560 5037 3674 5092 sive
3690 5037 3792 5107 qui

2203 5145 2450 5206 tempore
2507 5132 2701 5206 synodi
2760 5131 2815 5184 in
2864 5128 3091 5185 Oriente
3131 5130 3518 5185 substiterant.
3565 5128 3623 5184 Id
3653 5144 3792 5184 vero

2200 5229 2407 5285 factum
2436 5223 2774 5281 Theodoreti
2812 5223 3074 5294 impulsu,
3104 5232 3160 5278 et
3187 5224 3304 5294 ipse
3338 5222 3634 5294 aliquando
3660 5237 3794 5293 pro-

2201 5321 2440 5383 didit",
2469 5328 2527 5373 et
2568 5318 2765 5373 suadet
2796 5324 2985 5386 aperta
3028 5317 3189 5373 ratio.
3226 5316 3361 5371 Nam
3396 5332 3500 5372 cur
3540 5315 3791 5385 alioquin

542 5636 554 5693 ;
573 5612 618 5646 “
649 5611 882 5693 Litteris:
912 5610 1027 5693 Has
1052 5614 1199 5684 vide,
1226 5624 1267 5671 t.
1300 5617 1396 5693 Ill,
1423 5633 1476 5689 p.
1510 5618 1653 5693 _I537
1682 5634 1811 5693 seq._
1855 5527 3097 5693 b511:!!thlm'zf:tristioelt‘riljzZIfJamdem_sententiam
3155 5627 3344 5676 tuetur
3372 5617 3691 5693 _.Garnerius
3728 5616 3791 5693 in

510 5680 633 5754 Not.
667 5683 733 5738 ad
770 5682 1095 5754 Epistolam,

506 5753 639 5827 diss.
672 5753 727 5818 5,
777 5753 903 5825 pust
938 5757 1102 5827 epist.
1151 5753 1254 5814 Ἦ.

512 5896 668 5966 epist.
702 5893 826 5952 112.

1135 5702 1298 5758 quam
1335 5687 1721 5745 Theodoretus
1746 5687 1813 5745 ad
1845 5692 2049 5746 Rufum
2082 5687 2185 5749 seri
2231 5694 2372 5748 sisse
2435 5691 2658 5746 dicitur.
2708 5687 3009 5746 Theodosii
3063 5688 3283 5745 Sacram
3335 5689 3459 5745 vide
3513 5689 3675 5753 infra,
3731 5688 3786 5744 in

1164 5758 1254 5814 24.
1330 5758 1376 5792 ⁸⁸
1403 5758 1719 5814 Snoremum
1746 5778 2151 5814 —-sermonem.
2186 5708 2322 5814 {lide
2345 5776 2531 5814 supra.
2562 5775 2687 5814 nae.
2712 5759 2814 5814 106
2841 5774 2992 5814 seua.
3047 5759 3092 5792 "
3121 5759 3355 5814 Joannes
3376 5791 3448 5799 ——
3468 5776 3784 5814 sermonem.

1330 5758 1376 5792 “
1403 5758 1719 5830 Supremum
1746 5790 1817 5801 ——
1833 5778 2151 5817 sermonem.
2186 5758 2226 5814 ἦν

508 5820 939 5904 Vid.sup§a,p.
975 5820 1111 5881 Ἠο.
1189 5829 1337 5885 “Ne
1397 5820 1534 5901 quis,
1572 5839 1676 5884 etc.
1737 5831 1859 5886 Vid.
1929 5834 2087 5904 epist.
2156 5832 2224 5888 ad
2290 5820 2701 5897 “imbriumft.
2758 5829 2848 5896 IV,
2899 5820 3161 5901 I558.

2234 5764 2322 5818 ide
2345 5776 2531 5834 supra,
2562 5775 2687 5833 pag.
2712 5759 2814 5814 106
2841 5774 2992 5831 seqq.
3047 5759 3092 5792 “'
3121 5759 3355 5815 Joannes
3376 5791 3448 5799 ——
3468 5776 3784 5814 sermonem.

2290 5831 2618 5886 Himerium.
2660 5838 2701 5884 t.
2758 5829 2848 5886 IV.
2900 5847 2952 5886 ι).
3002 5831 3161 5886 1558.
3251 5833 3292 5865 ⁸³
3328 5832 3587 5886 Prodidit.
3659 5829 3784 5886 Vid.

3375 5849 3587 5887 roatau.
3664 5849 3784 5886 για.
