4080 6478
321 397 402 460 117
1479 393 1848 458 HISTORIA
1885 394 2394 458 TIIEODORETI.

3473 392 3572 456 118

317 515 482 574 postea
515 503 850 558 sententiam
897 505 1100 561 mutari
1140 513 1250 562 tam
1277 523 1420 580 aegre
1456 507 1692 569 tulisset,
1716 520 1882 575 quam
1911 511 1955 568 Α
1987 504 2334 564 Antiochiam
2355 507 2400 538 ⁸⁸
2427 508 2659 563 accessit
2683 506 2992 562 Aristolaus
3034 506 3291 560 tribunus
3313 501 3568 558 deferens

319 601 492 652 litterae
511 594 578 649 ad
599 592 880 650 Andream
909 595 1332 653 Samosatenum
1350 599 1395 630 "
1421 598 1648 653 dicunt?
1671 596 1884 663 Quanta

317 707 428 746 vero
463 687 580 742 hac
607 687 778 742 animi
811 688 1118 758 aegritudo?
1156 710 1173 741 ι
1197 690 1520 746 Nullatenus
1540 690 1883 760 acquiescam

317 781 786 836 iudanmationem
839 781 1047 836 domini
1098 783 1204 836 mei
1233 782 1564 837 sanctissimi
1616 791 1671 835 et
1717 797 1886 834 vene-

317 871 454 924 randi
481 870 724 926 Nestorii
777 870 1061 940 episcopi,
1101 871 1346 941 pnebere
1392 887 1744 933 consensum,
1785 884 1888 924 nec

317 964 505 1018 violare
555 979 908 1018 communem
947 964 1392 1034 promissionem,
1442 980 1563 1034 qua:
1599 963 1656 1017 in
1691 962 1885 1024 Tarso,

313 1066 356 1110 et
374 1052 744 1118 Chalcedone,
781 1071 846 1110 ac
889 1055 1090 1124 Ephesi
1143 1055 1284 1111 facta
1305 1067 1422 1120 est;
1481 1055 1706 1108 memini
1738 1055 1886 1108 enim

319 1160 488 1200 eorum
525 1161 648 1214 qua:
681 1162 861 1215 nuper
887 1146 1032 1216 apud
1061 1147 1434 1210 Antiochiam,
1463 1153 1588 1215 post
1636 1153 1884 1198 nostrum

319 1250 633 1304 regressum,
657 1252 686 1289 a
717 1236 880 1292 nobis
901 1253 1044 1306 Step6
1071 1237 1398 1308 deprompta
1431 1249 1586 1300 sunt,
1630 1257 1645 1287 ι
1686 1246 1793 1290 etc.

378 1321 488 1376 XII.
521 1323 712 1393 Neque
742 1335 926 1380 tamen
953 1341 1018 1380 eo
1035 1335 1327 1382 contentus
1359 1327 1482 1392 fuit,
1513 1327 1610 1381 sed
1637 1327 1888 1396 prorupit

321 1415 414 1468 huc
443 1431 618 1484 usque
667 1416 1024 1485 impotentiae,
1067 1425 1148 1480 ut,
1194 1419 1340 1488 quod
1395 1419 1564 1472 tradit
1591 1420 1637 1450 ⁸³
1687 1419 1888 1472 Marius

323 1504 590 1570 Mercator,
634 1525 650 1556 ι
685 1507 1129 1575 quinquelibros
1154 1507 1418 1562 adversus
1453 1508 1676 1562 beatum
1710 1507 1888 1578 Cyril—

327 1595 426 1650 lum
455 1595 842 1652 Alexandrinaa
885 1597 1125 1653 civitatis
1157 1597 1484 1662 antistitem,
1525 1607 1888 1667 sanctumque

334 1685 600 1741 concilium
633 1687 978 1756 Ephesinum
1037 1705 1068 1742 a
1118 1707 1227 1760 quo
1267 1690 1553 1744 Nestorius
1600 1689 1890 1744 danmatus

1989 597 2284 654 Theodosii
2303 599 2371 653 ad
2394 599 2658 654 Joannem
2689 601 2896 670 pariter
2917 616 2980 654 ac
3001 598 3264 670 Cyrillum
3291 594 3568 656 mandata,

1990 697 2051 740 ut
2079 688 2158 740 vel
2198 698 2396 757 sponte
2421 691 2804 752 convenirent,
2825 705 3130 759 pacemque
3150 687 3414 742 Ecclesiis
3445 685 3570 740 red-

1989 778 2219 844 derent;
2257 781 2338 834 vel
2375 779 2752 835 Nicomediam
2783 781 3058 844 venirent,
3094 794 3204 832 non
3239 765 3392 848 prius
3443 777 3571 830 inde

1991 872 2286 936 recessuri,
2317 889 2483 942 quam
2515 873 2868 930 concordiam
2907 873 3179 928 iniissent.

2059 962 2126 1016 11.
2160 963 2604 1034 llabuit'7super
2625 981 2688 1019 ea
2716 980 2772 1019 re
2791 965 3032 1020 Joannes
3050 963 3340 1020 concilium
3369 964 3572 1016 Bel-(eae

1990 1051 2134 1120 apud
2189 1051 2474 1118 Acacium,
2497 1055 2584 1108 cui
2616 1071 2726 1108 non
2761 1055 3016 1110 interluit
3057 1055 3460 1115 Theodoretus,
3483 1069 3572 1108 sae

1992 1141 2062 1196 tis
2111 1144 2457 1212 prospiciens
2487 1161 2652 1214 quem
2703 1162 2793 1200 res
2837 1147 3046 1200 exitum
3101 1154 3246 1199 esset
3295 1144 3569 1198 habitura.

1989 1235 2227 1290 Noverat
2257 1236 2404 1290 enim
2455 1237 2718 1302 indolem,
2749 1246 2862 1290 tum
2889 1237 3138 1299 Joannis,
3166 1235 3571 1295 moderatioris,

1990 1340 2154 1394 quam
2180 1334 2424 1394 Optaret;
2463 1337 2578 1382 tum
2605 1326 2812 1389 Acacii,
2840 1325 3050 1380 servire
3089 1325 3319 1394 tempori
3351 1324 3571 1394 jamdu-

1990 1417 2122 1471 dum
2171 1417 2334 1487 periti
2363 1435 2376 1471 :
2429 1427 2658 1473 noverat
2691 1419 2858 1473 etiam
2895 1418 3184 1486 utriusque
3211 1417 3571 1472 voluntatem.

1990 1525 2097 1579 qua
2122 1510 2350 1564 mallent
2367 1510 2681 1564 consentire
2709 1510 2948 1565 Nestorii
2973 1508 3324 1578 depositioni,
3351 1508 3576 1562 damna-

1994 1602 2128 1656 tioni
2180 1600 2522 1672 dogmatum,
2573 1602 2886 1656 Maximiani
2943 1601 3300 1662 ordinationi,
3361 1600 3470 1654 inm
3521 1606 3575 1654 et

1991 1691 2179 1763 Cyrilli
2212 1691 2542 1762 receptioni.
2586 1707 2750 1762 quam
2788 1693 2874 1746 vel
2903 1690 3100 1746 leviter
3124 1690 3190 1744 de
3225 1691 3396 1760 gratia
3420 1690 3575 1758 prin—

331 1787 418 1842 est,
439 1778 654 1834 diabolo
684 1780 978 1850 instigante
1013 1783 1408 1836 conscriberet.
1442 1801 1462 1834 ι
1489 1782 1664 1852 Atque
1695 1781 1730 1835 ii
1762 1790 1888 1836 sunt
1919 1805 1965 1860 Β
1993 1783 2130 1853 cipis
2164 1781 2490 1852 periclitari.

327 1868 458 1932 libri,
491 1871 696 1939 quibus
734 1871 926 1940 quinta
966 1873 1228 1942 synodus,
1256 1882 1311 1927 et
1341 1883 1562 1927 sanctus
1589 1873 1888 1942 Gregorius

321 1959 529 2030 Magnus
575 1961 740 2016 ﬁdem
797 1963 1163 2024 catholicam,
1227 1965 1574 2034 Nicephorus
1633 1964 1890 2020 Callistus

321 2053 524 2108 tertiam
559 2054 832 2124 synodum
885 2055 1259 2126 impugnatam
1294 2058 1478 2111 tradit.
1519 2059 1748 2112 Miretur
1787 2074 1888 2110 au-

320 2153 418 2199 tem
461 2160 626 2198 nemo
676 2145 997 2202 Mercatoris
1026 2147 1234 2202 dictum
1277 2147 1344 2202 de
1378 2149 1537 2203 libris
1595 2147 1890 2218 instigante

315 2236 526 2291 diabolo
569 2238 944 2308 conscriptis:
995 2239 1131 2294 nihil
1181 2241 1330 2294 enim
1380 2240 1512 2310 ipsis
1563 2239 1744 2310 potuit
1797 2250 1892 2295 aut

315 2329 705 2384 amarulentius
735 2331 902 2384 scribi
937 2339 1032 2384 aut
1076 2331 1474 2386 calumniosius
1495 2331 1604 2386 dici
1628 2331 1894 2386 adversus

313 2419 484 2475 Patres
513 2421 1120 2490 Epliesinos.i'l‘antum
1149 2423 1322 2476 valuit
1359 2423 1582 2487 invidia,
1617 2423 1795 2492 inquit
1820 2422 1886 2488 ιδ,

310 2512 392 2566 cui
413 2529 510 2568 vos
527 2513 910 2582 inaneipastis,
932 2523 1128 2583 utquze
1145 2515 1274 2569 olim
1301 2531 1398 2584 per
1423 2531 1594 2569 unum
1618 2515 1888 2578 autduos,

308 2603 482 2658 ethos
511 2605 778 2662 latentes.
815 2605 1150 2674 Apollinaris
1183 2607 1535 2676 loquebatur,
1585 2607 1702 2662 haec
1747 2621 1894 2660 nunc

311 2709 400 2763 per
418 2697 624 2750 multos
653 2697 916 2750 Ecclesia:
939 2699 1199 2767 praesules
1232 2699 1750 2769 congregationibus
1785 2700 1890 2754 Ec—

307 2784 592 2840 clesiarnm
627 2789 806 2842 sacris
845 2789 1126 2851 exhibeat,
1169 2798 1226 2844 et
1261 2791 1396 2844 tales
1429 2791 1615 2844 herbae
1663 2807 1759 2860 per
1794 2807 1894 2860 pa-

311 2886 468 2932 stores
517 2879 790 2950 gregibus
833 2882 1165 2944 oll'erantnr,
1223 2883 1588 2952 luporumque
1657 2900 1890 2948 tttorsus,

313 2979 578 3024 rectorum
607 2971 940 3036 ministerio,
999 2973 1360 3030 rationalibus
1405 2975 1602 3028 ovibus
1639 2975 1892 3044 inﬂigun-

311 3072 408 3130 tur;
441 3065 536 3136 qui
581 3067 636 3120 in
660 3066 880 3121 duabus
911 3076 1006 3121 aut
1030 3070 1206 3124 tribus
1235 3070 1556 3124 civitatibus
1586 3079 1738 3123 extra
1773 3085 1893 3122 mu-

2062 1876 2150 1929 111.
2183 1875 2426 1929 Dederat
2452 1875 2755 1944 imperator
2775 1873 2926 1942 pacis
2945 1873 3114 1942 leges,
3149 1871 3376 1942 Cyrillo,
3400 1881 3458 1924 ut
3477 1885 3576 1940 par

1990 1975 2128 2030 erat,
2189 1965 2545 2032 honorificas,
2605 1965 2802 2020 Joanni
2859 1964 3048 2018 duras.
3111 1964 3375 2017 Joannem
3424 1962 3571 2015 enim

1987 2059 2215 2129 jubebat
2253 2058 2490 2112 Nestorii
2540 2057 2735 2127 dogma
2765 2056 3048 2117 damnare,
3081 2056 3308 2125 ejusque
3351 2053 3570 2123 deposi-

1993 2150 2197 2204 tioncm
2247 2150 2454 2218 scripto
2497 2149 2764 2218 probare;
2799 2147 3064 2218 Cyrillum
3107 2147 3346 2214 privatas
3395 2144 3572 2198 offen-

1992 2241 2176 2296 siones
2205 2241 2504 2310 deponere,
2535 2248 2590 2293 et
2617 2255 2738 2310 quae
2782 2253 2976 2310 passus
3002 2245 3147 2292 esset
3191 2236 3416 2306 Ephesi,
3448 2234 3575 2290 cha-

1993 2333 2172 2388 ritatis
2207 2349 2374 2388 causa
2399 2331 2676 2388 oblivisci.

2063 2425 2152 2484 IV.
2189 2425 2398 2482 Placuit
2429 2422 2794 2480 Orientalium
2824 2423 3060 2478 concilio
3083 2423 3333 2491 accipere
3364 2421 3577 2476 oblatas

1993 2515 2364 2580 conditiones,
2407 2531 2478 2574 ne
2512 2532 2619 2586 qua
2659 2517 2870 2570 ratione
2903 2515 3282 2570 oﬁenderetur
3311 2512 3578 2584 principis

1995 2607 2246 2672 animus;
2286 2607 2388 2666 sed
2421 2623 2490 2664 ne
2541 2622 2705 2662 causa
2754 2606 3021 2664 cecidisse
3051 2605 3206 2676 165
3231 2604 3575 2666 viderentur,

1995 2699 2319 2756 tentandum
2350 2699 2545 2754 callide
2598 2698 2884 2770 Cyrillum,
2944 2699 3128 2767 siqua
3159 2697 3351 2750 fraude
3395 2702 3580 2766 posset

1996 2794 2064 2848 ad
2091 2792 2144 2850 id
2183 2791 2455 2862 agendum
2486 2789 2709 2854 adduci,
2737 2807 2846 2860 quo
2882 2789 3225 2852 crederetur,
3255 2785 3579 2856 ptenitentia

1994 2886 2194 2940 ductus
2229 2893 2470 2938 mutasse
2491 2883 2842 2946 sententiam,
2895 2881 3316 2948 retractatisque
3340 2877 3456 2932 sive
3483 2892 3578 2930 ca-

1997 2977 2208 3048 pitulis,
2241 2977 2356 3032 sive
2407 2974 2652 3044 scriptis,
2687 2974 2740 3027 in
2769 2980 2955 3044 partes
2981 2971 3346 3026 Orientalium
3395 2979 3579 3023 trans—

1999 3069 2151 3124 iisse.
2201 3069 2398 3122 Missus
2444 3075 2532 3120 est
2575 3065 2744 3136 igitur
2798 3081 2865 3119 ex
2918 3063 3156 3118 concilio
3191 3061 3578 3116 Alexandriam

305 3172 476 3210 rerum
511 3167 702 3226 septa,
725 3173 932 3227 paucos
952 3161 1355 3230 alloquebatur,
1381 3176 1520 3230 quos
1537 3161 1701 3214 etiam
1731 3161 1895 3214 variis
1921 3139 1964 3196 ο
2003 3160 2203 3216 Paulus
2253 3159 2576 3220 Emesenus,
2613 3156 2706 3224 qui
2750 3155 2916 3209 variis
2967 3154 3182 3207 artibus
3223 3160 3456 3206 conatus
3495 3159 3581 3205 est

299 3249 516 3304 canticis
557 3249 890 3312 seducebat,
927 3267 1074 3305 nunc
1103 3252 1204 3306 iste
1227 3269 1324 3321 per
1357 3268 1454 3306 vos
1483 3252 1535 3305 in
1568 3251 1765 3306 mediis
1802 3253 1900 3305 tri-

295 3333 484 3403 pudiat
515 3336 793 3390 urbibus:
813 3338 934 3404 ejus
956 3338 1102 3391 enim
1133 3338 1291 3410 164.
1317 3339 1632 3408 praedicatis
1654 3355 1894 3404 errores,

292 3431 344 3478 et
377 3440 586 3480 vocum
619 3427 965 3481 novitatibus
1013 3430 1376 3494 decoramini,
1411 3440 1732 3500 reparantes
1780 3433 1900 3502 ejus

289 3513 728 3585 blasphemiam,
777 3537 900 3588 quae
932 3521 1043 3590 jam
1066 3521 1244 3576 fuerat
1272 3532 1598 3593 consumpta
1629 3525 1895 3594 tempori-

289 3603 438 3660 bus»
487 3608 642 3674 Quis
673 3610 866 3662 credat
924 3611 994 3664 ab
1043 3611 1266 3666 homine
1321 3629 1430 3666 non
1475 3622 1670 3669 emota:
1695 3615 1897 3670 mentis

285 3695 396 3751 haec
418 3698 692 3753 eﬂ‘utita?
725 3701 878 3755 Fecit
914 3702 961 3732 "
993 3711 1140 3757 tanta
1167 3711 1388 3773 tamque
1411 3705 1584 3759 effera
1623 3706 1894 3760 librorum

285 3789 536 3852 licentia,
577 3801 646 3846 ut
681 3801 737 3848 et
763 3794 1082 3850 vindicibus
1124 3797 1361 3851 ﬂammis
1400 3797 1894 3869 Theodosiijussu,

281 3883 428 3952 quod
453 3897 668 3956 postea
721 3889 1066 3952 narrabitur,
1097 3890 1376 3961 absumpti
1405 3891 1536 3954 sint,
1569 3901 1624 3946 et
1649 3909 1679 3946 a
1702 3894 1895 3962 quinta

281 3977 496 4045 synodo
535 3987 816 4034 aeternam
847 3981 1122 4037 maculam
1151 3984 1395 4038 auctoris
1425 3983 1510 4038 sui
1535 3983 1742 4037 nomini
1769 3985 1894 4056 jure

279 4067 622 4126 intulerint.

921 4185 1148 4242 CAPUT
1179 4187 1268 4240 Vl.

345 4279 516 4352 δίψει
547 4281 859 4352 imperator
887 4279 1016 4333 iniri
1045 4297 1228 4350 pacem
1262 4282 1404 4352 inter
1431 4279 1698 4352 Joannem
1716 4289 1763 4334 et
1795 4279 1895 4352 Cy-

341 4349 566 4422 rilium.
635 4350 698 4403 11.
729 4349 966 4422 Joannes
1006 4349 1142 4422 cogit
1212 4349 1704 4422 synodnrniBerm
1752 4349 1896 4420 apud

341 4421 648 4482 Acacium,
682 4437 836 4488 aqua
869 4419 1216 4474 Theodoretns
1240 4419 1404 4474 obest.
1432 4420 1520 4474 111.
1553 4419 1893 4479 Conditiones

339 4491 522 4561 pacis.
545 4490 651 4544 ιν.
673 4487 848 4558 Agunt
879 4489 1000 4542 dolo
1029 4489 1412 4561 Orientales.V.
1441 4489 1670 4544 Litteras
1700 4489 1887 4561 Cyrilli
1931 4487 1971 4540 Β

339 4559 726 4632 Theodoretns
769 4561 939 4632 videt,
961 4569 1010 4614 et
1033 4559 1282 4632 maligne
1311 4561 1695 4632 interpretatur
1720 4559 1888 4615 {hinc

337 4631 494 4699 facta
527 4629 750 4698 Cyrillo
779 4631 998 4683 invidia.
1021 4631 1106 4685 Vl.
1139 4631 1329 4685 Scribit
1351 4632 1420 4684 ad
1448 4629 1622 4684 uarios
1654 4630 1886 4684 Theodo-

337 4709 518 4754 νείκεε.
559 4700 685 4755 VII.
737 4699 1014 4754 Sancitam
1050 4717 1232 4770 pacem
1267 4702 1551 4770 improbat.
1591 4701 1745 4770 iVlll.
1780 4702 1887 4754 Nc-

337 4718 518 4754 rews.
568 4718 685 4755 γυ.
737 4718 1014 4754 aancuam
1087 4718 1232 4754 acem
1267 4718 1551 4770 nnprooat.
1617 4718 1745 4754 VIII.
1780 4718 1886 4754 ive-

335 4773 520 4824 sterio
558 4771 666 4823 dat
713 4770 941 4840 litteras.
1001 4718 1090 4824 111).
1160 4771 1225 4822 Et
1290 4772 1544 4840 episcopis
1581 4769 1886 4834 Phwniciw,

337 4841 492 4911 quod
515 4841 778 4911 queritur
811 4839 1056 4911 Cyrillns
1085 4843 1245 4893 tacito
1283 4839 1514 4894 nomine.
1572 4840 1641 4894 X.
1683 4842 1890 4911 Accipit

333 4909 570 4964 litteras
603 4929 644 4962 α
669 4909 894 4981 ϐῃήιιοί,
939 4911 1130 4981 quibus
1161 4921 1342 4981 postea
1384 4911 1595 4965 abusus.
1633 4911 1724 4966 XI.
1781 4909 1888 4965 Fa-

334 4982 548 5036 ctionis
570 4979 729 5045 dux,
757 4981 842 5033 cui
874 4979 1064 5034 noinen
1101 4979 1514 5051 Accphalorum.

753 5094 825 5142 Ab
850 5107 982 5143 anno
1006 5091 1186 5146 Christi
1212 5095 1304 5141 152
1337 5094 1395 5142 ad
1421 5095 1530 5145 451.

335 5183 384 5238 l.
417 5183 530 5238 Vix
603 5196 790 5234 annus
820 5179 1108 5233 efﬂuxerat
1137 5196 1165 5233 a
1194 5179 1412 5234 concilii
1443 5179 1740 5240 solutione,
1775 5197 1901 5236 cum

1997 3253 2214 3310 eﬂicere
2253 3261 2332 3314 ut,
2366 3251 2514 3320 quod
2550 3249 2792 3304 habebat
2823 3250 2878 3303 in
2915 3247 3208 3310 mandatis,
3242 3255 3362 3300 aeta
3397 3245 3580 3315 Ephe-

1996 3346 2118 3400 sina
2147 3343 2634 3408 rescinderentur;
2665 3341 3146 3411 supprimerentur
3171 3339 3352 3394 omnia
3393 3337 3579 3408 Cyrilli

1996 3437 2242 3507 scripta;
2274 3437 2290 3455 ‘
2325 3436 2441 3492 sola
2476 3434 2612 3489 tides
2659 3434 2880 3488 Merena
2923 3432 3415 3492 subscriberetur;
3467 3431 3584 3500 epi-

1996 3527 2151 3599 scopi
2167 3537 2406 3600 quatuor
2427 3542 2603 3596 nuper
2624 3542 2654 3580 a
2672 3525 2992 3579 Maximiana
3015 3524 3224 3596 synodo
3245 3522 3582 3578 exauctorati

1997 3622 2158 3678 sedes
2224 3621 2573 3691 reciperent;
2627 3618 2780 3674 solus
2837 3617 3059 3672 nomine
3121 3616 3291 3672 totius
3337 3614 3583 3674 Orientis

1999 3713 2200 3768 Paulus
2226 3728 2414 3783 pacem
2447 3713 2655 3782 scripto
2701 3711 2965 3774 firmaret;
3001 3719 3058 3765 et
3101 3711 3300 3764 littera:
3321 3709 3573 3773 Joannis,

1997 3821 2121 3876 quae
2170 3803 2634 3860 condonationem
2701 3803 2874 3873 magis
2933 3819 3097 3871 quam
3152 3800 3580 3856 satisfactionem

1998 3896 2286 3958 oﬂ‘errent,
2346 3895 2753 3965 acciperentur.
2806 3893 3052 3947 Conatus
3111 3891 3264 3946 Pauli
3325 3901 3582 3959 artesque

1995 4001 2255 4042 successu
2285 3991 2581 4040 caruerunt
2611 4001 2624 4036 :
2653 3984 2740 4037 his
2789 3991 2972 4036 tamen
3018 3991 3075 4036 et
3125 3981 3246 4034 aliis
3301 3979 3580 4049 fatigatus,

1996 4077 2235 4151 Cyrillus
2257 4076 2658 4146 expositionem
2681 4074 2806 4130 ﬁdei
2849 4072 3044 4136 edidit,
3081 4071 3358 4139 misitque,
3397 4071 3582 4124 forsan

1999 4167 2298 4230 incautius,
2353 4163 2702 4218 Antiochiam
2758 4177 2856 4230 per
2905 4176 3036 4214 suos
3093 4159 3364 4214 clericos:
3416 4173 3580 4226 quam

1997 4260 2146 4316 enim
2172 4258 2431 4313 credebat
2458 4272 2516 4310 se
2539 4255 2694 4324 quasi
2729 4254 2966 4324 quodam
3009 4253 3256 4306 victoriae
3299 4253 3424 4321 jure
3447 4267 3584 4320 prte-

1998 4353 2244 4409 scribere
2277 4350 2403 4405 aliis
2431 4348 2555 4403 fidei
2584 4349 2836 4412 formam,
2859 4345 2960 4415 ipsi
2983 4345 3134 4399 velut
3154 4341 3582 4398 satisfactionem

1999 4449 2353 4513 acceperunt,
2404 4456 2566 4509 quam
2600 4439 2694 4507 qui
2729 4438 2942 4507 primus
2980 4435 3162 4500 oll‘ert,
3215 4449 3370 4489 reum
3415 4449 3473 4487 se
3525 4440 3587 4488 et

2000 4535 2312 4591 convictum
2345 4531 2568 4586 fatetur.
2625 4531 2794 4584 Porro
2841 4537 3024 4582 autem
3051 4567 3064 4592 ,
3104 4525 3196 4594 qui
3243 4522 3584 4580 exauctorati

1995 4637 2229 4700 quatuor
2277 4623 2520 4694 episcopi
2543 4622 2826 4685 dicuntur,
2853 4619 3075 4672 fuerunt
3109 4616 3407 4670 Eutherius
3442 4615 3582 4684 'l'ya-

1996 4718 2221 4780 nensis,
2283 4713 2566 4769 Helladius
2635 4710 2942 4770 Tarsensis,
2995 4707 3270 4761 Himerius
3326 4705 3584 4762 Nicomc’

1995 4810 2228 4873 diensis,
2286 4814 2343 4862 et
2387 4805 2704 4874 Dorotheus
2749 4800 3332 4870 Marcianopolitanus,
3393 4813 3586 4853 omnes

1997 4899 2364 4971 metropolita:
2389 4894 3018 4964 Constantinopolitante
3051 4892 3170 4947 sedi
3199 4890 3454 4946 obnoxii:
3487 4889 3582 4959 qui

2007 5010 2135 5050 cum
2176 5007 2288 5063 pra:
2325 4989 2562 5046 Nestorii
2600 5002 2788 5043 amore
2825 4986 2879 5040 in
2915 4985 3229 5040 Maximiani
3280 4982 3587 5042 ordinatio-

2009 5104 2133 5144 nem
2166 5084 2482 5140 consentire
2533 5081 2892 5152 pertinaciter
2945 5087 3266 5140 renuerent,
3307 5093 3336 5130 a
3380 5073 3589 5145 synodo

2009 5178 2320 5236 Maximiani
2349 5176 2684 5232 ordinatrice
2708 5173 2906 5244 dejecti
2943 5179 3088 5228 sunt.

1667 5318 1984 5375 SCHULZII
2023 5317 2248 5373 ΝΟΤᾸΕ.

333 5409 388 5443 ⁵¹
417 5407 516 5463 Ad
581 5406 760 5460 Andr.
798 5403 1066 5460 Samosat.
1110 5405 1206 5460 Vel

265 5550 490 5606 Marius
543 5545 834 5600 Mercator
864 5546 924 5613 (Ι.
967 5562 1039 5604 c..

405 5407 516 5490 Aid
550 5406 760 5490 _Anlrtr.
798 5403 1067 5490 Samosat;
1110 5405 1460 5490 Vclnpptius,
1512 5407 1578 5490 ad
1637 5409 2006 5490 Alexandrum
2064 5407 2720 5490 Hierapol_itanu_m.mVid.
2765 5415 2802 5458 t.
2855 5403 2953 5490 illi,
2983 5418 3056 5490 np:

265 5481 468 5553 tradit.
505 5487 636 5553 θὶς·
669 5475 910 5553 Ορρτιιξπ]
942 5484 986 5536 ι.
1027 5477 1092 5540 Π,
1121 5475 1328 5553 Ρ-Αἳέξξξν
1353 5475 1484 5553 ϐἀὶῂ
1509 5475 1783 5553 Garnerii.
1813 5481 1933 5553 Yid.
1975 5496 2160 5553 supra,
2189 5475 2243 5549 pi
2275 5479 2395 5553 115.
2553 5476 2800 5553 Tantum,
2843 5481 2950 5553 etc:
2983 5475 3246 5553 litulunr
3279 5475 3542 5553 hismdct‘t

1094 5535 1148 5614 ρ’.
1185 5535 1360 5619 210)}
1387 5565 1422 5619 _c_
1446 5546 1544 5619 Ex_
1580 5547 1719 5604 libro
1747 5535 1942 5619 quinto
1973 5535 2304 5605 Theodoreti
2339 5563 2440 5616 pro
2468 5535 2826 5619 Theodoro.)
2906 5544 2950 5574 ⁸⁵
2984 5541 3144 5619 fecit,
3198 5547 3302 5619 etc.
3318 5535 3478 5619 IAlibi
3507 5537 3586 5604 (in

3123 5397 3277 5454 1560.
3353 5395 3401 5429 ⁵³
3435 5393 3588 5460 Quod

2473 5479 2518 5510 ⁵⁵
2553 5476 2800 5539 Tantum,
2843 5481 2948 5527 etc.
2983 5465 3228 5525 Titulum
3277 5465 3588 5539 his___d_cdit

265 5605 406 5676 diss.
433 5621 496 5678 2.
533 5616 788 5690 capi»,
824 5605 892 5670 de
924 5605 1160 5690 quatuor
1189 5605 1358 5690 libris
1385 5617 1650 5690 Eranista:
1698 5634 1743 5690 s.
1767 5605 2146 5690 'Polyu'torphi
2191 5620 2308 5674 haec
2343 5605 2551 5690 'narrat
2581 5613 3062 5690 Gat'tieriu_s,_solis
3092 5605 3584 5690 (inquitpudintt-‘f.

273 5705 308 5746 t.
351 5691 394 5750 I.
423 5677 493 5760 pi
531 5677 713 5760 ῌῦι)
739 5677 1006 5760 ferventis
1037 5686 1242 5760 somnia
1283 5683 1690 5760 'I'h_eot‘l0relum
1717 5677 2125 5760 imaginationis
2147 5686 2489 5760 conjecturis
2522 5687 2740 5760 ductus.
2817 5685 2862 5716 ⁵⁸
2887 5681 3044 5760 Quin,
3077 5677 3208 5734 etet;
3239 5677 3370 5760 Vid_.'
3424 5677 3584 5760 epist.

267 5749 592 5839 t'yrilli'ad
647 5749 1011 5839 Acaciunhp.
1043 5771 1123 5839 in,
1149 5753 1318 5834 Cone.
1351 5755 1578 5839 Ephrem,
1605 5773 1720 5826 cap.
1755 5749 1855 5812 33':

1994 5761 2108 5816 Vid.
2139 5749 2388 5815 Garnerii
2439 5755 2571 5810 diss.
2612 5756 2679 5811 de
2735 5754 2978 5826 synodis-
3015 5753 3070 5806 in
3108 5763 3270 5805 causa
3327 5749 3584 5812 Nestorii.

272 5825 329 5901 ιιξ
383 5847 424 5885 ll
473 5829 642 5898 Opp.
691 5825 844 5881 Marii
892 5825 1232 5880 Mercatoris.
1277 5841 1332 5894 p.
1379 5825 1481 5880 559
1519 5843 1635 5895 seq.
