  <div class='ocr_page' id='page_1' title='image "/cluster/home/n/w/nwhite01/storage/ocr_20150623/84:no.5/coo.31924054869858/067.png"; bbox 0 0 4080 6476; ppageno 0'>
   <div class='ocr_carea' id='block_1_1' title="bbox 543 400 645 467">
    <p class='ocr_par' dir='ltr' id='par_1_1' title="bbox 543 400 645 467">
     <span class='ocr_line' id='line_1_1' title="bbox 543 400 645 467; baseline 0 0"><span class='ocrx_word' id='word_1_1' title='bbox 543 400 645 467; x_wconf 79' lang='grc'><strong>119</strong></span> 
     </span>
    </p>
   </div>
   <div class='ocr_carea' id='block_1_2' title="bbox 1666 410 2667 473">
    <p class='ocr_par' dir='ltr' id='par_1_2' title="bbox 1666 410 2667 473">
     <span class='ocr_line' id='line_1_2' title="bbox 1666 410 2667 473; baseline 0.002 -4"><span class='ocrx_word' id='word_1_2' title='bbox 1666 410 2042 472; x_wconf 81' lang='lat' dir='ltr'><strong>GARNERII</strong></span> <span class='ocrx_word' id='word_1_3' title='bbox 2083 411 2579 473; x_wconf 82' lang='lat' dir='ltr'><strong>DISSERTATIO</strong></span> <span class='ocrx_word' id='word_1_4' title='bbox 2617 413 2667 472; x_wconf 93' lang='grc' dir='ltr'><strong>Ι.</strong></span> 
     </span>
    </p>
   </div>
   <div class='ocr_carea' id='block_1_3' title="bbox 3697 404 3796 475">
    <p class='ocr_par' dir='ltr' id='par_1_3' title="bbox 3697 404 3796 475">
     <span class='ocr_line' id='line_1_3' title="bbox 3697 404 3796 475; baseline -0.02 0"><span class='ocrx_word' id='word_1_5' title='bbox 3697 404 3796 475; x_wconf 60' lang='grc' dir='ltr'><strong>ῖρο</strong></span> 
     </span>
    </p>
   </div>
   <div class='ocr_carea' id='block_1_4' title="bbox 610 517 3793 597">
    <p class='ocr_par' dir='ltr' id='par_1_4' title="bbox 610 517 3793 597">
     <span class='ocr_line' id='line_1_4' title="bbox 610 517 3793 597; baseline 0.001 -22"><span class='ocrx_word' id='word_1_6' title='bbox 610 519 727 575; x_wconf 85' lang='lat' dir='ltr'><strong>Hoc</strong></span> <span class='ocrx_word' id='word_1_7' title='bbox 785 519 842 574; x_wconf 91' lang='lat' dir='ltr'><strong>in</strong></span> <span class='ocrx_word' id='word_1_8' title='bbox 870 518 1100 589; x_wconf 88' lang='lat' dir='ltr'><strong>judicio,</strong></span> <span class='ocrx_word' id='word_1_9' title='bbox 1148 519 1297 590; x_wconf 90' lang='lat' dir='ltr'><strong>quod</strong></span> <span class='ocrx_word' id='word_1_10' title='bbox 1325 537 1432 576; x_wconf 91' lang='lat' dir='ltr'><strong>non</strong></span> <span class='ocrx_word' id='word_1_11' title='bbox 1470 533 1579 578; x_wconf 88' lang='lat' dir='ltr'><strong>tam</strong></span> <span class='ocrx_word' id='word_1_12' title='bbox 1637 524 1926 580; x_wconf 83' lang='lat' dir='ltr'><strong>hominum</strong></span> <span class='ocrx_word' id='word_1_13' title='bbox 1955 541 2119 596; x_wconf 90' lang='lat' dir='ltr'><strong>quam</strong></span> <span class='ocrx_word' id='word_1_14' title='bbox 2151 534 2193 588; x_wconf 76' lang='grc' dir='ltr'>Α</span> <span class='ocrx_word' id='word_1_15' title='bbox 2289 527 2529 597; x_wconf 87' lang='lat' dir='ltr'><strong>Epistola</strong></span> <span class='ocrx_word' id='word_1_16' title='bbox 2583 541 2748 596; x_wconf 90' lang='lat' dir='ltr'><strong>porro</strong></span> <span class='ocrx_word' id='word_1_17' title='bbox 2791 522 2858 578; x_wconf 90' lang='lat' dir='ltr'><strong>ad</strong></span> <span class='ocrx_word' id='word_1_18' title='bbox 2907 519 3213 577; x_wconf 79' lang='lat' dir='ltr'><strong>Himerium</strong></span> <span class='ocrx_word' id='word_1_19' title='bbox 3255 533 3365 573; x_wconf 91' lang='lat' dir='ltr'><strong>non</strong></span> <span class='ocrx_word' id='word_1_20' title='bbox 3423 517 3590 573; x_wconf 86' lang='lat' dir='ltr'><strong>unius</strong></span> <span class='ocrx_word' id='word_1_21' title='bbox 3619 522 3793 577; x_wconf 85' lang='lat' dir='ltr'><strong>solum</strong></span> 
     </span>
    </p>
   </div>
   <div class='ocr_carea' id='block_1_5' title="bbox 539 611 2115 684">
    <p class='ocr_par' dir='ltr' id='par_1_5' title="bbox 539 611 2115 684">
     <span class='ocr_line' id='line_1_5' title="bbox 539 611 2115 684; baseline 0.001 -15"><span class='ocrx_word' id='word_1_22' title='bbox 539 614 634 668; x_wconf 87' lang='lat' dir='ltr'><strong>Dei</strong></span> <span class='ocrx_word' id='word_1_23' title='bbox 656 613 832 668; x_wconf 90' lang='lat' dir='ltr'><strong>videri</strong></span> <span class='ocrx_word' id='word_1_24' title='bbox 860 621 1059 682; x_wconf 84' lang='lat' dir='ltr'><strong>potest,</strong></span> <span class='ocrx_word' id='word_1_25' title='bbox 1085 611 1410 668; x_wconf 82' lang='lat' dir='ltr'><strong>admirabile</strong></span> <span class='ocrx_word' id='word_1_26' title='bbox 1439 615 1702 684; x_wconf 84' lang='lat' dir='ltr'><strong>quiddam</strong></span> <span class='ocrx_word' id='word_1_27' title='bbox 1730 617 1951 672; x_wconf 87' lang='lat' dir='ltr'><strong>accidit.</strong></span> <span class='ocrx_word' id='word_1_28' title='bbox 1978 616 2115 671; x_wconf 86' lang='lat' dir='ltr'><strong>Nam</strong></span> 
     </span>
    </p>
   </div>
   <div class='ocr_carea' id='block_1_6' title="bbox 539 702 2116 774">
    <p class='ocr_par' dir='ltr' id='par_1_6' title="bbox 539 702 2116 774">
     <span class='ocr_line' id='line_1_6' title="bbox 539 702 2116 774; baseline 0.003 -17"><span class='ocrx_word' id='word_1_29' title='bbox 539 711 600 757; x_wconf 90' lang='lat' dir='ltr'><strong>ut</strong></span> <span class='ocrx_word' id='word_1_30' title='bbox 631 703 700 758; x_wconf 90' lang='lat' dir='ltr'><strong>de</strong></span> <span class='ocrx_word' id='word_1_31' title='bbox 744 702 989 757; x_wconf 84' lang='lat' dir='ltr'><strong>Himerio</strong></span> <span class='ocrx_word' id='word_1_32' title='bbox 1044 710 1276 767; x_wconf 84' lang='lat' dir='ltr'><strong>taceam,</strong></span> <span class='ocrx_word' id='word_1_33' title='bbox 1334 703 1672 761; x_wconf 70' lang='lat' dir='ltr'><strong>Theodoreti</strong></span> <span class='ocrx_word' id='word_1_34' title='bbox 1716 707 1916 771; x_wconf 90' lang='lat' dir='ltr'><strong>amico,</strong></span> <span class='ocrx_word' id='word_1_35' title='bbox 1958 709 2116 774; x_wconf 85' lang='lat' dir='ltr'><strong>cujus</strong></span> 
     </span>
    </p>
   </div>
   <div class='ocr_carea' id='block_1_7' title="bbox 533 792 2117 859">
    <p class='ocr_par' dir='ltr' id='par_1_7' title="bbox 533 792 2117 859">
     <span class='ocr_line' id='line_1_7' title="bbox 533 792 2117 859; baseline 0.003 -12"><span class='ocrx_word' id='word_1_36' title='bbox 533 801 619 847; x_wconf 88' lang='lat' dir='ltr'><strong>cst</strong></span> <span class='ocrx_word' id='word_1_37' title='bbox 657 792 948 846; x_wconf 81' lang='lat' dir='ltr'><strong>obscurior</strong></span> <span class='ocrx_word' id='word_1_38' title='bbox 1000 793 1288 859; x_wconf 84' lang='lat' dir='ltr'><strong>memoria,</strong></span> <span class='ocrx_word' id='word_1_39' title='bbox 1346 794 1655 851; x_wconf 86' lang='lat' dir='ltr'><strong>Dorotheus</strong></span> <span class='ocrx_word' id='word_1_40' title='bbox 1686 807 1834 851; x_wconf 90' lang='lat' dir='ltr'><strong>certe</strong></span> <span class='ocrx_word' id='word_1_41' title='bbox 1890 799 2117 853; x_wconf 90' lang='lat' dir='ltr'><strong>meritas</strong></span> 
     </span>
    </p>
   </div>
   <div class='ocr_carea' id='block_1_8' title="bbox 510 883 2117 958">
    <p class='ocr_par' dir='ltr' id='par_1_8' title="bbox 510 883 2117 958">
     <span class='ocr_line' id='line_1_8' title="bbox 510 883 2117 958; baseline 0.004 -21"><span class='ocrx_word' id='word_1_42' title='bbox 510 883 852 957; x_wconf 70' lang='lat' dir='ltr'><strong>impietatis,</strong></span> <span class='ocrx_word' id='word_1_43' title='bbox 905 898 1016 953; x_wconf 91' lang='lat' dir='ltr'><strong>qua</strong></span> <span class='ocrx_word' id='word_1_44' title='bbox 1056 884 1269 955; x_wconf 89' lang='lat' dir='ltr'><strong>primus</strong></span> <span class='ocrx_word' id='word_1_45' title='bbox 1323 884 1462 940; x_wconf 79' lang='lat' dir='ltr'><strong>dixit</strong></span> <span class='ocrx_word' id='word_1_46' title='bbox 1524 887 1815 941; x_wconf 78' lang='lat' dir='ltr'><strong>anathema</strong></span> <span class='ocrx_word' id='word_1_47' title='bbox 1873 888 2117 958; x_wconf 66' lang='lat' dir='ltr'><strong>Deiparaa</strong></span> 
     </span>
    </p>
   </div>
   <div class='ocr_carea' id='block_1_9' title="bbox 533 974 2115 1045">
    <p class='ocr_par' dir='ltr' id='par_1_9' title="bbox 533 974 2115 1045">
     <span class='ocr_line' id='line_1_9' title="bbox 533 974 2115 1045; baseline 0.003 -16"><span class='ocrx_word' id='word_1_48' title='bbox 533 974 865 1041; x_wconf 90' lang='lat' dir='ltr'><strong>cultoribus,</strong></span> <span class='ocrx_word' id='word_1_49' title='bbox 906 991 1100 1045; x_wconf 68' lang='lat' dir='ltr'><strong>poenas</strong></span> <span class='ocrx_word' id='word_1_50' title='bbox 1142 975 1340 1031; x_wconf 82' lang='lat' dir='ltr'><strong>dedit:</strong></span> <span class='ocrx_word' id='word_1_51' title='bbox 1387 976 1542 1031; x_wconf 89' lang='lat' dir='ltr'><strong>dedit</strong></span> <span class='ocrx_word' id='word_1_52' title='bbox 1588 985 1644 1031; x_wconf 92' lang='lat' dir='ltr'><strong>et</strong></span> <span class='ocrx_word' id='word_1_53' title='bbox 1688 977 2010 1039; x_wconf 86' lang='lat' dir='ltr'><strong>Eutherius,</strong></span> <span class='ocrx_word' id='word_1_54' title='bbox 2043 979 2115 1033; x_wconf 93' lang='lat' dir='ltr'><strong>ob</strong></span> 
     </span>
    </p>
   </div>
   <div class='ocr_carea' id='block_1_10' title="bbox 533 1069 2116 1139">
    <p class='ocr_par' dir='ltr' id='par_1_10' title="bbox 533 1069 2116 1139">
     <span class='ocr_line' id='line_1_10' title="bbox 533 1069 2116 1139; baseline 0.004 -19"><span class='ocrx_word' id='word_1_55' title='bbox 533 1074 860 1137; x_wconf 89' lang='lat' dir='ltr'><strong>conceptum</strong></span> <span class='ocrx_word' id='word_1_56' title='bbox 913 1083 981 1122; x_wconf 77' lang='lat' dir='ltr'><strong>ex</strong></span> <span class='ocrx_word' id='word_1_57' title='bbox 1017 1069 1180 1137; x_wconf 84' lang='lat' dir='ltr'><strong>longo</strong></span> <span class='ocrx_word' id='word_1_58' title='bbox 1227 1084 1523 1133; x_wconf 89' lang='lat' dir='ltr'><strong>venenum,</strong></span> <span class='ocrx_word' id='word_1_59' title='bbox 1558 1070 1704 1139; x_wconf 87' lang='lat' dir='ltr'><strong>quod</strong></span> <span class='ocrx_word' id='word_1_60' title='bbox 1738 1071 1958 1125; x_wconf 79' lang='lat' dir='ltr'><strong>tandem</strong></span> <span class='ocrx_word' id='word_1_61' title='bbox 2013 1072 2116 1127; x_wconf 86' lang='lat' dir='ltr'><strong>hac</strong></span> 
     </span>
    </p>
   </div>
   <div class='ocr_carea' id='block_1_11' title="bbox 528 1158 2117 1231">
    <p class='ocr_par' dir='ltr' id='par_1_11' title="bbox 528 1158 2117 1231">
     <span class='ocr_line' id='line_1_11' title="bbox 528 1158 2117 1231; baseline 0.005 -21"><span class='ocrx_word' id='word_1_62' title='bbox 528 1158 822 1212; x_wconf 86' lang='lat' dir='ltr'><strong>occasione</strong></span> <span class='ocrx_word' id='word_1_63' title='bbox 852 1158 909 1211; x_wconf 92' lang='lat' dir='ltr'><strong>in</strong></span> <span class='ocrx_word' id='word_1_64' title='bbox 939 1158 1254 1213; x_wconf 86' lang='lat' dir='ltr'><strong>Catholicos</strong></span> <span class='ocrx_word' id='word_1_65' title='bbox 1278 1160 1543 1216; x_wconf 84' lang='lat' dir='ltr'><strong>evomuit.</strong></span> <span class='ocrx_word' id='word_1_66' title='bbox 1568 1161 1637 1215; x_wconf 85' lang='lat' dir='ltr'><strong>At</strong></span> <span class='ocrx_word' id='word_1_67' title='bbox 1664 1162 1994 1231; x_wconf 88' lang='lat' dir='ltr'><strong>stupendum</strong></span> <span class='ocrx_word' id='word_1_68' title='bbox 2031 1174 2117 1218; x_wconf 89' lang='lat' dir='ltr'><strong>est</strong></span> 
     </span>
    </p>
   </div>
   <div class='ocr_carea' id='block_1_12' title="bbox 532 1248 2113 1324">
    <p class='ocr_par' dir='ltr' id='par_1_12' title="bbox 532 1248 2113 1324">
     <span class='ocr_line' id='line_1_12' title="bbox 532 1248 2113 1324; baseline 0.004 -21"><span class='ocrx_word' id='word_1_69' title='bbox 532 1248 842 1304; x_wconf 82' lang='lat' dir='ltr'><strong>lielladium</strong></span> <span class='ocrx_word' id='word_1_70' title='bbox 886 1265 954 1305; x_wconf 93' lang='lat' dir='ltr'><strong>eo</strong></span> <span class='ocrx_word' id='word_1_71' title='bbox 980 1266 1156 1320; x_wconf 85' lang='lat' dir='ltr'><strong>usque</strong></span> <span class='ocrx_word' id='word_1_72' title='bbox 1188 1250 1444 1307; x_wconf 86' lang='lat' dir='ltr'><strong>Nestorio</strong></span> <span class='ocrx_word' id='word_1_73' title='bbox 1473 1252 1792 1317; x_wconf 66' lang='lat' dir='ltr'><strong>adhaesisse,</strong></span> <span class='ocrx_word' id='word_1_74' title='bbox 1836 1263 1916 1316; x_wconf 91' lang='lat' dir='ltr'><strong>ut,</strong></span> <span class='ocrx_word' id='word_1_75' title='bbox 1949 1270 2113 1324; x_wconf 91' lang='lat' dir='ltr'><strong>quam</strong></span> 
     </span>
    </p>
   </div>
   <div class='ocr_carea' id='block_1_13' title="bbox 530 1342 2110 1406">
    <p class='ocr_par' dir='ltr' id='par_1_13' title="bbox 530 1342 2110 1406">
     <span class='ocr_line' id='line_1_13' title="bbox 530 1342 2110 1406; baseline 0.002 -9"><span class='ocrx_word' id='word_1_76' title='bbox 530 1343 822 1397; x_wconf 83' lang='lat' dir='ltr'><strong>sanctitate</strong></span> <span class='ocrx_word' id='word_1_77' title='bbox 869 1358 1083 1397; x_wconf 90' lang='lat' dir='ltr'><strong>morum</strong></span> <span class='ocrx_word' id='word_1_78' title='bbox 1154 1350 1435 1397; x_wconf 86' lang='lat' dir='ltr'><strong>meruerat</strong></span> <span class='ocrx_word' id='word_1_79' title='bbox 1498 1342 1708 1406; x_wconf 88' lang='lat' dir='ltr'><strong>sedem,</strong></span> <span class='ocrx_word' id='word_1_80' title='bbox 1762 1346 2110 1401; x_wconf 89' lang='lat' dir='ltr'><strong>contumacia</strong></span> 
     </span>
    </p>
   </div>
   <div class='ocr_carea' id='block_1_14' title="bbox 530 1432 2111 1505">
    <p class='ocr_par' dir='ltr' id='par_1_14' title="bbox 530 1432 2111 1505">
     <span class='ocr_line' id='line_1_14' title="bbox 530 1432 2111 1505; baseline 0.001 -18"><span class='ocrx_word' id='word_1_81' title='bbox 530 1433 832 1488; x_wconf 88' lang='lat' dir='ltr'><strong>amitteret.</strong></span> <span class='ocrx_word' id='word_1_82' title='bbox 876 1433 976 1488; x_wconf 83' lang='lat' dir='ltr'><strong>Hic</strong></span> <span class='ocrx_word' id='word_1_83' title='bbox 1004 1433 1152 1488; x_wconf 91' lang='lat' dir='ltr'><strong>enim</strong></span> <span class='ocrx_word' id='word_1_84' title='bbox 1177 1442 1262 1487; x_wconf 90' lang='lat' dir='ltr'><strong>est</strong></span> <span class='ocrx_word' id='word_1_85' title='bbox 1286 1432 1647 1488; x_wconf 88' lang='lat' dir='ltr'><strong>admirandus</strong></span> <span class='ocrx_word' id='word_1_86' title='bbox 1668 1432 1970 1499; x_wconf 83' lang='lat' dir='ltr'><strong>Helladius,</strong></span> <span class='ocrx_word' id='word_1_87' title='bbox 1996 1435 2111 1505; x_wconf 86' lang='lat' dir='ltr'><strong>qui,</strong></span> 
     </span>
    </p>
   </div>
   <div class='ocr_carea' id='block_1_15' title="bbox 531 1523 2115 1594">
    <p class='ocr_par' dir='ltr' id='par_1_15' title="bbox 531 1523 2115 1594">
     <span class='ocr_line' id='line_1_15' title="bbox 531 1523 2115 1594; baseline 0.003 -15"><span class='ocrx_word' id='word_1_88' title='bbox 531 1534 594 1579; x_wconf 88' lang='lat' dir='ltr'><strong>ut</strong></span> <span class='ocrx_word' id='word_1_89' title='bbox 630 1525 829 1579; x_wconf 87' lang='lat' dir='ltr'><strong>scribit</strong></span> <span class='ocrx_word' id='word_1_90' title='bbox 878 1523 1349 1589; x_wconf 79' lang='lat' dir='ltr'><strong>Theodoretus”,</strong></span> <span class='ocrx_word' id='word_1_91' title='bbox 1388 1535 1512 1594; x_wconf 81' lang='lat' dir='ltr'><strong>post</strong></span> <span class='ocrx_word' id='word_1_92' title='bbox 1542 1525 1840 1581; x_wconf 87' lang='lat' dir='ltr'><strong>Theodosii</strong></span> <span class='ocrx_word' id='word_1_93' title='bbox 1879 1529 2115 1583; x_wconf 87' lang='lat' dir='ltr'><strong>sanctis-</strong></span> 
     </span>
    </p>
   </div>
   <div class='ocr_carea' id='block_1_16' title="bbox 531 1614 2114 1689">
    <p class='ocr_par' dir='ltr' id='par_1_16' title="bbox 531 1614 2114 1689">
     <span class='ocr_line' id='line_1_16' title="bbox 531 1614 2114 1689; baseline 0.004 -19"><span class='ocrx_word' id='word_1_94' title='bbox 531 1614 655 1670; x_wconf 86' lang='lat' dir='ltr'><strong>simi</strong></span> <span class='ocrx_word' id='word_1_95' title='bbox 687 1616 1137 1671; x_wconf 67' lang='lat' dir='ltr'><strong>archimandritte</strong></span> <span class='ocrx_word' id='word_1_96' title='bbox 1166 1617 1385 1673; x_wconf 83' lang='lat' dir='ltr'><strong>felicem</strong></span> <span class='ocrx_word' id='word_1_97' title='bbox 1419 1618 1654 1680; x_wconf 84' lang='lat' dir='ltr'><strong>obitum,</strong></span> <span class='ocrx_word' id='word_1_98' title='bbox 1697 1638 1713 1669; x_wconf 74' lang='grc' dir='ltr'>ι</span> <span class='ocrx_word' id='word_1_99' title='bbox 1756 1620 1937 1689; x_wconf 77' lang='lat' dir='ltr'><strong>gregis</strong></span> <span class='ocrx_word' id='word_1_100' title='bbox 1972 1636 2114 1689; x_wconf 67' lang='lat' dir='ltr'><strong>prte-</strong></span> 
     </span>
    </p>
   </div>
   <div class='ocr_carea' id='block_1_17' title="bbox 530 1706 2113 1781">
    <p class='ocr_par' dir='ltr' id='par_1_17' title="bbox 530 1706 2113 1781">
     <span class='ocr_line' id='line_1_17' title="bbox 530 1706 2113 1781; baseline 0.004 -22"><span class='ocrx_word' id='word_1_101' title='bbox 530 1706 797 1761; x_wconf 86' lang='lat' dir='ltr'><strong>fecturam</strong></span> <span class='ocrx_word' id='word_1_102' title='bbox 832 1709 1096 1777; x_wconf 85' lang='lat' dir='ltr'><strong>suscepit,</strong></span> <span class='ocrx_word' id='word_1_103' title='bbox 1130 1709 1244 1778; x_wconf 87' lang='lat' dir='ltr'><strong>qui,</strong></span> <span class='ocrx_word' id='word_1_104' title='bbox 1290 1724 1389 1779; x_wconf 86' lang='lat' dir='ltr'><strong>per</strong></span> <span class='ocrx_word' id='word_1_105' title='bbox 1443 1725 1617 1763; x_wconf 86' lang='lat' dir='ltr'><strong>annos</strong></span> <span class='ocrx_word' id='word_1_106' title='bbox 1647 1712 1926 1781; x_wconf 75' lang='lat' dir='ltr'><strong>sexaginta</strong></span> <span class='ocrx_word' id='word_1_107' title='bbox 1959 1713 2113 1767; x_wconf 87' lang='lat' dir='ltr'><strong>labo-</strong></span> 
     </span>
    </p>
   </div>
   <div class='ocr_carea' id='block_1_18' title="bbox 532 1797 2115 1871">
    <p class='ocr_par' dir='ltr' id='par_1_18' title="bbox 532 1797 2115 1871">
     <span class='ocr_line' id='line_1_18' title="bbox 532 1797 2115 1871; baseline 0.006 -21"><span class='ocrx_word' id='word_1_108' title='bbox 532 1797 689 1852; x_wconf 85' lang='lat' dir='ltr'><strong>ribus</strong></span> <span class='ocrx_word' id='word_1_109' title='bbox 730 1799 840 1851; x_wconf 84' lang='lat' dir='ltr'><strong>illis</strong></span> <span class='ocrx_word' id='word_1_110' title='bbox 875 1798 1193 1865; x_wconf 91' lang='lat' dir='ltr'><strong>defunctus,</strong></span> <span class='ocrx_word' id='word_1_111' title='bbox 1221 1799 1455 1854; x_wconf 89' lang='lat' dir='ltr'><strong>Cilicum</strong></span> <span class='ocrx_word' id='word_1_112' title='bbox 1484 1799 1752 1855; x_wconf 87' lang='lat' dir='ltr'><strong>divinitus</strong></span> <span class='ocrx_word' id='word_1_113' title='bbox 1794 1812 1981 1871; x_wconf 57' lang='lat' dir='ltr'><strong>p&#39;rstea</strong></span> <span class='ocrx_word' id='word_1_114' title='bbox 2038 1804 2115 1858; x_wconf 89' lang='lat' dir='ltr'><strong>fa-</strong></span> 
     </span>
    </p>
   </div>
   <div class='ocr_carea' id='block_1_19' title="bbox 531 1891 2113 1963">
    <p class='ocr_par' dir='ltr' id='par_1_19' title="bbox 531 1891 2113 1963">
     <span class='ocr_line' id='line_1_19' title="bbox 531 1891 2113 1963; baseline 0.006 -22"><span class='ocrx_word' id='word_1_115' title='bbox 531 1897 652 1942; x_wconf 88' lang='lat' dir='ltr'><strong>ctus</strong></span> <span class='ocrx_word' id='word_1_116' title='bbox 679 1899 762 1942; x_wconf 86' lang='lat' dir='ltr'><strong>est</strong></span> <span class='ocrx_word' id='word_1_117' title='bbox 790 1891 1040 1955; x_wconf 83' lang='lat' dir='ltr'><strong>antistes,</strong></span> <span class='ocrx_word' id='word_1_118' title='bbox 1083 1891 1373 1960; x_wconf 86' lang='lat' dir='ltr'><strong>pristinam</strong></span> <span class='ocrx_word' id='word_1_119' title='bbox 1410 1907 1519 1946; x_wconf 88' lang='lat' dir='ltr'><strong>non</strong></span> <span class='ocrx_word' id='word_1_120' title='bbox 1570 1891 1834 1946; x_wconf 83' lang='lat' dir='ltr'><strong>deserens</strong></span> <span class='ocrx_word' id='word_1_121' title='bbox 1866 1895 2113 1963; x_wconf 87' lang='lat' dir='ltr'><strong>philoso-</strong></span> 
     </span>
    </p>
   </div>
   <div class='ocr_carea' id='block_1_20' title="bbox 529 1980 2114 2054">
    <p class='ocr_par' dir='ltr' id='par_1_20' title="bbox 529 1980 2114 2054">
     <span class='ocr_line' id='line_1_20' title="bbox 529 1980 2114 2054; baseline 0.005 -21"><span class='ocrx_word' id='word_1_122' title='bbox 529 1980 741 2049; x_wconf 80' lang='lat' dir='ltr'><strong>phiam,</strong></span> <span class='ocrx_word' id='word_1_123' title='bbox 780 1983 874 2037; x_wconf 91' lang='lat' dir='ltr'><strong>sed</strong></span> <span class='ocrx_word' id='word_1_124' title='bbox 909 1983 1195 2039; x_wconf 85' lang='lat' dir='ltr'><strong>laboribus</strong></span> <span class='ocrx_word' id='word_1_125' title='bbox 1225 1984 1331 2040; x_wconf 90' lang='lat' dir='ltr'><strong>illis</strong></span> <span class='ocrx_word' id='word_1_126' title='bbox 1360 1983 1705 2054; x_wconf 84' lang='lat' dir='ltr'><strong>pontificales</strong></span> <span class='ocrx_word' id='word_1_127' title='bbox 1729 1986 1975 2054; x_wconf 87' lang='lat' dir='ltr'><strong>quotidie</strong></span> <span class='ocrx_word' id='word_1_128' title='bbox 2023 2003 2114 2041; x_wconf 90' lang='lat' dir='ltr'><strong>su-</strong></span> 
     </span>
    </p>
   </div>
   <div class='ocr_carea' id='block_1_21' title="bbox 531 2072 1088 2145">
    <p class='ocr_par' dir='ltr' id='par_1_21' title="bbox 531 2072 1088 2145">
     <span class='ocr_line' id='line_1_21' title="bbox 531 2072 1088 2145; baseline 0.002 -19"><span class='ocrx_word' id='word_1_129' title='bbox 531 2072 697 2128; x_wconf 89' lang='lat' dir='ltr'><strong>dores</strong></span> <span class='ocrx_word' id='word_1_130' title='bbox 733 2074 1021 2145; x_wconf 88' lang='lat' dir='ltr'><strong>adjiciens.</strong></span> <span class='ocrx_word' id='word_1_131' title='bbox 1069 2095 1088 2127; x_wconf 72' lang='grc' dir='ltr'><strong><em>ι</em></strong></span> 
     </span>
    </p>
   </div>
   <div class='ocr_carea' id='block_1_22' title="bbox 603 2165 2109 2242">
    <p class='ocr_par' dir='ltr' id='par_1_22' title="bbox 603 2165 2109 2242">
     <span class='ocr_line' id='line_1_22' title="bbox 603 2165 2109 2242; baseline 0.003 -22"><span class='ocrx_word' id='word_1_132' title='bbox 603 2165 666 2220; x_wconf 75' lang='grc' dir='ltr'><strong>ν.</strong></span> <span class='ocrx_word' id='word_1_133' title='bbox 698 2166 922 2222; x_wconf 73' lang='lat' dir='ltr'><strong>Litterae</strong></span> <span class='ocrx_word' id='word_1_134' title='bbox 946 2167 1135 2238; x_wconf 82' lang='lat' dir='ltr'><strong>Cyrtlli</strong></span> <span class='ocrx_word' id='word_1_135' title='bbox 1158 2168 1349 2223; x_wconf 88' lang='lat' dir='ltr'><strong>Beroea</strong></span> <span class='ocrx_word' id='word_1_136' title='bbox 1375 2170 1556 2226; x_wconf 77' lang='lat' dir='ltr'><strong>missae</strong></span> <span class='ocrx_word' id='word_1_137' title='bbox 1580 2178 1713 2225; x_wconf 85' lang='lat' dir='ltr'><strong>sunt</strong></span> <span class='ocrx_word' id='word_1_138' title='bbox 1751 2170 2109 2242; x_wconf 82' lang='lat' dir='ltr'><strong>Hierapolim,</strong></span> 
     </span>
    </p>
   </div>
   <div class='ocr_carea' id='block_1_23' title="bbox 530 2255 2108 2334">
    <p class='ocr_par' dir='ltr' id='par_1_23' title="bbox 530 2255 2108 2334">
     <span class='ocr_line' id='line_1_23' title="bbox 530 2255 2108 2334; baseline 0.006 -26"><span class='ocrx_word' id='word_1_139' title='bbox 530 2255 625 2309; x_wconf 86' lang='lat' dir='ltr'><strong>ubi</strong></span> <span class='ocrx_word' id='word_1_140' title='bbox 663 2256 977 2313; x_wconf 77' lang='lat' dir='ltr'><strong>Alexander</strong></span> <span class='ocrx_word' id='word_1_141' title='bbox 1030 2274 1143 2313; x_wconf 67' lang='lat' dir='ltr'><strong>suae</strong></span> <span class='ocrx_word' id='word_1_142' title='bbox 1174 2259 1475 2328; x_wconf 68' lang='lat' dir='ltr'><strong>provinciae</strong></span> <span class='ocrx_word' id='word_1_143' title='bbox 1535 2260 1778 2317; x_wconf 86' lang='lat' dir='ltr'><strong>habebat</strong></span> <span class='ocrx_word' id='word_1_144' title='bbox 1817 2263 2108 2334; x_wconf 81' lang='lat' dir='ltr'><strong>synodum.</strong></span> 
     </span>
    </p>
   </div>
   <div class='ocr_carea' id='block_1_24' title="bbox 528 2344 2111 2425">
    <p class='ocr_par' dir='ltr' id='par_1_24' title="bbox 528 2344 2111 2425">
     <span class='ocr_line' id='line_1_24' title="bbox 528 2344 2111 2425; baseline 0.006 -26"><span class='ocrx_word' id='word_1_145' title='bbox 528 2344 727 2401; x_wconf 88' lang='lat' dir='ltr'><strong>Lectas</strong></span> <span class='ocrx_word' id='word_1_146' title='bbox 756 2347 1139 2405; x_wconf 87' lang='lat' dir='ltr'><strong>Theodoretus</strong></span> <span class='ocrx_word' id='word_1_147' title='bbox 1165 2350 1221 2413; x_wconf 85' lang='lat' dir='ltr'><strong>in</strong></span> <span class='ocrx_word' id='word_1_148' title='bbox 1253 2362 1400 2405; x_wconf 76' lang='lat' dir='ltr'><strong>ctetu</strong></span> <span class='ocrx_word' id='word_1_149' title='bbox 1431 2352 1818 2423; x_wconf 78' lang='lat' dir='ltr'><strong>episcoporum</strong></span> <span class='ocrx_word' id='word_1_150' title='bbox 1850 2368 1960 2407; x_wconf 90' lang='lat' dir='ltr'><strong>non</strong></span> <span class='ocrx_word' id='word_1_151' title='bbox 2008 2369 2111 2425; x_wconf 90' lang='lat' dir='ltr'><strong>po-</strong></span> 
     </span>
    </p>
   </div>
   <div class='ocr_carea' id='block_1_25' title="bbox 528 2437 2110 2515">
    <p class='ocr_par' dir='ltr' id='par_1_25' title="bbox 528 2437 2110 2515">
     <span class='ocr_line' id='line_1_25' title="bbox 528 2437 2110 2515; baseline 0.006 -25"><span class='ocrx_word' id='word_1_152' title='bbox 528 2437 637 2492; x_wconf 88' lang='lat' dir='ltr'><strong>tuit</strong></span> <span class='ocrx_word' id='word_1_153' title='bbox 668 2452 777 2492; x_wconf 90' lang='lat' dir='ltr'><strong>non</strong></span> <span class='ocrx_word' id='word_1_154' title='bbox 811 2439 1068 2509; x_wconf 90' lang='lat' dir='ltr'><strong>probare,</strong></span> <span class='ocrx_word' id='word_1_155' title='bbox 1100 2440 1197 2495; x_wconf 89' lang='lat' dir='ltr'><strong>sed</strong></span> <span class='ocrx_word' id='word_1_156' title='bbox 1227 2442 1430 2511; x_wconf 87' lang='lat' dir='ltr'><strong>sparsit</strong></span> <span class='ocrx_word' id='word_1_157' title='bbox 1454 2443 1511 2496; x_wconf 91' lang='lat' dir='ltr'><strong>in</strong></span> <span class='ocrx_word' id='word_1_158' title='bbox 1550 2445 1767 2514; x_wconf 85' lang='lat' dir='ltr'><strong>vulgus,</strong></span> <span class='ocrx_word' id='word_1_159' title='bbox 1810 2445 2110 2515; x_wconf 85' lang='lat' dir='ltr'><strong>multisque</strong></span> 
     </span>
    </p>
   </div>
   <div class='ocr_carea' id='block_1_26' title="bbox 524 2528 2111 2603">
    <p class='ocr_par' dir='ltr' id='par_1_26' title="bbox 524 2528 2111 2603">
     <span class='ocr_line' id='line_1_26' title="bbox 524 2528 2111 2603; baseline 0.006 -22"><span class='ocrx_word' id='word_1_160' title='bbox 524 2530 803 2597; x_wconf 86' lang='lat' dir='ltr'><strong>persuasit</strong></span> <span class='ocrx_word' id='word_1_161' title='bbox 880 2528 1236 2602; x_wconf 68' lang='lat' dir='ltr'><strong>Egyptium,</strong></span> <span class='ocrx_word' id='word_1_162' title='bbox 1319 2549 1429 2603; x_wconf 91' lang='lat' dir='ltr'><strong>quo</strong></span> <span class='ocrx_word' id='word_1_163' title='bbox 1516 2535 1738 2591; x_wconf 91' lang='lat' dir='ltr'><strong>nomine</strong></span> <span class='ocrx_word' id='word_1_164' title='bbox 1791 2536 2111 2592; x_wconf 86' lang='lat' dir='ltr'><strong>traducebat</strong></span> 
     </span>
    </p>
   </div>
   <div class='ocr_carea' id='block_1_27' title="bbox 522 2616 2107 2695">
    <p class='ocr_par' dir='ltr' id='par_1_27' title="bbox 522 2616 2107 2695">
     <span class='ocr_line' id='line_1_27' title="bbox 522 2616 2107 2695; baseline 0.007 -24"><span class='ocrx_word' id='word_1_165' title='bbox 522 2616 824 2689; x_wconf 82' lang='lat' dir='ltr'><strong>Cyrillum,</strong></span> <span class='ocrx_word' id='word_1_166' title='bbox 857 2622 1130 2691; x_wconf 88' lang='lat' dir='ltr'><strong>ejusmodi</strong></span> <span class='ocrx_word' id='word_1_167' title='bbox 1181 2622 1327 2679; x_wconf 89' lang='lat' dir='ltr'><strong>facto</strong></span> <span class='ocrx_word' id='word_1_168' title='bbox 1393 2625 1445 2679; x_wconf 91' lang='lat' dir='ltr'><strong>in</strong></span> <span class='ocrx_word' id='word_1_169' title='bbox 1509 2636 1693 2695; x_wconf 89' lang='lat' dir='ltr'><strong>partes</strong></span> <span class='ocrx_word' id='word_1_170' title='bbox 1743 2626 2107 2682; x_wconf 79' lang='lat' dir='ltr'><strong>Orientalium</strong></span> 
     </span>
    </p>
   </div>
   <div class='ocr_carea' id='block_1_28' title="bbox 524 2708 2108 2780">
    <p class='ocr_par' dir='ltr' id='par_1_28' title="bbox 524 2708 2108 2780">
     <span class='ocr_line' id='line_1_28' title="bbox 524 2708 2108 2780; baseline 0.007 -17"><span class='ocrx_word' id='word_1_171' title='bbox 524 2708 811 2780; x_wconf 86' lang='lat' dir='ltr'><strong>ipsiusque</strong></span> <span class='ocrx_word' id='word_1_172' title='bbox 858 2711 1124 2777; x_wconf 86' lang='lat' dir='ltr'><strong>Nestorii,</strong></span> <span class='ocrx_word' id='word_1_173' title='bbox 1169 2715 1341 2770; x_wconf 87' lang='lat' dir='ltr'><strong>verbo</strong></span> <span class='ocrx_word' id='word_1_174' title='bbox 1401 2724 1610 2770; x_wconf 88' lang='lat' dir='ltr'><strong>tantum</strong></span> <span class='ocrx_word' id='word_1_175' title='bbox 1642 2717 1710 2771; x_wconf 90' lang='lat' dir='ltr'><strong>ab</strong></span> <span class='ocrx_word' id='word_1_176' title='bbox 1733 2716 2108 2774; x_wconf 88' lang='lat' dir='ltr'><strong>Orientalibus</strong></span> 
     </span>
    </p>
   </div>
   <div class='ocr_carea' id='block_1_29' title="bbox 525 2798 2109 2881">
    <p class='ocr_par' dir='ltr' id='par_1_29' title="bbox 525 2798 2109 2881">
     <span class='ocr_line' id='line_1_29' title="bbox 525 2798 2109 2881; baseline 0.007 -27"><span class='ocrx_word' id='word_1_177' title='bbox 525 2798 752 2866; x_wconf 87' lang='lat' dir='ltr'><strong>diversi,</strong></span> <span class='ocrx_word' id='word_1_178' title='bbox 788 2802 1025 2858; x_wconf 81' lang='lat' dir='ltr'><strong>venisse.</strong></span> <span class='ocrx_word' id='word_1_179' title='bbox 1063 2804 1223 2876; x_wconf 78' lang='lat'><strong>166</strong></span> <span class='ocrx_word' id='word_1_180' title='bbox 1254 2805 1378 2860; x_wconf 63' lang='lat' dir='ltr'><strong>Haec</strong></span> <span class='ocrx_word' id='word_1_181' title='bbox 1398 2822 1465 2860; x_wconf 90' lang='lat' dir='ltr'><strong>eo</strong></span> <span class='ocrx_word' id='word_1_182' title='bbox 1500 2823 1674 2877; x_wconf 90' lang='lat' dir='ltr'><strong>usque</strong></span> <span class='ocrx_word' id='word_1_183' title='bbox 1714 2818 2004 2881; x_wconf 87' lang='lat' dir='ltr'><strong>pervagata</strong></span> <span class='ocrx_word' id='word_1_184' title='bbox 2024 2819 2109 2865; x_wconf 89' lang='lat' dir='ltr'><strong>est</strong></span> 
     </span>
    </p>
   </div>
   <div class='ocr_carea' id='block_1_30' title="bbox 524 2890 2105 2969">
    <p class='ocr_par' dir='ltr' id='par_1_30' title="bbox 524 2890 2105 2969">
     <span class='ocr_line' id='line_1_30' title="bbox 524 2890 2105 2969; baseline 0.008 -25"><span class='ocrx_word' id='word_1_185' title='bbox 524 2890 691 2955; x_wconf 87' lang='lat' dir='ltr'><strong>fama,</strong></span> <span class='ocrx_word' id='word_1_186' title='bbox 721 2899 783 2946; x_wconf 92' lang='lat' dir='ltr'><strong>ut</strong></span> <span class='ocrx_word' id='word_1_187' title='bbox 820 2892 1087 2964; x_wconf 81' lang='lat' dir='ltr'><strong>Cyrillum</strong></span> <span class='ocrx_word' id='word_1_188' title='bbox 1133 2896 1376 2965; x_wconf 77' lang='lat' dir='ltr'><strong>coegerit</strong></span> <span class='ocrx_word' id='word_1_189' title='bbox 1407 2908 1597 2968; x_wconf 87' lang='lat' dir='ltr'><strong>postea</strong></span> <span class='ocrx_word' id='word_1_190' title='bbox 1630 2900 1697 2954; x_wconf 93' lang='lat' dir='ltr'><strong>ad</strong></span> <span class='ocrx_word' id='word_1_191' title='bbox 1749 2901 2105 2969; x_wconf 86' lang='lat' dir='ltr'><strong>calumniam,</strong></span> 
     </span>
    </p>
   </div>
   <div class='ocr_carea' id='block_1_31' title="bbox 524 2979 2104 3059">
    <p class='ocr_par' dir='ltr' id='par_1_31' title="bbox 524 2979 2104 3059">
     <span class='ocr_line' id='line_1_31' title="bbox 524 2979 2104 3059; baseline 0.009 -27"><span class='ocrx_word' id='word_1_192' title='bbox 524 2994 634 3033; x_wconf 87' lang='lat' dir='ltr'><strong>non</strong></span> <span class='ocrx_word' id='word_1_193' title='bbox 653 2979 973 3051; x_wconf 86' lang='lat' dir='ltr'><strong>injuriosam</strong></span> <span class='ocrx_word' id='word_1_194' title='bbox 995 2984 1168 3055; x_wconf 87' lang='lat' dir='ltr'><strong>magis</strong></span> <span class='ocrx_word' id='word_1_195' title='bbox 1190 3001 1354 3056; x_wconf 89' lang='lat' dir='ltr'><strong>quam</strong></span> <span class='ocrx_word' id='word_1_196' title='bbox 1381 2988 1744 3056; x_wconf 79' lang='lat' dir='ltr'><strong>probabilem,</strong></span> <span class='ocrx_word' id='word_1_197' title='bbox 1764 2989 2104 3059; x_wconf 85' lang='lat' dir='ltr'><strong>diluendam,</strong></span> 
     </span>
    </p>
   </div>
   <div class='ocr_carea' id='block_1_32' title="bbox 524 3071 2106 3148">
    <p class='ocr_par' dir='ltr' id='par_1_32' title="bbox 524 3071 2106 3148">
     <span class='ocr_line' id='line_1_32' title="bbox 524 3071 2106 3148; baseline 0.01 -25"><span class='ocrx_word' id='word_1_198' title='bbox 524 3071 770 3126; x_wconf 88' lang='lat' dir='ltr'><strong>scribere</strong></span> <span class='ocrx_word' id='word_1_199' title='bbox 798 3073 1086 3144; x_wconf 88' lang='lat' dir='ltr'><strong>epistolam</strong></span> <span class='ocrx_word' id='word_1_200' title='bbox 1116 3077 1411 3132; x_wconf 89' lang='lat' dir='ltr'><strong>admodum</strong></span> <span class='ocrx_word' id='word_1_201' title='bbox 1455 3079 1720 3148; x_wconf 80' lang='lat' dir='ltr'><strong>prolixam</strong></span> <span class='ocrx_word' id='word_1_202' title='bbox 1762 3082 1961 3137; x_wconf 87' lang='lat' dir='ltr'><strong>Acacio</strong></span> <span class='ocrx_word' id='word_1_203' title='bbox 1991 3084 2106 3139; x_wconf 84' lang='lat' dir='ltr'><strong>Me-</strong></span> 
     </span>
    </p>
   </div>
   <div class='ocr_carea' id='block_1_33' title="bbox 2217 609 3817 689">
    <p class='ocr_par' dir='ltr' id='par_1_33' title="bbox 2217 609 3817 689">
     <span class='ocr_line' id='line_1_33' title="bbox 2217 609 3817 689; baseline -0.005 -17"><span class='ocrx_word' id='word_1_204' title='bbox 2217 617 2548 673; x_wconf 89' lang='lat' dir='ltr'><strong>Theodoreti</strong></span> <span class='ocrx_word' id='word_1_205' title='bbox 2588 615 2807 672; x_wconf 90' lang='lat' dir='ltr'><strong>censeri</strong></span> <span class='ocrx_word' id='word_1_206' title='bbox 2840 613 3026 677; x_wconf 90' lang='lat' dir='ltr'><strong>debet,</strong></span> <span class='ocrx_word' id='word_1_207' title='bbox 3078 611 3175 667; x_wconf 89' lang='lat' dir='ltr'><strong>sed</strong></span> <span class='ocrx_word' id='word_1_208' title='bbox 3226 610 3396 666; x_wconf 86' lang='lat' dir='ltr'><strong>totius</strong></span> <span class='ocrx_word' id='word_1_209' title='bbox 3447 609 3817 689; x_wconf 12' lang='lat' dir='ltr'><strong>Euphraten-ﬁ</strong></span> 
     </span>
    </p>
   </div>
   <div class='ocr_carea' id='block_1_34' title="bbox 2217 703 3798 778">
    <p class='ocr_par' dir='ltr' id='par_1_34' title="bbox 2217 703 3798 778">
     <span class='ocr_line' id='line_1_34' title="bbox 2217 703 3798 778; baseline -0.004 -17"><span class='ocrx_word' id='word_1_210' title='bbox 2217 708 2360 762; x_wconf 88' lang='lat' dir='ltr'><strong>sium</strong></span> <span class='ocrx_word' id='word_1_211' title='bbox 2383 708 2767 778; x_wconf 89' lang='lat' dir='ltr'><strong>episcoporum</strong></span> <span class='ocrx_word' id='word_1_212' title='bbox 2795 705 3012 776; x_wconf 76' lang='lat' dir='ltr'><strong>synodi.</strong></span> <span class='ocrx_word' id='word_1_213' title='bbox 3043 703 3180 759; x_wconf 83' lang='lat' dir='ltr'><strong>Nam</strong></span> <span class='ocrx_word' id='word_1_214' title='bbox 3212 717 3323 772; x_wconf 87' lang='lat' dir='ltr'><strong>quo</strong></span> <span class='ocrx_word' id='word_1_215' title='bbox 3352 710 3598 771; x_wconf 88' lang='lat' dir='ltr'><strong>tempore</strong></span> <span class='ocrx_word' id='word_1_216' title='bbox 3630 716 3798 771; x_wconf 86' lang='lat' dir='ltr'><strong>nego-</strong></span> 
     </span>
    </p>
   </div>
   <div class='ocr_carea' id='block_1_35' title="bbox 2218 798 3796 875">
    <p class='ocr_par' dir='ltr' id='par_1_35' title="bbox 2218 798 3796 875">
     <span class='ocr_line' id='line_1_35' title="bbox 2218 798 3796 875; baseline -0.007 -15"><span class='ocrx_word' id='word_1_217' title='bbox 2218 806 2355 860; x_wconf 89' lang='lat' dir='ltr'><strong>tium</strong></span> <span class='ocrx_word' id='word_1_218' title='bbox 2384 805 2536 875; x_wconf 87' lang='lat' dir='ltr'><strong>pacis</strong></span> <span class='ocrx_word' id='word_1_219' title='bbox 2568 803 2637 858; x_wconf 91' lang='lat' dir='ltr'><strong>ab</strong></span> <span class='ocrx_word' id='word_1_220' title='bbox 2678 800 3041 857; x_wconf 85' lang='lat' dir='ltr'><strong>Antiochenis</strong></span> <span class='ocrx_word' id='word_1_221' title='bbox 3066 798 3384 869; x_wconf 82' lang='lat' dir='ltr'><strong>gerebatur,</strong></span> <span class='ocrx_word' id='word_1_222' title='bbox 3417 804 3796 849; x_wconf 85' lang='lat' dir='ltr'><strong>convenerant</strong></span> 
     </span>
    </p>
   </div>
   <div class='ocr_carea' id='block_1_36' title="bbox 2216 893 3795 966">
    <p class='ocr_par' dir='ltr' id='par_1_36' title="bbox 2216 893 3795 966">
     <span class='ocr_line' id='line_1_36' title="bbox 2216 893 3795 966; baseline -0.009 -15"><span class='ocrx_word' id='word_1_223' title='bbox 2216 897 2652 966; x_wconf 87' lang='lat' dir='ltr'><strong>Euphratenses,</strong></span> <span class='ocrx_word' id='word_1_224' title='bbox 2704 893 2819 948; x_wconf 86' lang='lat' dir='ltr'><strong>sive</strong></span> <span class='ocrx_word' id='word_1_225' title='bbox 2850 899 3159 945; x_wconf 86' lang='lat' dir='ltr'><strong>conventus</strong></span> <span class='ocrx_word' id='word_1_226' title='bbox 3204 895 3402 958; x_wconf 72' lang='lat' dir='ltr'><strong>praeter</strong></span> <span class='ocrx_word' id='word_1_227' title='bbox 3447 900 3660 939; x_wconf 89' lang='lat' dir='ltr'><strong>morem</strong></span> <span class='ocrx_word' id='word_1_228' title='bbox 3698 900 3795 938; x_wconf 88' lang='lat' dir='ltr'><strong>ur-</strong></span> 
     </span>
    </p>
   </div>
   <div class='ocr_carea' id='block_1_37' title="bbox 2216 978 3792 1057">
    <p class='ocr_par' dir='ltr' id='par_1_37' title="bbox 2216 978 3792 1057">
     <span class='ocr_line' id='line_1_37' title="bbox 2216 978 3792 1057; baseline -0.006 -15"><span class='ocrx_word' id='word_1_229' title='bbox 2216 997 2377 1057; x_wconf 83' lang='lat' dir='ltr'><strong>gente</strong></span> <span class='ocrx_word' id='word_1_230' title='bbox 2406 986 2774 1050; x_wconf 88' lang='lat' dir='ltr'><strong>Theodoreto,</strong></span> <span class='ocrx_word' id='word_1_231' title='bbox 2803 994 2861 1039; x_wconf 91' lang='lat' dir='ltr'><strong>et</strong></span> <span class='ocrx_word' id='word_1_232' title='bbox 2892 992 3159 1038; x_wconf 85' lang='lat' dir='ltr'><strong>evocante</strong></span> <span class='ocrx_word' id='word_1_233' title='bbox 3185 979 3497 1037; x_wconf 79' lang='lat' dir='ltr'><strong>Alexandro</strong></span> <span class='ocrx_word' id='word_1_234' title='bbox 3536 978 3792 1049; x_wconf 90' lang='lat' dir='ltr'><strong>primate,</strong></span> 
     </span>
    </p>
   </div>
   <div class='ocr_carea' id='block_1_38' title="bbox 2217 1069 3792 1145">
    <p class='ocr_par' dir='ltr' id='par_1_38' title="bbox 2217 1069 3792 1145">
     <span class='ocr_line' id='line_1_38' title="bbox 2217 1069 3792 1145; baseline -0.006 -13"><span class='ocrx_word' id='word_1_235' title='bbox 2217 1079 2332 1133; x_wconf 88' lang='lat' dir='ltr'><strong>sive</strong></span> <span class='ocrx_word' id='word_1_236' title='bbox 2356 1078 2423 1133; x_wconf 91' lang='lat' dir='ltr'><strong>de</strong></span> <span class='ocrx_word' id='word_1_237' title='bbox 2466 1093 2638 1141; x_wconf 88' lang='lat' dir='ltr'><strong>more,</strong></span> <span class='ocrx_word' id='word_1_238' title='bbox 2667 1076 2915 1131; x_wconf 90' lang='lat' dir='ltr'><strong>autumni</strong></span> <span class='ocrx_word' id='word_1_239' title='bbox 2948 1084 3217 1145; x_wconf 90' lang='lat' dir='ltr'><strong>tempore,</strong></span> <span class='ocrx_word' id='word_1_240' title='bbox 3243 1071 3391 1142; x_wconf 90' lang='lat' dir='ltr'><strong>quod</strong></span> <span class='ocrx_word' id='word_1_241' title='bbox 3426 1069 3792 1140; x_wconf 86' lang='lat' dir='ltr'><strong>probabilius,</strong></span> 
     </span>
    </p>
   </div>
   <div class='ocr_carea' id='block_1_39' title="bbox 2217 1160 3792 1236">
    <p class='ocr_par' dir='ltr' id='par_1_39' title="bbox 2217 1160 3792 1236">
     <span class='ocr_line' id='line_1_39' title="bbox 2217 1160 3792 1236; baseline -0.007 -14"><span class='ocrx_word' id='word_1_242' title='bbox 2217 1169 2527 1223; x_wconf 83' lang='lat' dir='ltr'><strong>celebratus</strong></span> <span class='ocrx_word' id='word_1_243' title='bbox 2559 1169 2651 1223; x_wconf 89' lang='lat' dir='ltr'><strong>sit.</strong></span> <span class='ocrx_word' id='word_1_244' title='bbox 2704 1168 2763 1222; x_wconf 84' lang='lat' dir='ltr'><strong>in</strong></span> <span class='ocrx_word' id='word_1_245' title='bbox 2813 1181 2882 1221; x_wconf 89' lang='lat' dir='ltr'><strong>eo</strong></span> <span class='ocrx_word' id='word_1_246' title='bbox 2922 1166 3162 1236; x_wconf 87' lang='lat' dir='ltr'><strong>primum</strong></span> <span class='ocrx_word' id='word_1_247' title='bbox 3196 1165 3353 1223; x_wconf 59' lang='lat' dir='ltr'><strong>lectae</strong></span> <span class='ocrx_word' id='word_1_248' title='bbox 3394 1169 3520 1216; x_wconf 88' lang='lat' dir='ltr'><strong>sunt</strong></span> <span class='ocrx_word' id='word_1_249' title='bbox 3573 1160 3792 1225; x_wconf 60' lang='lat' dir='ltr'><strong>litterae,</strong></span> 
     </span>
    </p>
   </div>
   <div class='ocr_carea' id='block_1_40' title="bbox 2217 1250 3793 1329">
    <p class='ocr_par' dir='ltr' id='par_1_40' title="bbox 2217 1250 3793 1329">
     <span class='ocr_line' id='line_1_40' title="bbox 2217 1250 3793 1329; baseline -0.005 -17"><span class='ocrx_word' id='word_1_250' title='bbox 2217 1275 2353 1328; x_wconf 85' lang='lat' dir='ltr'><strong>quas</strong></span> <span class='ocrx_word' id='word_1_251' title='bbox 2376 1260 2499 1314; x_wconf 86' lang='lat' dir='ltr'><strong>fidei</strong></span> <span class='ocrx_word' id='word_1_252' title='bbox 2530 1275 2644 1314; x_wconf 64' lang='lat' dir='ltr'><strong>sum</strong></span> <span class='ocrx_word' id='word_1_253' title='bbox 2671 1267 2839 1313; x_wconf 85' lang='lat' dir='ltr'><strong>testes</strong></span> <span class='ocrx_word' id='word_1_254' title='bbox 2872 1257 3113 1329; x_wconf 87' lang='lat' dir='ltr'><strong>Cyrillus</strong></span> <span class='ocrx_word' id='word_1_255' title='bbox 3146 1255 3200 1308; x_wconf 92' lang='lat' dir='ltr'><strong>in</strong></span> <span class='ocrx_word' id='word_1_256' title='bbox 3222 1253 3504 1308; x_wconf 85' lang='lat' dir='ltr'><strong>Orientem</strong></span> <span class='ocrx_word' id='word_1_257' title='bbox 3530 1250 3793 1316; x_wconf 85' lang='lat' dir='ltr'><strong>miserat;</strong></span> 
     </span>
    </p>
   </div>
   <div class='ocr_carea' id='block_1_41' title="bbox 2215 1342 3793 1421">
    <p class='ocr_par' dir='ltr' id='par_1_41' title="bbox 2215 1342 3793 1421">
     <span class='ocr_line' id='line_1_41' title="bbox 2215 1342 3793 1421; baseline -0.007 -16"><span class='ocrx_word' id='word_1_258' title='bbox 2215 1366 2402 1420; x_wconf 64' lang='lat' dir='ltr'><strong>eaeque</strong></span> <span class='ocrx_word' id='word_1_259' title='bbox 2433 1360 2559 1421; x_wconf 88' lang='lat' dir='ltr'><strong>post</strong></span> <span class='ocrx_word' id='word_1_260' title='bbox 2605 1352 2885 1405; x_wconf 88' lang='lat' dir='ltr'><strong>curiosum</strong></span> <span class='ocrx_word' id='word_1_261' title='bbox 2936 1361 3200 1404; x_wconf 61' lang='lat' dir='ltr'><strong>etamen,</strong></span> <span class='ocrx_word' id='word_1_262' title='bbox 3254 1350 3483 1414; x_wconf 81' lang='lat' dir='ltr'><strong>cogente</strong></span> <span class='ocrx_word' id='word_1_263' title='bbox 3535 1342 3793 1404; x_wconf 82' lang='lat' dir='ltr'><strong>veritate,</strong></span> 
     </span>
    </p>
   </div>
   <div class='ocr_carea' id='block_1_42' title="bbox 2216 1434 3796 1510">
    <p class='ocr_par' dir='ltr' id='par_1_42' title="bbox 2216 1434 3796 1510">
     <span class='ocr_line' id='line_1_42' title="bbox 2216 1434 3796 1510; baseline -0.005 -16"><span class='ocrx_word' id='word_1_264' title='bbox 2216 1442 2549 1510; x_wconf 60' lang='lat' dir='ltr'><strong>approbauit.</strong></span> <span class='ocrx_word' id='word_1_265' title='bbox 2601 1440 2879 1496; x_wconf 86' lang='lat' dir='ltr'><strong>Statutum</strong></span> <span class='ocrx_word' id='word_1_266' title='bbox 2942 1437 3143 1493; x_wconf 89' lang='lat' dir='ltr'><strong>deinde</strong></span> <span class='ocrx_word' id='word_1_267' title='bbox 3188 1434 3337 1490; x_wconf 91' lang='lat' dir='ltr'><strong>nulla</strong></span> <span class='ocrx_word' id='word_1_268' title='bbox 3387 1441 3448 1487; x_wconf 90' lang='lat' dir='ltr'><strong>ut</strong></span> <span class='ocrx_word' id='word_1_269' title='bbox 3492 1443 3637 1487; x_wconf 86' lang='lat' dir='ltr'><strong>esset</strong></span> <span class='ocrx_word' id='word_1_270' title='bbox 3667 1445 3796 1486; x_wconf 73' lang='lat' dir='ltr'><strong>cum</strong></span> 
     </span>
    </p>
   </div>
   <div class='ocr_carea' id='block_1_43' title="bbox 2214 1528 3797 1604">
    <p class='ocr_par' dir='ltr' id='par_1_43' title="bbox 2214 1528 3797 1604">
     <span class='ocr_line' id='line_1_43' title="bbox 2214 1528 3797 1604; baseline -0.008 -17"><span class='ocrx_word' id='word_1_271' title='bbox 2214 1532 2482 1604; x_wconf 59' lang='lat' dir='ltr'><strong>[Egyptiis</strong></span> <span class='ocrx_word' id='word_1_272' title='bbox 2531 1541 2588 1587; x_wconf 92' lang='lat' dir='ltr'><strong>et</strong></span> <span class='ocrx_word' id='word_1_273' title='bbox 2631 1528 3255 1600; x_wconf 84' lang='lat' dir='ltr'><strong>Constantinopolitanis</strong></span> <span class='ocrx_word' id='word_1_274' title='bbox 3314 1538 3596 1581; x_wconf 89' lang='lat' dir='ltr'><strong>sacrorum</strong></span> <span class='ocrx_word' id='word_1_275' title='bbox 3644 1536 3797 1576; x_wconf 88' lang='lat' dir='ltr'><strong>com-</strong></span> 
     </span>
    </p>
   </div>
   <div class='ocr_carea' id='block_1_44' title="bbox 2216 1609 3795 1687">
    <p class='ocr_par' dir='ltr' id='par_1_44' title="bbox 2216 1609 3795 1687">
     <span class='ocr_line' id='line_1_44' title="bbox 2216 1609 3795 1687; baseline -0.009 -10"><span class='ocrx_word' id='word_1_276' title='bbox 2216 1624 2426 1687; x_wconf 89' lang='lat' dir='ltr'><strong>munio,</strong></span> <span class='ocrx_word' id='word_1_277' title='bbox 2458 1623 2635 1677; x_wconf 88' lang='lat' dir='ltr'><strong>donec</strong></span> <span class='ocrx_word' id='word_1_278' title='bbox 2660 1619 2997 1676; x_wconf 83' lang='lat' dir='ltr'><strong>exauctorati</strong></span> <span class='ocrx_word' id='word_1_279' title='bbox 3019 1626 3256 1687; x_wconf 90' lang='lat' dir='ltr'><strong>quatuor</strong></span> <span class='ocrx_word' id='word_1_280' title='bbox 3277 1613 3542 1685; x_wconf 87' lang='lat' dir='ltr'><strong>episcopi,</strong></span> <span class='ocrx_word' id='word_1_281' title='bbox 3573 1610 3641 1666; x_wconf 91' lang='lat' dir='ltr'><strong>de</strong></span> <span class='ocrx_word' id='word_1_282' title='bbox 3666 1609 3795 1680; x_wconf 89' lang='lat' dir='ltr'><strong>qui-</strong></span> 
     </span>
    </p>
   </div>
   <div class='ocr_carea' id='block_1_45' title="bbox 2217 1700 3794 1777">
    <p class='ocr_par' dir='ltr' id='par_1_45' title="bbox 2217 1700 3794 1777">
     <span class='ocr_line' id='line_1_45' title="bbox 2217 1700 3794 1777; baseline -0.008 -7"><span class='ocrx_word' id='word_1_283' title='bbox 2217 1716 2322 1770; x_wconf 88' lang='lat' dir='ltr'><strong>bus</strong></span> <span class='ocrx_word' id='word_1_284' title='bbox 2345 1723 2506 1769; x_wconf 89' lang='lat' dir='ltr'><strong>antea</strong></span> <span class='ocrx_word' id='word_1_285' title='bbox 2540 1728 2724 1769; x_wconf 89' lang='lat' dir='ltr'><strong>sermo</strong></span> <span class='ocrx_word' id='word_1_286' title='bbox 2763 1711 2888 1777; x_wconf 88' lang='lat' dir='ltr'><strong>fuit,</strong></span> <span class='ocrx_word' id='word_1_287' title='bbox 2928 1709 3355 1763; x_wconf 84' lang='lat' dir='ltr'><strong>restituerentur</strong></span> <span class='ocrx_word' id='word_1_288' title='bbox 3379 1704 3435 1758; x_wconf 90' lang='lat' dir='ltr'><strong>in</strong></span> <span class='ocrx_word' id='word_1_289' title='bbox 3463 1717 3590 1756; x_wconf 90' lang='lat' dir='ltr'><strong>snas</strong></span> <span class='ocrx_word' id='word_1_290' title='bbox 3610 1700 3794 1757; x_wconf 87' lang='lat' dir='ltr'><strong>sedes.</strong></span> 
     </span>
    </p>
   </div>
   <div class='ocr_carea' id='block_1_46' title="bbox 2217 1792 3795 1876">
    <p class='ocr_par' dir='ltr' id='par_1_46' title="bbox 2217 1792 3795 1876">
     <span class='ocr_line' id='line_1_46' title="bbox 2217 1792 3795 1876; baseline -0.011 -15"><span class='ocrx_word' id='word_1_291' title='bbox 2217 1808 2464 1876; x_wconf 87' lang='lat' dir='ltr'><strong>Denique</strong></span> <span class='ocrx_word' id='word_1_292' title='bbox 2484 1813 2837 1867; x_wconf 88' lang='lat' dir='ltr'><strong>conventum,</strong></span> <span class='ocrx_word' id='word_1_293' title='bbox 2864 1809 2926 1855; x_wconf 91' lang='lat' dir='ltr'><strong>ut</strong></span> <span class='ocrx_word' id='word_1_294' title='bbox 2971 1812 3255 1868; x_wconf 89' lang='lat' dir='ltr'><strong>nunquam</strong></span> <span class='ocrx_word' id='word_1_295' title='bbox 3296 1796 3351 1849; x_wconf 91' lang='lat' dir='ltr'><strong>in</strong></span> <span class='ocrx_word' id='word_1_296' title='bbox 3380 1792 3795 1849; x_wconf 89' lang='lat' dir='ltr'><strong>damnationem</strong></span> 
     </span>
    </p>
   </div>
   <div class='ocr_carea' id='block_1_47' title="bbox 2151 1880 3794 1956">
    <p class='ocr_par' dir='ltr' id='par_1_47' title="bbox 2151 1880 3794 1956">
     <span class='ocr_line' id='line_1_47' title="bbox 2151 1880 3794 1956; baseline -0.013 0"><span class='ocrx_word' id='word_1_297' title='bbox 2151 1880 2187 1932; x_wconf 68' lang='grc' dir='ltr'><strong><em>Β</em></strong></span> <span class='ocrx_word' id='word_1_298' title='bbox 2217 1898 2456 1955; x_wconf 88' lang='lat' dir='ltr'><strong>Nestorii</strong></span> <span class='ocrx_word' id='word_1_299' title='bbox 2482 1910 2785 1954; x_wconf 88' lang='lat' dir='ltr'><strong>consensus</strong></span> <span class='ocrx_word' id='word_1_300' title='bbox 2814 1894 3040 1947; x_wconf 88' lang='lat' dir='ltr'><strong>daretur</strong></span> <span class='ocrx_word' id='word_1_301' title='bbox 3064 1908 3076 1943; x_wconf 90' lang='lat'><strong>:</strong></span> <span class='ocrx_word' id='word_1_302' title='bbox 3099 1888 3278 1943; x_wconf 89' lang='lat' dir='ltr'><strong>videri</strong></span> <span class='ocrx_word' id='word_1_303' title='bbox 3308 1886 3512 1956; x_wconf 85' lang='lat' dir='ltr'><strong>quippe</strong></span> <span class='ocrx_word' id='word_1_304' title='bbox 3540 1885 3794 1953; x_wconf 84' lang='lat' dir='ltr'><strong>iniquum</strong></span> 
     </span>
    </p>
   </div>
   <div class='ocr_carea' id='block_1_48' title="bbox 2215 1975 3793 2060">
    <p class='ocr_par' dir='ltr' id='par_1_48' title="bbox 2215 1975 3793 2060">
     <span class='ocr_line' id='line_1_48' title="bbox 2215 1975 3793 2060; baseline -0.01 -16"><span class='ocrx_word' id='word_1_305' title='bbox 2215 2007 2278 2045; x_wconf 90' lang='lat' dir='ltr'><strong>ac</strong></span> <span class='ocrx_word' id='word_1_306' title='bbox 2302 1990 2550 2060; x_wconf 90' lang='lat' dir='ltr'><strong>impium,</strong></span> <span class='ocrx_word' id='word_1_307' title='bbox 2578 2003 2703 2042; x_wconf 90' lang='lat' dir='ltr'><strong>cum</strong></span> <span class='ocrx_word' id='word_1_308' title='bbox 2729 1986 2839 2041; x_wconf 91' lang='lat' dir='ltr'><strong>duo</strong></span> <span class='ocrx_word' id='word_1_309' title='bbox 2863 1992 2989 2039; x_wconf 89' lang='lat' dir='ltr'><strong>sunt</strong></span> <span class='ocrx_word' id='word_1_310' title='bbox 3010 1983 3078 2038; x_wconf 92' lang='lat' dir='ltr'><strong>de</strong></span> <span class='ocrx_word' id='word_1_311' title='bbox 3112 1980 3307 2035; x_wconf 90' lang='lat' dir='ltr'><strong>iisdem</strong></span> <span class='ocrx_word' id='word_1_312' title='bbox 3331 1976 3661 2033; x_wconf 89' lang='lat' dir='ltr'><strong>criminibus</strong></span> <span class='ocrx_word' id='word_1_313' title='bbox 3684 1975 3793 2039; x_wconf 89' lang='lat' dir='ltr'><strong>rei,</strong></span> 
     </span>
    </p>
   </div>
   <div class='ocr_carea' id='block_1_49' title="bbox 2214 2067 3794 2151">
    <p class='ocr_par' dir='ltr' id='par_1_49' title="bbox 2214 2067 3794 2151">
     <span class='ocr_line' id='line_1_49' title="bbox 2214 2067 3794 2151; baseline -0.011 -15"><span class='ocrx_word' id='word_1_314' title='bbox 2214 2082 2372 2136; x_wconf 89' lang='lat' dir='ltr'><strong>alteri</strong></span> <span class='ocrx_word' id='word_1_315' title='bbox 2392 2080 2787 2151; x_wconf 83' lang='lat' dir='ltr'><strong>indulgentiam</strong></span> <span class='ocrx_word' id='word_1_316' title='bbox 2825 2072 3192 2140; x_wconf 90' lang='lat' dir='ltr'><strong>tribui,alteri</strong></span> <span class='ocrx_word' id='word_1_317' title='bbox 3224 2069 3562 2143; x_wconf 68' lang='lat' dir='ltr'><strong>poenitentiae</strong></span> <span class='ocrx_word' id='word_1_318' title='bbox 3590 2067 3794 2122; x_wconf 90' lang='lat' dir='ltr'><strong>ostium</strong></span> 
     </span>
    </p>
   </div>
   <div class='ocr_carea' id='block_1_50' title="bbox 2211 2157 3793 2240">
    <p class='ocr_par' dir='ltr' id='par_1_50' title="bbox 2211 2157 3793 2240">
     <span class='ocr_line' id='line_1_50' title="bbox 2211 2157 3793 2240; baseline -0.011 -12"><span class='ocrx_word' id='word_1_319' title='bbox 2211 2173 2414 2229; x_wconf 86' lang='lat' dir='ltr'><strong>claudi.</strong></span> <span class='ocrx_word' id='word_1_320' title='bbox 2474 2172 2676 2227; x_wconf 84' lang='lat' dir='ltr'><strong>Verum</strong></span> <span class='ocrx_word' id='word_1_321' title='bbox 2733 2169 2979 2240; x_wconf 63' lang='lat' dir='ltr'><strong>epistola;</strong></span> <span class='ocrx_word' id='word_1_322' title='bbox 3028 2179 3195 2236; x_wconf 87' lang='lat' dir='ltr'><strong>pars,</strong></span> <span class='ocrx_word' id='word_1_323' title='bbox 3249 2177 3373 2231; x_wconf 58' lang='lat' dir='ltr'><strong>quae</strong></span> <span class='ocrx_word' id='word_1_324' title='bbox 3412 2158 3672 2232; x_wconf 80' lang='lat' dir='ltr'><strong>synodica</strong></span> <span class='ocrx_word' id='word_1_325' title='bbox 3707 2157 3793 2211; x_wconf 89' lang='lat' dir='ltr'><strong>vi-</strong></span> 
     </span>
    </p>
   </div>
   <div class='ocr_carea' id='block_1_51' title="bbox 2213 2253 3793 2332">
    <p class='ocr_par' dir='ltr' id='par_1_51' title="bbox 2213 2253 3793 2332">
     <span class='ocr_line' id='line_1_51' title="bbox 2213 2253 3793 2332; baseline -0.012 -10"><span class='ocrx_word' id='word_1_326' title='bbox 2213 2266 2397 2332; x_wconf 89' lang='lat' dir='ltr'><strong>detur,</strong></span> <span class='ocrx_word' id='word_1_327' title='bbox 2452 2262 2814 2319; x_wconf 80' lang='lat' dir='ltr'><strong>exscribenda</strong></span> <span class='ocrx_word' id='word_1_328' title='bbox 2872 2268 2976 2315; x_wconf 89' lang='lat' dir='ltr'><strong>est.</strong></span> <span class='ocrx_word' id='word_1_329' title='bbox 3046 2276 3063 2307; x_wconf 76' lang='grc' dir='ltr'>ι</span> <span class='ocrx_word' id='word_1_330' title='bbox 3120 2253 3488 2311; x_wconf 89' lang='lat' dir='ltr'><strong>lntentionem</strong></span> <span class='ocrx_word' id='word_1_331' title='bbox 3541 2258 3793 2305; x_wconf 88' lang='lat' dir='ltr'><strong>nostram</strong></span> 
     </span>
    </p>
   </div>
   <div class='ocr_carea' id='block_1_52' title="bbox 2212 2341 3793 2415">
    <p class='ocr_par' dir='ltr' id='par_1_52' title="bbox 2212 2341 3793 2415">
     <span class='ocr_line' id='line_1_52' title="bbox 2212 2341 3793 2415; baseline -0.013 -2"><span class='ocrx_word' id='word_1_332' title='bbox 2212 2366 2421 2413; x_wconf 89' lang='lat' dir='ltr'><strong>certam</strong></span> <span class='ocrx_word' id='word_1_333' title='bbox 2469 2362 2577 2410; x_wconf 76' lang='lat' dir='ltr'><strong>tuae</strong></span> <span class='ocrx_word' id='word_1_334' title='bbox 2631 2353 2865 2408; x_wconf 84' lang='lat' dir='ltr'><strong>facimus</strong></span> <span class='ocrx_word' id='word_1_335' title='bbox 2907 2347 3183 2405; x_wconf 89' lang='lat' dir='ltr'><strong>sanctitati</strong></span> <span class='ocrx_word' id='word_1_336' title='bbox 3210 2387 3224 2409; x_wconf 93' lang='lat'><strong>,</strong></span> <span class='ocrx_word' id='word_1_337' title='bbox 3258 2349 3276 2366; x_wconf 81' lang='grc'>⁶</span> <span class='ocrx_word' id='word_1_338' title='bbox 3318 2342 3486 2415; x_wconf 91' lang='lat' dir='ltr'><strong>quod,</strong></span> <span class='ocrx_word' id='word_1_339' title='bbox 3518 2341 3676 2396; x_wconf 88' lang='lat' dir='ltr'><strong>lectis</strong></span> <span class='ocrx_word' id='word_1_340' title='bbox 3726 2356 3793 2394; x_wconf 76' lang='lat' dir='ltr'><strong>ex</strong></span> 
     </span>
    </p>
   </div>
   <div class='ocr_carea' id='block_1_53' title="bbox 2209 2431 3793 2520">
    <p class='ocr_par' dir='ltr' id='par_1_53' title="bbox 2209 2431 3793 2520">
     <span class='ocr_line' id='line_1_53' title="bbox 2209 2431 3793 2520; baseline -0.011 -16"><span class='ocrx_word' id='word_1_341' title='bbox 2209 2449 2439 2520; x_wconf 57' lang='lat' dir='ltr'><strong>[Egypto</strong></span> <span class='ocrx_word' id='word_1_342' title='bbox 2466 2446 2667 2503; x_wconf 88' lang='lat' dir='ltr'><strong>litteris</strong></span> <span class='ocrx_word' id='word_1_343' title='bbox 2694 2442 3001 2505; x_wconf 89' lang='lat' dir='ltr'><strong>destinatis,</strong></span> <span class='ocrx_word' id='word_1_344' title='bbox 3054 2450 3108 2495; x_wconf 91' lang='lat' dir='ltr'><strong>et</strong></span> <span class='ocrx_word' id='word_1_345' title='bbox 3137 2436 3280 2507; x_wconf 90' lang='lat' dir='ltr'><strong>apud</strong></span> <span class='ocrx_word' id='word_1_346' title='bbox 3327 2450 3430 2490; x_wconf 88' lang='lat' dir='ltr'><strong>nos</strong></span> <span class='ocrx_word' id='word_1_347' title='bbox 3463 2447 3604 2502; x_wconf 73' lang='lat' dir='ltr'><strong>saepe</strong></span> <span class='ocrx_word' id='word_1_348' title='bbox 3632 2431 3793 2501; x_wconf 79' lang='grc'>167</span> 
     </span>
    </p>
   </div>
   <div class='ocr_carea' id='block_1_54' title="bbox 2166 2523 3794 2604">
    <p class='ocr_par' dir='ltr' id='par_1_54' title="bbox 2166 2523 3794 2604">
     <span class='ocr_line' id='line_1_54' title="bbox 2166 2523 3794 2604; baseline -0.014 -9"><span class='ocrx_word' id='word_1_349' title='bbox 2166 2539 2497 2604; x_wconf 86' lang='lat' dir='ltr'><strong>&#39;discussis,</strong></span> <span class='ocrx_word' id='word_1_350' title='bbox 2544 2536 2857 2591; x_wconf 90' lang='lat' dir='ltr'><strong>invenimus</strong></span> <span class='ocrx_word' id='word_1_351' title='bbox 2910 2547 3003 2586; x_wconf 89' lang='lat' dir='ltr'><strong>eas</strong></span> <span class='ocrx_word' id='word_1_352' title='bbox 3053 2528 3321 2585; x_wconf 75' lang='lat' dir='ltr'><strong>doctrinae</strong></span> <span class='ocrx_word' id='word_1_353' title='bbox 3381 2523 3604 2595; x_wconf 88' lang='lat' dir='ltr'><strong>quidem</strong></span> <span class='ocrx_word' id='word_1_354' title='bbox 3653 2537 3794 2575; x_wconf 83' lang='lat' dir='ltr'><strong>con-</strong></span> 
     </span>
    </p>
   </div>
   <div class='ocr_carea' id='block_1_55' title="bbox 2209 2614 3794 2699">
    <p class='ocr_par' dir='ltr' id='par_1_55' title="bbox 2209 2614 3794 2699">
     <span class='ocr_line' id='line_1_55' title="bbox 2209 2614 3794 2699; baseline -0.012 -15"><span class='ocrx_word' id='word_1_355' title='bbox 2209 2638 2472 2699; x_wconf 59' lang='lat' dir='ltr'><strong>gruentes</strong></span> <span class='ocrx_word' id='word_1_356' title='bbox 2500 2626 2790 2690; x_wconf 74' lang='lat' dir='ltr'><strong>Ecclesim;</strong></span> <span class='ocrx_word' id='word_1_357' title='bbox 2837 2622 3130 2679; x_wconf 89' lang='lat' dir='ltr'><strong>duodecim</strong></span> <span class='ocrx_word' id='word_1_358' title='bbox 3176 2633 3310 2673; x_wconf 89' lang='lat' dir='ltr'><strong>vero</strong></span> <span class='ocrx_word' id='word_1_359' title='bbox 3351 2614 3609 2686; x_wconf 88' lang='lat' dir='ltr'><strong>capitulis</strong></span> <span class='ocrx_word' id='word_1_360' title='bbox 3653 2628 3794 2667; x_wconf 77' lang='lat' dir='ltr'><strong>con-</strong></span> 
     </span>
    </p>
   </div>
   <div class='ocr_carea' id='block_1_56' title="bbox 2213 2703 3794 2787">
    <p class='ocr_par' dir='ltr' id='par_1_56' title="bbox 2213 2703 3794 2787">
     <span class='ocr_line' id='line_1_56' title="bbox 2213 2703 3794 2787; baseline -0.01 -13"><span class='ocrx_word' id='word_1_361' title='bbox 2213 2720 2406 2775; x_wconf 87' lang='lat' dir='ltr'><strong>trarias</strong></span> <span class='ocrx_word' id='word_1_362' title='bbox 2441 2734 2563 2773; x_wconf 90' lang='lat' dir='ltr'><strong>esse</strong></span> <span class='ocrx_word' id='word_1_363' title='bbox 2605 2715 2979 2787; x_wconf 88' lang='lat' dir='ltr'><strong>probavimus,</strong></span> <span class='ocrx_word' id='word_1_364' title='bbox 3017 2727 3139 2783; x_wconf 68' lang='lat' dir='ltr'><strong>quae</strong></span> <span class='ocrx_word' id='word_1_365' title='bbox 3165 2723 3338 2778; x_wconf 91' lang='lat' dir='ltr'><strong>usque</strong></span> <span class='ocrx_word' id='word_1_366' title='bbox 3389 2703 3794 2776; x_wconf 66' lang='lat' dir='ltr'><strong>impraesentia-</strong></span> 
     </span>
    </p>
   </div>
   <div class='ocr_carea' id='block_1_57' title="bbox 2210 2793 3794 2878">
    <p class='ocr_par' dir='ltr' id='par_1_57' title="bbox 2210 2793 3794 2878">
     <span class='ocr_line' id='line_1_57' title="bbox 2210 2793 3794 2878; baseline -0.01 -14"><span class='ocrx_word' id='word_1_367' title='bbox 2210 2827 2333 2866; x_wconf 89' lang='lat' dir='ltr'><strong>rum</strong></span> <span class='ocrx_word' id='word_1_368' title='bbox 2378 2810 2700 2878; x_wconf 79' lang='lat' dir='ltr'><strong>impugnare</strong></span> <span class='ocrx_word' id='word_1_369' title='bbox 2756 2806 3119 2876; x_wconf 91' lang='lat' dir='ltr'><strong>perstitimus.</strong></span> <span class='ocrx_word' id='word_1_370' title='bbox 3172 2800 3385 2857; x_wconf 82' lang='lat' dir='ltr'><strong>Placuit</strong></span> <span class='ocrx_word' id='word_1_371' title='bbox 3420 2797 3586 2866; x_wconf 86' lang='lat' dir='ltr'><strong>igitur</strong></span> <span class='ocrx_word' id='word_1_372' title='bbox 3628 2793 3794 2848; x_wconf 80' lang='lat' dir='ltr'><strong>nobis</strong></span> 
     </span>
    </p>
   </div>
   <div class='ocr_carea' id='block_1_58' title="bbox 2210 2882 3795 2965">
    <p class='ocr_par' dir='ltr' id='par_1_58' title="bbox 2210 2882 3795 2965">
     <span class='ocr_line' id='line_1_58' title="bbox 2210 2882 3795 2965; baseline -0.013 -9"><span class='ocrx_word' id='word_1_373' title='bbox 2210 2910 2290 2965; x_wconf 91' lang='lat' dir='ltr'><strong>ut,</strong></span> <span class='ocrx_word' id='word_1_374' title='bbox 2320 2902 2364 2955; x_wconf 85' lang='lat' dir='ltr'><strong>si</strong></span> <span class='ocrx_word' id='word_1_375' title='bbox 2394 2900 2716 2954; x_wconf 86' lang='lat' dir='ltr'><strong>sanctitates</strong></span> <span class='ocrx_word' id='word_1_376' title='bbox 2740 2906 2933 2952; x_wconf 66' lang='lat' dir='ltr'><strong>vestras</strong></span> <span class='ocrx_word' id='word_1_377' title='bbox 2960 2886 3558 2964; x_wconf 88' lang='lat' dir='ltr'><strong>receperintEcclesias</strong></span> <span class='ocrx_word' id='word_1_378' title='bbox 3588 2882 3795 2939; x_wconf 88' lang='lat' dir='ltr'><strong>divini-</strong></span> 
     </span>
    </p>
   </div>
   <div class='ocr_carea' id='block_1_59' title="bbox 2209 2976 3797 3058">
    <p class='ocr_par' dir='ltr' id='par_1_59' title="bbox 2209 2976 3797 3058">
     <span class='ocr_line' id='line_1_59' title="bbox 2209 2976 3797 3058; baseline -0.013 -9"><span class='ocrx_word' id='word_1_379' title='bbox 2209 3002 2298 3049; x_wconf 89' lang='lat' dir='ltr'><strong>tus</strong></span> <span class='ocrx_word' id='word_1_380' title='bbox 2319 2992 2421 3047; x_wconf 90' lang='lat' dir='ltr'><strong>sibi</strong></span> <span class='ocrx_word' id='word_1_381' title='bbox 2441 2989 2778 3052; x_wconf 89' lang='lat' dir='ltr'><strong>commissas,</strong></span> <span class='ocrx_word' id='word_1_382' title='bbox 2805 2987 3072 3058; x_wconf 67' lang='lat' dir='ltr'><strong>Egyptiis</strong></span> <span class='ocrx_word' id='word_1_383' title='bbox 3093 2995 3149 3040; x_wconf 91' lang='lat' dir='ltr'><strong>et</strong></span> <span class='ocrx_word' id='word_1_384' title='bbox 3168 2976 3797 3050; x_wconf 87' lang='lat' dir='ltr'><strong>Constantinopolitanis</strong></span> 
     </span>
    </p>
   </div>
   <div class='ocr_carea' id='block_1_60' title="bbox 2216 3066 3795 3148">
    <p class='ocr_par' dir='ltr' id='par_1_60' title="bbox 2216 3066 3795 3148">
     <span class='ocr_line' id='line_1_60' title="bbox 2216 3066 3795 3148; baseline -0.011 -9"><span class='ocrx_word' id='word_1_385' title='bbox 2216 3083 2646 3146; x_wconf 87' lang='lat' dir='ltr'><strong>communicare,</strong></span> <span class='ocrx_word' id='word_1_386' title='bbox 2702 3080 2957 3148; x_wconf 87' lang='lat' dir='ltr'><strong>aliisque,</strong></span> <span class='ocrx_word' id='word_1_387' title='bbox 3009 3076 3101 3147; x_wconf 90' lang='lat' dir='ltr'><strong>qui</strong></span> <span class='ocrx_word' id='word_1_388' title='bbox 3140 3081 3331 3130; x_wconf 90' lang='lat' dir='ltr'><strong>contra</strong></span> <span class='ocrx_word' id='word_1_389' title='bbox 3392 3087 3493 3127; x_wconf 87' lang='lat' dir='ltr'><strong>nos</strong></span> <span class='ocrx_word' id='word_1_390' title='bbox 3539 3084 3665 3124; x_wconf 91' lang='lat' dir='ltr'><strong>cum</strong></span> <span class='ocrx_word' id='word_1_391' title='bbox 3708 3066 3795 3122; x_wconf 86' lang='lat' dir='ltr'><strong>eis</strong></span> 
     </span>
    </p>
   </div>
   <div class='ocr_carea' id='block_1_61' title="bbox 522 3159 3795 3266">
    <p class='ocr_par' dir='ltr' id='par_1_61' title="bbox 522 3159 3795 3266">
     <span class='ocr_line' id='line_1_61' title="bbox 522 3159 3795 3266; baseline 0 -50"><span class='ocrx_word' id='word_1_392' title='bbox 522 3161 725 3219; x_wconf 77' lang='lat' dir='ltr'><strong>litenes</strong></span> <span class='ocrx_word' id='word_1_393' title='bbox 758 3165 1019 3236; x_wconf 87' lang='lat' dir='ltr'><strong>episcopo</strong></span> <span class='ocrx_word' id='word_1_394' title='bbox 1037 3168 1108 3235; x_wconf 79' lang='lat'><strong>&quot;,</strong></span> <span class='ocrx_word' id='word_1_395' title='bbox 1142 3185 1173 3223; x_wconf 91' lang='lat' dir='ltr'><strong>a</strong></span> <span class='ocrx_word' id='word_1_396' title='bbox 1206 3184 1317 3240; x_wconf 89' lang='lat' dir='ltr'><strong>quo</strong></span> <span class='ocrx_word' id='word_1_397' title='bbox 1345 3170 1414 3225; x_wconf 90' lang='lat' dir='ltr'><strong>de</strong></span> <span class='ocrx_word' id='word_1_398' title='bbox 1447 3170 1782 3227; x_wconf 85' lang='lat' dir='ltr'><strong>Theodoreti</strong></span> <span class='ocrx_word' id='word_1_399' title='bbox 1823 3175 2101 3229; x_wconf 84' lang='lat' dir='ltr'><strong>sermoni-</strong></span> <span class='ocrx_word' id='word_1_400' title='bbox 2134 3210 2176 3266; x_wconf 64' lang='grc' dir='ltr'>ρ</span> <span class='ocrx_word' id='word_1_401' title='bbox 2214 3174 2483 3229; x_wconf 87' lang='lat' dir='ltr'><strong>militasse</strong></span> <span class='ocrx_word' id='word_1_402' title='bbox 2528 3178 2835 3228; x_wconf 88' lang='lat' dir='ltr'><strong>noscuntur</strong></span> <span class='ocrx_word' id='word_1_403' title='bbox 2864 3187 2877 3223; x_wconf 93' lang='lat'>:</span> <span class='ocrx_word' id='word_1_404' title='bbox 2912 3169 3041 3239; x_wconf 89' lang='lat' dir='ltr'><strong>quia</strong></span> <span class='ocrx_word' id='word_1_405' title='bbox 3090 3175 3338 3222; x_wconf 89' lang='lat' dir='ltr'><strong>nostram</strong></span> <span class='ocrx_word' id='word_1_406' title='bbox 3391 3162 3575 3266; x_wconf 76' lang='lat' dir='ltr'><strong>ﬁdem,</strong></span> <span class='ocrx_word' id='word_1_407' title='bbox 3614 3159 3795 3230; x_wconf 80' lang='lat' dir='ltr'><strong>magis</strong></span> 
     </span>
    </p>
   </div>
   <div class='ocr_carea' id='block_1_62' title="bbox 523 3253 2104 3333">
    <p class='ocr_par' dir='ltr' id='par_1_62' title="bbox 523 3253 2104 3333">
     <span class='ocr_line' id='line_1_62' title="bbox 523 3253 2104 3333; baseline 0.008 -26"><span class='ocrx_word' id='word_1_408' title='bbox 523 3253 631 3309; x_wconf 85' lang='lat' dir='ltr'><strong>bus</strong></span> <span class='ocrx_word' id='word_1_409' title='bbox 696 3256 939 3313; x_wconf 89' lang='lat' dir='ltr'><strong>monitus</strong></span> <span class='ocrx_word' id='word_1_410' title='bbox 986 3268 1126 3324; x_wconf 91' lang='lat' dir='ltr'><strong>erat,</strong></span> <span class='ocrx_word' id='word_1_411' title='bbox 1159 3269 1215 3315; x_wconf 91' lang='lat' dir='ltr'><strong>et</strong></span> <span class='ocrx_word' id='word_1_412' title='bbox 1244 3261 1431 3328; x_wconf 87' lang='lat' dir='ltr'><strong>simul,</strong></span> <span class='ocrx_word' id='word_1_413' title='bbox 1473 3272 1698 3333; x_wconf 88' lang='lat' dir='ltr'><strong>propter</strong></span> <span class='ocrx_word' id='word_1_414' title='bbox 1748 3263 1948 3320; x_wconf 90' lang='lat' dir='ltr'><strong>factam</strong></span> <span class='ocrx_word' id='word_1_415' title='bbox 1978 3283 2104 3322; x_wconf 90' lang='lat' dir='ltr'><strong>cum</strong></span> 
     </span>
    </p>
   </div>
   <div class='ocr_carea' id='block_1_63' title="bbox 522 3343 2107 3427">
    <p class='ocr_par' dir='ltr' id='par_1_63' title="bbox 522 3343 2107 3427">
     <span class='ocr_line' id='line_1_63' title="bbox 522 3343 2107 3427; baseline 0.008 -28"><span class='ocrx_word' id='word_1_416' title='bbox 522 3343 895 3403; x_wconf 87' lang='lat' dir='ltr'><strong>Orientalibus</strong></span> <span class='ocrx_word' id='word_1_417' title='bbox 919 3350 1289 3417; x_wconf 89' lang='lat' dir='ltr'><strong>concordiam,</strong></span> <span class='ocrx_word' id='word_1_418' title='bbox 1321 3368 1461 3422; x_wconf 90' lang='lat' dir='ltr'><strong>pene</strong></span> <span class='ocrx_word' id='word_1_419' title='bbox 1509 3363 1796 3411; x_wconf 89' lang='lat' dir='ltr'><strong>accusatus</strong></span> <span class='ocrx_word' id='word_1_420' title='bbox 1837 3356 1963 3412; x_wconf 82' lang='lat' dir='ltr'><strong>fidei</strong></span> <span class='ocrx_word' id='word_1_421' title='bbox 2006 3373 2107 3427; x_wconf 91' lang='lat' dir='ltr'><strong>per</strong></span> 
     </span>
    </p>
   </div>
   <div class='ocr_carea' id='block_1_64' title="bbox 524 3437 1853 3516">
    <p class='ocr_par' dir='ltr' id='par_1_64' title="bbox 524 3437 1853 3516">
     <span class='ocr_line' id='line_1_64' title="bbox 524 3437 1853 3516; baseline 0.008 -27"><span class='ocrx_word' id='word_1_422' title='bbox 524 3437 893 3493; x_wconf 89' lang='lat' dir='ltr'><strong>inconsultam</strong></span> <span class='ocrx_word' id='word_1_423' title='bbox 923 3455 1078 3495; x_wconf 87' lang='lat' dir='ltr'><strong>suam</strong></span> <span class='ocrx_word' id='word_1_424' title='bbox 1106 3442 1572 3512; x_wconf 88' lang='lat' dir='ltr'><strong>dispensationem</strong></span> <span class='ocrx_word' id='word_1_425' title='bbox 1604 3447 1853 3516; x_wconf 82' lang='lat' dir='ltr'><strong>proditae.</strong></span> 
     </span>
    </p>
   </div>
   <div class='ocr_carea' id='block_1_65' title="bbox 594 3526 2101 3609">
    <p class='ocr_par' dir='ltr' id='par_1_65' title="bbox 594 3526 2101 3609">
     <span class='ocr_line' id='line_1_65' title="bbox 594 3526 2101 3609; baseline 0.007 -26"><span class='ocrx_word' id='word_1_426' title='bbox 594 3526 684 3583; x_wconf 78' lang='lat' dir='ltr'><strong>VI.</strong></span> <span class='ocrx_word' id='word_1_427' title='bbox 715 3528 854 3583; x_wconf 90' lang='lat' dir='ltr'><strong>Dum</strong></span> <span class='ocrx_word' id='word_1_428' title='bbox 870 3532 1151 3602; x_wconf 79' lang='lat' dir='ltr'><strong>negotium</strong></span> <span class='ocrx_word' id='word_1_429' title='bbox 1171 3536 1319 3603; x_wconf 89' lang='lat' dir='ltr'><strong>pacis</strong></span> <span class='ocrx_word' id='word_1_430' title='bbox 1333 3538 1542 3606; x_wconf 77' lang='lat' dir='ltr'><strong>geritur</strong></span> <span class='ocrx_word' id='word_1_431' title='bbox 1559 3539 1760 3609; x_wconf 87' lang='lat' dir='ltr'><strong>partim</strong></span> <span class='ocrx_word' id='word_1_432' title='bbox 1783 3538 1838 3593; x_wconf 92' lang='lat' dir='ltr'><strong>in</strong></span> <span class='ocrx_word' id='word_1_433' title='bbox 1853 3537 2101 3603; x_wconf 90' lang='lat' dir='ltr'><strong>Oriente,</strong></span> 
     </span>
    </p>
   </div>
   <div class='ocr_carea' id='block_1_66' title="bbox 523 3618 2103 3694">
    <p class='ocr_par' dir='ltr' id='par_1_66' title="bbox 523 3618 2103 3694">
     <span class='ocr_line' id='line_1_66' title="bbox 523 3618 2103 3694; baseline 0.008 -23"><span class='ocrx_word' id='word_1_434' title='bbox 523 3618 726 3688; x_wconf 83' lang='lat' dir='ltr'><strong>partim</strong></span> <span class='ocrx_word' id='word_1_435' title='bbox 758 3620 817 3674; x_wconf 83' lang='lat' dir='ltr'><strong>in</strong></span> <span class='ocrx_word' id='word_1_436' title='bbox 849 3620 1102 3693; x_wconf 65' lang='lat' dir='ltr'><strong>Egypto,</strong></span> <span class='ocrx_word' id='word_1_437' title='bbox 1154 3640 1266 3694; x_wconf 89' lang='lat' dir='ltr'><strong>quo</strong></span> <span class='ocrx_word' id='word_1_438' title='bbox 1318 3642 1377 3682; x_wconf 91' lang='lat' dir='ltr'><strong>se</strong></span> <span class='ocrx_word' id='word_1_439' title='bbox 1406 3629 1718 3684; x_wconf 87' lang='lat' dir='ltr'><strong>contulerat</strong></span> <span class='ocrx_word' id='word_1_440' title='bbox 1762 3627 2103 3694; x_wconf 84' lang='lat' dir='ltr'><strong>Aristolaus,</strong></span> 
     </span>
    </p>
   </div>
   <div class='ocr_carea' id='block_1_67' title="bbox 518 3717 2104 3787">
    <p class='ocr_par' dir='ltr' id='par_1_67' title="bbox 518 3717 2104 3787">
     <span class='ocr_line' id='line_1_67' title="bbox 518 3717 2104 3787; baseline 0.008 -25"><span class='ocrx_word' id='word_1_441' title='bbox 518 3717 789 3777; x_wconf 64' lang='lat' dir='ltr'><strong>.pertatsus</strong></span> <span class='ocrx_word' id='word_1_442' title='bbox 812 3725 1114 3779; x_wconf 89' lang='lat' dir='ltr'><strong>morarum,</strong></span> <span class='ocrx_word' id='word_1_443' title='bbox 1144 3731 1281 3784; x_wconf 88' lang='lat' dir='ltr'><strong>quas</strong></span> <span class='ocrx_word' id='word_1_444' title='bbox 1325 3719 1566 3787; x_wconf 88' lang='lat' dir='ltr'><strong>partium</strong></span> <span class='ocrx_word' id='word_1_445' title='bbox 1591 3718 1877 3774; x_wconf 88' lang='lat' dir='ltr'><strong>contentio</strong></span> <span class='ocrx_word' id='word_1_446' title='bbox 1917 3727 2104 3776; x_wconf 88' lang='lat' dir='ltr'><strong>necte-</strong></span> 
     </span>
    </p>
   </div>
   <div class='ocr_carea' id='block_1_68' title="bbox 520 3795 2102 3876">
    <p class='ocr_par' dir='ltr' id='par_1_68' title="bbox 520 3795 2102 3876">
     <span class='ocr_line' id='line_1_68' title="bbox 520 3795 2102 3876; baseline 0.009 -25"><span class='ocrx_word' id='word_1_447' title='bbox 520 3795 638 3863; x_wconf 84' lang='lat' dir='ltr'><strong>bat,</strong></span> <span class='ocrx_word' id='word_1_448' title='bbox 667 3797 1075 3873; x_wconf 82' lang='lat' dir='ltr'><strong>Theodoretus,</strong></span> <span class='ocrx_word' id='word_1_449' title='bbox 1108 3820 1250 3876; x_wconf 68' lang='lat' dir='ltr'><strong>aegre</strong></span> <span class='ocrx_word' id='word_1_450' title='bbox 1303 3807 1486 3865; x_wconf 84' lang='lat' dir='ltr'><strong>ferens</strong></span> <span class='ocrx_word' id='word_1_451' title='bbox 1528 3825 1648 3864; x_wconf 86' lang='lat' dir='ltr'><strong>rem</strong></span> <span class='ocrx_word' id='word_1_452' title='bbox 1710 3825 1824 3865; x_wconf 88' lang='lat' dir='ltr'><strong>non</strong></span> <span class='ocrx_word' id='word_1_453' title='bbox 1877 3810 2102 3867; x_wconf 86' lang='lat' dir='ltr'><strong>evenire</strong></span> 
     </span>
    </p>
   </div>
   <div class='ocr_carea' id='block_1_69' title="bbox 520 3889 2101 3972">
    <p class='ocr_par' dir='ltr' id='par_1_69' title="bbox 520 3889 2101 3972">
     <span class='ocr_line' id='line_1_69' title="bbox 520 3889 2101 3972; baseline 0.009 -29"><span class='ocrx_word' id='word_1_454' title='bbox 520 3902 589 3943; x_wconf 75' lang='lat' dir='ltr'><strong>ex</strong></span> <span class='ocrx_word' id='word_1_455' title='bbox 608 3889 778 3946; x_wconf 79' lang='lat' dir='ltr'><strong>animi</strong></span> <span class='ocrx_word' id='word_1_456' title='bbox 808 3892 892 3947; x_wconf 88' lang='lat' dir='ltr'><strong>sui</strong></span> <span class='ocrx_word' id='word_1_457' title='bbox 917 3898 1208 3963; x_wconf 88' lang='lat' dir='ltr'><strong>sententia,</strong></span> <span class='ocrx_word' id='word_1_458' title='bbox 1239 3898 1450 3955; x_wconf 88' lang='lat' dir='ltr'><strong>litteras</strong></span> <span class='ocrx_word' id='word_1_459' title='bbox 1483 3900 1637 3955; x_wconf 90' lang='lat' dir='ltr'><strong>dedit</strong></span> <span class='ocrx_word' id='word_1_460' title='bbox 1660 3901 1705 3934; x_wconf 79' lang='grc' dir='ltr'><strong>⁸ο</strong></span> <span class='ocrx_word' id='word_1_461' title='bbox 1736 3900 1804 3955; x_wconf 90' lang='lat' dir='ltr'><strong>ad</strong></span> <span class='ocrx_word' id='word_1_462' title='bbox 1824 3901 2101 3972; x_wconf 84' lang='lat' dir='ltr'><strong>geminum</strong></span> 
     </span>
    </p>
   </div>
   <div class='ocr_carea' id='block_1_70' title="bbox 519 3977 2100 4062">
    <p class='ocr_par' dir='ltr' id='par_1_70' title="bbox 519 3977 2100 4062">
     <span class='ocr_line' id='line_1_70' title="bbox 519 3977 2100 4062; baseline 0.009 -29"><span class='ocrx_word' id='word_1_463' title='bbox 519 3977 821 4047; x_wconf 77' lang='lat' dir='ltr'><strong>Andream,</strong></span> <span class='ocrx_word' id='word_1_464' title='bbox 842 3986 1172 4042; x_wconf 85' lang='lat' dir='ltr'><strong>monachum</strong></span> <span class='ocrx_word' id='word_1_465' title='bbox 1200 3989 1412 4046; x_wconf 88' lang='lat' dir='ltr'><strong>scilicet</strong></span> <span class='ocrx_word' id='word_1_466' title='bbox 1425 3989 2100 4062; x_wconf 87' lang='lat' dir='ltr'><strong>Constantinopolitanum</strong></span> 
     </span>
    </p>
   </div>
   <div class='ocr_carea' id='block_1_71' title="bbox 521 4071 2102 4152">
    <p class='ocr_par' dir='ltr' id='par_1_71' title="bbox 521 4071 2102 4152">
     <span class='ocr_line' id='line_1_71' title="bbox 521 4071 2102 4152; baseline 0.009 -26"><span class='ocrx_word' id='word_1_467' title='bbox 521 4071 1005 4131; x_wconf 87' lang='lat' dir='ltr'><strong>etSamosatenum</strong></span> <span class='ocrx_word' id='word_1_468' title='bbox 1026 4078 1348 4151; x_wconf 90' lang='lat' dir='ltr'><strong>episcopum</strong></span> <span class='ocrx_word' id='word_1_469' title='bbox 1376 4098 1388 4133; x_wconf 95' lang='lat'>:</span> <span class='ocrx_word' id='word_1_470' title='bbox 1426 4080 1580 4136; x_wconf 89' lang='lat' dir='ltr'><strong>dedit</strong></span> <span class='ocrx_word' id='word_1_471' title='bbox 1598 4082 1807 4152; x_wconf 88' lang='lat' dir='ltr'><strong>pariter</strong></span> <span class='ocrx_word' id='word_1_472' title='bbox 1835 4082 1903 4139; x_wconf 90' lang='lat' dir='ltr'><strong>ad</strong></span> <span class='ocrx_word' id='word_1_473' title='bbox 1932 4084 2102 4140; x_wconf 83' lang='lat' dir='ltr'><strong>Joan-</strong></span> 
     </span>
    </p>
   </div>
   <div class='ocr_carea' id='block_1_72' title="bbox 519 4164 2099 4240">
    <p class='ocr_par' dir='ltr' id='par_1_72' title="bbox 519 4164 2099 4240">
     <span class='ocr_line' id='line_1_72' title="bbox 519 4164 2099 4240; baseline 0.01 -24"><span class='ocrx_word' id='word_1_474' title='bbox 519 4176 646 4218; x_wconf 87' lang='lat' dir='ltr'><strong>nem</strong></span> <span class='ocrx_word' id='word_1_475' title='bbox 667 4164 1067 4224; x_wconf 84' lang='lat' dir='ltr'><strong>Antiochenum</strong></span> <span class='ocrx_word' id='word_1_476' title='bbox 1094 4178 1257 4240; x_wconf 90' lang='lat' dir='ltr'><strong>atque</strong></span> <span class='ocrx_word' id='word_1_477' title='bbox 1289 4171 1569 4227; x_wconf 84' lang='lat' dir='ltr'><strong>llimerum</strong></span> <span class='ocrx_word' id='word_1_478' title='bbox 1596 4173 2099 4240; x_wconf 87' lang='lat' dir='ltr'><strong>Nicomediensem,</strong></span> 
     </span>
    </p>
   </div>
   <div class='ocr_carea' id='block_1_73' title="bbox 518 4254 2099 4340">
    <p class='ocr_par' dir='ltr' id='par_1_73' title="bbox 518 4254 2099 4340">
     <span class='ocr_line' id='line_1_73' title="bbox 518 4254 2099 4340; baseline 0.011 -33"><span class='ocrx_word' id='word_1_479' title='bbox 518 4254 721 4323; x_wconf 86' lang='lat' dir='ltr'><strong>quibus</strong></span> <span class='ocrx_word' id='word_1_480' title='bbox 766 4264 994 4314; x_wconf 84' lang='lat' dir='ltr'><strong>testatur</strong></span> <span class='ocrx_word' id='word_1_481' title='bbox 1040 4277 1099 4318; x_wconf 89' lang='lat' dir='ltr'><strong>se</strong></span> <span class='ocrx_word' id='word_1_482' title='bbox 1133 4263 1272 4318; x_wconf 90' lang='lat' dir='ltr'><strong>nihil</strong></span> <span class='ocrx_word' id='word_1_483' title='bbox 1318 4264 1542 4333; x_wconf 91' lang='lat' dir='ltr'><strong>quidem</strong></span> <span class='ocrx_word' id='word_1_484' title='bbox 1580 4266 1635 4321; x_wconf 90' lang='lat' dir='ltr'><strong>in</strong></span> <span class='ocrx_word' id='word_1_485' title='bbox 1658 4267 1862 4324; x_wconf 88' lang='lat' dir='ltr'><strong>litteris</strong></span> <span class='ocrx_word' id='word_1_486' title='bbox 1908 4268 2099 4340; x_wconf 85' lang='lat' dir='ltr'><strong>Cyrilli</strong></span> 
     </span>
    </p>
   </div>
   <div class='ocr_carea' id='block_1_74' title="bbox 522 4346 2099 4424">
    <p class='ocr_par' dir='ltr' id='par_1_74' title="bbox 522 4346 2099 4424">
     <span class='ocr_line' id='line_1_74' title="bbox 522 4346 2099 4424; baseline 0.012 -28"><span class='ocrx_word' id='word_1_487' title='bbox 522 4346 795 4413; x_wconf 86' lang='lat' dir='ltr'><strong>reperisse</strong></span> <span class='ocrx_word' id='word_1_488' title='bbox 833 4364 979 4408; x_wconf 72' lang='lat' dir='ltr'><strong>sanae</strong></span> <span class='ocrx_word' id='word_1_489' title='bbox 1040 4352 1307 4409; x_wconf 65' lang='lat' dir='ltr'><strong>doctrina:</strong></span> <span class='ocrx_word' id='word_1_490' title='bbox 1350 4358 1712 4424; x_wconf 88' lang='lat' dir='ltr'><strong>contrarium,</strong></span> <span class='ocrx_word' id='word_1_491' title='bbox 1764 4359 1819 4414; x_wconf 86' lang='lat' dir='ltr'><strong>in</strong></span> <span class='ocrx_word' id='word_1_492' title='bbox 1859 4359 2099 4416; x_wconf 84' lang='lat' dir='ltr'><strong>Nestorii</strong></span> 
     </span>
    </p>
   </div>
   <div class='ocr_carea' id='block_1_75' title="bbox 2215 3253 3793 3335">
    <p class='ocr_par' dir='ltr' id='par_1_75' title="bbox 2215 3253 3793 3335">
     <span class='ocr_line' id='line_1_75' title="bbox 2215 3253 3793 3335; baseline -0.012 -13"><span class='ocrx_word' id='word_1_493' title='bbox 2215 3274 2399 3322; x_wconf 83' lang='lat' dir='ltr'><strong>autem</strong></span> <span class='ocrx_word' id='word_1_494' title='bbox 2451 3262 2822 3335; x_wconf 90' lang='lat' dir='ltr'><strong>apostolorum</strong></span> <span class='ocrx_word' id='word_1_495' title='bbox 2857 3301 2872 3325; x_wconf 91' lang='lat'><strong>,</strong></span> <span class='ocrx_word' id='word_1_496' title='bbox 2928 3276 2987 3315; x_wconf 92' lang='lat' dir='ltr'><strong>se</strong></span> <span class='ocrx_word' id='word_1_497' title='bbox 3057 3259 3262 3313; x_wconf 88' lang='lat' dir='ltr'><strong>habere</strong></span> <span class='ocrx_word' id='word_1_498' title='bbox 3330 3253 3561 3326; x_wconf 87' lang='lat' dir='ltr'><strong>professi</strong></span> <span class='ocrx_word' id='word_1_499' title='bbox 3619 3260 3793 3317; x_wconf 88' lang='lat' dir='ltr'><strong>sunt;</strong></span> 
     </span>
    </p>
   </div>
   <div class='ocr_carea' id='block_1_76' title="bbox 2207 3342 3794 3411">
    <p class='ocr_par' dir='ltr' id='par_1_76' title="bbox 2207 3342 3794 3411">
     <span class='ocr_line' id='line_1_76' title="bbox 2207 3342 3794 3411; baseline -0.009 -2"><span class='ocrx_word' id='word_1_500' title='bbox 2207 3355 2547 3411; x_wconf 88' lang='lat' dir='ltr'><strong>damnationi</strong></span> <span class='ocrx_word' id='word_1_501' title='bbox 2572 3370 2704 3409; x_wconf 88' lang='lat' dir='ltr'><strong>vero</strong></span> <span class='ocrx_word' id='word_1_502' title='bbox 2722 3351 3017 3407; x_wconf 88' lang='lat' dir='ltr'><strong>venerandi</strong></span> <span class='ocrx_word' id='word_1_503' title='bbox 3060 3359 3115 3405; x_wconf 88' lang='lat' dir='ltr'><strong>et</strong></span> <span class='ocrx_word' id='word_1_504' title='bbox 3142 3346 3472 3403; x_wconf 85' lang='lat' dir='ltr'><strong>sanctissimi</strong></span> <span class='ocrx_word' id='word_1_505' title='bbox 3522 3342 3794 3407; x_wconf 86' lang='lat' dir='ltr'><strong>Nestorii,</strong></span> 
     </span>
    </p>
   </div>
   <div class='ocr_carea' id='block_1_77' title="bbox 2206 3434 3794 3517">
    <p class='ocr_par' dir='ltr' id='par_1_77' title="bbox 2206 3434 3794 3517">
     <span class='ocr_line' id='line_1_77' title="bbox 2206 3434 3794 3517; baseline -0.01 -15"><span class='ocrx_word' id='word_1_506' title='bbox 2206 3462 2328 3517; x_wconf 73' lang='lat' dir='ltr'><strong>qua:</strong></span> <span class='ocrx_word' id='word_1_507' title='bbox 2350 3445 2492 3501; x_wconf 83' lang='lat' dir='ltr'><strong>facta</strong></span> <span class='ocrx_word' id='word_1_508' title='bbox 2517 3445 2742 3509; x_wconf 90' lang='lat' dir='ltr'><strong>dicitur,</strong></span> <span class='ocrx_word' id='word_1_509' title='bbox 2766 3460 2874 3497; x_wconf 90' lang='lat' dir='ltr'><strong>non</strong></span> <span class='ocrx_word' id='word_1_510' title='bbox 2893 3442 3138 3512; x_wconf 66' lang='lat' dir='ltr'><strong>prmbere</strong></span> <span class='ocrx_word' id='word_1_511' title='bbox 3155 3452 3509 3495; x_wconf 88' lang='lat' dir='ltr'><strong>consensum.</strong></span> <span class='ocrx_word' id='word_1_512' title='bbox 3533 3434 3794 3504; x_wconf 83' lang='lat' dir='ltr'><strong>iniquum</strong></span> 
     </span>
    </p>
   </div>
   <div class='ocr_carea' id='block_1_78' title="bbox 2204 3525 3794 3607">
    <p class='ocr_par' dir='ltr' id='par_1_78' title="bbox 2204 3525 3794 3607">
     <span class='ocr_line' id='line_1_78' title="bbox 2204 3525 3794 3607; baseline -0.006 -16"><span class='ocrx_word' id='word_1_513' title='bbox 2204 3552 2442 3607; x_wconf 89' lang='lat' dir='ltr'><strong>namque</strong></span> <span class='ocrx_word' id='word_1_514' title='bbox 2480 3552 2607 3592; x_wconf 87' lang='lat' dir='ltr'><strong>vere</strong></span> <span class='ocrx_word' id='word_1_515' title='bbox 2632 3544 2686 3591; x_wconf 90' lang='lat' dir='ltr'><strong>et</strong></span> <span class='ocrx_word' id='word_1_516' title='bbox 2712 3535 2940 3605; x_wconf 87' lang='lat' dir='ltr'><strong>impium</strong></span> <span class='ocrx_word' id='word_1_517' title='bbox 2989 3531 3432 3603; x_wconf 84' lang='lat' dir='ltr'><strong>comprobamus,</strong></span> <span class='ocrx_word' id='word_1_518' title='bbox 3474 3528 3518 3584; x_wconf 92' lang='lat' dir='ltr'><strong>si</strong></span> <span class='ocrx_word' id='word_1_519' title='bbox 3586 3525 3794 3581; x_wconf 88' lang='lat' dir='ltr'><strong>iisdem</strong></span> 
     </span>
    </p>
   </div>
   <div class='ocr_carea' id='block_1_79' title="bbox 2206 3615 3792 3696">
    <p class='ocr_par' dir='ltr' id='par_1_79' title="bbox 2206 3615 3792 3696">
     <span class='ocr_line' id='line_1_79' title="bbox 2206 3615 3792 3696; baseline -0.009 -14"><span class='ocrx_word' id='word_1_520' title='bbox 2206 3626 2553 3691; x_wconf 81' lang='lat' dir='ltr'><strong>criminibus,</strong></span> <span class='ocrx_word' id='word_1_521' title='bbox 2584 3626 2789 3696; x_wconf 88' lang='lat' dir='ltr'><strong>quibus</strong></span> <span class='ocrx_word' id='word_1_522' title='bbox 2821 3632 2877 3679; x_wconf 92' lang='lat' dir='ltr'><strong>et</strong></span> <span class='ocrx_word' id='word_1_523' title='bbox 2906 3622 3093 3678; x_wconf 89' lang='lat' dir='ltr'><strong>socius</strong></span> <span class='ocrx_word' id='word_1_524' title='bbox 3133 3622 3275 3693; x_wconf 68' lang='lat' dir='ltr'><strong>ejus;</strong></span> <span class='ocrx_word' id='word_1_525' title='bbox 3313 3633 3443 3674; x_wconf 88' lang='lat' dir='ltr'><strong>reus</strong></span> <span class='ocrx_word' id='word_1_526' title='bbox 3476 3615 3792 3677; x_wconf 82' lang='lat' dir='ltr'><strong>exstiterat,</strong></span> 
     </span>
    </p>
   </div>
   <div class='ocr_carea' id='block_1_80' title="bbox 2205 3710 3794 3792">
    <p class='ocr_par' dir='ltr' id='par_1_80' title="bbox 2205 3710 3794 3792">
     <span class='ocr_line' id='line_1_80' title="bbox 2205 3710 3794 3792; baseline -0.011 -16"><span class='ocrx_word' id='word_1_527' title='bbox 2205 3721 2286 3776; x_wconf 91' lang='lat' dir='ltr'><strong>illi</strong></span> <span class='ocrx_word' id='word_1_528' title='bbox 2313 3720 2537 3792; x_wconf 90' lang='lat' dir='ltr'><strong>quidem</strong></span> <span class='ocrx_word' id='word_1_529' title='bbox 2564 3719 2782 3775; x_wconf 90' lang='lat' dir='ltr'><strong>veniam</strong></span> <span class='ocrx_word' id='word_1_530' title='bbox 2815 3717 3024 3788; x_wconf 85' lang='lat' dir='ltr'><strong>largiri,</strong></span> <span class='ocrx_word' id='word_1_531' title='bbox 3054 3715 3183 3770; x_wconf 91' lang='lat' dir='ltr'><strong>huic</strong></span> <span class='ocrx_word' id='word_1_532' title='bbox 3215 3719 3399 3769; x_wconf 88' lang='lat' dir='ltr'><strong>autem</strong></span> <span class='ocrx_word' id='word_1_533' title='bbox 3428 3710 3629 3765; x_wconf 88' lang='lat' dir='ltr'><strong>ostium</strong></span> <span class='ocrx_word' id='word_1_534' title='bbox 3666 3721 3794 3777; x_wconf 71' lang='lat' dir='ltr'><strong>pm-</strong></span> 
     </span>
    </p>
   </div>
   <div class='ocr_carea' id='block_1_81' title="bbox 2203 3798 3798 3875">
    <p class='ocr_par' dir='ltr' id='par_1_81' title="bbox 2203 3798 3798 3875">
     <span class='ocr_line' id='line_1_81' title="bbox 2203 3798 3798 3875; baseline -0.011 -10"><span class='ocrx_word' id='word_1_535' title='bbox 2203 3809 2452 3865; x_wconf 74' lang='lat' dir='ltr'><strong>nitenliae</strong></span> <span class='ocrx_word' id='word_1_536' title='bbox 2481 3808 2740 3864; x_wconf 90' lang='lat' dir='ltr'><strong>claudere</strong></span> <span class='ocrx_word' id='word_1_537' title='bbox 2773 3826 2786 3861; x_wconf 91' lang='lat'><strong>:</strong></span> <span class='ocrx_word' id='word_1_538' title='bbox 2822 3806 2998 3861; x_wconf 90' lang='lat' dir='ltr'><strong>multo</strong></span> <span class='ocrx_word' id='word_1_539' title='bbox 3030 3805 3199 3875; x_wconf 82' lang='lat' dir='ltr'><strong>igitur</strong></span> <span class='ocrx_word' id='word_1_540' title='bbox 3221 3801 3395 3871; x_wconf 88' lang='lat' dir='ltr'><strong>magis</strong></span> <span class='ocrx_word' id='word_1_541' title='bbox 3424 3798 3699 3868; x_wconf 89' lang='lat' dir='ltr'><strong>iniquum,</strong></span> <span class='ocrx_word' id='word_1_542' title='bbox 3736 3802 3798 3850; x_wconf 88' lang='lat' dir='ltr'><strong>et</strong></span> 
     </span>
    </p>
   </div>
   <div class='ocr_carea' id='block_1_82' title="bbox 2203 3885 3795 3968">
    <p class='ocr_par' dir='ltr' id='par_1_82' title="bbox 2203 3885 3795 3968">
     <span class='ocr_line' id='line_1_82' title="bbox 2203 3885 3795 3968; baseline -0.009 -16"><span class='ocrx_word' id='word_1_543' title='bbox 2203 3899 2375 3968; x_wconf 87' lang='lat' dir='ltr'><strong>magis</strong></span> <span class='ocrx_word' id='word_1_544' title='bbox 2396 3897 2646 3967; x_wconf 92' lang='lat' dir='ltr'><strong>impium,</strong></span> <span class='ocrx_word' id='word_1_545' title='bbox 2674 3897 3024 3951; x_wconf 88' lang='lat' dir='ltr'><strong>innocentem</strong></span> <span class='ocrx_word' id='word_1_546' title='bbox 3049 3892 3211 3948; x_wconf 90' lang='lat' dir='ltr'><strong>morti</strong></span> <span class='ocrx_word' id='word_1_547' title='bbox 3244 3889 3486 3945; x_wconf 90' lang='lat' dir='ltr'><strong>tradere.</strong></span> <span class='ocrx_word' id='word_1_548' title='bbox 3514 3886 3666 3942; x_wconf 87' lang='lat' dir='ltr'><strong>Sciat</strong></span> <span class='ocrx_word' id='word_1_549' title='bbox 3690 3885 3795 3955; x_wconf 86' lang='lat' dir='ltr'><strong>igi-</strong></span> 
     </span>
    </p>
   </div>
   <div class='ocr_carea' id='block_1_83' title="bbox 2206 3976 3794 4058">
    <p class='ocr_par' dir='ltr' id='par_1_83' title="bbox 2206 3976 3794 4058">
     <span class='ocr_line' id='line_1_83' title="bbox 2206 3976 3794 4058; baseline -0.01 -13"><span class='ocrx_word' id='word_1_550' title='bbox 2206 3998 2298 4045; x_wconf 89' lang='lat' dir='ltr'><strong>tur</strong></span> <span class='ocrx_word' id='word_1_551' title='bbox 2328 3989 2595 4045; x_wconf 89' lang='lat' dir='ltr'><strong>sanctitas</strong></span> <span class='ocrx_word' id='word_1_552' title='bbox 2624 3997 2830 4053; x_wconf 88' lang='lat' dir='ltr'><strong>vestra,</strong></span> <span class='ocrx_word' id='word_1_553' title='bbox 2860 3987 3009 4058; x_wconf 89' lang='lat' dir='ltr'><strong>quod</strong></span> <span class='ocrx_word' id='word_1_554' title='bbox 3039 4001 3151 4041; x_wconf 91' lang='lat' dir='ltr'><strong>non</strong></span> <span class='ocrx_word' id='word_1_555' title='bbox 3177 3985 3333 4055; x_wconf 91' lang='lat' dir='ltr'><strong>prius</strong></span> <span class='ocrx_word' id='word_1_556' title='bbox 3364 3980 3447 4037; x_wconf 90' lang='lat' dir='ltr'><strong>eis</strong></span> <span class='ocrx_word' id='word_1_557' title='bbox 3476 3976 3794 4034; x_wconf 89' lang='lat' dir='ltr'><strong>communi-</strong></span> 
     </span>
    </p>
   </div>
   <div class='ocr_carea' id='block_1_84' title="bbox 2202 4067 3796 4148">
    <p class='ocr_par' dir='ltr' id='par_1_84' title="bbox 2202 4067 3796 4148">
     <span class='ocr_line' id='line_1_84' title="bbox 2202 4067 3796 4148; baseline -0.011 -11"><span class='ocrx_word' id='word_1_558' title='bbox 2202 4080 2439 4138; x_wconf 91' lang='lat' dir='ltr'><strong>candum</strong></span> <span class='ocrx_word' id='word_1_559' title='bbox 2458 4096 2579 4135; x_wconf 89' lang='lat' dir='ltr'><strong>esse</strong></span> <span class='ocrx_word' id='word_1_560' title='bbox 2604 4093 2916 4143; x_wconf 89' lang='lat' dir='ltr'><strong>censemus,</strong></span> <span class='ocrx_word' id='word_1_561' title='bbox 2932 4092 3097 4148; x_wconf 89' lang='lat' dir='ltr'><strong>quam</strong></span> <span class='ocrx_word' id='word_1_562' title='bbox 3126 4081 3340 4130; x_wconf 83' lang='lat' dir='ltr'><strong>vestras</strong></span> <span class='ocrx_word' id='word_1_563' title='bbox 3372 4069 3652 4141; x_wconf 87' lang='lat' dir='ltr'><strong>recipiatis</strong></span> <span class='ocrx_word' id='word_1_564' title='bbox 3681 4067 3796 4122; x_wconf 86' lang='lat' dir='ltr'><strong>Ec-</strong></span> 
     </span>
    </p>
   </div>
   <div class='ocr_carea' id='block_1_85' title="bbox 2202 4164 3798 4237">
    <p class='ocr_par' dir='ltr' id='par_1_85' title="bbox 2202 4164 3798 4237">
     <span class='ocr_line' id='line_1_85' title="bbox 2202 4164 3798 4237; baseline -0.008 -12"><span class='ocrx_word' id='word_1_565' title='bbox 2202 4171 2421 4226; x_wconf 91' lang='lat' dir='ltr'><strong>clesias.</strong></span> <span class='ocrx_word' id='word_1_566' title='bbox 2446 4170 2573 4226; x_wconf 83' lang='lat' dir='ltr'><strong>Haec</strong></span> <span class='ocrx_word' id='word_1_567' title='bbox 2595 4180 2778 4225; x_wconf 83' lang='lat' dir='ltr'><strong>autem</strong></span> <span class='ocrx_word' id='word_1_568' title='bbox 2809 4185 2917 4224; x_wconf 91' lang='lat' dir='ltr'><strong>non</strong></span> <span class='ocrx_word' id='word_1_569' title='bbox 2940 4169 3090 4224; x_wconf 86' lang='lat' dir='ltr'><strong>solus</strong></span> <span class='ocrx_word' id='word_1_570' title='bbox 3119 4182 3239 4237; x_wconf 83' lang='lat' dir='ltr'><strong>ego,</strong></span> <span class='ocrx_word' id='word_1_571' title='bbox 3270 4164 3366 4220; x_wconf 91' lang='lat' dir='ltr'><strong>sed</strong></span> <span class='ocrx_word' id='word_1_572' title='bbox 3407 4177 3603 4218; x_wconf 90' lang='lat' dir='ltr'><strong>omnes</strong></span> <span class='ocrx_word' id='word_1_573' title='bbox 3658 4175 3798 4214; x_wconf 88' lang='lat' dir='ltr'><strong>san-</strong></span> 
     </span>
    </p>
   </div>
   <div class='ocr_carea' id='block_1_86' title="bbox 2202 4248 3794 4332">
    <p class='ocr_par' dir='ltr' id='par_1_86' title="bbox 2202 4248 3794 4332">
     <span class='ocr_line' id='line_1_86' title="bbox 2202 4248 3794 4332; baseline -0.011 -14"><span class='ocrx_word' id='word_1_574' title='bbox 2202 4262 2432 4319; x_wconf 90' lang='lat' dir='ltr'><strong>ctissimi</strong></span> <span class='ocrx_word' id='word_1_575' title='bbox 2459 4272 2663 4318; x_wconf 59' lang='lat' dir='ltr'><strong>nostrae</strong></span> <span class='ocrx_word' id='word_1_576' title='bbox 2704 4260 2948 4332; x_wconf 79' lang='lat' dir='ltr'><strong>regionis</strong></span> <span class='ocrx_word' id='word_1_577' title='bbox 3001 4258 3268 4329; x_wconf 90' lang='lat' dir='ltr'><strong>episcopi,</strong></span> <span class='ocrx_word' id='word_1_578' title='bbox 3300 4253 3491 4309; x_wconf 88' lang='lat' dir='ltr'><strong>habito</strong></span> <span class='ocrx_word' id='word_1_579' title='bbox 3528 4248 3794 4313; x_wconf 90' lang='lat' dir='ltr'><strong>concilio,</strong></span> 
     </span>
    </p>
   </div>
   <div class='ocr_carea' id='block_1_87' title="bbox 2201 4340 3796 4420">
    <p class='ocr_par' dir='ltr' id='par_1_87' title="bbox 2201 4340 3796 4420">
     <span class='ocr_line' id='line_1_87' title="bbox 2201 4340 3796 4420; baseline -0.01 -12"><span class='ocrx_word' id='word_1_580' title='bbox 2201 4353 2588 4408; x_wconf 87' lang='lat' dir='ltr'><strong>decreverunt.</strong></span> <span class='ocrx_word' id='word_1_581' title='bbox 2625 4371 2644 4403; x_wconf 70' lang='grc' dir='ltr'>ι</span> <span class='ocrx_word' id='word_1_582' title='bbox 2693 4350 2867 4404; x_wconf 90' lang='lat' dir='ltr'><strong>Tanta</strong></span> <span class='ocrx_word' id='word_1_583' title='bbox 2896 4347 3363 4420; x_wconf 85' lang='lat' dir='ltr'><strong>Euphratensium</strong></span> <span class='ocrx_word' id='word_1_584' title='bbox 3385 4345 3440 4398; x_wconf 91' lang='lat' dir='ltr'><strong>in</strong></span> <span class='ocrx_word' id='word_1_585' title='bbox 3470 4340 3796 4397; x_wconf 88' lang='lat' dir='ltr'><strong>Nestorium</strong></span> 
     </span>
    </p>
   </div>
   <div class='ocr_carea' id='block_1_88' title="bbox 520 4430 3796 4519">
    <p class='ocr_par' dir='ltr' id='par_1_88' title="bbox 520 4430 3796 4519">
     <span class='ocr_line' id='line_1_88' title="bbox 520 4430 3796 4519; baseline -0.002 -32"><span class='ocrx_word' id='word_1_586' title='bbox 520 4441 725 4501; x_wconf 91' lang='lat' dir='ltr'><strong>tamen,</strong></span> <span class='ocrx_word' id='word_1_587' title='bbox 753 4452 918 4507; x_wconf 89' lang='lat' dir='ltr'><strong>quem</strong></span> <span class='ocrx_word' id='word_1_588' title='bbox 948 4441 1104 4497; x_wconf 89' lang='lat' dir='ltr'><strong>miris</strong></span> <span class='ocrx_word' id='word_1_589' title='bbox 1131 4443 1392 4500; x_wconf 88' lang='lat' dir='ltr'><strong>laudibus</strong></span> <span class='ocrx_word' id='word_1_590' title='bbox 1418 4446 1652 4512; x_wconf 81' lang='lat' dir='ltr'><strong>extollit,</strong></span> <span class='ocrx_word' id='word_1_591' title='bbox 1695 4447 2097 4519; x_wconf 88' lang='lat' dir='ltr'><strong>depositionem</strong></span> <span class='ocrx_word' id='word_1_592' title='bbox 2204 4443 2507 4514; x_wconf 89' lang='lat' dir='ltr'><strong>propensio</strong></span> <span class='ocrx_word' id='word_1_593' title='bbox 2559 4443 2694 4497; x_wconf 89' lang='lat' dir='ltr'><strong>mira</strong></span> <span class='ocrx_word' id='word_1_594' title='bbox 2748 4442 2925 4497; x_wconf 89' lang='lat' dir='ltr'><strong>videri</strong></span> <span class='ocrx_word' id='word_1_595' title='bbox 2969 4457 3079 4496; x_wconf 89' lang='lat' dir='ltr'><strong>non</strong></span> <span class='ocrx_word' id='word_1_596' title='bbox 3101 4439 3285 4493; x_wconf 88' lang='lat' dir='ltr'><strong>debet.</strong></span> <span class='ocrx_word' id='word_1_597' title='bbox 3337 4432 3592 4491; x_wconf 90' lang='lat' dir='ltr'><strong>Nestorio</strong></span> <span class='ocrx_word' id='word_1_598' title='bbox 3638 4430 3796 4485; x_wconf 90' lang='lat' dir='ltr'><strong>enim</strong></span> 
     </span>
    </p>
   </div>
   <div class='ocr_carea' id='block_1_89' title="bbox 518 4523 3795 4610">
    <p class='ocr_par' dir='ltr' id='par_1_89' title="bbox 518 4523 3795 4610">
     <span class='ocr_line' id='line_1_89' title="bbox 518 4523 3795 4610; baseline -0.001 -32"><span class='ocrx_word' id='word_1_599' title='bbox 518 4539 632 4580; x_wconf 90' lang='lat' dir='ltr'><strong>non</strong></span> <span class='ocrx_word' id='word_1_600' title='bbox 655 4542 835 4597; x_wconf 89' lang='lat' dir='ltr'><strong>posse,</strong></span> <span class='ocrx_word' id='word_1_601' title='bbox 872 4534 1242 4601; x_wconf 84' lang='lat' dir='ltr'><strong>quantumvis</strong></span> <span class='ocrx_word' id='word_1_602' title='bbox 1268 4544 1511 4593; x_wconf 79' lang='lat' dir='ltr'><strong>extrema</strong></span> <span class='ocrx_word' id='word_1_603' title='bbox 1551 4553 1783 4610; x_wconf 66' lang='lat' dir='ltr'><strong>qumque</strong></span> <span class='ocrx_word' id='word_1_604' title='bbox 1817 4540 2098 4597; x_wconf 75' lang='lat' dir='ltr'><strong>toleranda</strong></span> <span class='ocrx_word' id='word_1_605' title='bbox 2134 4543 2177 4597; x_wconf 86' lang='lat' dir='ltr'><strong>D</strong></span> <span class='ocrx_word' id='word_1_606' title='bbox 2205 4536 2382 4605; x_wconf 87' lang='lat' dir='ltr'><strong>patria</strong></span> <span class='ocrx_word' id='word_1_607' title='bbox 2430 4534 2535 4591; x_wconf 90' lang='lat' dir='ltr'><strong>fuit</strong></span> <span class='ocrx_word' id='word_1_608' title='bbox 2585 4534 2953 4597; x_wconf 81' lang='lat' dir='ltr'><strong>Germanicia,</strong></span> <span class='ocrx_word' id='word_1_609' title='bbox 2988 4548 3111 4604; x_wconf 67' lang='lat' dir='ltr'><strong>quae</strong></span> <span class='ocrx_word' id='word_1_610' title='bbox 3138 4526 3519 4601; x_wconf 74' lang='lat' dir='ltr'><strong>Euphratesia:</strong></span> <span class='ocrx_word' id='word_1_611' title='bbox 3570 4523 3795 4578; x_wconf 87' lang='lat' dir='ltr'><strong>civitas.</strong></span> 
     </span>
    </p>
   </div>
   <div class='ocr_carea' id='block_1_90' title="bbox 519 4612 3797 4703">
    <p class='ocr_par' dir='ltr' id='par_1_90' title="bbox 519 4612 3797 4703">
     <span class='ocr_line' id='line_1_90' title="bbox 519 4612 3797 4703; baseline -0.002 -32"><span class='ocrx_word' id='word_1_612' title='bbox 519 4626 728 4685; x_wconf 79' lang='lat' dir='ltr'><strong>essent,</strong></span> <span class='ocrx_word' id='word_1_613' title='bbox 759 4635 1091 4680; x_wconf 88' lang='lat' dir='ltr'><strong>consensum</strong></span> <span class='ocrx_word' id='word_1_614' title='bbox 1122 4627 1390 4697; x_wconf 63' lang='lat' dir='ltr'><strong>praebere.</strong></span> <span class='ocrx_word' id='word_1_615' title='bbox 1419 4630 1758 4687; x_wconf 88' lang='lat' dir='ltr'><strong>Protestatus</strong></span> <span class='ocrx_word' id='word_1_616' title='bbox 1782 4640 1870 4687; x_wconf 88' lang='lat' dir='ltr'><strong>est</strong></span> <span class='ocrx_word' id='word_1_617' title='bbox 1895 4633 2105 4703; x_wconf 86' lang='lat' dir='ltr'><strong>pariter</strong></span> <span class='ocrx_word' id='word_1_618' title='bbox 2202 4626 2331 4680; x_wconf 90' lang='lat' dir='ltr'><strong>Fuit</strong></span> <span class='ocrx_word' id='word_1_619' title='bbox 2385 4634 2442 4681; x_wconf 91' lang='lat' dir='ltr'><strong>et</strong></span> <span class='ocrx_word' id='word_1_620' title='bbox 2496 4636 2647 4682; x_wconf 86' lang='lat' dir='ltr'><strong>arcta</strong></span> <span class='ocrx_word' id='word_1_621' title='bbox 2703 4625 3038 4682; x_wconf 89' lang='lat' dir='ltr'><strong>necessitate</strong></span> <span class='ocrx_word' id='word_1_622' title='bbox 3093 4624 3424 4693; x_wconf 88' lang='lat' dir='ltr'><strong>conjunctus</strong></span> <span class='ocrx_word' id='word_1_623' title='bbox 3472 4612 3797 4672; x_wconf 77' lang='lat' dir='ltr'><strong>Alexander</strong></span> 
     </span>
    </p>
   </div>
   <div class='ocr_carea' id='block_1_91' title="bbox 521 4717 2105 4793">
    <p class='ocr_par' dir='ltr' id='par_1_91' title="bbox 521 4717 2105 4793">
     <span class='ocr_line' id='line_1_91' title="bbox 521 4717 2105 4793; baseline 0.007 -27"><span class='ocrx_word' id='word_1_624' title='bbox 521 4726 579 4766; x_wconf 91' lang='lat' dir='ltr'><strong>se</strong></span> <span class='ocrx_word' id='word_1_625' title='bbox 616 4729 726 4769; x_wconf 90' lang='lat' dir='ltr'><strong>non</strong></span> <span class='ocrx_word' id='word_1_626' title='bbox 774 4730 935 4785; x_wconf 89' lang='lat' dir='ltr'><strong>posse</strong></span> <span class='ocrx_word' id='word_1_627' title='bbox 970 4717 1233 4774; x_wconf 90' lang='lat' dir='ltr'><strong>damnare</strong></span> <span class='ocrx_word' id='word_1_628' title='bbox 1268 4720 1543 4791; x_wconf 79' lang='lat' dir='ltr'><strong>dogmata,</strong></span> <span class='ocrx_word' id='word_1_629' title='bbox 1570 4737 1694 4793; x_wconf 66' lang='lat' dir='ltr'><strong>quae</strong></span> <span class='ocrx_word' id='word_1_630' title='bbox 1739 4724 2105 4778; x_wconf 89' lang='lat' dir='ltr'><strong>versabantur</strong></span> 
     </span>
    </p>
   </div>
   <div class='ocr_carea' id='block_1_92' title="bbox 520 4802 2103 4882">
    <p class='ocr_par' dir='ltr' id='par_1_92' title="bbox 520 4802 2103 4882">
     <span class='ocr_line' id='line_1_92' title="bbox 520 4802 2103 4882; baseline 0.009 -25"><span class='ocrx_word' id='word_1_631' title='bbox 520 4802 579 4857; x_wconf 92' lang='lat' dir='ltr'><strong>in</strong></span> <span class='ocrx_word' id='word_1_632' title='bbox 604 4807 928 4874; x_wconf 65' lang='lat' dir='ltr'><strong>quaestione,</strong></span> <span class='ocrx_word' id='word_1_633' title='bbox 958 4809 1088 4875; x_wconf 87' lang='lat' dir='ltr'><strong>nisi,</strong></span> <span class='ocrx_word' id='word_1_634' title='bbox 1121 4810 1267 4880; x_wconf 86' lang='lat' dir='ltr'><strong>quod</strong></span> <span class='ocrx_word' id='word_1_635' title='bbox 1292 4813 1590 4882; x_wconf 86' lang='lat' dir='ltr'><strong>pessimum</strong></span> <span class='ocrx_word' id='word_1_636' title='bbox 1617 4815 1828 4870; x_wconf 80' lang='lat' dir='ltr'><strong>exstitit</strong></span> <span class='ocrx_word' id='word_1_637' title='bbox 1850 4815 2103 4871; x_wconf 86' lang='lat' dir='ltr'><strong>venturis</strong></span> 
     </span>
    </p>
   </div>
   <div class='ocr_carea' id='block_1_93' title="bbox 521 4896 2100 4977">
    <p class='ocr_par' dir='ltr' id='par_1_93' title="bbox 521 4896 2100 4977">
     <span class='ocr_line' id='line_1_93' title="bbox 521 4896 2100 4977; baseline 0.009 -29"><span class='ocrx_word' id='word_1_638' title='bbox 521 4896 738 4951; x_wconf 66' lang='lat' dir='ltr'><strong>saeculis</strong></span> <span class='ocrx_word' id='word_1_639' title='bbox 763 4900 1098 4969; x_wconf 80' lang='lat' dir='ltr'><strong>exemplum,</strong></span> <span class='ocrx_word' id='word_1_640' title='bbox 1132 4902 1491 4960; x_wconf 82' lang='lat' dir='ltr'><strong>adhiberetur</strong></span> <span class='ocrx_word' id='word_1_641' title='bbox 1536 4906 1809 4976; x_wconf 86' lang='lat' dir='ltr'><strong>exceptio,</strong></span> <span class='ocrx_word' id='word_1_642' title='bbox 1845 4923 1953 4977; x_wconf 89' lang='lat' dir='ltr'><strong>qua</strong></span> <span class='ocrx_word' id='word_1_643' title='bbox 1996 4908 2100 4962; x_wconf 83' lang='lat' dir='ltr'><strong>im-</strong></span> 
     </span>
    </p>
   </div>
   <div class='ocr_carea' id='block_1_94' title="bbox 522 4987 2097 5066">
    <p class='ocr_par' dir='ltr' id='par_1_94' title="bbox 522 4987 2097 5066">
     <span class='ocr_line' id='line_1_94' title="bbox 522 4987 2097 5066; baseline 0.01 -27"><span class='ocrx_word' id='word_1_644' title='bbox 522 4987 744 5054; x_wconf 86' lang='lat' dir='ltr'><strong>probari</strong></span> <span class='ocrx_word' id='word_1_645' title='bbox 770 4989 1111 5054; x_wconf 86' lang='lat' dir='ltr'><strong>dlcerentur,</strong></span> <span class='ocrx_word' id='word_1_646' title='bbox 1145 4995 1522 5066; x_wconf 86' lang='lat' dir='ltr'><strong>cujuscunque</strong></span> <span class='ocrx_word' id='word_1_647' title='bbox 1569 4996 1791 5051; x_wconf 91' lang='lat' dir='ltr'><strong>tandem</strong></span> <span class='ocrx_word' id='word_1_648' title='bbox 1854 4999 2097 5055; x_wconf 88' lang='lat' dir='ltr'><strong>auctoris</strong></span> 
     </span>
    </p>
   </div>
   <div class='ocr_carea' id='block_1_95' title="bbox 522 5076 2097 5157">
    <p class='ocr_par' dir='ltr' id='par_1_95' title="bbox 522 5076 2097 5157">
     <span class='ocr_line' id='line_1_95' title="bbox 522 5076 2097 5157; baseline 0.009 -26"><span class='ocrx_word' id='word_1_649' title='bbox 522 5076 706 5133; x_wconf 81' lang='lat' dir='ltr'><strong>forent</strong></span> <span class='ocrx_word' id='word_1_650' title='bbox 732 5096 745 5132; x_wconf 88' lang='lat'><strong>:</strong></span> <span class='ocrx_word' id='word_1_651' title='bbox 778 5080 859 5135; x_wconf 91' lang='lat' dir='ltr'><strong>sic</strong></span> <span class='ocrx_word' id='word_1_652' title='bbox 879 5079 1027 5135; x_wconf 91' lang='lat' dir='ltr'><strong>enim</strong></span> <span class='ocrx_word' id='word_1_653' title='bbox 1065 5086 1465 5141; x_wconf 88' lang='lat' dir='ltr'><strong>consulendum</strong></span> <span class='ocrx_word' id='word_1_654' title='bbox 1496 5088 1725 5157; x_wconf 89' lang='lat' dir='ltr'><strong>putabat</strong></span> <span class='ocrx_word' id='word_1_655' title='bbox 1745 5088 1985 5145; x_wconf 86' lang='lat' dir='ltr'><strong>Nestorii</strong></span> <span class='ocrx_word' id='word_1_656' title='bbox 2014 5090 2097 5145; x_wconf 84' lang='lat' dir='ltr'><strong>fa-</strong></span> 
     </span>
    </p>
   </div>
   <div class='ocr_carea' id='block_1_96' title="bbox 523 5168 2096 5247">
    <p class='ocr_par' dir='ltr' id='par_1_96' title="bbox 523 5168 2096 5247">
     <span class='ocr_line' id='line_1_96' title="bbox 523 5168 2096 5247; baseline 0.009 -27"><span class='ocrx_word' id='word_1_657' title='bbox 523 5182 659 5239; x_wconf 69' lang='lat' dir='ltr'><strong>mae:</strong></span> <span class='ocrx_word' id='word_1_658' title='bbox 697 5187 716 5219; x_wconf 83' lang='grc'><em>‹</em></span> <span class='ocrx_word' id='word_1_659' title='bbox 749 5168 939 5240; x_wconf 86' lang='lat' dir='ltr'><strong>Cujus,</strong></span> <span class='ocrx_word' id='word_1_660' title='bbox 963 5169 1162 5241; x_wconf 91' lang='lat' dir='ltr'><strong>inquit,</strong></span> <span class='ocrx_word' id='word_1_661' title='bbox 1182 5176 1513 5231; x_wconf 89' lang='lat' dir='ltr'><strong>sanctissimi</strong></span> <span class='ocrx_word' id='word_1_662' title='bbox 1541 5177 1648 5231; x_wconf 88' lang='lat' dir='ltr'><strong>viri</strong></span> <span class='ocrx_word' id='word_1_663' title='bbox 1674 5176 1768 5247; x_wconf 92' lang='lat' dir='ltr'><strong>qui</strong></span> <span class='ocrx_word' id='word_1_664' title='bbox 1792 5177 2096 5234; x_wconf 88' lang='lat' dir='ltr'><strong>doctrinam</strong></span> 
     </span>
    </p>
   </div>
   <div class='ocr_carea' id='block_1_97' title="bbox 2201 4704 3791 4790">
    <p class='ocr_par' dir='ltr' id='par_1_97' title="bbox 2201 4704 3791 4790">
     <span class='ocr_line' id='line_1_97' title="bbox 2201 4704 3791 4790; baseline -0.011 -17"><span class='ocrx_word' id='word_1_665' title='bbox 2201 4719 2500 4788; x_wconf 77' lang='lat' dir='ltr'><strong>provincia:</strong></span> <span class='ocrx_word' id='word_1_666' title='bbox 2546 4720 2773 4790; x_wconf 87' lang='lat' dir='ltr'><strong>primas,</strong></span> <span class='ocrx_word' id='word_1_667' title='bbox 2811 4719 2955 4772; x_wconf 90' lang='lat' dir='ltr'><strong>sicut</strong></span> <span class='ocrx_word' id='word_1_668' title='bbox 2981 4724 3036 4771; x_wconf 90' lang='lat' dir='ltr'><strong>et</strong></span> <span class='ocrx_word' id='word_1_669' title='bbox 3072 4706 3632 4779; x_wconf 77' lang='lat' dir='ltr'><strong>TheodoretusCyri,</strong></span> <span class='ocrx_word' id='word_1_670' title='bbox 3666 4704 3791 4758; x_wconf 84' lang='lat' dir='ltr'><strong>An-</strong></span> 
     </span>
    </p>
   </div>
   <div class='ocr_carea' id='block_1_98' title="bbox 2199 4795 3793 4875">
    <p class='ocr_par' dir='ltr' id='par_1_98' title="bbox 2199 4795 3793 4875">
     <span class='ocr_line' id='line_1_98' title="bbox 2199 4795 3793 4875; baseline -0.011 -10"><span class='ocrx_word' id='word_1_671' title='bbox 2199 4809 2360 4865; x_wconf 90' lang='lat' dir='ltr'><strong>dreas</strong></span> <span class='ocrx_word' id='word_1_672' title='bbox 2392 4809 2824 4875; x_wconf 89' lang='lat' dir='ltr'><strong>Samosatarum,</strong></span> <span class='ocrx_word' id='word_1_673' title='bbox 2850 4808 3092 4864; x_wconf 88' lang='lat' dir='ltr'><strong>Joannes</strong></span> <span class='ocrx_word' id='word_1_674' title='bbox 3118 4800 3498 4863; x_wconf 69' lang='lat' dir='ltr'><strong>Germanicim,</strong></span> <span class='ocrx_word' id='word_1_675' title='bbox 3525 4795 3793 4853; x_wconf 81' lang='lat' dir='ltr'><strong>Heliades</strong></span> 
     </span>
    </p>
   </div>
   <div class='ocr_carea' id='block_1_99' title="bbox 2199 4893 3795 4974">
    <p class='ocr_par' dir='ltr' id='par_1_99' title="bbox 2199 4893 3795 4974">
     <span class='ocr_line' id='line_1_99' title="bbox 2199 4893 3795 4974; baseline -0.012 -15"><span class='ocrx_word' id='word_1_676' title='bbox 2199 4903 2515 4974; x_wconf 87' lang='lat' dir='ltr'><strong>Zeugmatis</strong></span> <span class='ocrx_word' id='word_1_677' title='bbox 2538 4902 2821 4974; x_wconf 89' lang='lat' dir='ltr'><strong>episcopi;</strong></span> <span class='ocrx_word' id='word_1_678' title='bbox 2854 4898 3055 4969; x_wconf 90' lang='lat' dir='ltr'><strong>reliqui</strong></span> <span class='ocrx_word' id='word_1_679' title='bbox 3081 4912 3217 4951; x_wconf 91' lang='lat' dir='ltr'><strong>vero</strong></span> <span class='ocrx_word' id='word_1_680' title='bbox 3237 4901 3334 4949; x_wconf 89' lang='lat' dir='ltr'><strong>aut</strong></span> <span class='ocrx_word' id='word_1_681' title='bbox 3368 4893 3553 4947; x_wconf 91' lang='lat' dir='ltr'><strong>minus</strong></span> <span class='ocrx_word' id='word_1_682' title='bbox 3583 4894 3795 4943; x_wconf 88' lang='lat' dir='ltr'><strong>aucto-</strong></span> 
     </span>
    </p>
   </div>
   <div class='ocr_carea' id='block_1_100' title="bbox 2200 4978 3799 5066">
    <p class='ocr_par' dir='ltr' id='par_1_100' title="bbox 2200 4978 3799 5066">
     <span class='ocr_line' id='line_1_100' title="bbox 2200 4978 3799 5066; baseline -0.013 -14"><span class='ocrx_word' id='word_1_683' title='bbox 2200 4996 2365 5051; x_wconf 89' lang='lat' dir='ltr'><strong>ritate</strong></span> <span class='ocrx_word' id='word_1_684' title='bbox 2399 4995 2714 5066; x_wconf 86' lang='lat' dir='ltr'><strong>pollebant,</strong></span> <span class='ocrx_word' id='word_1_685' title='bbox 2761 5000 2858 5047; x_wconf 89' lang='lat' dir='ltr'><strong>aut</strong></span> <span class='ocrx_word' id='word_1_686' title='bbox 2887 4991 3121 5045; x_wconf 84' lang='lat' dir='ltr'><strong>aliorum</strong></span> <span class='ocrx_word' id='word_1_687' title='bbox 3167 4983 3577 5042; x_wconf 87' lang='lat' dir='ltr'><strong>necessitudine</strong></span> <span class='ocrx_word' id='word_1_688' title='bbox 3605 4978 3799 5033; x_wconf 84' lang='lat' dir='ltr'><strong>trahe-</strong></span> 
     </span>
    </p>
   </div>
   <div class='ocr_carea' id='block_1_101' title="bbox 2203 5087 2476 5142">
    <p class='ocr_par' dir='ltr' id='par_1_101' title="bbox 2203 5087 2476 5142">
     <span class='ocr_line' id='line_1_101' title="bbox 2203 5087 2476 5142; baseline 0 -1"><span class='ocrx_word' id='word_1_689' title='bbox 2203 5087 2423 5142; x_wconf 86' lang='lat' dir='ltr'><strong>bantur.</strong></span> <span class='ocrx_word' id='word_1_690' title='bbox 2472 5119 2476 5123; x_wconf 96' lang='lat'><em>-</em></span> 
     </span>
    </p>
   </div>
   <div class='ocr_carea' id='block_1_102' title="bbox 2281 5166 3795 5247">
    <p class='ocr_par' dir='ltr' id='par_1_102' title="bbox 2281 5166 3795 5247">
     <span class='ocr_line' id='line_1_102' title="bbox 2281 5166 3795 5247; baseline -0.008 -14"><span class='ocrx_word' id='word_1_691' title='bbox 2281 5178 2387 5234; x_wconf 77' lang='lat' dir='ltr'><strong>VII.</strong></span> <span class='ocrx_word' id='word_1_692' title='bbox 2421 5178 2715 5247; x_wconf 85' lang='lat' dir='ltr'><strong>Postquam</strong></span> <span class='ocrx_word' id='word_1_693' title='bbox 2739 5175 3003 5231; x_wconf 89' lang='lat' dir='ltr'><strong>sancitam</strong></span> <span class='ocrx_word' id='word_1_694' title='bbox 3036 5170 3409 5227; x_wconf 87' lang='lat' dir='ltr'><strong>Ecclesiarum</strong></span> <span class='ocrx_word' id='word_1_695' title='bbox 3430 5166 3795 5223; x_wconf 89' lang='lat' dir='ltr'><strong>concordiam</strong></span> 
     </span>
    </p>
   </div>
   <div class='ocr_carea' id='block_1_103' title="bbox 524 5233 3797 5341">
    <p class='ocr_par' dir='ltr' id='par_1_103' title="bbox 524 5233 3797 5341">
     <span class='ocr_line' id='line_1_103' title="bbox 524 5233 3797 5341; baseline -0.001 -31"><span class='ocrx_word' id='word_1_696' title='bbox 524 5233 1292 5330; x_wconf 42' lang='lat' dir='ltr'><strong>indiscrete&#39;anatbe-matizet,</strong></span> <span class='ocrx_word' id='word_1_697' title='bbox 1340 5267 1514 5337; x_wconf 90' lang='lat' dir='ltr'><strong>ipsam</strong></span> <span class='ocrx_word' id='word_1_698' title='bbox 1564 5233 1788 5324; x_wconf 70' lang='lat' dir='ltr'><strong>videtur</strong></span> <span class='ocrx_word' id='word_1_699' title='bbox 1837 5270 2099 5341; x_wconf 89' lang='lat' dir='ltr'><strong>pietatem</strong></span> <span class='ocrx_word' id='word_1_700' title='bbox 2206 5266 2450 5330; x_wconf 88' lang='lat' dir='ltr'><strong>rescivit,</strong></span> <span class='ocrx_word' id='word_1_701' title='bbox 2483 5233 2816 5334; x_wconf 75' lang='lat' dir='ltr'><strong>missamque</strong></span> <span class='ocrx_word' id='word_1_702' title='bbox 2842 5280 2871 5317; x_wconf 93' lang='lat' dir='ltr'><strong>a</strong></span> <span class='ocrx_word' id='word_1_703' title='bbox 2901 5263 3108 5318; x_wconf 85' lang='lat' dir='ltr'><strong>Joanne</strong></span> <span class='ocrx_word' id='word_1_704' title='bbox 3139 5258 3481 5315; x_wconf 87' lang='lat' dir='ltr'><strong>Antiocheno</strong></span> <span class='ocrx_word' id='word_1_705' title='bbox 3496 5255 3797 5327; x_wconf 90' lang='lat' dir='ltr'><strong>epistolam</strong></span> 
     </span>
    </p>
   </div>
   <div class='ocr_carea' id='block_1_104' title="bbox 521 5348 3801 5428">
    <p class='ocr_par' dir='ltr' id='par_1_104' title="bbox 521 5348 3801 5428">
     <span class='ocr_line' id='line_1_104' title="bbox 521 5348 3801 5428; baseline -0.003 -13"><span class='ocrx_word' id='word_1_706' title='bbox 521 5348 804 5404; x_wconf 70' lang='lat' dir='ltr'><strong>damnare-</strong></span> <span class='ocrx_word' id='word_1_707' title='bbox 849 5371 867 5403; x_wconf 71' lang='grc' dir='ltr'><strong>ν</strong></span> <span class='ocrx_word' id='word_1_708' title='bbox 1264 5348 1271 5353; x_wconf 65' lang='grc'><strong>’</strong></span> <span class='ocrx_word' id='word_1_709' title='bbox 1916 5386 1927 5391; x_wconf 84' lang='grc'><strong>-</strong></span> <span class='ocrx_word' id='word_1_710' title='bbox 2209 5360 2278 5416; x_wconf 91' lang='lat' dir='ltr'><strong>de</strong></span> <span class='ocrx_word' id='word_1_711' title='bbox 2304 5376 2362 5415; x_wconf 90' lang='lat' dir='ltr'><strong>re</strong></span> <span class='ocrx_word' id='word_1_712' title='bbox 2393 5366 2506 5415; x_wconf 85' lang='lat' dir='ltr'><strong>tota</strong></span> <span class='ocrx_word' id='word_1_713' title='bbox 2530 5358 2596 5413; x_wconf 88' lang='lat' dir='ltr'><strong>ad</strong></span> <span class='ocrx_word' id='word_1_714' title='bbox 2632 5358 3227 5428; x_wconf 88' lang='lat' dir='ltr'><strong>imperatorem,atque</strong></span> <span class='ocrx_word' id='word_1_715' title='bbox 3255 5353 3423 5409; x_wconf 89' lang='lat' dir='ltr'><strong>etiam</strong></span> <span class='ocrx_word' id='word_1_716' title='bbox 3453 5351 3521 5406; x_wconf 90' lang='lat' dir='ltr'><strong>ad</strong></span> <span class='ocrx_word' id='word_1_717' title='bbox 3548 5351 3801 5421; x_wconf 88' lang='lat' dir='ltr'><strong>majores</strong></span> 
     </span>
    </p>
   </div>
   <div class='ocr_carea' id='block_1_105' title="bbox 1863 5511 2447 5573">
    <p class='ocr_par' dir='ltr' id='par_1_105' title="bbox 1863 5511 2447 5573">
     <span class='ocr_line' id='line_1_105' title="bbox 1863 5511 2447 5573; baseline -0.007 -4"><span class='ocrx_word' id='word_1_718' title='bbox 1863 5513 2040 5573; x_wconf 82' lang='lat' dir='ltr'><strong>SCHU</strong></span> <span class='ocrx_word' id='word_1_719' title='bbox 2051 5513 2179 5570; x_wconf 89' lang='lat' dir='ltr'><strong>LZII</strong></span> <span class='ocrx_word' id='word_1_720' title='bbox 2218 5511 2447 5567; x_wconf 68' lang='lat' dir='ltr'><strong>NOTAE.</strong></span> 
     </span>
    </p>
   </div>
   <div class='ocr_carea' id='block_1_106' title="bbox 596 5658 2107 5741">
    <p class='ocr_par' dir='ltr' id='par_1_106' title="bbox 596 5658 2107 5741">
     <span class='ocr_line' id='line_1_106' title="bbox 596 5658 2107 5741; baseline 0.007 -28"><span class='ocrx_word' id='word_1_721' title='bbox 596 5660 642 5741; x_wconf 45' lang='grc' dir='ltr'><strong>θ’</strong></span> <span class='ocrx_word' id='word_1_722' title='bbox 671 5658 736 5741; x_wconf 60' lang='lat' dir='ltr'><strong>gf</strong></span> <span class='ocrx_word' id='word_1_723' title='bbox 756 5661 1094 5741; x_wconf 35' lang='lat' dir='ltr'><strong>‘scribufaet.</strong></span> <span class='ocrx_word' id='word_1_724' title='bbox 1132 5667 1439 5741; x_wconf 33' lang='lat' dir='ltr'><strong>‘Vid._t.lll,</strong></span> <span class='ocrx_word' id='word_1_725' title='bbox 1474 5683 1534 5741; x_wconf 68' lang='grc' dir='ltr'><strong>Ρ.</strong></span> <span class='ocrx_word' id='word_1_726' title='bbox 1566 5669 1736 5741; x_wconf 14' lang='grc' dir='ltr'><strong>ί1199ε</strong></span> <span class='ocrx_word' id='word_1_727' title='bbox 1774 5740 1782 5741; x_wconf 15' lang='grc' dir='ltr'>ί</span> <span class='ocrx_word' id='word_1_728' title='bbox 1812 5670 1874 5741; x_wconf 16' lang='lat'><strong>7”</strong></span> <span class='ocrx_word' id='word_1_729' title='bbox 1895 5669 2107 5741; x_wconf 54' lang='lat' dir='ltr'><strong>Acacio.</strong></span> 
     </span>
    </p>
   </div>
   <div class='ocr_carea' id='block_1_107' title="bbox 2207 5658 3794 5741">
    <p class='ocr_par' dir='ltr' id='par_1_107' title="bbox 2207 5658 3794 5741">
     <span class='ocr_line' id='line_1_107' title="bbox 2207 5658 3794 5741; baseline -0.004 -22"><span class='ocrx_word' id='word_1_730' title='bbox 2207 5668 2297 5729; x_wconf 60' lang='lat' dir='ltr'><strong>Ld.,</strong></span> <span class='ocrx_word' id='word_1_731' title='bbox 2354 5682 2407 5736; x_wconf 88' lang='lat' dir='ltr'><strong>p.</strong></span> <span class='ocrx_word' id='word_1_732' title='bbox 2458 5665 2709 5741; x_wconf 56' lang='lat' dir='ltr'><strong>uLCouc.</strong></span> <span class='ocrx_word' id='word_1_733' title='bbox 2770 5662 3266 5741; x_wconf 35' lang='lat' dir='ltr'><strong>Ephes.,cap_.‘35.</strong></span> <span class='ocrx_word' id='word_1_734' title='bbox 3343 5662 3389 5694; x_wconf 74' lang='grc' dir='ltr'><strong>⁵ο</strong></span> <span class='ocrx_word' id='word_1_735' title='bbox 3411 5660 3542 5741; x_wconf 43' lang='lat' dir='ltr'><strong>“Lit.</strong></span> <span class='ocrx_word' id='word_1_736' title='bbox 3597 5658 3794 5741; x_wconf 38' lang='lat' dir='ltr'><strong>dedit,</strong></span> 
     </span>
    </p>
   </div>
   <div class='ocr_carea' id='block_1_108' title="bbox 518 5724 3796 5808">
    <p class='ocr_par' dir='ltr' id='par_1_108' title="bbox 518 5724 3796 5808">
     <span class='ocr_line' id='line_1_108' title="bbox 518 5724 3796 5808; baseline -0 -24"><span class='ocrx_word' id='word_1_737' title='bbox 518 5739 639 5808; x_wconf 67' lang='lat' dir='ltr'><strong>em.</strong></span> <span class='ocrx_word' id='word_1_738' title='bbox 671 5729 806 5787; x_wconf 79' lang='lat' dir='ltr'><strong>Vide</strong></span> <span class='ocrx_word' id='word_1_739' title='bbox 851 5741 890 5786; x_wconf 86' lang='grc' dir='ltr'><strong>ι.</strong></span> <span class='ocrx_word' id='word_1_740' title='bbox 929 5724 1016 5808; x_wconf 72' lang='lat' dir='ltr'><strong>tv,</strong></span> <span class='ocrx_word' id='word_1_741' title='bbox 1066 5736 1228 5808; x_wconf 80' lang='lat' dir='ltr'><strong>epist.</strong></span> <span class='ocrx_word' id='word_1_742' title='bbox 1257 5724 1526 5803; x_wconf 68' lang='lat'><strong>171,173,</strong></span> <span class='ocrx_word' id='word_1_743' title='bbox 1557 5740 1679 5795; x_wconf 74' lang='lat' dir='ltr'><strong>tu.</strong></span> <span class='ocrx_word' id='word_1_744' title='bbox 1707 5740 1860 5795; x_wconf 82' lang='lat' dir='ltr'><strong>Adde</strong></span> <span class='ocrx_word' id='word_1_745' title='bbox 1893 5724 2122 5795; x_wconf 75' lang='lat' dir='ltr'><strong>Marium</strong></span> <span class='ocrx_word' id='word_1_746' title='bbox 2153 5724 2397 5799; x_wconf 60' lang='lat' dir='ltr'><strong>Merena,</strong></span> <span class='ocrx_word' id='word_1_747' title='bbox 2431 5747 2467 5791; x_wconf 89' lang='lat' dir='ltr'><strong>t.</strong></span> <span class='ocrx_word' id='word_1_748' title='bbox 2501 5737 2565 5798; x_wconf 86' lang='grc' dir='ltr'><strong>ιι,</strong></span> <span class='ocrx_word' id='word_1_749' title='bbox 2597 5737 2732 5791; x_wconf 87' lang='lat' dir='ltr'><strong>edit.</strong></span> <span class='ocrx_word' id='word_1_750' title='bbox 2760 5724 2948 5797; x_wconf 63' lang='grc' dir='ltr'><strong>θείνει,</strong></span> <span class='ocrx_word' id='word_1_751' title='bbox 2978 5724 3043 5805; x_wconf 79' lang='lat' dir='ltr'><strong>&#39;p.</strong></span> <span class='ocrx_word' id='word_1_752' title='bbox 3074 5724 3181 5789; x_wconf 60' lang='lat' dir='ltr'><strong>ira</strong></span> <span class='ocrx_word' id='word_1_753' title='bbox 3217 5748 3370 5803; x_wconf 90' lang='lat' dir='ltr'><strong>seqq.</strong></span> <span class='ocrx_word' id='word_1_754' title='bbox 3405 5730 3538 5798; x_wconf 65' lang='lat' dir='ltr'><strong>Quae</strong></span> <span class='ocrx_word' id='word_1_755' title='bbox 3578 5724 3796 5785; x_wconf 87' lang='lat' dir='ltr'><strong>deinde</strong></span> 
     </span>
    </p>
   </div>
   <div class='ocr_carea' id='block_1_109' title="bbox 526 5801 2592 5877">
    <p class='ocr_par' dir='ltr' id='par_1_109' title="bbox 526 5801 2592 5877">
     <span class='ocr_line' id='line_1_109' title="bbox 526 5801 2592 5877; baseline 0.001 -20"><span class='ocrx_word' id='word_1_756' title='bbox 526 5801 827 5859; x_wconf 75' lang='lat' dir='ltr'><strong>recitantur</strong></span> <span class='ocrx_word' id='word_1_757' title='bbox 853 5806 1015 5861; x_wconf 88' lang='lat' dir='ltr'><strong>verba</strong></span> <span class='ocrx_word' id='word_1_758' title='bbox 1045 5826 1058 5862; x_wconf 89' lang='lat'><strong>:</strong></span> <span class='ocrx_word' id='word_1_759' title='bbox 1084 5801 1432 5863; x_wconf 64' lang='lat' dir='ltr'><strong>intentionem</strong></span> <span class='ocrx_word' id='word_1_760' title='bbox 1458 5801 1716 5876; x_wconf 80' lang='lat' dir='ltr'><strong>nostram,</strong></span> <span class='ocrx_word' id='word_1_761' title='bbox 1739 5818 1868 5875; x_wconf 88' lang='lat' dir='ltr'><strong>etc.,</strong></span> <span class='ocrx_word' id='word_1_762' title='bbox 1892 5809 2232 5865; x_wconf 83' lang='lat' dir='ltr'><strong>constituunt</strong></span> <span class='ocrx_word' id='word_1_763' title='bbox 2285 5808 2451 5877; x_wconf 76' lang='lat' dir='ltr'><strong>epist:</strong></span> <span class='ocrx_word' id='word_1_764' title='bbox 2478 5808 2592 5863; x_wconf 68' lang='lat' dir='ltr'><strong>I75.</strong></span> 
     </span>
    </p>
   </div>
  </div>
