4080 6460
279 399 376 468 iii

1476 406 1842 465 HISTORIA
1879 408 2392 469 THEODORETI.

3458 403 3556 466 122

273 513 456 572 sedes,
493 511 800 566 Romanam
835 509 982 576 dic0,
1015 511 1467 578 Alexandrinam.
1503 522 1559 568 οι
1585 513 1860 569 Οοηειὶιιι-
1896 525 1932 576 Α
1969 520 2053 574 rio
2086 521 2310 590 scripsit
2344 521 2412 574 ad
2454 520 2712 574 Acacium
2764 519 3103 578 Melitenum,
3152 531 3384 584 eamque
3437 531 3556 568 eum

275 605 698 674 tinopolitanam
728 622 742 657 :
775 603 930 659 dedit
956 604 1156 659 iterum
1193 605 1260 659 ad
1293 605 1598 660 Himerium
1629 607 1866 674 litteras,

276 691 482 768 quibus
501 697 672 752 animi
709 697 796 752 sui
837 711 1086 761 sensum,
1115 697 1390 767 simulque
1421 698 1681 755 factionis
1722 708 1870 754 artes

277 789 562 862 patefecit.
601 808 620 840 t
651 789 771 843 Non
805 795 980 852 tuam,
1007 789 1256 858 inquit“,
1296 791 1462 845 lateat
1497 792 1868 856 sanctitatem,

277 879 444 950 quod,
473 889 771 950 postquam
795 881 902 951 legi
925 881 1235 951 epistolam,
1267 899 1390 954 quae
1433 884 1752 955 imperatori
1783 885 1871 940 di-

281 977 566 1036 recteest,
615 973 784 1027 nimis
817 974 1004 1028 animo
1035 974 1222 1041 dolui;
1268 977 1397 1046 quia
1443 977 1733 1033 manifeste
1777 993 1874 1034 co-

287 1079 508 1136 gnosco,
527 1064 678 1134 quod
708 1063 774 1128 is,
795 1066 890 1134 qui
919 1065 1063 1118 hanc
1077 1067 1318 1135 scripsit,
1339 1067 1580 1138 idipsum
1604 1070 1872 1134 sentiens,

289 1155 586 1212 indiscrete
627 1163 794 1226 atque
843 1156 1032 1226 inique
1078 1156 1362 1210 damnavit
1411 1173 1560 1224 eum,
1607 1159 1702 1228 qui
1737 1159 1874 1213 nihil

287 1255 486 1320 preter
531 1247 845 1304 doctrinam
881 1263 1072 1303 sanam
1117 1249 1278 1303 novit
1307 1249 1518 1318 aliquid
1557 1259 1614 1305 et
1661 1251 1873 1306 docuit.

291 1341 396 1398 Sed
424 1341 926 1396 anathematismus
955 1343 1222 1408 insertus,
1251 1341 1380 1396 licet
1402 1341 1638 1397 idoneus
1669 1343 1740 1398 sit
1763 1359 1880 1396 am-

291 1431 454 1502 plius,
487 1445 658 1502 quam
701 1445 1014 1486 consensus
1053 1431 1426 1486 damnationis
1465 1434 1606 1504 ejus,
1651 1433 1880 1489 turbare

293 1523 584 1590 lectorem;
609 1531 798 1578 tamen
825 1524 955 1593 quia
979 1540 1090 1579 non
1119 1524 1440 1590 indiscrete,
1475 1525 1572 1580 sed
1605 1528 1708 1582 sub
1739 1541 1874 1596 qua-

303 1615 428 1670 dam
453 1603 893 1672 consideratione
918 1615 1132 1686 positus
1151 1625 1257 1680 est,
1295 1617 1552 1670 solatium
1583 1617 1840 1686 praestitit
1866 1635 1880 1671 :

307 1723 406 1764 nec
433 1707 574 1764 enim
589 1705 770 1762 dixit:
801 1706 1350 1763 Anathematizamus
1395 1708 1705 1763 doctrinam
1731 1712 1878 1781 ejus;

303 1799 762 1870 sedqutecunque
805 1799 969 1854 aliter
999 1799 1140 1854 dixit
1187 1809 1282 1855 aut
1310 1801 1484 1856 sensit
1537 1817 1703 1871 quam
1748 1803 1882 1857 doe-

301 1891 438 1946 trina
463 1891 766 1962 apostolica
783 1891 1052 1946 continet.
1087 1910 1105 1943 ι

367 1983 504 2040 VIII.
537 1981 704 2038 Dedit
741 1991 800 2038 et
832 1983 971 2037 alias
994 1985 1060 2038 ad
1091 1985 1428 2049 Nestorium,
1465 1993 1700 2042 testatus
1733 2001 1888 2040 suam

301 2073 358 2129 in
399 2073 574 2144 ipsius
601 2073 859 2144 partibus
890 2075 1114 2130 tuendis
1141 2077 1508 2130 constantiam
1535 2095 1547 2130 :
1599 2097 1618 2129 ι
1653 2077 1772 2143 llis,
1807 2078 1894 2132 in-

299 2165 498 2238 quit",
521 2181 650 2238 quae
673 2171 867 2222 contra
885 2176 1036 2221 tuam
1059 2171 1476 2224 venerationem
1507 2171 1706 2242 injuste
1727 2178 1893 2240 atque

299 2257 486 2328 inique
515 2265 736 2328 patrata
761 2266 914 2322 sunt,
947 2273 1052 2313 nec
1081 2260 1126 2313 si
1171 2260 1306 2314 mihi
1340 2269 1633 2332 utramque
1665 2277 1891 2315 manum

299 2347 815 2418 quisabscinderet,
845 2358 1042 2418 potero
1063 2351 1310 2419 praebere
1335 2337 1690 2418 consensum,
1707 2352 1894 2406 divina

301 2437 676 2508 proculdubio
697 2439 836 2493 mihi
855 2449 1186 2508 cooperante
1216 2441 1410 2511 gratia,
1437 2447 1494 2496 et
1521 2441 1894 2496 infirmitatem

299 2529 494 2586 animai
523 2531 888 2598 sublevante;
961 2533 1122 2604 168
1161 2534 1268 2587 hoc
1315 2543 1499 2588 autem
1551 2535 1716 2588 etiam
1785 2535 1894 2598 his,

299 2621 392 2692 qui
423 2621 546 2678 [nec
595 2621 850 2694 exigunt,
901 2633 1117 2678 certum
1166 2625 1372 2678 litteris
1429 2625 1556 2690 feci,
1611 2635 1666 2680 et
1701 2635 1898 2680 vestra:

301 2713 602 2778 sanctitati,
629 2715 768 2784 quid
808 2731 839 2770 a
881 2731 970 2770 me
1013 2715 1096 2770 eis
1149 2717 1478 2787 rescriptum
1506 2719 1608 2784 sit;
1649 2719 1898 2789 exempla

303 2805 602 2870 transmisi,
637 2817 916 2876 quatenus
943 2816 1226 2878 agnoscat,
1259 2810 1408 2878 quod
1433 2810 1647 2865 nullum
1682 2821 1900 2882 tempus

307 2911 400 2954 nos
427 2913 532 2970 per
557 2897 806 2954 divinam
827 2899 1060 2970 gratiam
1089 2900 1472 2956 commutabit.
1517 2921 1535 2953 ι

371 2985 456 3042 II.
485 2987 640 3056 Quin
663 2987 834 3043 etiam
853 2988 1154 3044 Phoenicia:
1184 2989 1483 3061 epise0pis,
1518 3007 1658 3062 quos
1693 2993 1747 3046 in
1785 2993 1902 3048 suis

305 3079 552 3150 partibus
599 3082 936 3136 auctoritate
989 3081 1264 3136 hactenus
1293 3083 1622 3148 retinuerat,
1661 3094 1718 3139 et
1759 3101 1901 3155 quos

303 3187 394 3228 sua
447 3183 642 3227 tamen
691 3173 1034 3228 conscientia
1081 3181 1341 3242 coegerat
1371 3175 1524 3244 pacis
1556 3176 1901 3231 conditiones

299 3263 552 3334 accipere
581 3303 598 3326 ,
649 3261 858 3333 objecit
922 3277 1022 3332 per
1077 3262 1368 3332 epistolam
1430 3263 1902 3333 praevaricationis

299 3357 532 3422 crimen,
561 3353 727 3426 quasi
751 3369 956 3408 novum
989 3355 1335 3425 accepissent
1371 3356 1680 3427 symbolum
1705 3365 1904 3428 praeter

297 3445 594 3502 Nicmnum
617 3461 634 3510 ;
659 3453 954 3514 postquam
999 3445 1204 3514 Ephesi
1234 3445 1471 3500 confessi
1502 3456 1710 3511 essent,
1743 3463 1801 3502 sc
1829 3447 1904 3504 ita

295 3537 354 3592 in
377 3535 618 3592 Nicetiano
639 3535 1060 3605 conquiescere,
1087 3545 1148 3590 ut
1175 3535 1325 3592 aliud
1350 3537 1724 3608 quodcunque
1768 3553 1904 3594 con-

297 3627 350 3684 di
377 3643 680 3698 nunquam
706 3635 894 3681 essent
921 3627 1163 3697 passuri.

361 3717 502 3772 Eam
531 3716 612 3770 ob
635 3731 753 3769 rem
779 3715 942 3770 tacito
967 3715 1186 3770 nomine
1200 3729 1228 3768 a
1241 3715 1444 3787 Cyrillo
1459 3717 1782 3788 perstrictus
1801 3703 1903 3774 est.

311 3827 328 3859 t
362 3809 514 3876 Quid
549 3808 746 3878 igitur,
779 3808 859 3862 ait
894 3808 962 3872 ³³,
1013 3817 1222 3863 temere
1264 3810 1529 3864 conviciis
1564 3811 1907 3866 insectantur

299 3902 613 3960 Phoenicia:
633 3900 944 3970 episcopos,
972 3915 1163 3954 eorum
1187 3916 1514 3956 consensum
1535 3919 1736 3956 novum
1765 3920 1910 3975 δμη-

299 3996 492 4052 bolum
553 3993 926 4064 appellantes,
963 4008 1128 4064 quem
1161 3993 1242 4046 illi
1273 3993 1484 4048 utiliter
1513 4005 1568 4048 et
1593 3996 1908 4050 necessario

297 4089 636 4145 ediderunt.
671 4094 733 4138 ut
765 4085 1028 4138 nimirum
1083 4101 1142 4139 se
1183 4093 1503 4156 purgarent,
1549 4103 1756 4156 eosque
1808 4087 1908 4143 de—

298 4179 648 4240 mulcerent,
662 4176 759 4246 qui
791 4176 940 4245 ipsos
971 4175 1354 4232 Nestorianam
1384 4177 1684 4231 novitatem
1715 4193 1913 4246 appro-

299 4271 434 4326 bare
497 4269 985 4326 existimaverant.
1025 4287 1042 4319 i
1105 4269 1330 4322 Poterat
1377 4267 1496 4323 haec
1551 4269 1912 4338 reprehensio

301 4363 560 4416 animum
615 4359 957 4414 Theodoreti
989 4373 1119 4429 erga
1161 4357 1428 4430 Cyrillum
1458 4361 1570 4430 jam
1604 4362 1728 4429 plus
1753 4365 1912 4428 aequo

299 4451 604 4508 infensum
639 4451 1016 4516 exacerbare;
1053 4451 1148 4504 sed
1187 4466 1299 4504 suae
1323 4451 1478 4505 fama:
1509 4451 1776 4506 interesse
1809 4467 1912 4506 no-

1977 610 2134 664 libris
2163 609 2424 664 decemin
2447 610 2726 663 Julianum
2752 619 3054 678 apostatnm
3079 623 3108 660 a
3138 623 3196 660 se
3219 607 3556 674 compositis.

1977 701 2542 756 JoanniAntiocheno
2581 701 2751 764 misit,
2788 715 2988 769 rogans
3015 707 3214 752 ntcum
3247 696 3561 751 eruditissi-

1980 795 2086 848 mis
2111 793 2422 863 quibusque
2471 807 2584 846 suai
2631 791 2886 846 dimcesis
2936 789 3212 859 episcopis
3251 803 3560 841 communi-

1982 895 2153 941 caret.
2185 886 2313 944 [hoc
2348 885 2733 939 Theodoretus
2779 898 2904 936 cum
2941 881 3244 950 accepisset
3273 895 3301 932 a
3331 879 3562 942 Joanne,

1982 980 2313 1049 legissetque
2358 977 2644 1039 attentius,
2696 975 2912 1030 litteras
2977 973 3128 1028 misit
3182 971 3250 1026 ad
3301 969 3566 1041 Cyrillum

1983 1071 2210 1124 laudum
2238 1078 2403 1138 atque
2453 1067 2616 1122 ofﬁcii
2664 1068 2878 1136 plenas,
2911 1075 3240 1134 mutuasque
3270 1064 3341 1118 ab
3377 1079 3446 1118 eo
3477 1079 3566 1117 re-

1985 1163 2154 1233 cepit,
2183 1178 2286 1216 nec
2311 1162 2434 1216 illas
2469 1175 2628 1224 unas,
2666 1173 2804 1228 quas
2841 1172 2908 1211 eo
2949 1155 3266 1226 diligentius
3305 1153 3568 1218 servavit,

1986 1273 2096 1326 quo
2115 1255 2436 1309 callidiorcs
2473 1253 2538 1306 ad
2573 1268 2707 1306 usus
2733 1249 3070 1304 destinabat.

2059 1349 2128 1404 Et
2161 1363 2294 1402 vero
2312 1345 2666 1416 postmodum
2691 1344 2906 1398 abusus
2933 1351 3040 1404 est,
3076 1356 3202 1395 cum
3237 1339 3573 1410 persuadere

1987 1443 2152 1497 vellet
2203 1441 2467 1496 Dioscoro
2491 1481 2506 1504 ,
2543 1438 2732 1510 Cyrilli
2794 1453 2852 1491 se
2895 1435 3196 1490 amicitiam
3229 1432 3490 1494 coluisse,
3521 1439 3577 1485 et

1988 1535 2294 1590 doctrinam
2341 1532 2614 1586 laudasse.
2677 1550 2694 1580 ε
2741 1530 2940 1594 Beatte,
2994 1526 3253 1597 inquit“,
3301 1522 3579 1578 memoria:

1989 1626 2254 1698 Cyrillum
2287 1641 2430 1696 saipe
2465 1624 2532 1678 ad
2565 1639 2666 1678 nos
2712 1622 2926 1676 litteras
2951 1619 3192 1682 dedisse,
3225 1624 3578 1686 perspectum

1991 1725 2096 1782 est,
2131 1718 2348 1786 opinor,
2379 1713 2658 1770 sanctitati
2683 1721 2823 1776 tum;
2867 1711 2964 1766 sed
2992 1719 3050 1764 et
3069 1708 3294 1779 quando
3326 1721 3458 1761 suos
3486 1705 3582 1760 ad—

1992 1825 2190 1864 versus
2209 1809 2486 1864 Julianum
2517 1808 2690 1862 libros
2717 1805 2869 1860 misit
2896 1802 3271 1865 Antiochiam,
3297 1800 3583 1854 similiter-

1923 1883 1964 1936 Β
1994 1917 2102 1972 que
2132 1903 2147 1919 ⁶
2185 1901 2389 1955 librum
2459 1899 2532 1952 De
2577 1898 2874 1960 emissario,
2911 1895 3134 1950 beatum
3173 1891 3442 1946 Joannem
3489 1905 3581 1944 ro-

1994 1993 2142 2068 gavit
2194 1992 2514 2061 episcopum
2550 1990 2983 2048 Antiochenam,
3039 1995 3100 2039 ut
3151 1985 3276 2038 illos
3323 1982 3585 2052 spectatis

1995 2100 2095 2156 per
2127 2083 2410 2138 Orientem
2445 2082 2723 2153 magistris
2759 2080 3102 2142 ostenderet,
3133 2076 3445 2144 litterisque
3479 2076 3583 2129 ob-

1996 2189 2234 2243 sequens
2269 2174 2464 2228 beatus
2485 2173 2726 2228 Joannes
2755 2172 2918 2226 nobis
2945 2171 3117 2224 libros
3135 2169 3308 2230 misit,
3337 2183 3477 2236 quos
3505 2167 3585 2220 le-

1995 2270 2190 2334 gentes
2215 2263 2586 2332 suspeximus,
2610 2271 2666 2316 et
2691 2263 2862 2316 beatte
2891 2259 3174 2316 memoriae
3216 2256 3420 2328 Cyrillo
3451 2256 3589 2312 scri-

1995 2355 2231 2424 psimus,
2261 2361 2316 2407 et
2347 2354 2437 2407 ille
2469 2353 2535 2408 ad
2565 2369 2666 2407 nos
2697 2352 3004 2420 rescripsit,
3035 2349 3494 2419 diligentiamque
3526 2360 3590 2400 ac

1995 2445 2435 2500 benevolentiam
2459 2441 2902 2498 commendavit:
2935 2441 3273 2510 qutelitterte
3319 2436 3464 2506 apud
3491 2451 3592 2490 nos

2002 2546 2261 2596 servantu
2273 2553 2316 2588 Γ.
2357 2555 2374 2584 ι

2076 2630 2236 2700 169
2271 2628 2362 2682 XI.
2403 2626 2787 2682 Theodoretus
2830 2639 3016 2694 porro,
3043 2623 3254 2677 saneita
3274 2636 3428 2691 pace,
3483 2635 3591 2672 non

1999 2723 2164 2778 modo
2189 2737 2299 2774 non
2327 2720 2626 2784 consensit,
2658 2718 2752 2772 sed
2783 2733 2852 2772 ne
2874 2715 3088 2786 quievit
3111 2713 3336 2785 quidem
3357 2713 3401 2742 ⁵⁵
3429 2730 3442 2764 :
3469 2727 3593 2766 nam

2001 2815 2268 2886 propositi
2303 2813 2554 2884 pertinax
2602 2820 2658 2866 et
2701 2811 2858 2866 fama:
2889 2809 3187 2872 conscius,
3233 2819 3596 2875 quoscunque

2003 2908 2184 2976 potuit
2205 2945 2218 2966 ,
2271 2905 2326 2958 iu
2356 2920 2484 2958 suas
2507 2913 2692 2972 partes
2723 2918 2830 2970 qua
2867 2899 3178 2954 rationibus
3211 2895 3456 2958 deduxit,
3487 2909 3595 2963 qua

2005 2997 2331 3052 auctoritate
2353 2994 2642 3065 protraxit.
2673 2994 2862 3061 Neque
2885 3007 3016 3045 vero
3043 2989 3204 3058 pauci
3221 2987 3418 3042 ducem
3438 3000 3596 3040 secus

2009 3091 2046 3145 ti
2079 3097 2236 3152 sunt,
2287 3089 2398 3140 imo
2423 3086 2590 3140 factio
2614 3084 2908 3147 exstitit“,
2945 3097 3068 3150 quae
3112 3080 3242 3149 quia
3267 3093 3372 3131 nec
3392 3075 3598 3146 Cyrillo

2007 3180 2342 3244 adhaerebat,
2371 3195 2476 3234 nec
2503 3177 2723 3240 Joanni,
2759 3174 2996 3245 partium
3029 3181 3084 3226 et
3109 3171 3421 3226 diueccseon
3444 3165 3598 3235 capi-

2008 3275 2179 3336 tibus,
2220 3270 2622 3340 Aceplialorum
2647 3283 2870 3330 nomen,
2903 3266 2948 3320 si
2971 3281 3078 3334 qua
3096 3263 3356 3318 Liberato
3378 3259 3515 3314 fides
3530 3258 3596 3320 ⁸⁷,

2007 3364 2252 3434 accepit;
2307 3369 2470 3431 atque
2515 3361 2590 3414 ita
2641 3359 3028 3414 Theodorctus
3067 3353 3244 3409 videri
3279 3352 3458 3422 potuit
3487 3350 3599 3420 jam

2007 3469 2118 3507 non
2148 3469 2291 3506 unus
2321 3452 2387 3506 de
2412 3458 2560 3505 secta
2587 3447 2824 3504 Nestorii
2847 3489 2861 3510 ,
2899 3447 2996 3502 sed
3025 3445 3386 3500 factiosorum
3413 3449 3598 3510 caput,

2007 3553 2064 3602 et
2087 3542 2349 3601 Ecclesia:
2371 3543 2817 3612 perturbaturum
2843 3540 3120 3610 princeps.

2082 3637 2211 3691 Seio
2241 3637 2308 3691 de
2331 3635 2544 3706 origine
2566 3633 2808 3688 nominis
2833 3629 3238 3700 Acephalorum
3267 3640 3374 3680 non
3398 3624 3468 3678 ab
3489 3639 3605 3678 om-

2011 3732 2175 3788 nibus
2192 3731 2450 3786 Liberato
2472 3727 2646 3790 credi,
2673 3725 2768 3780 sed
2795 3723 3028 3780 Leontio
3050 3720 3226 3791 magis
3251 3737 3265 3774 :
3287 3733 3386 3776 eos
3405 3732 3605 3786 nempe

2011 3824 2086 3880 ita
2113 3823 2309 3885 dictos,
2343 3821 2436 3890 qui
2467 3821 2630 3890 longo
2659 3825 2783 3887 post
2807 3825 3078 3885 tempore,
3108 3829 3234 3870 cum
3261 3808 3606 3868 Alexandriae

2013 3914 2412 3987 Eutychianam
2457 3911 2694 3966 haeresin
2733 3915 3136 3978 sequerentur,
3171 3905 3324 3960 velut
3357 3903 3606 3958 Dioscori

2011 4007 2258 4076 reliquiae
2281 4045 2295 4070 ,
2345 4020 2456 4058 non
2489 4013 2670 4058 tamen
2701 4002 2864 4056 Petro
2891 3999 3082 4068 Moggo
3110 3995 3342 4054 antistiti
3369 3991 3607 4047 civitatis

2012 4097 2400 4160 adhaerebant,
2437 4094 2792 4164 quantumvis
2811 4089 3155 4162 Eutycbiana
3183 4097 3241 4142 et
3267 4088 3383 4156 ipse
3409 4085 3608 4140 haeresi

2015 4189 2252 4244 infectus
2290 4195 2458 4242 esset.
2505 4185 2731 4246 Verum,
2783 4191 2844 4236 ut
2883 4179 3118 4236 Leontio
3145 4178 3282 4232 ﬁdes
3307 4175 3605 4237 tribuatur,

2015 4295 2136 4348 qua:
2161 4277 2354 4347 procul
2380 4275 2553 4330 dubio
2585 4273 2772 4328 debita
2796 4280 2882 4328 est
2903 4312 2918 4334 ,
2956 4287 3064 4324 non
3097 4267 3362 4324 continuo
3387 4265 3610 4318 videtur

2016 4367 2327 4438 abroganda
2373 4367 2657 4428 Liberato,
2713 4377 2838 4416 cum
2893 4360 3022 4414 iniri
3067 4358 3242 4428 possit
3287 4355 3607 4411 concordia.

2019 4461 2316 4531 Scripserit
2357 4459 2506 4514 enim
2559 4457 2672 4522 ille,
2729 4455 2878 4526 quod
2923 4452 3395 4524 Eutychianorum
3427 4448 3607 4518 parti;

297 4555 484 4608 verat.
521 4547 664 4602 dum
695 4553 893 4600 cuncta
921 4544 1192 4616 principis
1227 4545 1384 4616 jussu
1419 4552 1908 4614 compellerentur,
1949 4555 1984 4607 ι)
2019 4555 2142 4618 iste,
2193 4553 2341 4623 quod
2381 4550 2740 4608 Orientalium
2781 4545 3006 4602 factioni
3055 4559 3258 4598 nomen
3299 4540 3608 4608 obtigerit:

299 4642 442 4696 nihil
477 4638 782 4694 turbarum
807 4638 976 4704 ciere,
1021 4637 1132 4691 imo
1158 4637 1478 4691 occasiones
1505 4647 1750 4705 captare,
1783 4636 1909 4706 qui-

301 4734 411 4788 bus
439 4737 642 4800 posset
667 4738 764 4781 aut
811 4729 866 4782 in
891 4727 1193 4782 amicitiam
1251 4743 1283 4782 a
1324 4725 1531 4799 Cyrillo
1583 4727 1779 4798 recipi,
1813 4734 1911 4780 aut

303 4832 576 4893 receptus
599 4821 780 4875 videri
813 4838 826 4874 :
867 4821 948 4876 sic
976 4821 1126 4876 enim
1153 4819 1538 4890 pertinaciam,
1577 4819 1634 4874 in
1670 4835 1915 4874 renuen-

302 4917 390 4973 dis
415 4915 854 4974 conditionibus
875 4915 1209 4982 concordiai,
1237 4915 1460 4972 valebat
1487 4915 1664 4970 tutius
1693 4915 1782 4970 vel
1816 4931 1914 4970 ex-

303 5025 508 5066 cusare
535 5009 628 5064 vel
663 5019 868 5080 tegere.

371 5103 450 5160 Χ.
485 5102 716 5160 Accidit
775 5117 902 5156 mox
964 5101 1184 5156 occasio
1237 5109 1546 5170 opportuna
1593 5100 1754 5155 dolo:
1787 5115 1916 5154 nam

307 5195 556 5270 Cyrinus
588 5193 928 5250 laboriosam
961 5193 1346 5250 tractationem
1378 5191 1446 5248 de
1471 5206 1639 5261 capro
1682 5191 1916 5246 emissa-

2021 4655 2254 4716 uterque
2305 4652 2430 4713 apte
2473 4643 2540 4696 ad
2581 4641 2694 4696 vim
2727 4639 2884 4695 vocis
2917 4637 3072 4692 factae
3099 4636 3170 4692 ad
3197 4633 3612 4705 significandam

2021 4747 2247 4800 sectam,
2297 4751 2421 4804 qute
2453 4735 2540 4790 cui
2571 4749 2671 4804 par
2709 4740 2812 4794 est,
2851 4731 3018 4801 capiti
3055 4745 3166 4784 non
3213 4725 3609 4796 conjungitnr:

2022 4829 2130 4883 erit
2155 4837 2340 4882 tamen
2364 4825 2608 4882 Liberati
2634 4840 2798 4894 quam
2825 4822 3044 4878 Leontii
3072 4821 3255 4891 potior
3279 4818 3406 4874 inde
3425 4833 3614 4880 causa,

2025 4919 2174 4989 quod
2203 4919 2296 4973 ille
2321 4918 2572 4981 tradidit,
2612 4916 2760 4972 unde
2787 4915 3027 4986 primum
3077 4913 3132 4968 in
3172 4913 3279 4966 hoc
3307 4919 3420 4966 toto
3445 4923 3616 4980 nego-

2027 5009 2102 5064 tio
2154 5008 2406 5064 auditum
2449 5007 2522 5060 sit
2565 5005 2974 5076 Acephalorum
3017 5017 3255 5067 nomen;
3306 5002 3431 5066 iste,
3471 4998 3616 5054 unde

2023 5097 2382 5169 Eutychianis
2425 5098 2704 5153 inhaeserit.
2754 5116 2767 5150 ς
2821 5111 3135 5167 quanquam
3188 5093 3404 5148 Leontii
3449 5105 3614 5159 quain

2023 5189 2266 5244 Liberali
2300 5190 2486 5244 notior
2512 5197 2598 5244 est
2623 5189 2928 5252 sententia;
2961 5195 3254 5256 prOpterea
3277 5181 3426 5250 quod
3453 5195 3615 5246 nian-

1685 5343 1996 5400 SCllULle
2038 5343 2264 5403 ΝΟὙΛΕ.

385 5489 430 5520 ⁶¹
465 5482 674 5551 Inquit.
707 5481 835 5552 Yid.
875 5489 914 5535 ι.
949 5481 1040 5546 Π,
1071 5481 1234 5551 epist.
1271 5482 1392 5552 176.
1496 5483 1540 5514 θ’
1572 5481 1771 5552 Inquit.
1810 5481 1895 5536 Vit

2000 5521 2004 5533 .
2039 5497 2086 5535 c.
2131 5481 2294 5552 epist.
2320 5479 2457 5552 172,
2495 5477 2644 5552 Adde
2672 5492 2794 5552 syn.
2841 5491 2892 5536 v,
2932 5481 3041 5552 act.
3077 5472 3139 5552 5:7
3227 5471 3274 5552 ξ’
3325 5467 3446 5552 Ait.‘
3485 5468 3612 5552 )‘id.

311 5571 366 5626 p.
407 5571 468 5626 nt
505 5537 1003 5626 Couc._Ephes.,_e.
1029 5537 1130 5626 '55:
1181 5552 1254 5626 _°‘
1275 5551 1476 5626 Inquit.
1511 5537 1712 5608 Vid.'t.
1759 5553 1848 5626 l_V,
1883 5551 2044 5621 epist.
2079 5537 2211 5626 g3:
2246 5551 2290 5582 ⁸⁸
2311 5549 2390 5626 Ne
2428 5549 2618 5618 quievit
2669 5537 2898 5626 quidem.
2927 5537 3609 5626 Quieiit.‘dont:edcfen:

315 5609 518 5680 dendzxa
551 5609 779 5677 Diodori
824 5631 880 5676 et
911 5609 1196 5678 Theodori
1248 5609 1528 5678 memoriae
1589 5609 1972 5676 necessitatem
2048 5623 2150 5677 sibi
2199 5609 2506 5689 impositam
2559 5609 2692 5689 esse"
2739 5616 3013 5689 crederet.
3069 5614 3204 5668 Erat
3260 5609 3444 5689 enim,-
3473 5615 3613 5661 teste

315 5679 594 5750 Camerio
625 5699 836 5762 (supra,
865 5709 922 5761 p.
974 5692 1122 5761 HO),
1153 5694 1518 5748 amicitiarum
1573 5693 1970 5748 incredibiliter
2023 5679 2330 5762 appetenti,
2365 5696 2422 5740 et
2475 5703 2618 5762 cum
2641 5679 3609 5762 junxissethonstantc-r“relinquit.

319 5747 588 5822 “hinc
621 5747 843 5827 residit,
868 5747 1004 5834 'caet.
1033 5747 1246 5816 Dudum
1279 5747 1874 5834 affictelerioialiisque
1909 5747 2149 5833 expltisa
2184 5769 2268 5816 est
2297 5747 2418 5813 'isla
2475 5747 2675 5811 fabula.
2733 5757 2853 5812 Vid.
2929 5755 3147 5825 Dupinii
3206 5748 3444 5805 Biblioth.
3490 5747 3612 5802 Aut.

321 5839 540 5902 eodem,
579 5843 618 5890 t.
667 5835 758 5896 lV,
796 5850 849 5904 p.
879 5833 966 5888 85.
1045 5834 1388 5898 “Breviarii,
1438 5849 1555 5902 cap.
1609 5833 1661 5886 9.
