4080 6488
484 392 585 457 123

1615 382 1995 444 GARNERII
2036 374 2536 441 DISSERTATIO
2574 375 2623 434 Ι.

3636 359 3739 428 ιει

478 503 552 556 sit
573 500 667 555 diu
686 497 1022 568 Eutycbiana
1047 493 1210 548 factio
1238 506 1363 547 cum
1390 505 1492 546 suo
1519 491 1769 556 nomine;
1804 488 2057 545 Orienta-
2087 493 2128 548 Α
2158 486 2425 540 frenatam
2462 480 2752 536 dimisisti?
2811 480 2967 543 Vide,
3005 493 3074 533 ne
3103 477 3231 548 quis
3261 477 3278 497 ⁶
3312 484 3365 530 te
3397 473 3740 568 callidiorem

479 594 615 647 lium
636 590 833 645 seditio
865 588 1017 643 brevi
1052 585 1355 655 composita
1378 593 1483 638 est.

1083 696 1308 753 CAPUT
1344 696 1457 751 Vll.

478 794 522 848 1.
550 792 657 849 Pro
681 791 909 845 Nestorii
934 790 1078 843 libris
1105 787 1382 841 combustis
1408 785 1794 838 substituuntur
1813 793 2057 853 excerpta

548 879 612 916 ea:
643 860 869 914 Diodoro
900 869 946 912 et
976 858 1263 913 Theodoro.
1321 855 1385 909 ll.
1418 854 1661 908 Monachi
1690 854 1904 907 Armem'
1937 853 2057 906 inde

549 932 730 998 turbas
782 938 1009 983 movent.
1072 927 1162 981 111.
1203 924 1515 998 Cyrilluset
1550 922 1766 998 Proetus
1812 932 2055 998 excerpta

547 991 882 1070 impugnant.
924 1000 1017 1070 IV.
1044 991 1672 1070 Theodoretusndefendit.
1711 993 1776 1070 Υ.
1803 991 2057 1070 Queritur

547 1060 971 1139 apudrvloanuem
988 1068 1368 1139 Antiochenam
1385 1060 1616 1139 Cyrillus
1639 1063 1701 1116 de
1718 1061 2052 1139 Theodoreto.

546 1131 633 1196 VI.
667 1138 769 1205 Qui
809 1156 864 1192 se
904 1139 974 1193 ad
1017 1134 1395 1205 componendas
1433 1131 1615 1205 libros,
1670 1139 1719 1185 et
1758 1132 2057 1205 ornandum

546 1200 764 1281 Cyrum,
784 1209 1054 1281 convertit.
1078 1200 1187 1260 VII.
1214 1206 1287 1258 De
1307 1200 1524 1257 concilio
1541 1200 1889 1255 Armenorum
1906 1201 2055 1271 cujus

546 1278 782 1334 meminit
802 1278 1088 1331 Barom'us.

874 1370 948 1419 Ab
980 1382 1109 1419 anno
1134 1366 1313 1419 Christi
1337 1368 1430 1416 451
1463 1367 1523 1416 ad
1548 1365 1655 1415 440.

547 1477 593 1534 1.
629 1476 763 1544 Quae
787 1474 1165 1531 intercessisse
1189 1474 1335 1529 dicta
1357 1483 1459 1537 est,
1486 1472 1893 1526 Thcodoretum
1913 1470 2055 1523 inter

474 1576 534 1623 et
563 1567 864 1639 Cyrillum,
913 1566 1222 1619 litterarum
1271 1563 1613 1618 consuetudo
1659 1561 1919 1616 diuturna
1944 1575 2055 1614 non

476 1658 601 1713 fuit.
639 1658 775 1713 Nam
818 1672 942 1711 cum
974 1656 1262 1710 Nestorius
1290 1653 1640 1724 imperatoris
1667 1651 1925 1706 mandato
1956 1650 2054 1704 de-

475 1756 724 1821 portatus
773 1756 920 1805 esset
969 1748 1024 1802 in
1067 1746 1286 1811 Oasim,
1345 1753 1636 1815 propterea
1692 1743 1851 1813 170
1906 1740 2055 1812 quod

474 1858 508 1898 θ
539 1857 640 1896 suo
669 1840 1003 1895 monasterio
1032 1838 1223 1893 turbas
1258 1838 1559 1892 amicorum
1579 1851 1682 1907 ope
1704 1835 2052 1900 moliebatur,
2090 1819 2130 1873 Β

474 1946 713 2002 cumque
742 1934 861 2002 ejus
889 1931 1016 1986 libri
1041 1930 1273 1985 flammis
1295 1930 1580 1995 arsissent,
1611 1929 1870 2000 quoniam
1898 1946 1963 1985 ex
1990 1929 2058 1985 iis

472 2023 720 2095 quidam,
771 2023 964 2077 eadem
1007 2036 1130 2076 cum
1176 2020 1430 2095 Patribus
1469 2020 1781 2075 Nestorium
1827 2020 2056 2085 sentire,

475 2112 681 2182 populo
717 2110 1128 2181 persuadebant
1162 2127 1175 2163 :
1208 2110 1324 2163 visa
1349 2118 1434 2164 est
1466 2109 1711 2165 factiosis
1743 2109 2059 2165 hominibus

474 2202 759 2259 sarcienda
791 2217 915 2256 cum
952 2201 1162 2256 foenore
1188 2202 1419 2272 jactura.
1471 2201 1607 2255 Nam
1627 2199 1671 2232 “
1701 2216 1803 2270 pro
1828 2201 2057 2256 combu-

475 2291 577 2348 stis
603 2291 768 2345 unius
791 2290 1030 2344 hominis
1067 2304 1175 2343 non
1201 2288 1573 2358 probatissimi
1602 2289 1745 2358 apud
1770 2304 1959 2344 omnes
1988 2290 2059 2343 li-

476 2382 594 2439 bris
643 2383 913 2452 suppositi
960 2390 1088 2435 sunt
1128 2381 1241 2443 alii,
1280 2381 1397 2435 sive
1427 2394 1568 2450 quos
1591 2379 1917 2433 Theodorus
1942 2378 2058 2431 Mo-

478 2484 829 2545 psuestenus,
862 2472 1103 2529 Nestorii
1135 2473 1395 2543 magister
1416 2513 1429 2537 ,
1485 2473 1601 2527 sive
1625 2486 1764 2540 quos
1788 2469 2059 2526 Diodorus

475 2567 784 2631 Tarsensis,
813 2566 1185 2636 Mopsuesteni
1213 2566 1425 2629 doctor,
1445 2564 1744 2633 scripserat
1770 2579 1782 2615 :
1806 2572 1884 2627 ut,
1917 2579 2058 2631 quo-

477 2659 627 2716 niam
653 2669 887 2729 uterqne
915 2658 1127 2713 infinita
1152 2664 1273 2711 erat
1299 2656 1444 2726 apud
1470 2671 1664 2710 omnes
1693 2655 1749 2709 in
1775 2654 2055 2724 opinione,

477 2759 632 2805 tanto
669 2751 1037 2820 perniciosius
1060 2749 1205 2802 idem
1229 2763 1389 2802 error
1413 2746 1803 2811 invalesceret,
1853 2754 2058 2815 quanto

476 2842 582 2898 sub
606 2842 864 2896 nobiliori
890 2840 1112 2894 nomine
1141 2840 1355 2894 lateret.

548 2931 615 2988 ll.
651 2931 831 3001 Atque
860 2931 988 2986 hinc
1015 2930 1227 2985 exstitit
1246 2945 1411 2985 causa
1439 2931 1771 2984 tumultuum
1796 2930 1848 2985 in
1871 2932 2061 2985 Arme-

480 3023 591 3089 nia,
609 3025 800 3077 multis
821 3034 1117 3092 utrumque
1137 3023 1422 3077 doctorem
1441 3021 1669 3078 miriﬁce
1686 3023 2056 3087 laudantibus,

2158 576 2458 638 existimet,
2484 573 2571 627 his
2591 572 2853 627 adversus
2872 571 3221 626 Theodorum
3238 569 3316 622 uti
3338 567 3574 638 injuriis,
3590 567 3737 637 quod

2157 665 2579 736 Apollinarium,
2634 672 2690 718 et
2734 662 2829 732 qui
2874 677 2960 727 ea,
2993 677 3115 732 quae
3143 669 3272 716 sunt
3305 660 3470 719 illius,
3498 658 3736 728 sapiunt,

2158 755 2618 811 sceleratissimos
2647 754 2881 808 vocavit.
2918 752 2976 808 Si
2997 752 3104 806 hoc
3134 767 3244 805 non
3265 758 3368 813 est,
3403 765 3502 803 cur
3530 748 3739 803 absono

2158 849 2328 912 dicto,
2381 848 2524 902 sicut
2552 846 2863 915 crapulam,
2928 854 3105 898 tantas
3135 841 3447 912 huiusmodi
3473 839 3742 897 adversus

2156 956 2283 996 eum
2308 939 2681 1009 blasphemias
2700 936 2947 993 eﬂ‘udisti
2969 936 3053 988 ‘9?
3080 956 3097 986 ι

2226 1034 2292 1090 γ.
2331 1035 2409 1089 En
2435 1033 2744 1095 occasione,
2777 1032 2993 1101 Opinor,
3020 1028 3275 1101 Cyrillus,
3304 1026 3446 1080 datis
3473 1026 3540 1079 ad
3569 1026 3739 1081 Joan-

2156 1141 2283 1181 nem
2306 1125 2707 1178 Antiochenum
2735 1122 2958 1186 litteris,
2982 1130 3211 1189 questus
3233 1126 3316 1173 est
3337 1118 3403 1172 de
3424 1117 3743 1171 Theodore-

2156 1222 2215 1270 Io
2265 1223 2523 1284 tanquam
2550 1212 2619 1265 de
2645 1210 2869 1269 homine
2896 1208 3154 1272 factioso,
3207 1207 3301 1277 qui
3333 1222 3443 1259 non
3469 1206 3742 1275 ejurasset

2156 1305 2394 1361 Nestorii
2437 1306 2770 1366 societatem,
2823 1300 2918 1356 sed
2961 1315 3100 1354 vana
3124 1299 3308 1368 potius
3330 1298 3511 1367 specie
3543 1297 3738 1352 defen-

2157 1397 2325 1453 dendi
2351 1396 2659 1466 magistros,
2697 1392 2948 1461 discipuli
2971 1390 3275 1444 doctrinam
3312 1387 3592 1441 vindicare
3620 1387 3739 1441 vel-

2155 1491 2231 1544 let
2277 1488 2539 1543 adversus
2578 1485 2731 1555 171
2768 1482 3025 1539 Ecclesiae
3059 1481 3404 1535 sententiam.
3463 1478 3744 1533 Littcne"

2156 1582 2235 1637 sic
2291 1596 2351 1636 se
2401 1579 2605 1634 habent
2653 1595 2667 1631 :
2717 1574 3064 1629 «Arbitratus
3092 1588 3212 1628 sum
3275 1572 3329 1625 in
3385 1571 3533 1625 hunc
3566 1586 3744 1640 usque

2156 1673 2301 1728 diem
2338 1667 2859 1725 reverendissimum
2884 1662 3313 1725 Theodoretum,
3345 1659 3608 1729 depositis
3635 1660 3746 1714 Ne-

2161 1761 2315 1817 storii
2342 1760 2497 1814 vanis
2517 1753 2889 1828 Opinionibus,
2917 1750 3186 1805 maculam
3209 1765 3277 1805 ex
3298 1750 3363 1803 iis
3384 1755 3741 1810 contractam,

2160 1851 2411 1922 exemplo
2433 1847 2902 1904 sanctissimorum
2925 1844 3155 1899 aliorum
3179 1843 3495 1912 praesulum,
3516 1840 3740 1895 eluisse.

2160 1948 2319 1999 Hunc
2356 1942 2505 1999 enim
2552 1939 2896 1995 credideram
2946 1937 3106 2007 longe
3138 1951 3168 1989 a
3189 1951 3246 1990 se
3267 1934 3586 1997 removisse,
3620 1948 3746 2002 qua:

2159 2035 2283 2107 paci
2324 2033 2651 2095 obstabant,
2693 2027 3103 2084 conditionibus
3150 2026 3625 2095 mutuisqueame
3650 2024 3745 2078 lit—

2160 2125 2290 2179 teris
2327 2121 2583 2191 receptis.
2618 2120 2840 2184 Verum,
2876 2116 3149 2171 referente
3178 2116 3266 2185 pio
3288 2115 3609 2186 presbytero
3636 2113 3743 2167 Da-

2158 2215 2323 2279 niele,
2351 2213 2519 2268 didici
2554 2213 2733 2282 ipsum
2758 2226 2788 2265 a
2813 2208 3062 2279 pristinis
3083 2206 3277 2277 agendi
3303 2205 3607 2260 rationibus
3632 2219 3745 2258 non

2159 2300 2473 2366 recessisse,
2509 2299 2793 2354 adhaerere
2819 2296 3045 2368 perinde
3073 2312 3136 2350 ac
3159 2295 3311 2365 prius
3343 2293 3579 2349 Nestorii
3628 2294 3749 2349 bla-

2160 2393 2443 2464 sphemiis,
2470 2401 2527 2448 et
2570 2398 2756 2461 aperte
2788 2387 3103 2451 ostendere,
3149 2403 3206 2442 se
3244 2402 3419 2455 neque
3455 2385 3748 2441 anathema

2159 2484 2259 2555 ipsi
2283 2484 2503 2547 dixisse,
2532 2497 2713 2552 neque
2735 2479 3065 2550 depositioni
3090 2479 3407 2532 assensisse.
3439 2477 3589 2531 lianc
3610 2475 3746 2530 mihi

2159 2584 2252 2631 tua
2274 2576 2533 2631 sanctitas
2562 2572 2711 2628 fandi
2741 2580 3069 2642 potestatem
3095 2569 3279 2633 faciat,
3318 2568 3590 2637 siquidem
3619 2568 3751 2621 cha-

2160 2668 2295 2721 ritas
2316 2676 2475 2737 urget
2497 2664 2564 2719 ad
2588 2661 2924 2734 loquendum
2953 2679 2966 2715 :
2992 2676 3154 2730 quam
3177 2658 3246 2713 ob
3265 2673 3483 2713 causam
3507 2658 3747 2711 nonnul-

2160 2757 2197 2811 li
2232 2758 2376 2811 elata
2403 2754 2616 2810 cervice
2648 2752 2923 2807 laudabile
2954 2761 3109 2806 tuum
3139 2749 3451 2813 consilium,
3490 2749 3543 2802 in
3576 2747 3747 2803 rebus

2160 2847 2229 2901 ad
2259 2857 2408 2900 tuam
2431 2844 2781 2915 prudentiam
2812 2841 3238 2913 pertinentibus,
3273 2855 3383 2893 non
3405 2840 3751 2908 sequuntur?

2160 2937 2291 3002 Cur,
2323 2937 2495 2992 instar
2534 2934 2808 3006 pecudum
2854 2950 2883 2989 a
2916 2949 3081 3005 grege
3115 2948 3171 2987 se
3210 2930 3628 2992 abducentium,
3668 2929 3747 2983 nil

2162 3029 2269 3085 nisi
2298 3027 2444 3099 quod
2466 3027 2602 3082 libet
2626 3025 3042 3097 exsequuntur?
3099 3024 3154 3079 Si
3191 3039 3321 3078 vera
3346 3031 3475 3077 sunt
3513 3038 3636 3091 qua:
3662 3018 3749 3075 di-

478 3116 731 3189 pluribns
756 3123 1053 3184 utrumque
1083 3114 1381 3185 impietatis
1406 3116 1786 3187 arguentibus.
1839 3116 2061 3170 Exstitit
2088 3156 2130 3213 ο
2163 3118 2292 3185 dici,
2341 3134 2425 3173 nae
2455 3116 2947 3172 reverendissimus
2975 3114 3065 3168 ille
3112 3114 3279 3168 debet
3307 3113 3615 3168 sanctitatis
3641 3121 3753 3166 tuae

477 3208 645 3263 etiam
669 3207 1021 3276 querelarum
1050 3207 1225 3277 origo,
1264 3222 1402 3277 quas
1421 3208 1772 3278 gravissimas
1805 3207 2061 3262 monachi

479 3297 601 3354 zelo
641 3296 949 3366 praefervidi
993 3296 1376 3351 Alexandriam
1419 3298 1487 3351 ad
1530 3297 1816 3370 Cyrillum,
1873 3298 2062 3352 Antio-

482 3386 660 3443 chiam
695 3386 762 3441 ad
788 3387 1076 3450 Joannem,
1107 3394 1164 3440 et
1190 3386 1247 3442 in
1270 3388 1460 3443 urbem
1485 3390 1687 3461 regiam
1712 3389 1779 3444 ad
1810 3389 2065 3444 Proclum

481 3476 793 3534 Maximiani
823 3491 1199 3532 successorem
1222 3479 1493 3534 tulerunt.

551 3567 914 3640 lll..Cyrillns
959 3567 1226 3624 adversus
1261 3571 1563 3627 Diodorum
1613 3579 1669 3626 et
1710 3569 2063 3625 Theodorum

482 3659 796 3730 composuit
823 3660 1026 3716 librum
1045 3702 1060 3727 ,
1117 3664 1275 3733 cujus
1295 3663 1431 3718 nihil
1454 3670 1704 3717 remanet
1730 3668 1929 3731 praeter
1951 3659 2066 3714 fra-

482 3758 704 3823 gmenta
736 3752 792 3807 in
816 3752 967 3807 Actis
996 3753 1201 3822 quintae
1227 3754 1444 3826 synodi.
1495 3754 1734 3817 Joannes
1774 3750 2067 3806 Theodoro

490 3839 642 3897 visus
675 3851 762 3897 est
800 3843 967 3913 paulo
988 3844 1215 3914 aequior.
1248 3846 1481 3900 Proclus
1499 3843 1676 3899 edidit
1704 3843 1772 3897 ad
1797 3843 2067 3899 Armenes

483 3931 719 3986 Tomum
750 3932 819 3987 de
851 3932 978 3997 ﬁde,
1010 3935 1097 3989 cui
1125 3935 1410 4007 subiunxit
1433 3942 1694 4004 excerpta
1723 3934 1973 4004 quaedam
1999 3949 2066 3988 ex

485 4022 808 4089 Theodoro,
846 4025 1016 4080 tacito
1040 4033 1219 4082 tamen
1246 4026 1554 4097 prudenter
1578 4026 1802 4080 nomine
1844 4042 1858 4079 :
1905 4026 2067 4097 hujus

483 4113 635 4168 enim
664 4121 815 4169 tanta
851 4115 957 4171 fuit
988 4116 1045 4171 in
1067 4117 1295 4173 Oriente
1318 4118 1628 4173 reverentia
1676 4127 1732 4172 et
1754 4118 1909 4188 quasi
1937 4133 2066 4173 san-

483 4204 666 4270 ctitas,
728 4214 808 4271 nt,
850 4223 976 4262 cum
1018 4208 1302 4279 religionis
1332 4208 1733 4263 incrementum
1759 4217 2063 4280 optaretur,

482 4299 877 4354 reclamaretur
905 4301 960 4355 in
988 4301 1221 4356 ecclesia
1246 4317 1260 4354 :
1303 4300 1455 4355 Vivat
1480 4299 1737 4355 Theodori
1759 4301 1911 4370 ﬁdes.

558 4390 644 4445 IV.
684 4390 833 4463 Opus
856 4391 1038 4446 Procli
1062 4390 1301 4447 Joannes
1342 4391 1397 4445 in
1426 4405 1524 4446 sua
1548 4390 1758 4463 synodo
1788 4391 2065 4461 probavit.

2165 3208 2447 3263 stimulum
2480 3217 2536 3261 et
2568 3207 2665 3261 ira:
2682 3206 2904 3260 aculeos
2924 3204 3222 3275 experiri.)

2232 3295 2321 3350 VI.
2357 3294 2531 3348 Porro
2558 3302 2739 3348 autem
2768 3309 2890 3348 cum
2911 3302 3161 3349 cerneret
3188 3291 3588 3355 Theodoretus,
3613 3291 3754 3345 scri-

2164 3385 2274 3455 ptis
2317 3399 2440 3453 qua:
2482 3383 2722 3441 diximus
2770 3385 3062 3457 evulgatis,
3113 3402 3224 3440 non
3251 3384 3510 3440 effectum
3540 3400 3663 3440 esse
3697 3384 3757 3439 id

2165 3475 2551 3531 commotionis
2582 3475 2728 3545 quod
2752 3484 3017 3546 speraret,
3066 3477 3159 3532 sed
3184 3485 3375 3531 contra
3412 3492 3499 3531 res
3522 3484 3756 3531 cunctas

2165 3567 2246 3623 ire
2267 3569 2533 3638 pacatius,
2558 3569 2822 3637 pertaesis,
2849 3574 2908 3621 ut
2932 3567 3012 3631 fit,
3042 3567 3429 3622 diuturnarum
3454 3567 3745 3622 turbarum

2165 3661 2450 3732 plurimis,
2509 3677 2614 3716 nec
2652 3663 2759 3732 jam
2813 3662 3003 3716 faciles
3039 3663 3161 3733 ejus
3200 3662 3547 3717 sermonibus
3589 3678 3756 3717 aures

2165 3753 2561 3824 praebentibus,
2599 3761 2773 3808 totum
2804 3768 2862 3807 se
2888 3754 3042 3809 dedit
3068 3755 3464 3825 componendis
3490 3754 3670 3819 libris,
3699 3765 3758 3809 et

2166 3847 2340 3903 sacris
2383 3846 2683 3916 Scripturis
2720 3845 3150 3917 interpretandis
3177 3865 3190 3901 :
3217 3864 3328 3918 quo
3356 3848 3410 3901 in
3433 3862 3633 3918 genere
3663 3848 3759 3901 vix

2166 3938 2339 3994 ullum
2367 3938 2562 3992 habuit
2588 3938 2957 4009 superiorem,
3009 3938 3123 3994 sive
3153 3956 3349 3995 sensus
3375 3939 3632 3994 litteralis
3655 3954 3756 3992 ex-

2166 4028 2409 4099 planatio
2424 4035 2714 4098 spectetur
2733 4068 2748 4093 ,
2807 4029 2921 4083 sive
2950 4029 3196 4084 brevitas
3216 4071 3230 4094 ,
3287 4030 3404 4085 sive
3429 4029 3757 4084 elocutionis

2166 4120 2408 4175 claritas.
2433 4120 2662 4174 interim
2682 4135 2792 4173 non
2811 4119 3101 4174 desinebat
3121 4119 3357 4191 synodos
3377 4120 3754 4191 frequentare,

2167 4228 2273 4283 qua
2296 4220 2447 4283 parte
2471 4220 2672 4280 posset,
2694 4220 2856 4280 atque
2878 4211 3042 4266 etiam
3070 4212 3300 4266 consilio
3316 4228 3499 4283 agere,
3525 4220 3757 4267 utsuam

2169 4304 2225 4358 in
2250 4304 2577 4358 sententiam
2615 4302 2937 4363 adduceret,
2967 4318 3109 4371 quos
3136 4302 3377 4367 valeret;
3415 4302 3513 4358 sed
3545 4302 3613 4357 iis
3636 4318 3757 4357 ma-

2168 4393 2312 4447 xime
2357 4391 2719 4449 conciliandis
2766 4391 3044 4457 studebat,
3097 4393 3189 4463 qui
3218 4395 3423 4463 majore
3449 4395 3762 4449 sanctitatis

486 4480 745 4536 Probavit
773 4490 830 4536 et
853 4482 910 4536 in
930 4480 1183 4554 [Egyptia
1202 4480 1459 4553 Cyrillus,
1511 4481 1715 4552 quippe
1743 4483 1859 4536 suis
1888 4482 2065 4537 tribus
2100 4493 2139 4545 ῐ)
2170 4485 2313 4539 fama
2358 4485 2777 4540 celebrarentur
2827 4502 2838 4536 :
2885 4500 3056 4554 quare
3099 4493 3157 4539 et
3182 4484 3439 4554 frequens
3464 4494 3584 4540 erat
3611 4486 3757 4556 apul

486 4571 752 4630 adversus
796 4572 1151 4627 Theodorum
1189 4573 1348 4635 libris
1376 4587 1702 4628 consonum.
1742 4571 1849 4627 Sed
1881 4574 2064 4627 Theo-

487 4664 716 4720 doretus
751 4664 879 4719 inde
919 4666 1101 4719 animo
1132 4673 1420 4735 permotus
1446 4680 1547 4735 pro
1573 4664 1900 4728 Theodoro,
1957 4680 2069 4734 quo

489 4757 750 4828 magistro
798 4773 1017 4827 seraper
1062 4757 1330 4827 gloriatus
1369 4766 1475 4821 est,
1529 4765 1642 4810 tres
1670 4755 1878 4826 pariter
1900 4755 2071 4809 libros

488 4849 818 4917 composuit,
871 4858 927 4903 et
972 4865 1070 4904 eos
1105 4850 1328 4919 quidem
1375 4847 1767 4911 amarulentos,
1804 4846 2070 4916 quemad-

488 4940 712 4996 modum
762 4941 1070 5012 intelligere
1108 4942 1241 4996 licet
1285 4957 1353 4997 ex
1379 4941 1727 5012 fragmentis,
1777 4939 1980 5010 quibus
2014 4939 2070 4992 in

489 5031 683 5101 quinta
728 5033 937 5104 synodo
983 5048 1119 5087 usus
1158 5033 1282 5097 fuit,
1328 5033 1396 5087 ad
1432 5047 1651 5087 causam
1677 5032 1948 5087 Theodori
1978 5034 2070 5103 ju-

489 5119 801 5176 dicandam.
821 5120 956 5175 Nam
979 5120 1111 5190 quid
1137 5122 1388 5176 acerbius
1407 5136 1474 5175 eo
1504 5136 1614 5189 quo
1635 5120 1689 5173 in
1709 5120 1971 5193 Cyrillum
1991 5122 2075 5175 in-

489 5212 747 5266 vehitur?
786 5231 803 5261 ι
826 5212 967 5277 Quid
994 5211 1158 5282 igitur
1180 5228 1382 5267 novum
1401 5211 1540 5265 dixit
1561 5210 1901 5275 Theodorus,
1927 5211 2073 5281 quod

493 5304 662 5357 tantis
689 5318 815 5357 eum
842 5303 1203 5373 blasphemiis
1221 5303 1500 5374 lapidasti,
1540 5304 1741 5374 jubens
1767 5303 1847 5358 illi
1877 5312 1937 5358 ut
1962 5304 2072 5357 fre-

494 5403 652 5449 naret
696 5394 963 5463 linguam,
1014 5394 1236 5463 quando
1280 5404 1431 5449 tuam
1468 5394 1584 5465 ipse
1631 5408 1857 5450 currere
1893 5393 1965 5448 ita
1988 5392 2071 5448 ef-

2173 4575 2352 4645 ipsos,
2400 4583 2458 4630 et
2502 4573 2795 4644 asperioris
2839 4576 2967 4631 vitae
3021 4576 3406 4631 communione
3448 4587 3759 4633 ascetarnm

2177 4667 2410 4730 animos,
2440 4666 2806 4735 simpliciores
2830 4683 2993 4737 quam
3021 4667 3319 4730 doctiores,
3346 4669 3618 4738 captabat.

2249 4752 2391 4820 Quin
2431 4752 2596 4809 etiam
2648 4755 2791 4809 bona
2829 4755 3090 4809 Ecclesia:
3143 4756 3198 4809 in
3234 4772 3402 4825 opera
3427 4756 3645 4826 publica
3677 4757 3760 4810 ci-

2178 4844 2332 4900 vitati
2355 4861 2467 4902 sure
2487 4848 2797 4902 necessaria
2819 4847 3053 4901 contulit
3078 4863 3091 4899 :
3118 4861 3265 4912 nam,
3291 4862 3415 4901 cum
3438 4847 3611 4902 Nomo
3629 4863 3763 4902 con-

2177 4936 2283 4991 suli
2317 4936 2667 5000 scriberet”,
2724 4936 3002 4991 recensuit
3026 4937 3289 5006 porticus,
3346 4945 3543 5007 pontes
3592 4937 3755 5001 duos,

2177 5027 2447 5083 balnaaum
2502 5037 2558 5082 et
2599 5028 2985 5097 aquaeductum
3034 5045 3046 5080 :
3102 5043 3210 5097 qua
3261 5028 3314 5083 in
3359 5028 3761 5099 magniﬁcentia

2179 5117 2517 5172 desideraret
2538 5117 2807 5187 quispiam
2831 5118 3228 5173 xenodochium
3256 5119 3481 5189 aliquod
3504 5128 3598 5173 ant
3619 5119 3766 5174 basi-

2178 5209 2341 5263 licam
2375 5209 2461 5264 vel
2492 5209 2885 5262 monasterium
2905 5250 2919 5273 ,
2954 5218 3016 5264 ut
3038 5209 3364 5265 Christianae
3390 5212 3513 5281 plus
3540 5209 3763 5280 pietatis

2179 5301 2616 5372 episcopalisque
2643 5301 3004 5371 providentia:
3026 5302 3273 5357 eluceret
3316 5320 3329 5354 :
3377 5303 3474 5358 sed
3504 5303 3592 5357 bis
3616 5301 3761 5356 forte

2182 5401 2313 5447 tunc
2335 5392 2598 5461 temporis
2619 5407 2728 5446 non
2745 5401 2863 5447 erat
2879 5409 3017 5463 opus
3042 5394 3190 5449 illius
3210 5394 3439 5460 civitati,
3464 5393 3763 5465 provinciae

1840 5551 2161 5611 SCHULZII
2204 5551 2433 5608 NOTAE.

567 5712 612 5745 θ’
632 5709 768 5766 Nam
792 5752 803 5774 ,
828 5721 953 5785 _etc.
991 5712 1110 5768 Vid.
1138 5713 1449 5785 Liberata
1485 5729 1603 5785 cap.
1643 5662 1716 5785 11ᾼο
1748 5712 1999 5785 l3reviar.
2062 5712 2120 5785 ξ’
2181 5710 2348 5785 Quid.
2374 5716 2492 5785 etc.
2540 5707 2827 5785 Viduhcta
2865 5707 3057 5780 synodi
3093 5725 3144 5774 v,
3174 5708 3357 5763 collat.
3400 5706 3452 5761 ιι.
3557 5705 3609 5740 ⁷⁵
3653 5705 3761 5764 Lit-

497 5789 643 5849 tera,
674 5789 778 5836 etc.
828 5783 945 5839 Vid.
1002 5794 1040 5839 t.
1081 5784 1168 5850 IV,
1219 5784 1379 5856 epist.
1430 5784 1554 5839 179.

1666 5783 1706 5817 τι
1733 5781 2234 5839 Cum—~scriberet.
2277 5782 2435 5846 lbid.,
2467 5784 2628 5851 epist.
2664 5780 2751 5835 81.
