2040 3238
156 215 211 250 125

753 219 935 248 HISTORIA
954 218 1210 248 THEODOBETI.

1743 212 1793 243 1‘26

152 272 249 308 capiti.
280 271 386 300 Deinde
411 271 545 300 conduxit
569 272 706 300 medicum
719 293 726 305 ,
757 281 812 308 quo
838 273 950 300 carebat
966 274 987 301 Α
1001 273 1113 301 Littera:
1126 274 1199 301 enim
1211 274 1299 300 Procli
1325 272 1483 300 referuntur
1504 271 1530 297 in
1546 270 1663 297 concilio
1677 268 1792 296 Chalce-

153 318 285 355 Cyrillus,
302 322 332 346 et
347 317 491 346 basilicam
505 318 637 354 apostolis
650 319 739 345 erexit
751 324 845 353 postea
857 328 864 345 :
876 319 950 353 quod

154 364 184 391 in
195 363 289 399 elogio
299 363 426 392 Jacobi"
441 367 470 391 et
482 364 636 399 epistolis"
655 365 788 399 scriptum
802 365 923 399 reliquit.

190 408 248 437 ΠΙ.
266 409 393 436 Meminit
410 409 546 436 Baronius
568 409 602 436 ad
619 418 720 436 annum
737 410 949 445 quadringente-

154 454 257 482 simum
273 453 447 481 tricesimum
461 461 564 482 nonum
580 454 671 489 magni
685 455 827 490 cujusdam
841 456 950 482 concilii

156 507 173 527 ι
196 499 298 527 Proclo
324 500 354 527 in
381 499 453 527 urbe
477 500 553 534 regia
574 500 673 532 coacti,
698 501 732 528 de
747 509 801 535 quo
813 501 951 535 inquirere

157 552 248 580 operae
259 544 382 580 pretium
394 549 448 577 est,
461 545 589 579 quoniam
599 546 685 573 sancti
693 546 786 581 Cyrilli
799 554 842 573 res
850 547 949 581 agitur,

157 593 182 617 α
206 589 261 618 odii
287 597 304 617 a
319 589 452 617 Dioscoro
468 590 547 624 172
565 590 593 616 in
608 590 813 617 Theodoretum
826 591 949 625 concepti

158 635 219 662 [om
239 634 346 670 aperiri
365 635 478 662 dicitur.
515 634 618 662 Scribit
640 635 723 670 igitur
751 636 951 662 illustrissimus

157 680 307 708 cardinalis
325 688 333 707 :
354 680 378 707 l.
392 680 522 707 Proclum
544 680 578 707 ad
589 680 736 707 concilium
750 688 878 707 evocasse
896 688 950 706 non

157 725 328 754 mediocrem
339 726 535 761 episcoporum
545 726 761 758 multitudinem,
775 730 804 753 ut
815 734 870 753 suae
879 726 951 753 sedis

158 772 283 808 dignitati
296 773 467 800 consuleret.
495 772 522 799 ‘2.
542 772 571 800 In
587 780 620 799 eo
637 777 727 799 actum
741 772 872 799 adversus
887 772 950 799 Alc-

161 817 442 846 mdrilBEcclesite
454 818 619 849 molitiones,
636 818 713 852 quasi
731 818 814 844 totius
827 817 951 844 Orienta-

163 862 331 892 liIchlcsiaa
346 864 496 898 primatum
509 863 629 899 Cyrillus
640 863 769 890 ambiret.
799 863 825 890 3.
841 864 921 890 Datas
935 871 950 890 a

160 908 277 937 concilio
283 908 392 936 litteras
402 909 436 936 ad
447 909 662 936 Alexandrinum
673 910 834 939 antistitem,
850 910 950 943 quibus

160 957 322 982 moneretur
348 962 487 982 canonum
510 955 609 990 prioris
624 955 767 989 utriusque
780 955 889 981 concilii
904 963 950 989 gc—
970 951 988 978 li

158 999 264 1028 letalis
284 999 389 1028 Nicatni
419 1003 448 1027 et
461 999 759 1034 Constantinopolitani
782 1010 788 1026 :
810 1005 837 1027 et
850 1000 952 1027 Nicmni

157 1045 283 1081 quidem,
297 1046 357 1073 suis
373 1046 496 1081 singulas
510 1046 644 1073 dioecescs
662 1046 796 1073 limitibus
810 1051 953 1073 contentas

155 1090 431 1126 we‘pracipientis;
458 1091 754 1126 Constantinopolitani
779 1100 854 1123 vero,
884 1100 954 1126 prae-

155 1136 244 1164 sulem
260 1143 341 1164 nova':
352 1136 446 1164 Roma
460 1137 612 1164 secundum
627 1145 642 1164 a
653 1137 755 1164 veteris
765 1137 887 1164 antistite
903 1145 953 1172 po-

154 1182 259 1210 nentis.
290 1182 319 1209 4.
341 1181 462 1209 Litteras
486 1182 520 1209 ab
534 1182 715 1209 Antiocltcnis
732 1188 855 1217 receptas
868 1183 953 1210 fuisse

152 1232 181 1254 et
199 1227 364 1256 assensione
378 1227 563 1255 conﬁrmatas.
595 1228 620 1254 5.
637 1228 810 1259 Dioscorum,
828 1229 874 1262 qui
889 1232 953 1255 tunc

153 1273 348 1301 Alexandrinam
370 1273 501 1301 Ecclesiae
512 1273 539 1300 in
565 1274 633 1300 urbe
655 1274 730 1308 regia
751 1274 953 1308 apocrisiarius

153 1322 237 1351 esset,
269 1319 378 1354 magnis
398 1319 508 1346 viribus
530 1319 688 1351 obstitisse;
718 1320 777 1350 sed,
802 1328 865 1346 cum
883 1320 951 1347 nihil

152 1364 317 1400 proﬁceret.
350 1365 380 1392 in
408 1364 611 1396 Antiochcnos,
639 1373 757 1400 quorum
784 1366 951 1393 inccntorem

153 1409 287 1438 credebat
298 1409 519 1443 Theodoretum,
533 1411 657 1438 dolorem
674 1411 756 1437 animi
771 1412 951 1444 convertisse,

155 1463 256 1492 eosque
271 1456 444 1491 proditionis
460 1456 487 1483 in
502 1464 579 1484 suam
591 1464 624 1484 ac
635 1457 846 1484 Alexandrinam
860 1458 953 1484 Eccle-

156 1501 221 1529 siam
233 1509 401 1530 accusasse.

185 1546 291 1575 Verum
307 1551 340 1574 ut
354 1547 504 1580 Baronius,
533 1548 707 1575 auctoritatis
726 1556 782 1575 sum
802 1553 950 1579 momento,

151 1593 278 1628 potuerit
287 1593 399 1620 Binium
413 1598 584 1629 caiterosque
596 1594 779 1621 conciliorum
790 1594 952 1620 collectores
967 1618 986 1629 ρ

150 1647 272 1668 :nsuam
284 1640 452 1667 sententiam
470 1639 623 1672 adducere;
651 1647 711 1666 eam
728 1643 818 1666 tamen
835 1639 952 1666 curiosis

149 1685 187 1713 rei
200 1685 429 1721 indagatoribus,
444 1685 490 1712 vix
503 1692 535 1712 ac
549 1693 582 1712 ne
595 1685 759 1720 vixquidem
773 1685 949 1719 persuaserit.

148 1730 214 1759 Nam
227 1730 407 1758 Theodoreti
421 1730 539 1765 epistola
550 1730 593 1762 86,
617 1738 671 1764 qua
683 1738 736 1757 una
748 1730 845 1761 utitur,
865 1730 891 1756 id
907 1738 951 1756 re-

147 1776 205 1813 ipsa
221 1784 286 1805 non
295 1775 433 1809 continet,
448 1776 522 1810 quod
537 1776 671 1803 cardinali
686 1775 777 1802 visum
790 1780 845 1808 est;
863 1783 951 1810 neque

148 1823 220 1851 ullus
240 1822 371 1857 scriptor
390 1822 459 1849 tanti
475 1821 578 1857 negotii
593 1822 720 1849 meminit
734 1830 739 1848 :
753 1829 842 1856 neque
857 1822 951 1857 Cyrilli

146 1868 292 1896 modestia
320 1871 376 1895 tam
396 1867 576 1895 ambitiosum
591 1867 737 1895 consilium
754 1867 827 1895 ferre
843 1868 950 1903 potuit;

146 1921 238 1950 neque
255 1913 421 1942 Christiana
435 1913 557 1941 charitas
573 1913 748 1940 sanctissitno
763 1913 872 1940 vinculo
888 1922 951 1940 san-

145 1959 295 1988 ctissimos
307 1960 442 1999 praesules
455 1960 584 1987 Proclum
595 1964 623 1987 et
634 1960 766 1995 Cyrillum
780 1960 950 1992 dcvinciens,

145 2010 203 2036 tam
222 2005 396 2042 injuriosam
417 2005 584 2033 sententiam
605 2005 699 2033 dicere
721 2006 829 2039 valuit;
862 2013 952 2040 neque

144 2051 263 2080 tandem
282 2051 339 2078 ulla
350 2059 411 2079 sese
427 2059 459 2079 ea
473 2055 634 2086 tempestate
647 2051 762 2079 dederat
778 2051 886 2078 occasio
900 2051 953 2078 hoc

144 2097 179 2126 de
187 2098 258 2134 jure
279 2097 445 2132 prtesidendi
457 2097 583 2125 conciliis
597 2098 745 2125 Orientalis
755 2098 885 2125 Ecclesia),
896 2098 953 2125 dis—

144 2143 285 2179 ceptandi
300 2152 308 2170 :
323 2150 386 2179 quae
399 2143 451 2171 tria
465 2144 620 2179 posteriora
636 2152 698 2171 cum
712 2148 787 2171 certa
801 2144 881 2176 sint,‘
894 2144 952 2178 pri-

143 2196 222 2216 mum
237 2197 304 2217 non
318 2197 418 2224 magno
429 2189 540 2224 negotio
557 2189 586 2216 in
600 2190 761 2217 recensione
776 2189 898 2223 epistola:
908 2189 951 2221 86,

143 2234 328 2264 conﬁcietur.
346 2245 355 2261 ι
367 2235 452 2267 Scito,
465 2235 586 2267 domine,
600 2235 671 2262 hanc
680 2235 757 2261 illum
771 2235 951 2269 (Dioscorum)

1004 318 1120 345 donensi
1139 318 1191 345 hoc
1212 318 1291 344 titulo
1315 326 1322 343 :
1351 316 1530 350 ’Λντὶγραψον
1546 313 1687 340 συνεδικοῦ
1702 312 1793 347 γράμ-

1006 372 1099 397 ttat-tog.
1128 363 1173 398 Τῷ
1194 363 1344 397 ὀσιωτὰτῳ,
1371 361 1417 387 καὶ
1435 360 1645 394 θεοφιλεστάτῳ,
1670 359 1715 384 2a.".
1731 357 1794 393 εξυλ-

1003 409 1153 444 λειτουργῷ
1168 409 1262 443 Δόμνῳ
1275 407 1396 442 Πρόκλος
1411 407 1439 432 ἐν
1455 406 1551 440 Κυρίῳ
1563 405 1670 439 χαίρειν
1679 405 1712 430 ⁷⁸.

1041 456 1133 482 Potest
1148 459 1238 481 tamen
1262 452 1381 480 suboriri
1398 452 1528 479 ttonnulla
1542 452 1667 486 qutcstio.
1691 449 1793 482 Quam—

1004 502 1110 532 obrem,
1124 500 1146 527 si
1158 507 1201 526 res
1213 500 1249 526 ita
1261 507 1289 525 se
1299 498 1407 528 habuit,
1421 502 1451 524 ut
1463 497 1591 527 diximus,
1604 495 1795 522 Theodoretus

1004 545 1147 579 scripserit
1172 544 1359 570 Antiochcnos
1386 542 1463 576 173
1488 547 1628 567 assensum
1644 537 1793 573 prmbuisse

1005 589 1093 616 Procli
1110 588 1266 624 synodicis?
1289 588 1345 617 τοῖς
1360 586 1413 612 τῶν
1432 585 1517 619 ἁγίων
1533 584 1663 618 Πατέρων
1683 581 1794 608 κανῆσιν

1004 634 1250 669 ἀκολουθήσαντας.
1264 633 1319 659 Cur
1329 632 1440 658 eosdem
1452 630 1639 657 Antiochenos
1647 629 1794 655 Dioscorus

1005 681 1120 715 proditze
1131 688 1187 707 sure
1209 687 1240 705 ac
1253 678 1444 704 Alexandrina:
1457 676 1585 703 Ecclesia:
1602 682 1664 700 reos
1678 673 1773 700 fecerit
1786 681 1792 698 :

1004 731 1032 753 ct
1046 734 1100 761 quo
1117 727 1143 752 in
1157 725 1242 759 gradu
1263 729 1326 750 tunc
1342 723 1474 757 temporis
1496 721 1644 748 Dioscorus
1659 719 1794 746 constitu-

1006 776 1049 798 tus
1064 771 1152 798 esset?
1166 770 1278 800 Verum,
1296 773 1324 795 ut
1340 777 1354 795 a
1371 773 1508 802 postremo
1521 766 1624 796 ordiar,
1637 766 1794 795 Dioseorus,

1004 826 1066 845 cuin
1086 817 1264 844 Antiochenis
1289 815 1394 841 crimen
1408 813 1572 848 proditionis
1584 813 1730 846 objicerct,
1751 818 1794 836 re-

1005 872 1070 891 cens
1085 867 1256 890 succcsserat
1278 862 1304 887 in
1320 860 1414 895 Cyrilli
1430 860 1519 886 locum
1535 879 1541 890 ,
1566 858 1609 884 die
1625 857 1659 883 ‘28
1675 856 1795 883 Ianuarii

1004 918 1076 938 anno
1087 910 1139 936 ιιι
1152 909 1284 935 defuncti.
1299 907 1404 942 Objccit
1416 913 1492 937 vero,
1504 905 1567 939 quia
1581 903 1719 939 synodicis
1730 902 1796 929 Pro-

1005 955 1038 982 cli
1056 954 1156 980 littcris
1178 954 1299 980 Domnus
1312 952 1469 978 admonitus
1484 949 1660 984 dijudicalam
1673 947 1794 974 Athana-

1005 999 1037 1034 sii
1048 998 1210 1026 Pcrrhcnsis
1221 1005 1330 1024 causam
1344 994 1532 1029 recognovcrit
1546 1002 1552 1019 τ
1563 1000 1617 1027 quo
1627 992 1698 1018 facto
1708 990 1794 1017 videri

1004 1045 1094 1080 potuit
1114 1044 1262 1078 primatum
1288 1042 1386 1069 Proclo
1409 1040 1560 1067 concedere
1574 1059 1580 1070 ,
1611 1037 1746 1072 siquidem
1766 1042 1796 1063 ut

1004 1091 1119 1126 privatis
1132 1089 1233 1116 litteris
1244 1095 1357 1115 monere
1371 1087 1405 1114 de
1417 1086 1505 1114 omcio
1518 1085 1598 1112 amici
1611 1089 1662 1115 est,
1682 1084 1717 1110 ita
1731 1091 1794 1118 syn-

1004 1137 1101 1167 odicis,
1112 1136 1273 1170 superioris.
1288 1135 1346 1161 Jam
1360 1142 1435 1164 vero,
1448 1141 1509 1160 cum
1521 1131 1706 1159 Alexandrina
1717 1130 1796 1157 sedes

1004 1181 1123 1209 secunda
1136 1180 1219 1207 fuerit
1231 1184 1293 1214 post
1305 1179 1465 1210 Romanam,
1479 1177 1649 1205 Antiochcna
1665 1180 1724 1210 post
1735 1175 1796 1201 Ale-

1003 1226 1164 1253 xandrinam
1187 1225 1279 1256 tertia,
1306 1224 1388 1259 idque
1403 1228 1541 1251 servatum
1559 1222 1640 1249 fuerit
1660 1222 1714 1256 jam
1731 1221 1795 1247 inde

1004 1280 1018 1299 a
1034 1271 1130 1307 primis
1144 1271 1275 1298 Ecclesia:
1288 1269 1458 1304 temporibus
1472 1276 1478 1295 :
1491 1266 1794 1301 Constantinopolitana

1005 1324 1101 1344 recens
1123 1316 1287 1347 constituta,
1311 1316 1333 1342 si
1348 1315 1499 1342 secundum
1513 1314 1604 1340 locum
1619 1316 1720 1343 teneat,
1734 1312 1795 1346 jus»

1004 1369 1056 1396 que
1081 1361 1167 1395 ipsius
1193 1361 1244 1388 hac
1267 1361 1293 1388 in
1316 1364 1392 1395 parte
1414 1364 1596 1394 agnoscatur;
1625 1364 1738 1384 necesse
1754 1359 1796 1382 ost

1005 1413 1151 1442 utramque
1166 1408 1247 1435 aliam
1260 1407 1352 1434 sedem
1366 1405 1578 1441 patriarchalem
1596 1403 1724 1437 deprimi.

1300 1462 1412 1490 CAPUT
1428 1462 1484 1488 Vlll
1491 1481 1497 1488 .

1004 1509 1024 1537 l.
1050 1509 1150 1536 Joauni
1173 1508 1333 1536 Antiocheno
1357 1507 1470 1534 succedit
1492 1506 1619 1532 Damnus.
1650 1504 1682 1531 ll.
1696 1503 1796 1538 Cyrilla

1039 1544 1221 1571 Alexandrino
1232 1543 1381 1569 Dioscorus.
1403 1541 1447 1568 lll.
1460 1539 1561 1576 Cyrillo
1571 1544 1674 1576 mortuo
1684 1538 1796 1565 instillat

1040 1579 1224 1609 Tlteotlorelus,
1242 1586 1293 1604 non
1306 1581 1408 1603 tantum
1422 1574 1514 1602 litteris
1526 1575 1594 1601 datis
1609 1574 1642 1600 ad
1654 1574 1795 1609 Donmltm.

1039 1614 1084 1641 1V.
1106 1613 1157 1640 Sed
1171 1614 1249 1639 etiam
1264 1613 1386 1638 contione
1397 1611 1485 1637 habita
1497 1610 1651 1637 Antiorhiw.
1681 1609 1712 1634 V.
1728 1608 1797 1634 Eam

1042 1650 1072 1676 ob
1086 1657 1140 1675 rem
1157 1648 1227 1674 male
1243 1647 1326 1674 audit.
1355 1647 1398 1672 Vl.
1424 1646 1458 1672 Et
1473 1646 1503 1671 ab
1520 1646 1680 1679 imperatore
1690 1643 1798 1679 jttligtftr

1040 1693 1066 1710 se
1082 1684 1215 1710 continere
1229 1682 1306 1717 Cyro.
1328 1681 1480 1717 V'llLParct
1496 1677 1581 1717 multa
1594 1684 1708 1712 questus.
1728 1677 1796 1704 Vlll.

1042 1718 1184 1745 Eranisten
1200 1715 1340 1750 conipom't.
1368 1716 1413 1742 lx.
1429 1715 1505 1750 Aput!
1520 1715 1671 1750 Diosrormn
1688 1721 1797 1738 accusa-

1042 1758 1095 1780 tur.
1126 1753 1159 1779 Χ.
1175 1748 1271 1779 Scribit
1298 1751 1436 1782 Flaviano,
1453 1748 1506 1784 'qm'
1522 1748 1796 1784 Procloﬁsurtrssrrfrt,

1042 1792 1131 1823 petens
1142 1796 1216 1823 opem
1229 1787 1352 1814 adversus
1365 1781 1529 1823 Dioscorum.
1551 1784 1596 1810 XI.
1608 1782 1698 1823 [SH-irit
1709 1786 1737 1823 ut
1748 1781 1798 1823 0'0:

1042 1816 1119 1849 imms
1141 1816 1256 1857 legatum
1269 1823 1355 1848 mittat
1375 1821 1409 1847 ad
1420 1822 1617 1855 imperatorem.
1634 1816 1739 1852 Legato
1752 1816 1799 1843 dat

1043 1858 1143 1885 litteras
1159 1857 1193 1884 ad
1207 1858 1355 1892 optimates.

1209 1909 1245 1933 Al)
1257 1916 1320 1933 anno
1331 1906 1420 1932 Christi
1436 1907 1475 1930 un
1488 1907 1516 1930 ml
1529 1906 1583 1929 H7.

1040 1962 1061 1989 l.
1082 1961 1231 1988 lnclinante
1246 1968 1318 1987 anno
1331 1959 1432 1987 Christi
1447 1957 1719 1992 quadringentesimo
1730 1963 1798 1990 qua-

1006 2007 1177 2042 dragesimo,
1206 2010 1254 2033 aut
1277 2006 1369 2040 potius
1384 2005 1495 2031 ineunte
1513 1996 1708 2038 qui/sequitur,
1726 2001 1798 2028 diem

1006 2057 1159 2079 extremum
1183 2051 1281 2078 clausit
1300 2051 1435 2081 Joannes,
1463 2055 1607 2084 postquam
1622 2047 1799 2074 Antiocltena:

1006 2098 1136 2125 Ecclesiae
1160 2105 1247 2124 annos
1271 2096 1402 2123 tredecim
1429 2100 1500 2122 totos
1514 2094 1548 2121 ab
1570 2093 1647 2120 obitu
1660 2092 1798 2119 Theodori

1007 2143 1172 2179 pnel‘uiSset.
1204 2141 1338 2169 Defuncto
1360 2139 1494 2167 successit
1515 2139 1636 2166 Domnus
1660 2145 1691 2164 ex
1706 2143 1800 2163 sorore

1006 2197 1102 2224 nepos,
1123 2189 1166 2215 vir
1192 2192 1223 2214 ut
1234 2187 1326 2214 dubito
1340 2186 1414 2216 fidei,
1431 2185 1470 2212 sic
1483 2183 1665 2219 imprudentis
1679 2181 1798 2213 consilii,

1007 2235 1145 2269 varia'que
1153 2234 1280 2265 fortunae,
1291 2237 1319 2259 ct
1329 2232 1446 2259 infelicis
1454 2231 1546 2257 sortis.
1556 2229 1623 2257 Nam
1634 2236 1694 2255 cum
1705 2235 1799 2263 pacem

143 2280 291 2309 adversus
306 2288 359 2309 nos
373 2281 630 2316 pusillanimitatem
649 2289 755 2315 gerere,
773 2288 807 2307 ex
821 2289 875 2315 quo
888 2289 953 2316 syn-
971 2292 991 2319 ι)
1007 2281 1041 2308 ab
1056 2280 1193 2307 avunculo
1205 2278 1385 2314 compositam
1408 2284 1464 2303 non
1481 2274 1653 2303 sanctissime
1665 2276 1801 2300 servasset

143 2325 237 2354 odicis
246 2326 356 2354 vestris
372 2326 424 2354 sub
437 2327 674 2354 beataememoria:
686 2327 783 2354 Proclo
798 2326 877 2353 factis
890 2335 954 2353 san-

144 2377 261 2401 ctorum
285 2371 399 2399 Patrum
417 2372 521 2407 regulis
536 2372 702 2400 inhaerentes
715 2372 884 2399 asscnsimus
900 2381 906 2398 :
923 2380 955 2399 ac

145 2418 182 2448 de
193 2419 254 2447 hoc
268 2425 324 2446 nos
335 2418 422 2446 semel
438 2423 520 2453 atque
532 2418 634 2445 iterum
649 2418 818 2452 increpasse,
836 2419 914 2453 quasi
927 2422 956 2445 et

146 2463 408 2496 Antiocheam-um,
421 2468 453 2491 ut
466 2463 514 2496 ait,
526 2466 553 2490 et
563 2462 811 2490 Alexandrinorum
823 2463 884 2498 jura
893 2470 957 2497 pro—

146 2509 320 2538 didcrimus.
337 2518 347 2534 ι
925 2503 937 2507 “

183 2555 265 2589 Quas
278 2562 348 2582 vero
369 2551 564 2582 The'odoretus
577 2553 723 2590 synodicas
738 2554 789 2581 sub
801 2554 900 2581 Proclo
913 2554 955 2581 fa-

149 2606 210 2630 ctas
223 2600 483 2636 Constantinopoli,
508 2605 536 2628 et
549 2600 584 2628 ab
596 2600 778 2627 Antiochenis
791 2600 956 2635 approbatas

148 2651 313 2679 memorat,
344 2654 400 2674 non
421 2646 499 2678 alias,
520 2645 628 2681 opinor,
651 2653 733 2680 quam
757 2653 818 2680 quae
832 2645 859 2672 in
873 2652 954 2672 causa

149 2692 302 2721 Athanasii
327 2692 533 2720 Perrhenorum
547 2691 670 2726 episcopi
695 2690 827 2718 confecta:
841 2695 906 2717 sunt
928 2691 955 2717 in

149 2738 288 2770 concilio,
303 2737 379 2766 unde
391 2738 506 2766 Proclus
517 2737 550 2765 ad
561 2737 698 2764 Domnum
709 2744 740 2764 ea
752 2737 786 2764 de
797 2744 825 2763 re
834 2735 954 2771 scripsit.

1007 2328 1173 2363 (incertum,
1199 2334 1248 2353 sua
1268 2329 1376 2360 sponte,
1399 2331 1433 2350 an
1454 2321 1621 2349 Theodoreti
1638 2318 1799 2352 instinctu),

1006 2373 1139 2407 visusque
1152 2375 1226 2398 esset
1251 2369 1401 2397 amicitiam
1414 2368 1509 2403 Cyrilli
1523 2367 1677 2402 negligere,
1696 2365 1722 2392 in
1736 2365 1800 2392 Ale—

1006 2418 1205 2445 xandrinorum
1219 2416 1399 2443 oll‘ensioncm
1413 2413 1541 2445 incurrit,
1558 2420 1612 2447 qua
1626 2411 1800 2446 p0stmodum

1007 2465 1036 2491 in
1047 2471 1174 2498 apertum
1188 2463 1281 2489 odium
1296 2461 1502 2491 exardescentc,
1516 2467 1531 2486 a
1543 2457 1698 2485 latrocinali
1709 2456 1801 2484 conci-

1009 2509 1046 2536 lio
1061 2508 1203 2543 Ephesino
1219 2515 1271 2534 una
1286 2514 1349 2533 cum
1365 2505 1540 2532 Theodoreto
1557 2503 1589 2531 de
1602 2503 1666 2530 sede
1680 2502 1802 2537 dejectus

1009 2558 1066 2586 est,
1084 2557 1112 2581 et
1125 2561 1244 2580 maerore
1257 2553 1399 2579 confectus
1415 2551 1530 2578 interiit.

1045 2598 1158 2626 Occulta
1181 2597 1244 2624 facti
1266 2604 1349 2624 causa
1362 2601 1418 2627 est;
1440 2601 1565 2630 apertum
1582 2599 1670 2621 tamen
1685 2591 1756 2618 hanc
1774 2591 1800 2617 in

1010 2652 1067 2672 rem
1085 2644 1172 2671 sancti
1186 2643 1325 2678 Euthymii
1340 2641 1513 2669 vaticinium.
1532 2639 1638 2666 Domno
1652 2637 1708 2667 ille,
1725 2643 1800 2667 cum,

1009 2690 1118 2717 deserto
1131 2688 1295 2724 jampridem
1312 2684 1489 2715 monasterio,
1507 2681 1680 2709 Antiochiam
1694 2682 1802 2714 peteret

1010 2734 1168 2763 ambitionis
1177 2734 1273 2765 ductu,
1288 2729 1443 2767 praedixit"
1455 2728 1512 2756 tore
1528 2737 1537 2753 ι
1554 2731 1583 2755 ιιι
1595 2725 1723 2754 avunculi
1740 2725 1802 2761 qui-

835 2813 994 2841 SCllUlZIl
1016 2811 1131 2840 NOT/E.

189 2884 214 2920 ’ξ
229 2884 265 2912 In
277 2883 344 2920 eleg.
360 2883 423 2920 Jac.
440 2883 514 2916 Vid.,
532 2889 552 2912 t.
571 2884 617 2917 Ill,
634 2892 662 2920 p.
683 2884 751 2911 1245
766 2892 852 2920 ιι‹ξ‹ι.ηΔ
891 2883 914 2920 ’ξ
928 2883 950 2920 Ε

156 2915 179 2931 ⁷.
193 2892 212 2901 ’-
229 2892 265 2912 ιη
277 2892 344 2920 etag.
363 2892 423 2912 Jac.
443 2892 514 2916 για..
532 2892 552 2912 ι.
573 2892 617 2917 ιιι,
634 2892 662 2920 p.
683 2892 751 2925 ιζιιιο
766 2892 823 2918 seq.
895 2892 914 2899 ἠ
928 2892 948 2910 ιι

190 2919 279 2948 Cone.
298 2918 400 2953 Clinia,
416 2923 470 2948 act.
491 2920 534 2947 li.
572 2920 594 2937 "
612 2920 751 2947 Prtedtxit.
771 2919 800 2946 ln
825 2918 876 2947 V‘it.
898 2918 925 2945 S.

979 2882 1063 2909 stolis.
1082 2882 1143 2909 Vid.
1161 2885 1180 2908 t.
1195 2881 1239 2912 ιν,
1261 2879 1340 2914 epist.
1357 2878 1402 2910 29,
1431 2877 1475 2909 42,
1494 2876 1537 2909 i5,
1560 2876 1605 2907 79,
1629 2872 1677 2901 ll5
1694 2881 1720 2900 et
1740 2870 1798 2900 Ησ.

968 2917 1094 2954 uthymii.
