  <div class='ocr_page' id='page_1' title='image "/cluster/home/n/w/nwhite01/storage/ocr_20150623/84:no.5/coo.31924054869858/071.png"; bbox 0 0 4080 6496; ppageno 0'>
   <div class='ocr_carea' id='block_1_1' title="bbox 479 364 3739 470">
    <p class='ocr_par' dir='ltr' id='par_1_1' title="bbox 479 364 3739 470">
     <span class='ocr_line' id='line_1_1' title="bbox 479 364 3739 470; baseline -0.002 -8"><span class='ocrx_word' id='word_1_1' title='bbox 479 386 579 456; x_wconf 66' lang='lat'><strong>1&#39;27</strong></span> <span class='ocrx_word' id='word_1_2' title='bbox 1609 364 1987 459; x_wconf 70' lang='lat' dir='ltr'><strong>GARNERII</strong></span> <span class='ocrx_word' id='word_1_3' title='bbox 2029 399 2526 460; x_wconf 82' lang='lat' dir='ltr'><strong>DlSSERTATIO</strong></span> <span class='ocrx_word' id='word_1_4' title='bbox 2566 400 2611 459; x_wconf 84' lang='grc' dir='ltr'><strong>Ι.</strong></span> <span class='ocrx_word' id='word_1_5' title='bbox 3635 405 3739 470; x_wconf 64' lang='grc' dir='ltr'><strong>ηδ</strong></span> 
     </span>
    </p>
   </div>
   <div class='ocr_carea' id='block_1_2' title="bbox 479 508 3738 585">
    <p class='ocr_par' dir='ltr' id='par_1_2' title="bbox 479 508 3738 585">
     <span class='ocr_line' id='line_1_2' title="bbox 479 508 3738 585; baseline 0.002 -20"><span class='ocrx_word' id='word_1_6' title='bbox 479 510 605 565; x_wconf 87' lang='lat' dir='ltr'><strong>dem</strong></span> <span class='ocrx_word' id='word_1_7' title='bbox 628 508 911 564; x_wconf 88' lang='lat' dir='ltr'><strong>obtineret</strong></span> <span class='ocrx_word' id='word_1_8' title='bbox 935 509 1142 575; x_wconf 80' lang='lat' dir='ltr'><strong>sedem,</strong></span> <span class='ocrx_word' id='word_1_9' title='bbox 1170 510 1267 565; x_wconf 89' lang='lat' dir='ltr'><strong>sed</strong></span> <span class='ocrx_word' id='word_1_10' title='bbox 1292 525 1412 566; x_wconf 90' lang='lat' dir='ltr'><strong>eam</strong></span> <span class='ocrx_word' id='word_1_11' title='bbox 1438 511 1543 582; x_wconf 86' lang='lat' dir='ltr'><strong>ipsi</strong></span> <span class='ocrx_word' id='word_1_12' title='bbox 1566 525 1758 569; x_wconf 80' lang='lat' dir='ltr'><strong>rursus</strong></span> <span class='ocrx_word' id='word_1_13' title='bbox 1775 516 2060 570; x_wconf 76' lang='lat' dir='ltr'><strong>auferrent</strong></span> <span class='ocrx_word' id='word_1_14' title='bbox 2089 522 2131 577; x_wconf 79' lang='grc' dir='ltr'>Α</span> <span class='ocrx_word' id='word_1_15' title='bbox 2161 514 2416 583; x_wconf 79' lang='lat' dir='ltr'><strong>pluribus</strong></span> <span class='ocrx_word' id='word_1_16' title='bbox 2454 515 2605 569; x_wconf 87' lang='lat' dir='ltr'><strong>enim</strong></span> <span class='ocrx_word' id='word_1_17' title='bbox 2659 513 2784 569; x_wconf 92' lang='lat' dir='ltr'><strong>ﬁdei</strong></span> <span class='ocrx_word' id='word_1_18' title='bbox 2830 514 3089 585; x_wconf 82' lang='lat' dir='ltr'><strong>pacisque</strong></span> <span class='ocrx_word' id='word_1_19' title='bbox 3115 514 3430 572; x_wconf 79' lang='lat' dir='ltr'><strong>amantibus</strong></span> <span class='ocrx_word' id='word_1_20' title='bbox 3477 518 3619 573; x_wconf 90' lang='lat' dir='ltr'><strong>velle</strong></span> <span class='ocrx_word' id='word_1_21' title='bbox 3650 518 3738 573; x_wconf 69' lang='lat' dir='ltr'><strong>Vie-</strong></span> 
     </span>
    </p>
   </div>
   <div class='ocr_carea' id='block_1_3' title="bbox 484 600 3736 679">
    <p class='ocr_par' dir='ltr' id='par_1_3' title="bbox 484 600 3736 679">
     <span class='ocr_line' id='line_1_3' title="bbox 484 600 3736 679; baseline 0.003 -25"><span class='ocrx_word' id='word_1_22' title='bbox 484 600 646 671; x_wconf 60' lang='grc'><strong>174</strong></span> <span class='ocrx_word' id='word_1_23' title='bbox 675 601 802 655; x_wconf 89' lang='lat' dir='ltr'><strong>mali</strong></span> <span class='ocrx_word' id='word_1_24' title='bbox 828 600 1080 657; x_wconf 85' lang='lat' dir='ltr'><strong>homines</strong></span> <span class='ocrx_word' id='word_1_25' title='bbox 1109 610 1273 671; x_wconf 88' lang='lat' dir='ltr'><strong>atque</strong></span> <span class='ocrx_word' id='word_1_26' title='bbox 1300 601 2062 677; x_wconf 70' lang='lat' dir='ltr'><strong>prmstigiatores,.postquam</strong></span> <span class='ocrx_word' id='word_1_27' title='bbox 2164 609 2420 674; x_wconf 88' lang='lat' dir='ltr'><strong>debatur,</strong></span> <span class='ocrx_word' id='word_1_28' title='bbox 2456 610 2543 663; x_wconf 85' lang='lat' dir='ltr'><strong>vel</strong></span> <span class='ocrx_word' id='word_1_29' title='bbox 2573 609 2626 662; x_wconf 93' lang='lat' dir='ltr'><strong>in</strong></span> <span class='ocrx_word' id='word_1_30' title='bbox 2659 608 2902 679; x_wconf 79' lang='lat' dir='ltr'><strong>synodis,</strong></span> <span class='ocrx_word' id='word_1_31' title='bbox 2941 624 3078 677; x_wconf 88' lang='lat' dir='ltr'><strong>quas</strong></span> <span class='ocrx_word' id='word_1_32' title='bbox 3100 606 3360 677; x_wconf 76' lang='lat' dir='ltr'><strong>frequens</strong></span> <span class='ocrx_word' id='word_1_33' title='bbox 3385 624 3484 663; x_wconf 92' lang='lat' dir='ltr'><strong>suo</strong></span> <span class='ocrx_word' id='word_1_34' title='bbox 3505 610 3736 664; x_wconf 90' lang='lat' dir='ltr'><strong>consilio</strong></span> 
     </span>
    </p>
   </div>
   <div class='ocr_carea' id='block_1_4' title="bbox 480 687 3737 771">
    <p class='ocr_par' dir='ltr' id='par_1_4' title="bbox 480 687 3737 771">
     <span class='ocr_line' id='line_1_4' title="bbox 480 687 3737 771; baseline 0.002 -24"><span class='ocrx_word' id='word_1_35' title='bbox 480 693 550 747; x_wconf 87' lang='lat' dir='ltr'><strong>ab</strong></span> <span class='ocrx_word' id='word_1_36' title='bbox 579 692 690 748; x_wconf 86' lang='lat' dir='ltr'><strong>illis</strong></span> <span class='ocrx_word' id='word_1_37' title='bbox 716 692 871 762; x_wconf 87' lang='lat' dir='ltr'><strong>prius</strong></span> <span class='ocrx_word' id='word_1_38' title='bbox 897 708 1009 763; x_wconf 67' lang='lat' dir='ltr'><strong>prae</strong></span> <span class='ocrx_word' id='word_1_39' title='bbox 1035 693 1349 763; x_wconf 84' lang='lat' dir='ltr'><strong>ignorantia</strong></span> <span class='ocrx_word' id='word_1_40' title='bbox 1377 697 1639 752; x_wconf 87' lang='lat' dir='ltr'><strong>seductus</strong></span> <span class='ocrx_word' id='word_1_41' title='bbox 1661 708 1830 754; x_wconf 84' lang='lat' dir='ltr'><strong>esset.</strong></span> <span class='ocrx_word' id='word_1_42' title='bbox 1861 718 1879 751; x_wconf 73' lang='grc' dir='ltr'><strong><em>ι</em></strong></span> <span class='ocrx_word' id='word_1_43' title='bbox 2163 701 2423 771; x_wconf 86' lang='lat' dir='ltr'><strong>cogebat,</strong></span> <span class='ocrx_word' id='word_1_44' title='bbox 2477 687 2736 770; x_wconf 64' lang='lat' dir='ltr'><strong>piistinas</strong></span> <span class='ocrx_word' id='word_1_45' title='bbox 2765 699 2955 754; x_wconf 90' lang='lat' dir='ltr'><strong>turbas</strong></span> <span class='ocrx_word' id='word_1_46' title='bbox 2977 698 3250 765; x_wconf 81' lang='lat' dir='ltr'><strong>excitare;</strong></span> <span class='ocrx_word' id='word_1_47' title='bbox 3313 700 3398 754; x_wconf 90' lang='lat' dir='ltr'><strong>vel</strong></span> <span class='ocrx_word' id='word_1_48' title='bbox 3424 702 3590 755; x_wconf 89' lang='lat' dir='ltr'><strong>etiam</strong></span> <span class='ocrx_word' id='word_1_49' title='bbox 3618 701 3737 755; x_wconf 78' lang='lat' dir='ltr'><strong>elo-</strong></span> 
     </span>
    </p>
   </div>
   <div class='ocr_carea' id='block_1_5' title="bbox 527 783 3730 863">
    <p class='ocr_par' dir='ltr' id='par_1_5' title="bbox 527 783 3730 863">
     <span class='ocr_line' id='line_1_5' title="bbox 527 783 3730 863; baseline 0.004 -31"><span class='ocrx_word' id='word_1_50' title='bbox 527 783 615 837; x_wconf 90' lang='lat' dir='ltr'><strong>.Il.</strong></span> <span class='ocrx_word' id='word_1_51' title='bbox 640 783 934 839; x_wconf 76' lang='lat' dir='ltr'><strong>Elﬂuxerat</strong></span> <span class='ocrx_word' id='word_1_52' title='bbox 952 784 1065 839; x_wconf 89' lang='lat' dir='ltr'><strong>fere</strong></span> <span class='ocrx_word' id='word_1_53' title='bbox 1088 786 1515 853; x_wconf 89' lang='lat' dir='ltr'><strong>quadriennium</strong></span> <span class='ocrx_word' id='word_1_54' title='bbox 1540 790 1609 843; x_wconf 91' lang='lat' dir='ltr'><strong>ab</strong></span> <span class='ocrx_word' id='word_1_55' title='bbox 1637 791 1790 845; x_wconf 86' lang='lat' dir='ltr'><strong>obitu</strong></span> <span class='ocrx_word' id='word_1_56' title='bbox 1812 790 2060 855; x_wconf 79' lang='lat' dir='ltr'><strong>Joannis,</strong></span> <span class='ocrx_word' id='word_1_57' title='bbox 2164 794 2389 863; x_wconf 90' lang='lat' dir='ltr'><strong>quentia</strong></span> <span class='ocrx_word' id='word_1_58' title='bbox 2423 802 2480 848; x_wconf 92' lang='lat' dir='ltr'><strong>et</strong></span> <span class='ocrx_word' id='word_1_59' title='bbox 2517 792 2843 847; x_wconf 84' lang='lat' dir='ltr'><strong>auctoritate</strong></span> <span class='ocrx_word' id='word_1_60' title='bbox 2876 798 3205 859; x_wconf 82' lang='lat' dir='ltr'><strong>prostratam</strong></span> <span class='ocrx_word' id='word_1_61' title='bbox 3233 791 3468 847; x_wconf 69' lang='lat' dir='ltr'><strong>haeresin</strong></span> <span class='ocrx_word' id='word_1_62' title='bbox 3499 792 3730 863; x_wconf 79' lang='lat' dir='ltr'><strong>erigere.</strong></span> 
     </span>
    </p>
   </div>
   <div class='ocr_carea' id='block_1_6' title="bbox 480 873 3741 953">
    <p class='ocr_par' dir='ltr' id='par_1_6' title="bbox 480 873 3741 953">
     <span class='ocr_line' id='line_1_6' title="bbox 480 873 3741 953; baseline 0.002 -25"><span class='ocrx_word' id='word_1_63' title='bbox 480 888 606 928; x_wconf 90' lang='lat' dir='ltr'><strong>cum</strong></span> <span class='ocrx_word' id='word_1_64' title='bbox 646 873 738 928; x_wconf 90' lang='lat' dir='ltr'><strong>die</strong></span> <span class='ocrx_word' id='word_1_65' title='bbox 779 890 925 929; x_wconf 85' lang='lat' dir='ltr'><strong>nona</strong></span> <span class='ocrx_word' id='word_1_66' title='bbox 961 876 1114 932; x_wconf 84' lang='lat' dir='ltr'><strong>Junii</strong></span> <span class='ocrx_word' id='word_1_67' title='bbox 1165 880 1421 949; x_wconf 78' lang='lat' dir='ltr'><strong>migravit</strong></span> <span class='ocrx_word' id='word_1_68' title='bbox 1462 880 1531 934; x_wconf 88' lang='lat' dir='ltr'><strong>ad</strong></span> <span class='ocrx_word' id='word_1_69' title='bbox 1551 897 1782 951; x_wconf 86' lang='lat' dir='ltr'><strong>superos</strong></span> <span class='ocrx_word' id='word_1_70' title='bbox 1804 880 2061 953; x_wconf 77' lang='lat' dir='ltr'><strong>Cyrillus,</strong></span> <span class='ocrx_word' id='word_1_71' title='bbox 2235 881 2537 948; x_wconf 83' lang='lat' dir='ltr'><strong>VLQuare,</strong></span> <span class='ocrx_word' id='word_1_72' title='bbox 2560 890 2681 950; x_wconf 89' lang='lat' dir='ltr'><strong>post</strong></span> <span class='ocrx_word' id='word_1_73' title='bbox 2702 879 2830 934; x_wconf 89' lang='lat' dir='ltr'><strong>anni</strong></span> <span class='ocrx_word' id='word_1_74' title='bbox 2856 879 3055 948; x_wconf 86' lang='lat' dir='ltr'><strong>integri</strong></span> <span class='ocrx_word' id='word_1_75' title='bbox 3077 878 3741 950; x_wconf 81' lang='lat' dir='ltr'><strong>patientiam,imperator</strong></span> 
     </span>
    </p>
   </div>
   <div class='ocr_carea' id='block_1_7' title="bbox 480 966 3737 1044">
    <p class='ocr_par' dir='ltr' id='par_1_7' title="bbox 480 966 3737 1044">
     <span class='ocr_line' id='line_1_7' title="bbox 480 966 3737 1044; baseline 0.001 -25"><span class='ocrx_word' id='word_1_76' title='bbox 480 974 771 1035; x_wconf 80' lang='lat' dir='ltr'><strong>postquam</strong></span> <span class='ocrx_word' id='word_1_77' title='bbox 826 966 1254 1025; x_wconf 82' lang='lat' dir='ltr'><strong>Alexandrinam</strong></span> <span class='ocrx_word' id='word_1_78' title='bbox 1298 971 1603 1028; x_wconf 85' lang='lat' dir='ltr'><strong>Ecclesiam</strong></span> <span class='ocrx_word' id='word_1_79' title='bbox 1658 974 1883 1044; x_wconf 77' lang='lat' dir='ltr'><strong>triginta</strong></span> <span class='ocrx_word' id='word_1_80' title='bbox 1923 975 2066 1030; x_wconf 86' lang='lat' dir='ltr'><strong>duos</strong></span> <span class='ocrx_word' id='word_1_81' title='bbox 2165 972 2460 1028; x_wconf 78' lang='lat' dir='ltr'><strong>Antiochia</strong></span> <span class='ocrx_word' id='word_1_82' title='bbox 2495 973 2773 1026; x_wconf 87' lang='lat' dir='ltr'><strong>abstinere</strong></span> <span class='ocrx_word' id='word_1_83' title='bbox 2811 970 3189 1026; x_wconf 89' lang='lat' dir='ltr'><strong>turbulentum</strong></span> <span class='ocrx_word' id='word_1_84' title='bbox 3240 970 3521 1025; x_wconf 87' lang='lat' dir='ltr'><strong>hominem</strong></span> <span class='ocrx_word' id='word_1_85' title='bbox 3550 972 3737 1041; x_wconf 86' lang='lat' dir='ltr'><strong>jussit,</strong></span> 
     </span>
    </p>
   </div>
   <div class='ocr_carea' id='block_1_8' title="bbox 482 1057 3740 1134">
    <p class='ocr_par' dir='ltr' id='par_1_8' title="bbox 482 1057 3740 1134">
     <span class='ocr_line' id='line_1_8' title="bbox 482 1057 3740 1134; baseline 0.002 -25"><span class='ocrx_word' id='word_1_86' title='bbox 482 1070 659 1110; x_wconf 88' lang='lat' dir='ltr'><strong>annos</strong></span> <span class='ocrx_word' id='word_1_87' title='bbox 690 1057 944 1112; x_wconf 80' lang='lat' dir='ltr'><strong>rexisset.</strong></span> <span class='ocrx_word' id='word_1_88' title='bbox 984 1060 1161 1115; x_wconf 87' lang='lat' dir='ltr'><strong>Flevit</strong></span> <span class='ocrx_word' id='word_1_89' title='bbox 1188 1060 1453 1134; x_wconf 58' lang='lat' dir='ltr'><strong>ngyptus</strong></span> <span class='ocrx_word' id='word_1_90' title='bbox 1477 1065 1790 1133; x_wconf 73' lang='lat' dir='ltr'><strong>praesulem,</strong></span> <span class='ocrx_word' id='word_1_91' title='bbox 1819 1065 2065 1120; x_wconf 88' lang='lat' dir='ltr'><strong>Ecclesia</strong></span> <span class='ocrx_word' id='word_1_92' title='bbox 2166 1064 2390 1132; x_wconf 85' lang='lat' dir='ltr'><strong>suisque</strong></span> <span class='ocrx_word' id='word_1_93' title='bbox 2425 1062 2700 1132; x_wconf 88' lang='lat' dir='ltr'><strong>parochiis</strong></span> <span class='ocrx_word' id='word_1_94' title='bbox 2726 1062 2807 1117; x_wconf 90' lang='lat' dir='ltr'><strong>sic</strong></span> <span class='ocrx_word' id='word_1_95' title='bbox 2851 1069 3109 1129; x_wconf 88' lang='lat' dir='ltr'><strong>tanquam</strong></span> <span class='ocrx_word' id='word_1_96' title='bbox 3152 1060 3386 1115; x_wconf 88' lang='lat' dir='ltr'><strong>honesto</strong></span> <span class='ocrx_word' id='word_1_97' title='bbox 3429 1076 3646 1117; x_wconf 88' lang='lat' dir='ltr'><strong>carcere</strong></span> <span class='ocrx_word' id='word_1_98' title='bbox 3680 1078 3740 1117; x_wconf 87' lang='lat' dir='ltr'><strong>se</strong></span> 
     </span>
    </p>
   </div>
   <div class='ocr_carea' id='block_1_9' title="bbox 483 1148 3742 1224">
    <p class='ocr_par' dir='ltr' id='par_1_9' title="bbox 483 1148 3742 1224">
     <span class='ocr_line' id='line_1_9' title="bbox 483 1148 3742 1224; baseline 0.001 -21"><span class='ocrx_word' id='word_1_99' title='bbox 483 1148 785 1211; x_wconf 87' lang='lat' dir='ltr'><strong>doctorem,</strong></span> <span class='ocrx_word' id='word_1_100' title='bbox 803 1149 955 1204; x_wconf 91' lang='lat' dir='ltr'><strong>orbis</strong></span> <span class='ocrx_word' id='word_1_101' title='bbox 971 1150 1151 1205; x_wconf 90' lang='lat' dir='ltr'><strong>virum</strong></span> <span class='ocrx_word' id='word_1_102' title='bbox 1167 1152 1473 1207; x_wconf 88' lang='lat' dir='ltr'><strong>constantis</strong></span> <span class='ocrx_word' id='word_1_103' title='bbox 1489 1152 1637 1219; x_wconf 84' lang='lat' dir='ltr'><strong>ﬁdei,</strong></span> <span class='ocrx_word' id='word_1_104' title='bbox 1659 1155 1840 1224; x_wconf 83' lang='lat' dir='ltr'><strong>magni</strong></span> <span class='ocrx_word' id='word_1_105' title='bbox 1862 1153 2055 1220; x_wconf 90' lang='lat' dir='ltr'><strong>animi,</strong></span> <span class='ocrx_word' id='word_1_106' title='bbox 2166 1152 2473 1207; x_wconf 87' lang='lat' dir='ltr'><strong>continere.</strong></span> <span class='ocrx_word' id='word_1_107' title='bbox 2509 1150 2645 1204; x_wconf 81' lang='lat' dir='ltr'><strong>Rem</strong></span> <span class='ocrx_word' id='word_1_108' title='bbox 2677 1158 2869 1203; x_wconf 90' lang='lat' dir='ltr'><strong>narrat</strong></span> <span class='ocrx_word' id='word_1_109' title='bbox 2900 1148 3281 1202; x_wconf 88' lang='lat' dir='ltr'><strong>Theodoretus</strong></span> <span class='ocrx_word' id='word_1_110' title='bbox 3307 1149 3423 1217; x_wconf 90' lang='lat' dir='ltr'><strong>ipse</strong></span> <span class='ocrx_word' id='word_1_111' title='bbox 3452 1149 3506 1203; x_wconf 91' lang='lat' dir='ltr'><strong>in</strong></span> <span class='ocrx_word' id='word_1_112' title='bbox 3542 1150 3742 1205; x_wconf 84' lang='lat' dir='ltr'><strong>litteris</strong></span> 
     </span>
    </p>
   </div>
   <div class='ocr_carea' id='block_1_10' title="bbox 482 1238 3738 1314">
    <p class='ocr_par' dir='ltr' id='par_1_10' title="bbox 482 1238 3738 1314">
     <span class='ocr_line' id='line_1_10' title="bbox 482 1238 3738 1314; baseline 0.001 -20"><span class='ocrx_word' id='word_1_113' title='bbox 482 1238 816 1295; x_wconf 80' lang='lat' dir='ltr'><strong>eruditionis</strong></span> <span class='ocrx_word' id='word_1_114' title='bbox 854 1242 1092 1307; x_wconf 69' lang='lat' dir='ltr'><strong>eximiae,</strong></span> <span class='ocrx_word' id='word_1_115' title='bbox 1143 1243 1361 1298; x_wconf 55' lang='lat' dir='ltr'><strong>invictas</strong></span> <span class='ocrx_word' id='word_1_116' title='bbox 1406 1244 1625 1314; x_wconf 89' lang='lat' dir='ltr'><strong>pietatis</strong></span> <span class='ocrx_word' id='word_1_117' title='bbox 1676 1246 1731 1300; x_wconf 91' lang='lat' dir='ltr'><strong>in</strong></span> <span class='ocrx_word' id='word_1_118' title='bbox 1759 1245 2063 1309; x_wconf 87' lang='lat' dir='ltr'><strong>Christum,</strong></span> <span class='ocrx_word' id='word_1_119' title='bbox 2167 1244 2234 1299; x_wconf 89' lang='lat' dir='ltr'><strong>ad</strong></span> <span class='ocrx_word' id='word_1_120' title='bbox 2262 1242 2560 1297; x_wconf 86' lang='lat' dir='ltr'><strong>Eusebium</strong></span> <span class='ocrx_word' id='word_1_121' title='bbox 2606 1241 2832 1311; x_wconf 65' lang='lat' dir='ltr'><strong>Ancyrae</strong></span> <span class='ocrx_word' id='word_1_122' title='bbox 2857 1240 3196 1309; x_wconf 86' lang='lat' dir='ltr'><strong>episcopum.</strong></span> <span class='ocrx_word' id='word_1_123' title='bbox 3243 1260 3262 1290; x_wconf 71' lang='grc' dir='ltr'><strong>Ι</strong></span> <span class='ocrx_word' id='word_1_124' title='bbox 3288 1240 3389 1305; x_wconf 84' lang='lat' dir='ltr'><strong>Qui</strong></span> <span class='ocrx_word' id='word_1_125' title='bbox 3430 1240 3738 1306; x_wconf 78' lang='lat' dir='ltr'><strong>Marcionis,</strong></span> 
     </span>
    </p>
   </div>
   <div class='ocr_carea' id='block_1_11' title="bbox 484 1330 3741 1407">
    <p class='ocr_par' dir='ltr' id='par_1_11' title="bbox 484 1330 3741 1407">
     <span class='ocr_line' id='line_1_11' title="bbox 484 1330 3741 1407; baseline 0.001 -22"><span class='ocrx_word' id='word_1_126' title='bbox 484 1330 780 1401; x_wconf 80' lang='lat' dir='ltr'><strong>singularis</strong></span> <span class='ocrx_word' id='word_1_127' title='bbox 819 1348 949 1404; x_wconf 87' lang='lat' dir='ltr'><strong>erga</strong></span> <span class='ocrx_word' id='word_1_128' title='bbox 980 1333 1266 1404; x_wconf 87' lang='lat' dir='ltr'><strong>Deiparam</strong></span> <span class='ocrx_word' id='word_1_129' title='bbox 1297 1335 1497 1401; x_wconf 87' lang='lat' dir='ltr'><strong>studii;</strong></span> <span class='ocrx_word' id='word_1_130' title='bbox 1549 1352 1676 1392; x_wconf 91' lang='lat' dir='ltr'><strong>eum</strong></span> <span class='ocrx_word' id='word_1_131' title='bbox 1700 1338 1938 1407; x_wconf 90' lang='lat' dir='ltr'><strong>denique</strong></span> <span class='ocrx_word' id='word_1_132' title='bbox 1971 1337 2065 1407; x_wconf 90' lang='lat' dir='ltr'><strong>qui</strong></span> <span class='ocrx_word' id='word_1_133' title='bbox 2168 1336 2348 1406; x_wconf 91' lang='lat' dir='ltr'><strong>inquit</strong></span> <span class='ocrx_word' id='word_1_134' title='bbox 2368 1334 2436 1399; x_wconf 81' lang='lat'><strong>&quot;,</strong></span> <span class='ocrx_word' id='word_1_135' title='bbox 2457 1342 2514 1389; x_wconf 88' lang='lat' dir='ltr'><strong>et</strong></span> <span class='ocrx_word' id='word_1_136' title='bbox 2538 1332 2813 1388; x_wconf 81' lang='lat' dir='ltr'><strong>Valentini</strong></span> <span class='ocrx_word' id='word_1_137' title='bbox 2844 1340 2901 1386; x_wconf 91' lang='lat' dir='ltr'><strong>et</strong></span> <span class='ocrx_word' id='word_1_138' title='bbox 2924 1332 3174 1397; x_wconf 80' lang='lat' dir='ltr'><strong>Manetis,</strong></span> <span class='ocrx_word' id='word_1_139' title='bbox 3205 1332 3547 1401; x_wconf 88' lang='lat' dir='ltr'><strong>aliorumque</strong></span> <span class='ocrx_word' id='word_1_140' title='bbox 3583 1333 3741 1387; x_wconf 80' lang='lat' dir='ltr'><strong>Doci-</strong></span> 
     </span>
    </p>
   </div>
   <div class='ocr_carea' id='block_1_12' title="bbox 483 1423 3742 1495">
    <p class='ocr_par' dir='ltr' id='par_1_12' title="bbox 483 1423 3742 1495">
     <span class='ocr_line' id='line_1_12' title="bbox 483 1423 3742 1495; baseline 0 -19"><span class='ocrx_word' id='word_1_141' title='bbox 483 1430 672 1491; x_wconf 86' lang='lat' dir='ltr'><strong>posset</strong></span> <span class='ocrx_word' id='word_1_142' title='bbox 702 1423 1046 1480; x_wconf 88' lang='lat' dir='ltr'><strong>conﬁdenter</strong></span> <span class='ocrx_word' id='word_1_143' title='bbox 1078 1440 1337 1495; x_wconf 88' lang='lat' dir='ltr'><strong>vereque,</strong></span> <span class='ocrx_word' id='word_1_144' title='bbox 1372 1435 1509 1482; x_wconf 88' lang='lat' dir='ltr'><strong>teste</strong></span> <span class='ocrx_word' id='word_1_145' title='bbox 1535 1427 1696 1492; x_wconf 58' lang='lat' dir='ltr'><strong>caelo,</strong></span> <span class='ocrx_word' id='word_1_146' title='bbox 1732 1428 1918 1483; x_wconf 88' lang='lat' dir='ltr'><strong>dicere</strong></span> <span class='ocrx_word' id='word_1_147' title='bbox 1940 1444 2068 1483; x_wconf 90' lang='lat' dir='ltr'><strong>cum</strong></span> <span class='ocrx_word' id='word_1_148' title='bbox 2172 1436 2348 1482; x_wconf 77' lang='lat' dir='ltr'><strong>tarum</strong></span> <span class='ocrx_word' id='word_1_149' title='bbox 2371 1423 2605 1479; x_wconf 80' lang='lat' dir='ltr'><strong>haeresin</strong></span> <span class='ocrx_word' id='word_1_150' title='bbox 2631 1423 2735 1478; x_wconf 88' lang='lat' dir='ltr'><strong>hac</strong></span> <span class='ocrx_word' id='word_1_151' title='bbox 2757 1431 2942 1478; x_wconf 88' lang='lat' dir='ltr'><strong>nostra</strong></span> <span class='ocrx_word' id='word_1_152' title='bbox 2960 1430 3282 1492; x_wconf 83' lang='lat' dir='ltr'><strong>tempestate</strong></span> <span class='ocrx_word' id='word_1_153' title='bbox 3296 1431 3580 1486; x_wconf 88' lang='lat' dir='ltr'><strong>renovant,</strong></span> <span class='ocrx_word' id='word_1_154' title='bbox 3598 1438 3742 1491; x_wconf 66' lang='lat' dir='ltr'><strong>aegre</strong></span> 
     </span>
    </p>
   </div>
   <div class='ocr_carea' id='block_1_13' title="bbox 484 1511 3743 1588">
    <p class='ocr_par' dir='ltr' id='par_1_13' title="bbox 484 1511 3743 1588">
     <span class='ocr_line' id='line_1_13' title="bbox 484 1511 3743 1588; baseline 0.001 -23"><span class='ocrx_word' id='word_1_155' title='bbox 484 1511 748 1581; x_wconf 87' lang='lat' dir='ltr'><strong>Apostolo</strong></span> <span class='ocrx_word' id='word_1_156' title='bbox 775 1529 789 1566; x_wconf 93' lang='lat'>:</span> <span class='ocrx_word' id='word_1_157' title='bbox 817 1512 1004 1569; x_wconf 87' lang='lat' dir='ltr'><strong>Certus</strong></span> <span class='ocrx_word' id='word_1_158' title='bbox 1029 1532 1169 1579; x_wconf 78' lang='lat' dir='ltr'><strong>sunt,</strong></span> <span class='ocrx_word' id='word_1_159' title='bbox 1203 1516 1341 1585; x_wconf 86' lang='lat' dir='ltr'><strong>quod</strong></span> <span class='ocrx_word' id='word_1_160' title='bbox 1367 1532 1534 1586; x_wconf 83' lang='lat' dir='ltr'><strong>neque</strong></span> <span class='ocrx_word' id='word_1_161' title='bbox 1563 1535 1725 1580; x_wconf 88' lang='lat' dir='ltr'><strong>mors,</strong></span> <span class='ocrx_word' id='word_1_162' title='bbox 1750 1534 1916 1588; x_wconf 85' lang='lat' dir='ltr'><strong>neque</strong></span> <span class='ocrx_word' id='word_1_163' title='bbox 1936 1519 2065 1582; x_wconf 84' lang='lat' dir='ltr'><strong>vita,</strong></span> <span class='ocrx_word' id='word_1_164' title='bbox 2169 1516 2405 1571; x_wconf 81' lang='lat' dir='ltr'><strong>ferentes</strong></span> <span class='ocrx_word' id='word_1_165' title='bbox 2435 1514 2667 1571; x_wconf 68' lang='lat' dir='ltr'><strong>hmresin</strong></span> <span class='ocrx_word' id='word_1_166' title='bbox 2689 1530 2719 1569; x_wconf 88' lang='lat' dir='ltr'><strong>a</strong></span> <span class='ocrx_word' id='word_1_167' title='bbox 2750 1529 2836 1569; x_wconf 90' lang='lat' dir='ltr'><strong>me</strong></span> <span class='ocrx_word' id='word_1_168' title='bbox 2871 1528 3026 1569; x_wconf 89' lang='lat' dir='ltr'><strong>suam</strong></span> <span class='ocrx_word' id='word_1_169' title='bbox 3070 1521 3258 1583; x_wconf 89' lang='lat' dir='ltr'><strong>aperte</strong></span> <span class='ocrx_word' id='word_1_170' title='bbox 3298 1513 3590 1578; x_wconf 80' lang='lat' dir='ltr'><strong>confutari,</strong></span> <span class='ocrx_word' id='word_1_171' title='bbox 3644 1515 3743 1568; x_wconf 82' lang='lat' dir='ltr'><strong>im-</strong></span> 
     </span>
    </p>
   </div>
   <div class='ocr_carea' id='block_1_14' title="bbox 488 1604 3746 1679">
    <p class='ocr_par' dir='ltr' id='par_1_14' title="bbox 488 1604 3746 1679">
     <span class='ocr_line' id='line_1_14' title="bbox 488 1604 3746 1679; baseline 0.002 -25"><span class='ocrx_word' id='word_1_172' title='bbox 488 1619 655 1673; x_wconf 85' lang='lat' dir='ltr'><strong>neque</strong></span> <span class='ocrx_word' id='word_1_173' title='bbox 679 1604 889 1674; x_wconf 78' lang='lat' dir='ltr'><strong>Angeli,</strong></span> <span class='ocrx_word' id='word_1_174' title='bbox 917 1622 1082 1676; x_wconf 87' lang='lat' dir='ltr'><strong>neque</strong></span> <span class='ocrx_word' id='word_1_175' title='bbox 1110 1606 1472 1679; x_wconf 81' lang='lat' dir='ltr'><strong>Principatus,</strong></span> <span class='ocrx_word' id='word_1_176' title='bbox 1507 1625 1674 1679; x_wconf 84' lang='lat' dir='ltr'><strong>neque</strong></span> <span class='ocrx_word' id='word_1_177' title='bbox 1705 1609 1950 1675; x_wconf 77' lang='lat' dir='ltr'><strong>Virtutes,</strong></span> <span class='ocrx_word' id='word_1_178' title='bbox 1975 1626 2069 1663; x_wconf 87' lang='lat' dir='ltr'><strong>ne-</strong></span> <span class='ocrx_word' id='word_1_179' title='bbox 2170 1607 2439 1678; x_wconf 88' lang='lat' dir='ltr'><strong>peratoris</strong></span> <span class='ocrx_word' id='word_1_180' title='bbox 2459 1622 2621 1662; x_wconf 88' lang='lat' dir='ltr'><strong>aures</strong></span> <span class='ocrx_word' id='word_1_181' title='bbox 2655 1606 3054 1661; x_wconf 85' lang='lat' dir='ltr'><strong>circumvenire</strong></span> <span class='ocrx_word' id='word_1_182' title='bbox 3084 1605 3264 1660; x_wconf 84' lang='lat' dir='ltr'><strong>conati</strong></span> <span class='ocrx_word' id='word_1_183' title='bbox 3291 1605 3746 1669; x_wconf 67' lang='lat' dir='ltr'><strong>sunt,ha2reticos</strong></span> 
     </span>
    </p>
   </div>
   <div class='ocr_carea' id='block_1_15' title="bbox 486 1694 3745 1772">
    <p class='ocr_par' dir='ltr' id='par_1_15' title="bbox 486 1694 3745 1772">
     <span class='ocr_line' id='line_1_15' title="bbox 486 1694 3745 1772; baseline 0.001 -26"><span class='ocrx_word' id='word_1_184' title='bbox 486 1709 588 1763; x_wconf 79' lang='lat' dir='ltr'><strong>que</strong></span> <span class='ocrx_word' id='word_1_185' title='bbox 627 1694 906 1760; x_wconf 76' lang='lat' dir='ltr'><strong>instantia,</strong></span> <span class='ocrx_word' id='word_1_186' title='bbox 956 1714 1123 1768; x_wconf 83' lang='lat' dir='ltr'><strong>neque</strong></span> <span class='ocrx_word' id='word_1_187' title='bbox 1163 1699 1368 1768; x_wconf 77' lang='lat' dir='ltr'><strong>futura,</strong></span> <span class='ocrx_word' id='word_1_188' title='bbox 1404 1717 1569 1771; x_wconf 85' lang='lat' dir='ltr'><strong>neque</strong></span> <span class='ocrx_word' id='word_1_189' title='bbox 1600 1700 1873 1770; x_wconf 79' lang='lat' dir='ltr'><strong>fortitudo,</strong></span> <span class='ocrx_word' id='word_1_190' title='bbox 1905 1717 2071 1772; x_wconf 81' lang='lat' dir='ltr'><strong>neque</strong></span> <span class='ocrx_word' id='word_1_191' title='bbox 2171 1713 2271 1752; x_wconf 89' lang='lat' dir='ltr'><strong>nos</strong></span> <span class='ocrx_word' id='word_1_192' title='bbox 2294 1698 2651 1768; x_wconf 89' lang='lat' dir='ltr'><strong>appellantes,</strong></span> <span class='ocrx_word' id='word_1_193' title='bbox 2681 1706 2736 1751; x_wconf 92' lang='lat' dir='ltr'><strong>et</strong></span> <span class='ocrx_word' id='word_1_194' title='bbox 2756 1711 2925 1750; x_wconf 90' lang='lat' dir='ltr'><strong>unum</strong></span> <span class='ocrx_word' id='word_1_195' title='bbox 2958 1695 3248 1750; x_wconf 89' lang='lat' dir='ltr'><strong>Dominum</strong></span> <span class='ocrx_word' id='word_1_196' title='bbox 3273 1703 3520 1750; x_wconf 89' lang='lat' dir='ltr'><strong>nostrum</strong></span> <span class='ocrx_word' id='word_1_197' title='bbox 3558 1695 3745 1751; x_wconf 87' lang='lat' dir='ltr'><strong>Jesnm</strong></span> 
     </span>
    </p>
   </div>
   <div class='ocr_carea' id='block_1_16' title="bbox 488 1783 3750 1862">
    <p class='ocr_par' dir='ltr' id='par_1_16' title="bbox 488 1783 3750 1862">
     <span class='ocr_line' id='line_1_16' title="bbox 488 1783 3750 1862; baseline -0.001 -22"><span class='ocrx_word' id='word_1_198' title='bbox 488 1784 738 1852; x_wconf 82' lang='lat' dir='ltr'><strong>altitudo,</strong></span> <span class='ocrx_word' id='word_1_199' title='bbox 774 1805 939 1858; x_wconf 85' lang='lat' dir='ltr'><strong>neque</strong></span> <span class='ocrx_word' id='word_1_200' title='bbox 973 1791 1319 1859; x_wconf 80' lang='lat' dir='ltr'><strong>profundum,</strong></span> <span class='ocrx_word' id='word_1_201' title='bbox 1356 1808 1523 1862; x_wconf 85' lang='lat' dir='ltr'><strong>neque</strong></span> <span class='ocrx_word' id='word_1_202' title='bbox 1555 1802 1802 1846; x_wconf 85' lang='lat' dir='ltr'><strong>creatura</strong></span> <span class='ocrx_word' id='word_1_203' title='bbox 1832 1791 1943 1846; x_wconf 87' lang='lat' dir='ltr'><strong>alia</strong></span> <span class='ocrx_word' id='word_1_204' title='bbox 1972 1807 2070 1862; x_wconf 79' lang='grc' dir='ltr'><strong>ρο·</strong></span> <span class='ocrx_word' id='word_1_205' title='bbox 2105 1853 2137 1862; x_wconf 41' lang='grc' dir='ltr'><strong>κ</strong></span> <span class='ocrx_word' id='word_1_206' title='bbox 2170 1787 2474 1851; x_wconf 86' lang='lat' dir='ltr'><strong>Christum,</strong></span> <span class='ocrx_word' id='word_1_207' title='bbox 2502 1787 2851 1841; x_wconf 83' lang='lat' dir='ltr'><strong>incarnatum</strong></span> <span class='ocrx_word' id='word_1_208' title='bbox 2886 1786 3058 1839; x_wconf 92' lang='lat' dir='ltr'><strong>Deum</strong></span> <span class='ocrx_word' id='word_1_209' title='bbox 3090 1784 3331 1839; x_wconf 84' lang='lat' dir='ltr'><strong>Verbum</strong></span> <span class='ocrx_word' id='word_1_210' title='bbox 3358 1784 3413 1837; x_wconf 91' lang='lat' dir='ltr'><strong>in</strong></span> <span class='ocrx_word' id='word_1_211' title='bbox 3436 1783 3578 1840; x_wconf 88' lang='lat' dir='ltr'><strong>duos</strong></span> <span class='ocrx_word' id='word_1_212' title='bbox 3606 1784 3750 1839; x_wconf 81' lang='lat' dir='ltr'><strong>filios</strong></span> 
     </span>
    </p>
   </div>
   <div class='ocr_carea' id='block_1_17' title="bbox 489 1853 3747 1951">
    <p class='ocr_par' dir='ltr' id='par_1_17' title="bbox 489 1853 3747 1951">
     <span class='ocr_line' id='line_1_17' title="bbox 489 1853 3747 1951; baseline -0 -21"><span class='ocrx_word' id='word_1_213' title='bbox 489 1877 611 1930; x_wconf 84' lang='lat' dir='ltr'><strong>terit</strong></span> <span class='ocrx_word' id='word_1_214' title='bbox 644 1892 737 1930; x_wconf 87' lang='lat' dir='ltr'><strong>nos</strong></span> <span class='ocrx_word' id='word_1_215' title='bbox 762 1853 1015 1948; x_wconf 70' lang='lat' dir='ltr'><strong>separare</strong></span> <span class='ocrx_word' id='word_1_216' title='bbox 1046 1853 1083 1934; x_wconf 65' lang='grc' dir='ltr'><em>ά</em></span> <span class='ocrx_word' id='word_1_217' title='bbox 1106 1853 1368 1935; x_wconf 78' lang='lat' dir='ltr'><strong>cltaritate</strong></span> <span class='ocrx_word' id='word_1_218' title='bbox 1392 1853 1509 1948; x_wconf 74' lang='lat' dir='ltr'><strong>Dei,</strong></span> <span class='ocrx_word' id='word_1_219' title='bbox 1540 1898 1657 1951; x_wconf 65' lang='lat' dir='ltr'><strong>qua</strong></span> <span class='ocrx_word' id='word_1_220' title='bbox 1683 1891 1757 1936; x_wconf 85' lang='lat' dir='ltr'><strong>est</strong></span> <span class='ocrx_word' id='word_1_221' title='bbox 1783 1883 1838 1935; x_wconf 84' lang='lat' dir='ltr'><strong>in</strong></span> <span class='ocrx_word' id='word_1_222' title='bbox 1864 1853 2068 1937; x_wconf 73' lang='lat' dir='ltr'><strong>Christo</strong></span> <span class='ocrx_word' id='word_1_223' title='bbox 2105 1853 2142 1907; x_wconf 75' lang='grc' dir='ltr'><strong>Β</strong></span> <span class='ocrx_word' id='word_1_224' title='bbox 2173 1877 2419 1932; x_wconf 88' lang='lat' dir='ltr'><strong>dividere</strong></span> <span class='ocrx_word' id='word_1_225' title='bbox 2460 1877 2880 1930; x_wconf 87' lang='lat' dir='ltr'><strong>calumniantes.</strong></span> <span class='ocrx_word' id='word_1_226' title='bbox 2913 1874 3019 1929; x_wconf 88' lang='lat' dir='ltr'><strong>Sed</strong></span> <span class='ocrx_word' id='word_1_227' title='bbox 3062 1873 3249 1929; x_wconf 87' lang='lat' dir='ltr'><strong>verbis</strong></span> <span class='ocrx_word' id='word_1_228' title='bbox 3298 1873 3436 1938; x_wconf 87' lang='lat' dir='ltr'><strong>suis,</strong></span> <span class='ocrx_word' id='word_1_229' title='bbox 3468 1881 3530 1928; x_wconf 89' lang='lat' dir='ltr'><strong>ut</strong></span> <span class='ocrx_word' id='word_1_230' title='bbox 3559 1889 3747 1943; x_wconf 89' lang='lat' dir='ltr'><strong>spera-</strong></span> 
     </span>
    </p>
   </div>
   <div class='ocr_carea' id='block_1_18' title="bbox 487 1963 3750 2034">
    <p class='ocr_par' dir='ltr' id='par_1_18' title="bbox 487 1963 3750 2034">
     <span class='ocr_line' id='line_1_18' title="bbox 487 1963 3750 2034; baseline -0.001 -11"><span class='ocrx_word' id='word_1_231' title='bbox 487 1966 612 2023; x_wconf 83' lang='lat' dir='ltr'><strong>Jesu</strong></span> <span class='ocrx_word' id='word_1_232' title='bbox 643 1968 867 2023; x_wconf 84' lang='lat' dir='ltr'><strong>Domino</strong></span> <span class='ocrx_word' id='word_1_233' title='bbox 895 1981 1072 2025; x_wconf 82' lang='lat' dir='ltr'><strong>nostra</strong></span> <span class='ocrx_word' id='word_1_234' title='bbox 1098 1970 1138 2026; x_wconf 74' lang='grc' dir='ltr'><strong>ι.</strong></span> <span class='ocrx_word' id='word_1_235' title='bbox 2174 1964 2326 2027; x_wconf 81' lang='lat' dir='ltr'><strong>bant,</strong></span> <span class='ocrx_word' id='word_1_236' title='bbox 2360 1980 2467 2018; x_wconf 90' lang='lat' dir='ltr'><strong>non</strong></span> <span class='ocrx_word' id='word_1_237' title='bbox 2494 1972 2893 2034; x_wconf 88' lang='lat' dir='ltr'><strong>persuaserunt</strong></span> <span class='ocrx_word' id='word_1_238' title='bbox 2918 1981 2931 2016; x_wconf 90' lang='lat'>:</span> <span class='ocrx_word' id='word_1_239' title='bbox 2959 1978 3131 2032; x_wconf 90' lang='lat' dir='ltr'><strong>quare</strong></span> <span class='ocrx_word' id='word_1_240' title='bbox 3174 1963 3438 2033; x_wconf 89' lang='lat' dir='ltr'><strong>scriptum</strong></span> <span class='ocrx_word' id='word_1_241' title='bbox 3477 1972 3563 2019; x_wconf 90' lang='lat' dir='ltr'><strong>est</strong></span> <span class='ocrx_word' id='word_1_242' title='bbox 3593 1979 3750 2018; x_wconf 78' lang='lat' dir='ltr'><strong>com-</strong></span> 
     </span>
    </p>
   </div>
   <div class='ocr_carea' id='block_1_19' title="bbox 560 2048 2171 2129">
    <p class='ocr_par' dir='ltr' id='par_1_19' title="bbox 560 2048 2073 2129">
     <span class='ocr_line' id='line_1_19' title="bbox 560 2048 2073 2129; baseline 0.003 -18"><span class='ocrx_word' id='word_1_243' title='bbox 560 2057 649 2111; x_wconf 93' lang='lat' dir='ltr'><strong>lII.</strong></span> <span class='ocrx_word' id='word_1_244' title='bbox 704 2058 808 2114; x_wconf 89' lang='lat' dir='ltr'><strong>Ubi</strong></span> <span class='ocrx_word' id='word_1_245' title='bbox 855 2061 1096 2129; x_wconf 89' lang='lat' dir='ltr'><strong>primum</strong></span> <span class='ocrx_word' id='word_1_246' title='bbox 1158 2062 1356 2117; x_wconf 90' lang='lat' dir='ltr'><strong>mortis</strong></span> <span class='ocrx_word' id='word_1_247' title='bbox 1399 2063 1628 2118; x_wconf 90' lang='lat' dir='ltr'><strong>nuntius</strong></span> <span class='ocrx_word' id='word_1_248' title='bbox 1689 2063 1745 2118; x_wconf 90' lang='lat' dir='ltr'><strong>in</strong></span> <span class='ocrx_word' id='word_1_249' title='bbox 1790 2048 2073 2118; x_wconf 72' lang='lat' dir='ltr'><strong>Orientem</strong></span> 
     </span>
    </p>
   </div>
   <div class='ocr_carea' id='block_1_20' title="bbox 2138 2048 3749 2129">
    <p class='ocr_par' dir='ltr' id='par_1_20' title="bbox 2173 2051 3749 2122">
     <span class='ocr_line' id='line_1_20' title="bbox 2173 2051 3749 2122; baseline 0 -16"><span class='ocrx_word' id='word_1_250' title='bbox 2173 2052 2530 2107; x_wconf 87' lang='lat' dir='ltr'><strong>monitorium</strong></span> <span class='ocrx_word' id='word_1_251' title='bbox 2597 2051 3140 2122; x_wconf 82' lang='lat' dir='ltr'><strong>magniﬁcentissimo</strong></span> <span class='ocrx_word' id='word_1_252' title='bbox 3225 2060 3282 2117; x_wconf 86' lang='lat' dir='ltr'><strong>et</strong></span> <span class='ocrx_word' id='word_1_253' title='bbox 3353 2052 3749 2122; x_wconf 80' lang='lat' dir='ltr'><strong>gloriosissimo</strong></span> 
     </span>
    </p>
   </div>
   <div class='ocr_carea' id='block_1_21' title="bbox 492 2140 3750 2223">
    <p class='ocr_par' dir='ltr' id='par_1_21' title="bbox 492 2140 3750 2223">
     <span class='ocr_line' id='line_1_21' title="bbox 492 2140 3750 2223; baseline -0.002 -20"><span class='ocrx_word' id='word_1_254' title='bbox 492 2148 677 2205; x_wconf 87' lang='lat' dir='ltr'><strong>venit.</strong></span> <span class='ocrx_word' id='word_1_255' title='bbox 735 2150 1110 2207; x_wconf 83' lang='lat' dir='ltr'><strong>continerese</strong></span> <span class='ocrx_word' id='word_1_256' title='bbox 1144 2167 1257 2206; x_wconf 84' lang='lat' dir='ltr'><strong>non</strong></span> <span class='ocrx_word' id='word_1_257' title='bbox 1283 2154 1466 2222; x_wconf 72' lang='lat' dir='ltr'><strong>potuit,</strong></span> <span class='ocrx_word' id='word_1_258' title='bbox 1493 2153 1899 2218; x_wconf 59' lang='lat' dir='ltr'><strong>Theodoretus,</strong></span> <span class='ocrx_word' id='word_1_259' title='bbox 1938 2154 2073 2223; x_wconf 80' lang='lat' dir='ltr'><strong>quin</strong></span> <span class='ocrx_word' id='word_1_260' title='bbox 2173 2144 2435 2215; x_wconf 86' lang='lat' dir='ltr'><strong>magistro</strong></span> <span class='ocrx_word' id='word_1_261' title='bbox 2489 2143 2723 2198; x_wconf 91' lang='lat' dir='ltr'><strong>militum</strong></span> <span class='ocrx_word' id='word_1_262' title='bbox 2773 2141 3008 2205; x_wconf 90' lang='lat' dir='ltr'><strong>consuli,</strong></span> <span class='ocrx_word' id='word_1_263' title='bbox 3066 2140 3289 2195; x_wconf 56' lang='lat' dir='ltr'><strong>haeresis</strong></span> <span class='ocrx_word' id='word_1_264' title='bbox 3338 2143 3750 2196; x_wconf 86' lang='lat' dir='ltr'><strong>accusationem</strong></span> 
     </span>
    </p>
   </div>
   <div class='ocr_carea' id='block_1_22' title="bbox 492 2232 3751 2311">
    <p class='ocr_par' dir='ltr' id='par_1_22' title="bbox 492 2232 3751 2311">
     <span class='ocr_line' id='line_1_22' title="bbox 492 2232 3751 2311; baseline 0.002 -16"><span class='ocrx_word' id='word_1_265' title='bbox 492 2242 696 2311; x_wconf 79' lang='lat' dir='ltr'><strong>scripto</strong></span> <span class='ocrx_word' id='word_1_266' title='bbox 730 2243 914 2296; x_wconf 88' lang='lat' dir='ltr'><strong>statim</strong></span> <span class='ocrx_word' id='word_1_267' title='bbox 948 2252 1247 2299; x_wconf 74' lang='lat' dir='ltr'><strong>testaretur</strong></span> <span class='ocrx_word' id='word_1_268' title='bbox 1293 2246 1462 2299; x_wconf 89' lang='lat' dir='ltr'><strong>animi</strong></span> <span class='ocrx_word' id='word_1_269' title='bbox 1493 2247 1579 2301; x_wconf 89' lang='lat' dir='ltr'><strong>sui</strong></span> <span class='ocrx_word' id='word_1_270' title='bbox 1610 2262 1851 2302; x_wconf 83' lang='lat' dir='ltr'><strong>sensum.</strong></span> <span class='ocrx_word' id='word_1_271' title='bbox 1914 2245 2075 2301; x_wconf 84' lang='lat' dir='ltr'><strong>Dedit</strong></span> <span class='ocrx_word' id='word_1_272' title='bbox 2173 2235 2379 2289; x_wconf 81' lang='lat' dir='ltr'><strong>nullam</strong></span> <span class='ocrx_word' id='word_1_273' title='bbox 2406 2232 2717 2296; x_wconf 79' lang='lat' dir='ltr'><strong>continens.</strong></span> <span class='ocrx_word' id='word_1_274' title='bbox 2750 2232 2844 2286; x_wconf 82' lang='lat' dir='ltr'><strong>sed</strong></span> <span class='ocrx_word' id='word_1_275' title='bbox 2861 2232 2995 2286; x_wconf 77' lang='lat' dir='ltr'><strong>alias</strong></span> <span class='ocrx_word' id='word_1_276' title='bbox 3025 2232 3286 2301; x_wconf 75' lang='lat' dir='ltr'><strong>quasdam</strong></span> <span class='ocrx_word' id='word_1_277' title='bbox 3308 2246 3519 2295; x_wconf 63' lang='lat' dir='ltr'><strong>causas,</strong></span> <span class='ocrx_word' id='word_1_278' title='bbox 3545 2247 3751 2301; x_wconf 64' lang='lat' dir='ltr'><strong>easque</strong></span> 
     </span>
    </p>
   </div>
   <div class='ocr_carea' id='block_1_23' title="bbox 494 2321 3743 2407">
    <p class='ocr_par' dir='ltr' id='par_1_23' title="bbox 494 2321 3743 2407">
     <span class='ocr_line' id='line_1_23' title="bbox 494 2321 3743 2407; baseline -0.002 -29"><span class='ocrx_word' id='word_1_279' title='bbox 494 2331 662 2402; x_wconf 68' lang='lat' dir='ltr'><strong>igitur</strong></span> <span class='ocrx_word' id='word_1_280' title='bbox 684 2333 957 2388; x_wconf 69' lang='lat' dir='ltr'><strong>Damno&quot;</strong></span> <span class='ocrx_word' id='word_1_281' title='bbox 978 2334 1288 2390; x_wconf 66' lang='grc' dir='ltr'><strong>Αηιίοοῂῖερ</strong></span> <span class='ocrx_word' id='word_1_282' title='bbox 1308 2337 1566 2407; x_wconf 67' lang='lat' dir='ltr'><strong>episcopo</strong></span> <span class='ocrx_word' id='word_1_283' title='bbox 1582 2338 2074 2407; x_wconf 48' lang='lat' dir='ltr'><strong>epistolamquam</strong></span> <span class='ocrx_word' id='word_1_284' title='bbox 2174 2324 2356 2378; x_wconf 83' lang='lat' dir='ltr'><strong>falsas.</strong></span> <span class='ocrx_word' id='word_1_285' title='bbox 2388 2321 2637 2394; x_wconf 82' lang='lat' dir='ltr'><strong>Synodos</strong></span> <span class='ocrx_word' id='word_1_286' title='bbox 2668 2321 2815 2376; x_wconf 89' lang='lat' dir='ltr'><strong>enim</strong></span> <span class='ocrx_word' id='word_1_287' title='bbox 2861 2321 3085 2376; x_wconf 88' lang='lat' dir='ltr'><strong>aiebant</strong></span> <span class='ocrx_word' id='word_1_288' title='bbox 3115 2337 3201 2376; x_wconf 90' lang='lat' dir='ltr'><strong>me</strong></span> <span class='ocrx_word' id='word_1_289' title='bbox 3253 2321 3569 2391; x_wconf 79' lang='lat' dir='ltr'><strong>frequentes</strong></span> <span class='ocrx_word' id='word_1_290' title='bbox 3603 2321 3743 2391; x_wconf 66' lang='lat' dir='ltr'><strong>apud</strong></span> 
     </span>
    </p>
   </div>
   <div class='ocr_carea' id='block_1_24' title="bbox 491 2413 3749 2498">
    <p class='ocr_par' dir='ltr' id='par_1_24' title="bbox 491 2413 3749 2498">
     <span class='ocr_line' id='line_1_24' title="bbox 491 2413 3749 2498; baseline 0.001 -23"><span class='ocrx_word' id='word_1_291' title='bbox 491 2436 595 2492; x_wconf 86' lang='lat' dir='ltr'><strong>ego</strong></span> <span class='ocrx_word' id='word_1_292' title='bbox 614 2422 720 2492; x_wconf 90' lang='lat' dir='ltr'><strong>ipsi</strong></span> <span class='ocrx_word' id='word_1_293' title='bbox 744 2425 931 2478; x_wconf 90' lang='lat' dir='ltr'><strong>malim</strong></span> <span class='ocrx_word' id='word_1_294' title='bbox 955 2441 1078 2480; x_wconf 90' lang='lat' dir='ltr'><strong>cum</strong></span> <span class='ocrx_word' id='word_1_295' title='bbox 1101 2426 1338 2481; x_wconf 90' lang='lat' dir='ltr'><strong>concilio</strong></span> <span class='ocrx_word' id='word_1_296' title='bbox 1358 2429 1599 2498; x_wconf 86' lang='lat' dir='ltr'><strong>generali</strong></span> <span class='ocrx_word' id='word_1_297' title='bbox 1628 2428 1891 2493; x_wconf 91' lang='lat' dir='ltr'><strong>tribuere,</strong></span> <span class='ocrx_word' id='word_1_298' title='bbox 1910 2443 2073 2498; x_wconf 90' lang='lat' dir='ltr'><strong>quam</strong></span> <span class='ocrx_word' id='word_1_299' title='bbox 2176 2414 2523 2470; x_wconf 66' lang='grc' dir='ltr'><strong>Αηῐίοῡὶὶίθω</strong></span> <span class='ocrx_word' id='word_1_300' title='bbox 2555 2428 2879 2478; x_wconf 65' lang='lat' dir='ltr'><strong>convocare.</strong></span> <span class='ocrx_word' id='word_1_301' title='bbox 2904 2420 2959 2466; x_wconf 68' lang='grc' dir='ltr'><strong>ει</strong></span> <span class='ocrx_word' id='word_1_302' title='bbox 2981 2428 3045 2467; x_wconf 71' lang='grc' dir='ltr'><strong>εει</strong></span> <span class='ocrx_word' id='word_1_303' title='bbox 3081 2429 3141 2468; x_wconf 69' lang='lat' dir='ltr'><strong>re</strong></span> <span class='ocrx_word' id='word_1_304' title='bbox 3174 2413 3379 2469; x_wconf 62' lang='lat' dir='ltr'><strong>Offendi</strong></span> <span class='ocrx_word' id='word_1_305' title='bbox 3415 2413 3749 2477; x_wconf 65' lang='lat'><strong>11001101105;</strong></span> 
     </span>
    </p>
   </div>
   <div class='ocr_carea' id='block_1_25' title="bbox 494 2504 2105 2585">
    <p class='ocr_par' dir='ltr' id='par_1_25' title="bbox 494 2514 2076 2585">
     <span class='ocr_line' id='line_1_25' title="bbox 494 2514 2076 2585; baseline 0.004 -16"><span class='ocrx_word' id='word_1_306' title='bbox 494 2514 582 2569; x_wconf 90' lang='lat' dir='ltr'><strong>vel</strong></span> <span class='ocrx_word' id='word_1_307' title='bbox 627 2514 950 2585; x_wconf 86' lang='lat' dir='ltr'><strong>abjudicare</strong></span> <span class='ocrx_word' id='word_1_308' title='bbox 978 2533 1103 2572; x_wconf 92' lang='lat' dir='ltr'><strong>cum</strong></span> <span class='ocrx_word' id='word_1_309' title='bbox 1134 2516 1403 2584; x_wconf 87' lang='lat' dir='ltr'><strong>Baronio,</strong></span> <span class='ocrx_word' id='word_1_310' title='bbox 1448 2520 1536 2576; x_wconf 91' lang='lat' dir='ltr'><strong>vel</strong></span> <span class='ocrx_word' id='word_1_311' title='bbox 1562 2522 1576 2539; x_wconf 80' lang='lat'><strong><em>‘</em></strong></span> <span class='ocrx_word' id='word_1_312' title='bbox 1602 2535 1726 2574; x_wconf 93' lang='lat' dir='ltr'><strong>cum</strong></span> <span class='ocrx_word' id='word_1_313' title='bbox 1756 2520 1877 2575; x_wconf 89' lang='lat' dir='ltr'><strong>aliis</strong></span> <span class='ocrx_word' id='word_1_314' title='bbox 1908 2536 2076 2576; x_wconf 82' lang='lat' dir='ltr'><strong>vanas</strong></span> 
     </span>
    </p>
   </div>
   <div class='ocr_carea' id='block_1_26' title="bbox 2139 2504 3750 2585">
    <p class='ocr_par' dir='ltr' id='par_1_26' title="bbox 2177 2504 3750 2577">
     <span class='ocr_line' id='line_1_26' title="bbox 2177 2504 3750 2577; baseline -0.001 -17"><span class='ocrx_word' id='word_1_315' title='bbox 2177 2506 2407 2576; x_wconf 89' lang='lat' dir='ltr'><strong>proinde</strong></span> <span class='ocrx_word' id='word_1_316' title='bbox 2440 2507 2724 2577; x_wconf 88' lang='lat' dir='ltr'><strong>quiescere</strong></span> <span class='ocrx_word' id='word_1_317' title='bbox 2750 2521 2837 2561; x_wconf 93' lang='lat' dir='ltr'><strong>me</strong></span> <span class='ocrx_word' id='word_1_318' title='bbox 2865 2513 3142 2576; x_wconf 87' lang='lat' dir='ltr'><strong>oportere,</strong></span> <span class='ocrx_word' id='word_1_319' title='bbox 3172 2513 3228 2560; x_wconf 91' lang='lat' dir='ltr'><strong>et</strong></span> <span class='ocrx_word' id='word_1_320' title='bbox 3254 2505 3573 2561; x_wconf 88' lang='lat' dir='ltr'><strong>commissas</strong></span> <span class='ocrx_word' id='word_1_321' title='bbox 3614 2504 3750 2568; x_wconf 85' lang='lat' dir='ltr'><strong>mihi</strong></span> 
     </span>
    </p>
   </div>
   <div class='ocr_carea' id='block_1_27' title="bbox 495 2595 2106 2679">
    <p class='ocr_par' dir='ltr' id='par_1_27' title="bbox 495 2603 2077 2679">
     <span class='ocr_line' id='line_1_27' title="bbox 495 2603 2077 2679; baseline 0.004 -21"><span class='ocrx_word' id='word_1_322' title='bbox 495 2603 569 2658; x_wconf 89' lang='lat' dir='ltr'><strong>ob</strong></span> <span class='ocrx_word' id='word_1_323' title='bbox 594 2619 790 2658; x_wconf 88' lang='lat' dir='ltr'><strong>causas</strong></span> <span class='ocrx_word' id='word_1_324' title='bbox 810 2615 1122 2674; x_wconf 81' lang='lat' dir='ltr'><strong>suspectam</strong></span> <span class='ocrx_word' id='word_1_325' title='bbox 1150 2607 1374 2663; x_wconf 87' lang='lat' dir='ltr'><strong>habere.</strong></span> <span class='ocrx_word' id='word_1_326' title='bbox 1405 2609 1497 2663; x_wconf 90' lang='lat' dir='ltr'><strong>Illa</strong></span> <span class='ocrx_word' id='word_1_327' title='bbox 1521 2625 1649 2664; x_wconf 86' lang='lat' dir='ltr'><strong>vero</strong></span> <span class='ocrx_word' id='word_1_328' title='bbox 1673 2625 1797 2663; x_wconf 92' lang='lat' dir='ltr'><strong>cum</strong></span> <span class='ocrx_word' id='word_1_329' title='bbox 1823 2610 1980 2679; x_wconf 88' lang='lat' dir='ltr'><strong>plena</strong></span> <span class='ocrx_word' id='word_1_330' title='bbox 2004 2609 2077 2664; x_wconf 84' lang='lat' dir='ltr'><strong>sit</strong></span> 
     </span>
    </p>
   </div>
   <div class='ocr_carea' id='block_1_28' title="bbox 2141 2595 3752 2679">
    <p class='ocr_par' dir='ltr' id='par_1_28' title="bbox 2179 2595 3752 2668">
     <span class='ocr_line' id='line_1_28' title="bbox 2179 2595 3752 2668; baseline -0.002 -17"><span class='ocrx_word' id='word_1_331' title='bbox 2179 2598 2454 2653; x_wconf 88' lang='lat' dir='ltr'><strong>Ecclesias</strong></span> <span class='ocrx_word' id='word_1_332' title='bbox 2487 2598 2816 2668; x_wconf 85' lang='lat' dir='ltr'><strong>gubernare.</strong></span> <span class='ocrx_word' id='word_1_333' title='bbox 2840 2595 2955 2651; x_wconf 87' lang='lat' dir='ltr'><strong>Hoc</strong></span> <span class='ocrx_word' id='word_1_334' title='bbox 2979 2597 3146 2668; x_wconf 90' lang='lat' dir='ltr'><strong>igitur</strong></span> <span class='ocrx_word' id='word_1_335' title='bbox 3174 2604 3399 2652; x_wconf 84' lang='lat' dir='ltr'><strong>ostenso</strong></span> <span class='ocrx_word' id='word_1_336' title='bbox 3440 2596 3573 2650; x_wconf 91' lang='lat' dir='ltr'><strong>mihi</strong></span> <span class='ocrx_word' id='word_1_337' title='bbox 3598 2611 3752 2649; x_wconf 91' lang='lat' dir='ltr'><strong>com-</strong></span> 
     </span>
    </p>
   </div>
   <div class='ocr_carea' id='block_1_29' title="bbox 497 2689 3745 2769">
    <p class='ocr_par' dir='ltr' id='par_1_29' title="bbox 497 2689 3745 2769">
     <span class='ocr_line' id='line_1_29' title="bbox 497 2689 3745 2769; baseline -0.003 -19"><span class='ocrx_word' id='word_1_338' title='bbox 497 2692 743 2748; x_wconf 77' lang='lat' dir='ltr'><strong>collectae</strong></span> <span class='ocrx_word' id='word_1_339' title='bbox 787 2708 855 2747; x_wconf 81' lang='lat' dir='ltr'><strong>ex</strong></span> <span class='ocrx_word' id='word_1_340' title='bbox 901 2694 1064 2765; x_wconf 87' lang='lat' dir='ltr'><strong>longo</strong></span> <span class='ocrx_word' id='word_1_341' title='bbox 1113 2704 1357 2767; x_wconf 88' lang='lat' dir='ltr'><strong>tempore</strong></span> <span class='ocrx_word' id='word_1_342' title='bbox 1398 2697 1545 2761; x_wconf 89' lang='lat' dir='ltr'><strong>bilis,</strong></span> <span class='ocrx_word' id='word_1_343' title='bbox 1600 2698 2073 2769; x_wconf 90' lang='lat' dir='ltr'><strong>ostenditaperte,</strong></span> <span class='ocrx_word' id='word_1_344' title='bbox 2176 2692 2492 2757; x_wconf 90' lang='lat' dir='ltr'><strong>monitorio,</strong></span> <span class='ocrx_word' id='word_1_345' title='bbox 2511 2692 2795 2747; x_wconf 89' lang='lat' dir='ltr'><strong>decretum</strong></span> <span class='ocrx_word' id='word_1_346' title='bbox 2815 2689 3745 2759; x_wconf 60' lang='lat' dir='ltr'><strong>velutbonorumfontemarripui.»</strong></span> 
     </span>
    </p>
   </div>
   <div class='ocr_carea' id='block_1_30' title="bbox 495 2782 3757 2859">
    <p class='ocr_par' dir='ltr' id='par_1_30' title="bbox 495 2782 3757 2859">
     <span class='ocr_line' id='line_1_30' title="bbox 495 2782 3757 2859; baseline -0 -21"><span class='ocrx_word' id='word_1_347' title='bbox 495 2798 786 2853; x_wconf 88' lang='lat' dir='ltr'><strong>quousque</strong></span> <span class='ocrx_word' id='word_1_348' title='bbox 818 2784 1005 2839; x_wconf 76' lang='lat' dir='ltr'><strong>eﬂ‘erri</strong></span> <span class='ocrx_word' id='word_1_349' title='bbox 1029 2788 1205 2855; x_wconf 89' lang='lat' dir='ltr'><strong>possit</strong></span> <span class='ocrx_word' id='word_1_350' title='bbox 1245 2796 1341 2842; x_wconf 91' lang='lat' dir='ltr'><strong>aut</strong></span> <span class='ocrx_word' id='word_1_351' title='bbox 1365 2788 1547 2843; x_wconf 89' lang='lat' dir='ltr'><strong>furere</strong></span> <span class='ocrx_word' id='word_1_352' title='bbox 1577 2790 1760 2859; x_wconf 89' lang='lat' dir='ltr'><strong>potius</strong></span> <span class='ocrx_word' id='word_1_353' title='bbox 1795 2790 1954 2843; x_wconf 88' lang='lat' dir='ltr'><strong>illusa</strong></span> <span class='ocrx_word' id='word_1_354' title='bbox 1989 2806 2077 2846; x_wconf 89' lang='lat' dir='ltr'><strong>re-</strong></span> <span class='ocrx_word' id='word_1_355' title='bbox 2246 2786 2737 2843; x_wconf 88' lang='lat' dir='ltr'><strong>Commonitorium</strong></span> <span class='ocrx_word' id='word_1_356' title='bbox 2762 2785 2879 2855; x_wconf 88' lang='lat' dir='ltr'><strong>ipsa</strong></span> <span class='ocrx_word' id='word_1_357' title='bbox 2902 2784 3250 2855; x_wconf 88' lang='lat' dir='ltr'><strong>imperatoris</strong></span> <span class='ocrx_word' id='word_1_358' title='bbox 3280 2798 3467 2847; x_wconf 89' lang='lat' dir='ltr'><strong>manu,</strong></span> <span class='ocrx_word' id='word_1_359' title='bbox 3493 2782 3629 2837; x_wconf 89' lang='lat' dir='ltr'><strong>tanti</strong></span> <span class='ocrx_word' id='word_1_360' title='bbox 3666 2798 3757 2837; x_wconf 89' lang='lat' dir='ltr'><strong>res</strong></span> 
     </span>
    </p>
   </div>
   <div class='ocr_carea' id='block_1_31' title="bbox 494 2870 3756 2953">
    <p class='ocr_par' dir='ltr' id='par_1_31' title="bbox 494 2870 3756 2953">
     <span class='ocr_line' id='line_1_31' title="bbox 494 2870 3756 2953; baseline 0 -29"><span class='ocrx_word' id='word_1_361' title='bbox 494 2870 630 2943; x_wconf 86' lang='lat' dir='ltr'><strong>ligio</strong></span> <span class='ocrx_word' id='word_1_362' title='bbox 656 2891 669 2926; x_wconf 87' lang='lat'><strong>:</strong></span> <span class='ocrx_word' id='word_1_363' title='bbox 699 2872 868 2927; x_wconf 89' lang='lat' dir='ltr'><strong>habet</strong></span> <span class='ocrx_word' id='word_1_364' title='bbox 890 2874 1038 2928; x_wconf 87' lang='lat' dir='ltr'><strong>enim</strong></span> <span class='ocrx_word' id='word_1_365' title='bbox 1073 2876 1219 2930; x_wconf 84' lang='lat' dir='ltr'><strong>unde</strong></span> <span class='ocrx_word' id='word_1_366' title='bbox 1248 2878 1425 2931; x_wconf 88' lang='lat' dir='ltr'><strong>valeat</strong></span> <span class='ocrx_word' id='word_1_367' title='bbox 1448 2894 1635 2931; x_wconf 88' lang='lat' dir='ltr'><strong>creare</strong></span> <span class='ocrx_word' id='word_1_368' title='bbox 1658 2879 1950 2953; x_wconf 90' lang='lat' dir='ltr'><strong>horrorem</strong></span> <span class='ocrx_word' id='word_1_369' title='bbox 1977 2880 2079 2933; x_wconf 90' lang='lat' dir='ltr'><strong>im-</strong></span> <span class='ocrx_word' id='word_1_370' title='bbox 2177 2887 2316 2942; x_wconf 86' lang='lat' dir='ltr'><strong>erat,</strong></span> <span class='ocrx_word' id='word_1_371' title='bbox 2353 2885 2637 2933; x_wconf 83' lang='lat' dir='ltr'><strong>exaratum</strong></span> <span class='ocrx_word' id='word_1_372' title='bbox 2688 2875 2859 2932; x_wconf 87' lang='lat' dir='ltr'><strong>fuisse</strong></span> <span class='ocrx_word' id='word_1_373' title='bbox 2904 2882 3365 2944; x_wconf 80' lang='lat' dir='ltr'><strong>testaturzquare</strong></span> <span class='ocrx_word' id='word_1_374' title='bbox 3404 2873 3485 2928; x_wconf 88' lang='lat' dir='ltr'><strong>rei</strong></span> <span class='ocrx_word' id='word_1_375' title='bbox 3509 2873 3756 2927; x_wconf 88' lang='lat' dir='ltr'><strong>insolen-</strong></span> 
     </span>
    </p>
   </div>
   <div class='ocr_carea' id='block_1_32' title="bbox 495 2962 3757 3040">
    <p class='ocr_par' dir='ltr' id='par_1_32' title="bbox 495 2962 3757 3040">
     <span class='ocr_line' id='line_1_32' title="bbox 495 2962 3757 3040; baseline 0.001 -24"><span class='ocrx_word' id='word_1_376' title='bbox 495 2965 779 3036; x_wconf 68' lang='lat' dir='ltr'><strong>potentize,</strong></span> <span class='ocrx_word' id='word_1_377' title='bbox 833 2981 940 3036; x_wconf 90' lang='lat' dir='ltr'><strong>qua</strong></span> <span class='ocrx_word' id='word_1_378' title='bbox 980 2962 1159 3022; x_wconf 69' lang='lat' dir='ltr'><strong>caecus</strong></span> <span class='ocrx_word' id='word_1_379' title='bbox 1195 2969 1346 3023; x_wconf 87' lang='lat' dir='ltr'><strong>zelus</strong></span> <span class='ocrx_word' id='word_1_380' title='bbox 1377 2969 1581 3039; x_wconf 89' lang='lat' dir='ltr'><strong>abripit</strong></span> <span class='ocrx_word' id='word_1_381' title='bbox 1606 2970 1898 3040; x_wconf 89' lang='lat' dir='ltr'><strong>aliquando</strong></span> <span class='ocrx_word' id='word_1_382' title='bbox 1928 2971 2079 3025; x_wconf 90' lang='lat' dir='ltr'><strong>viros</strong></span> <span class='ocrx_word' id='word_1_383' title='bbox 2182 2970 2309 3023; x_wconf 88' lang='lat' dir='ltr'><strong>tiam</strong></span> <span class='ocrx_word' id='word_1_384' title='bbox 2350 2969 2604 3035; x_wconf 89' lang='lat' dir='ltr'><strong>miratus,</strong></span> <span class='ocrx_word' id='word_1_385' title='bbox 2633 2984 2698 3022; x_wconf 85' lang='lat' dir='ltr'><strong>ex</strong></span> <span class='ocrx_word' id='word_1_386' title='bbox 2721 2967 2975 3022; x_wconf 84' lang='lat' dir='ltr'><strong>Anatolio</strong></span> <span class='ocrx_word' id='word_1_387' title='bbox 3007 2965 3238 3036; x_wconf 85' lang='lat' dir='ltr'><strong>patricio</strong></span> <span class='ocrx_word' id='word_1_388' title='bbox 3269 2964 3471 3020; x_wconf 90' lang='lat' dir='ltr'><strong>litteris</strong></span> <span class='ocrx_word' id='word_1_389' title='bbox 3502 2964 3757 3019; x_wconf 87' lang='lat' dir='ltr'><strong>sciscita-</strong></span> 
     </span>
    </p>
   </div>
   <div class='ocr_carea' id='block_1_33' title="bbox 496 3054 3758 3126">
    <p class='ocr_par' dir='ltr' id='par_1_33' title="bbox 496 3054 3758 3126">
     <span class='ocr_line' id='line_1_33' title="bbox 496 3054 3758 3126; baseline 0.001 -18"><span class='ocrx_word' id='word_1_390' title='bbox 496 3054 678 3125; x_wconf 86' lang='lat' dir='ltr'><strong>magni</strong></span> <span class='ocrx_word' id='word_1_391' title='bbox 702 3055 926 3125; x_wconf 91' lang='lat' dir='ltr'><strong>quidem</strong></span> <span class='ocrx_word' id='word_1_392' title='bbox 953 3056 1144 3121; x_wconf 91' lang='lat' dir='ltr'><strong>animi,</strong></span> <span class='ocrx_word' id='word_1_393' title='bbox 1177 3057 1274 3112; x_wconf 90' lang='lat' dir='ltr'><strong>sed</strong></span> <span class='ocrx_word' id='word_1_394' title='bbox 1305 3059 1587 3112; x_wconf 89' lang='lat' dir='ltr'><strong>commoti.</strong></span> <span class='ocrx_word' id='word_1_395' title='bbox 2181 3070 2269 3116; x_wconf 91' lang='lat' dir='ltr'><strong>tus</strong></span> <span class='ocrx_word' id='word_1_396' title='bbox 2294 3067 2400 3125; x_wconf 91' lang='lat' dir='ltr'><strong>est,</strong></span> <span class='ocrx_word' id='word_1_397' title='bbox 2436 3074 2568 3114; x_wconf 92' lang='lat' dir='ltr'><strong>num</strong></span> <span class='ocrx_word' id='word_1_398' title='bbox 2600 3073 2740 3113; x_wconf 85' lang='lat' dir='ltr'><strong>vana</strong></span> <span class='ocrx_word' id='word_1_399' title='bbox 2764 3057 2908 3112; x_wconf 87' lang='lat' dir='ltr'><strong>foret</strong></span> <span class='ocrx_word' id='word_1_400' title='bbox 2934 3073 3032 3112; x_wconf 90' lang='lat' dir='ltr'><strong>sua</strong></span> <span class='ocrx_word' id='word_1_401' title='bbox 3065 3055 3274 3112; x_wconf 85' lang='lat' dir='ltr'><strong>fraudis</strong></span> <span class='ocrx_word' id='word_1_402' title='bbox 3295 3056 3557 3126; x_wconf 90' lang='lat' dir='ltr'><strong>suspicio.</strong></span> <span class='ocrx_word' id='word_1_403' title='bbox 3598 3075 3617 3107; x_wconf 67' lang='grc' dir='ltr'><strong>ε</strong></span> <span class='ocrx_word' id='word_1_404' title='bbox 3648 3056 3758 3111; x_wconf 91' lang='lat' dir='ltr'><strong>Vc—</strong></span> 
     </span>
    </p>
   </div>
   <div class='ocr_carea' id='block_1_34' title="bbox 567 3146 3760 3250">
    <p class='ocr_par' dir='ltr' id='par_1_34' title="bbox 567 3146 3760 3250">
     <span class='ocr_line' id='line_1_34' title="bbox 567 3146 3760 3250; baseline -0.001 -48"><span class='ocrx_word' id='word_1_405' title='bbox 567 3147 658 3202; x_wconf 88' lang='lat' dir='ltr'><strong>IV.</strong></span> <span class='ocrx_word' id='word_1_406' title='bbox 694 3148 885 3217; x_wconf 86' lang='lat' dir='ltr'><strong>Neque</strong></span> <span class='ocrx_word' id='word_1_407' title='bbox 912 3163 1045 3203; x_wconf 86' lang='lat' dir='ltr'><strong>vero</strong></span> <span class='ocrx_word' id='word_1_408' title='bbox 1074 3149 1363 3218; x_wconf 88' lang='lat' dir='ltr'><strong>scripsisse</strong></span> <span class='ocrx_word' id='word_1_409' title='bbox 1384 3157 1677 3205; x_wconf 88' lang='lat' dir='ltr'><strong>contentus</strong></span> <span class='ocrx_word' id='word_1_410' title='bbox 1701 3158 1812 3218; x_wconf 90' lang='lat' dir='ltr'><strong>est;</strong></span> <span class='ocrx_word' id='word_1_411' title='bbox 1849 3151 1943 3205; x_wconf 88' lang='lat' dir='ltr'><strong>sed</strong></span> <span class='ocrx_word' id='word_1_412' title='bbox 1971 3151 2076 3205; x_wconf 91' lang='lat' dir='ltr'><strong>im-</strong></span> <span class='ocrx_word' id='word_1_413' title='bbox 2106 3192 2148 3250; x_wconf 76' lang='lat' dir='ltr'>c</span> <span class='ocrx_word' id='word_1_414' title='bbox 2182 3158 2339 3213; x_wconf 66' lang='lat' dir='ltr'><strong>strue,</strong></span> <span class='ocrx_word' id='word_1_415' title='bbox 2365 3148 2584 3219; x_wconf 89' lang='lat' dir='ltr'><strong>inquit,</strong></span> <span class='ocrx_word' id='word_1_416' title='bbox 2616 3146 2957 3202; x_wconf 70' lang='lat' dir='ltr'><strong>excellentiae</strong></span> <span class='ocrx_word' id='word_1_417' title='bbox 2989 3146 3352 3202; x_wconf 88' lang='lat' dir='ltr'><strong>indicavimus</strong></span> <span class='ocrx_word' id='word_1_418' title='bbox 3389 3146 3760 3202; x_wconf 89' lang='lat' dir='ltr'><strong>commonito-</strong></span> 
     </span>
    </p>
   </div>
   <div class='ocr_carea' id='block_1_35' title="bbox 496 3238 3761 3310">
    <p class='ocr_par' dir='ltr' id='par_1_35' title="bbox 496 3238 3761 3310">
     <span class='ocr_line' id='line_1_35' title="bbox 496 3238 3761 3310; baseline 0 -19"><span class='ocrx_word' id='word_1_419' title='bbox 496 3246 694 3309; x_wconf 90' lang='lat' dir='ltr'><strong>potens</strong></span> <span class='ocrx_word' id='word_1_420' title='bbox 741 3238 912 3293; x_wconf 88' lang='lat' dir='ltr'><strong>animi</strong></span> <span class='ocrx_word' id='word_1_421' title='bbox 964 3238 1240 3293; x_wconf 88' lang='lat' dir='ltr'><strong>advolavit</strong></span> <span class='ocrx_word' id='word_1_422' title='bbox 1289 3240 1554 3295; x_wconf 90' lang='lat' dir='ltr'><strong>continuo</strong></span> <span class='ocrx_word' id='word_1_423' title='bbox 1605 3240 1969 3305; x_wconf 85' lang='lat' dir='ltr'><strong>Antiochiam,</strong></span> <span class='ocrx_word' id='word_1_424' title='bbox 2024 3250 2081 3295; x_wconf 90' lang='lat' dir='ltr'><strong>et</strong></span> <span class='ocrx_word' id='word_1_425' title='bbox 2112 3238 2148 3250; x_wconf 61' lang='grc' dir='ltr'>ν</span> <span class='ocrx_word' id='word_1_426' title='bbox 2182 3241 2325 3295; x_wconf 90' lang='lat' dir='ltr'><strong>rium</strong></span> <span class='ocrx_word' id='word_1_427' title='bbox 2356 3240 2516 3301; x_wconf 88' lang='lat' dir='ltr'><strong>nobis</strong></span> <span class='ocrx_word' id='word_1_428' title='bbox 2541 3239 2847 3295; x_wconf 88' lang='lat' dir='ltr'><strong>ostendisse</strong></span> <span class='ocrx_word' id='word_1_429' title='bbox 2875 3238 3077 3293; x_wconf 81' lang='lat' dir='ltr'><strong>Rufum</strong></span> <span class='ocrx_word' id='word_1_430' title='bbox 3116 3239 3373 3295; x_wconf 85' lang='lat' dir='ltr'><strong>comitem</strong></span> <span class='ocrx_word' id='word_1_431' title='bbox 3401 3238 3761 3310; x_wconf 88' lang='lat' dir='ltr'><strong>magniﬁcen-</strong></span> 
     </span>
    </p>
   </div>
   <div class='ocr_carea' id='block_1_36' title="bbox 496 3328 3764 3403">
    <p class='ocr_par' dir='ltr' id='par_1_36' title="bbox 496 3328 3764 3403">
     <span class='ocr_line' id='line_1_36' title="bbox 496 3328 3764 3403; baseline 0.001 -20"><span class='ocrx_word' id='word_1_432' title='bbox 496 3328 828 3403; x_wconf 69' lang='lat' dir='ltr'><strong>prazsidente</strong></span> <span class='ocrx_word' id='word_1_433' title='bbox 876 3329 1107 3395; x_wconf 90' lang='lat' dir='ltr'><strong>Domno,</strong></span> <span class='ocrx_word' id='word_1_434' title='bbox 1158 3329 1480 3386; x_wconf 89' lang='lat' dir='ltr'><strong>concionem</strong></span> <span class='ocrx_word' id='word_1_435' title='bbox 1518 3330 1712 3385; x_wconf 88' lang='lat' dir='ltr'><strong>habuit</strong></span> <span class='ocrx_word' id='word_1_436' title='bbox 1762 3331 1817 3385; x_wconf 91' lang='lat' dir='ltr'><strong>in</strong></span> <span class='ocrx_word' id='word_1_437' title='bbox 1848 3331 2080 3386; x_wconf 90' lang='lat' dir='ltr'><strong>ecclesia</strong></span> <span class='ocrx_word' id='word_1_438' title='bbox 2183 3331 2475 3396; x_wconf 88' lang='lat' dir='ltr'><strong>tissimum,</strong></span> <span class='ocrx_word' id='word_1_439' title='bbox 2501 3330 2859 3401; x_wconf 89' lang='lat' dir='ltr'><strong>imperatoria</strong></span> <span class='ocrx_word' id='word_1_440' title='bbox 2895 3347 3059 3384; x_wconf 89' lang='lat' dir='ltr'><strong>manu</strong></span> <span class='ocrx_word' id='word_1_441' title='bbox 3087 3340 3393 3396; x_wconf 80' lang='lat' dir='ltr'><strong>exaratum,</strong></span> <span class='ocrx_word' id='word_1_442' title='bbox 3429 3348 3539 3401; x_wconf 90' lang='lat' dir='ltr'><strong>quo</strong></span> <span class='ocrx_word' id='word_1_443' title='bbox 3569 3332 3764 3386; x_wconf 88' lang='lat' dir='ltr'><strong>fortis-</strong></span> 
     </span>
    </p>
   </div>
   <div class='ocr_carea' id='block_1_37' title="bbox 497 3420 3765 3494">
    <p class='ocr_par' dir='ltr' id='par_1_37' title="bbox 497 3420 3765 3494">
     <span class='ocr_line' id='line_1_37' title="bbox 497 3420 3765 3494; baseline 0 -20"><span class='ocrx_word' id='word_1_444' title='bbox 497 3421 744 3491; x_wconf 73' lang='lat' dir='ltr'><strong>epistola:</strong></span> <span class='ocrx_word' id='word_1_445' title='bbox 787 3436 976 3494; x_wconf 91' lang='lat' dir='ltr'><strong>parem</strong></span> <span class='ocrx_word' id='word_1_446' title='bbox 994 3422 1062 3475; x_wconf 86' lang='grc'><strong>⁷⁷.</strong></span> <span class='ocrx_word' id='word_1_447' title='bbox 1125 3422 1339 3477; x_wconf 67' lang='lat' dir='ltr'><strong>«Nemo</strong></span> <span class='ocrx_word' id='word_1_448' title='bbox 1369 3423 1482 3492; x_wconf 89' lang='lat' dir='ltr'><strong>jam</strong></span> <span class='ocrx_word' id='word_1_449' title='bbox 1526 3422 1827 3485; x_wconf 89' lang='lat' dir='ltr'><strong>neminem,</strong></span> <span class='ocrx_word' id='word_1_450' title='bbox 1879 3420 2077 3491; x_wconf 89' lang='lat' dir='ltr'><strong>inquit,</strong></span> <span class='ocrx_word' id='word_1_451' title='bbox 2181 3423 2320 3477; x_wconf 89' lang='lat' dir='ltr'><strong>simo</strong></span> <span class='ocrx_word' id='word_1_452' title='bbox 2354 3422 2615 3493; x_wconf 84' lang='lat' dir='ltr'><strong>magistro</strong></span> <span class='ocrx_word' id='word_1_453' title='bbox 2663 3421 2901 3477; x_wconf 90' lang='lat' dir='ltr'><strong>militum</strong></span> <span class='ocrx_word' id='word_1_454' title='bbox 2947 3420 3321 3491; x_wconf 63' lang='lat' dir='ltr'><strong>praecipiebat,</strong></span> <span class='ocrx_word' id='word_1_455' title='bbox 3350 3430 3410 3475; x_wconf 92' lang='lat' dir='ltr'><strong>ut</strong></span> <span class='ocrx_word' id='word_1_456' title='bbox 3456 3420 3765 3491; x_wconf 86' lang='lat' dir='ltr'><strong>prudenter</strong></span> 
     </span>
    </p>
   </div>
   <div class='ocr_carea' id='block_1_38' title="bbox 501 3511 3765 3583">
    <p class='ocr_par' dir='ltr' id='par_1_38' title="bbox 501 3511 3765 3583">
     <span class='ocr_line' id='line_1_38' title="bbox 501 3511 3765 3583; baseline 0 -16"><span class='ocrx_word' id='word_1_457' title='bbox 501 3513 885 3583; x_wconf 85' lang='lat' dir='ltr'><strong>blasphemare</strong></span> <span class='ocrx_word' id='word_1_458' title='bbox 914 3514 1196 3582; x_wconf 90' lang='lat' dir='ltr'><strong>compellit</strong></span> <span class='ocrx_word' id='word_1_459' title='bbox 1229 3531 1242 3566; x_wconf 87' lang='lat'><strong>:</strong></span> <span class='ocrx_word' id='word_1_460' title='bbox 1280 3514 1372 3568; x_wconf 89' lang='lat' dir='ltr'><strong>ubi</strong></span> <span class='ocrx_word' id='word_1_461' title='bbox 1403 3522 1552 3580; x_wconf 90' lang='lat' dir='ltr'><strong>sunt,</strong></span> <span class='ocrx_word' id='word_1_462' title='bbox 1584 3514 1680 3583; x_wconf 85' lang='lat' dir='ltr'><strong>qui</strong></span> <span class='ocrx_word' id='word_1_463' title='bbox 1704 3512 1915 3575; x_wconf 90' lang='lat' dir='ltr'><strong>dicunt,</strong></span> <span class='ocrx_word' id='word_1_464' title='bbox 1951 3511 2081 3581; x_wconf 91' lang='lat' dir='ltr'><strong>quia</strong></span> <span class='ocrx_word' id='word_1_465' title='bbox 2181 3513 2427 3583; x_wconf 88' lang='lat' dir='ltr'><strong>sciteque</strong></span> <span class='ocrx_word' id='word_1_466' title='bbox 2462 3519 2683 3568; x_wconf 90' lang='lat' dir='ltr'><strong>curaret</strong></span> <span class='ocrx_word' id='word_1_467' title='bbox 2724 3528 2826 3567; x_wconf 91' lang='lat' dir='ltr'><strong>nos</strong></span> <span class='ocrx_word' id='word_1_468' title='bbox 2870 3511 2998 3583; x_wconf 84' lang='lat' dir='ltr'><strong>Cyri</strong></span> <span class='ocrx_word' id='word_1_469' title='bbox 3040 3512 3366 3577; x_wconf 85' lang='lat' dir='ltr'><strong>consistere,</strong></span> <span class='ocrx_word' id='word_1_470' title='bbox 3398 3529 3501 3568; x_wconf 90' lang='lat' dir='ltr'><strong>nec</strong></span> <span class='ocrx_word' id='word_1_471' title='bbox 3530 3512 3598 3567; x_wconf 87' lang='lat' dir='ltr'><strong>ad</strong></span> <span class='ocrx_word' id='word_1_472' title='bbox 3624 3513 3765 3569; x_wconf 85' lang='lat' dir='ltr'><strong>alias</strong></span> 
     </span>
    </p>
   </div>
   <div class='ocr_carea' id='block_1_39' title="bbox 500 3598 3763 3673">
    <p class='ocr_par' dir='ltr' id='par_1_39' title="bbox 500 3598 3763 3673">
     <span class='ocr_line' id='line_1_39' title="bbox 500 3598 3763 3673; baseline -0.002 -17"><span class='ocrx_word' id='word_1_473' title='bbox 500 3601 647 3656; x_wconf 89' lang='lat' dir='ltr'><strong>Deus</strong></span> <span class='ocrx_word' id='word_1_474' title='bbox 690 3611 794 3668; x_wconf 87' lang='lat' dir='ltr'><strong>est,</strong></span> <span class='ocrx_word' id='word_1_475' title='bbox 858 3602 955 3673; x_wconf 88' lang='lat' dir='ltr'><strong>qui</strong></span> <span class='ocrx_word' id='word_1_476' title='bbox 1010 3602 1305 3658; x_wconf 83' lang='lat' dir='ltr'><strong>cruciﬁxus</strong></span> <span class='ocrx_word' id='word_1_477' title='bbox 1331 3611 1456 3669; x_wconf 88' lang='lat' dir='ltr'><strong>est;</strong></span> <span class='ocrx_word' id='word_1_478' title='bbox 1507 3619 1618 3658; x_wconf 90' lang='lat' dir='ltr'><strong>non</strong></span> <span class='ocrx_word' id='word_1_479' title='bbox 1647 3611 1732 3657; x_wconf 90' lang='lat' dir='ltr'><strong>est</strong></span> <span class='ocrx_word' id='word_1_480' title='bbox 1786 3600 2083 3657; x_wconf 84' lang='lat' dir='ltr'><strong>cruciﬁxus</strong></span> <span class='ocrx_word' id='word_1_481' title='bbox 2182 3602 2435 3658; x_wconf 88' lang='lat' dir='ltr'><strong>civitates</strong></span> <span class='ocrx_word' id='word_1_482' title='bbox 2470 3600 2779 3671; x_wconf 88' lang='lat' dir='ltr'><strong>proﬁcisci,</strong></span> <span class='ocrx_word' id='word_1_483' title='bbox 2816 3600 2994 3669; x_wconf 90' lang='lat' dir='ltr'><strong>utqui</strong></span> <span class='ocrx_word' id='word_1_484' title='bbox 3050 3600 3292 3670; x_wconf 82' lang='lat' dir='ltr'><strong>synodos</strong></span> <span class='ocrx_word' id='word_1_485' title='bbox 3344 3599 3565 3655; x_wconf 88' lang='lat' dir='ltr'><strong>assidue</strong></span> <span class='ocrx_word' id='word_1_486' title='bbox 3613 3598 3763 3667; x_wconf 88' lang='lat' dir='ltr'><strong>apud</strong></span> 
     </span>
    </p>
   </div>
   <div class='ocr_carea' id='block_1_40' title="bbox 502 3689 3761 3761">
    <p class='ocr_par' dir='ltr' id='par_1_40' title="bbox 502 3689 3761 3761">
     <span class='ocr_line' id='line_1_40' title="bbox 502 3689 3761 3761; baseline -0.001 -16"><span class='ocrx_word' id='word_1_487' title='bbox 502 3691 670 3755; x_wconf 89' lang='lat' dir='ltr'><strong>Deus,</strong></span> <span class='ocrx_word' id='word_1_488' title='bbox 712 3691 808 3752; x_wconf 81' lang='lat' dir='ltr'><strong>sed</strong></span> <span class='ocrx_word' id='word_1_489' title='bbox 850 3692 1017 3747; x_wconf 90' lang='lat' dir='ltr'><strong>homo</strong></span> <span class='ocrx_word' id='word_1_490' title='bbox 1066 3692 1424 3748; x_wconf 73' lang='lat' dir='ltr'><strong>cruciﬁxus&quot;</strong></span> <span class='ocrx_word' id='word_1_491' title='bbox 1479 3701 1564 3748; x_wconf 91' lang='lat' dir='ltr'><strong>est</strong></span> <span class='ocrx_word' id='word_1_492' title='bbox 1606 3693 1766 3748; x_wconf 89' lang='lat' dir='ltr'><strong>Jesus</strong></span> <span class='ocrx_word' id='word_1_493' title='bbox 1807 3690 2078 3747; x_wconf 86' lang='lat' dir='ltr'><strong>Christus.</strong></span> <span class='ocrx_word' id='word_1_494' title='bbox 2185 3690 2528 3747; x_wconf 88' lang='lat' dir='ltr'><strong>Antiochiam</strong></span> <span class='ocrx_word' id='word_1_495' title='bbox 2563 3706 2904 3761; x_wconf 89' lang='lat' dir='ltr'><strong>cogeremus,</strong></span> <span class='ocrx_word' id='word_1_496' title='bbox 2935 3698 2991 3745; x_wconf 91' lang='lat' dir='ltr'><strong>et</strong></span> <span class='ocrx_word' id='word_1_497' title='bbox 3019 3690 3356 3745; x_wconf 79' lang='lat' dir='ltr'><strong>orthodoxos</strong></span> <span class='ocrx_word' id='word_1_498' title='bbox 3388 3689 3761 3743; x_wconf 85' lang='lat' dir='ltr'><strong>turbarernus.</strong></span> 
     </span>
    </p>
   </div>
   <div class='ocr_carea' id='block_1_41' title="bbox 502 3777 3768 3853">
    <p class='ocr_par' dir='ltr' id='par_1_41' title="bbox 502 3777 3768 3853">
     <span class='ocr_line' id='line_1_41' title="bbox 502 3777 3768 3853; baseline -0.001 -17"><span class='ocrx_word' id='word_1_499' title='bbox 502 3782 651 3837; x_wconf 89' lang='lat' dir='ltr'><strong>Deus</strong></span> <span class='ocrx_word' id='word_1_500' title='bbox 680 3791 865 3837; x_wconf 91' lang='lat' dir='ltr'><strong>autem</strong></span> <span class='ocrx_word' id='word_1_501' title='bbox 923 3784 1189 3853; x_wconf 90' lang='lat' dir='ltr'><strong>templum</strong></span> <span class='ocrx_word' id='word_1_502' title='bbox 1220 3800 1381 3839; x_wconf 89' lang='lat' dir='ltr'><strong>suum</strong></span> <span class='ocrx_word' id='word_1_503' title='bbox 1434 3800 1502 3839; x_wconf 83' lang='lat' dir='ltr'><strong>ex</strong></span> <span class='ocrx_word' id='word_1_504' title='bbox 1544 3782 1748 3837; x_wconf 88' lang='lat' dir='ltr'><strong>Davide</strong></span> <span class='ocrx_word' id='word_1_505' title='bbox 1773 3781 2081 3846; x_wconf 86' lang='lat' dir='ltr'><strong>suscitavit,</strong></span> <span class='ocrx_word' id='word_1_506' title='bbox 2182 3780 2340 3837; x_wconf 88' lang='lat' dir='ltr'><strong>Nunc</strong></span> <span class='ocrx_word' id='word_1_507' title='bbox 2387 3780 2573 3835; x_wconf 91' lang='lat' dir='ltr'><strong>indico</strong></span> <span class='ocrx_word' id='word_1_508' title='bbox 2617 3795 2704 3834; x_wconf 91' lang='lat' dir='ltr'><strong>me</strong></span> <span class='ocrx_word' id='word_1_509' title='bbox 2751 3779 2918 3850; x_wconf 89' lang='lat' dir='ltr'><strong>regiis</strong></span> <span class='ocrx_word' id='word_1_510' title='bbox 2955 3779 3281 3834; x_wconf 88' lang='lat' dir='ltr'><strong>obsecutum</strong></span> <span class='ocrx_word' id='word_1_511' title='bbox 3326 3779 3524 3834; x_wconf 89' lang='lat' dir='ltr'><strong>litteris</strong></span> <span class='ocrx_word' id='word_1_512' title='bbox 3557 3777 3768 3848; x_wconf 82' lang='lat' dir='ltr'><strong>Cyrum</strong></span> 
     </span>
    </p>
   </div>
   <div class='ocr_carea' id='block_1_42' title="bbox 502 3870 3766 3946">
    <p class='ocr_par' dir='ltr' id='par_1_42' title="bbox 502 3870 3766 3946">
     <span class='ocr_line' id='line_1_42' title="bbox 502 3870 3766 3946; baseline -0.001 -18"><span class='ocrx_word' id='word_1_513' title='bbox 502 3874 647 3930; x_wconf 89' lang='lat' dir='ltr'><strong>sicut</strong></span> <span class='ocrx_word' id='word_1_514' title='bbox 672 3874 816 3930; x_wconf 90' lang='lat' dir='ltr'><strong>idem</strong></span> <span class='ocrx_word' id='word_1_515' title='bbox 841 3875 1014 3929; x_wconf 86' lang='lat' dir='ltr'><strong>David</strong></span> <span class='ocrx_word' id='word_1_516' title='bbox 1043 3884 1169 3931; x_wconf 88' lang='lat' dir='ltr'><strong>ante</strong></span> <span class='ocrx_word' id='word_1_517' title='bbox 1198 3876 1484 3946; x_wconf 54' lang='lat' dir='ltr'><strong>praedixit;</strong></span> <span class='ocrx_word' id='word_1_518' title='bbox 1524 3875 1690 3929; x_wconf 90' lang='lat' dir='ltr'><strong>homo</strong></span> <span class='ocrx_word' id='word_1_519' title='bbox 1726 3882 1953 3945; x_wconf 89' lang='lat' dir='ltr'><strong>generat</strong></span> <span class='ocrx_word' id='word_1_520' title='bbox 1984 3874 2084 3928; x_wconf 82' lang='lat' dir='ltr'><strong>ho-</strong></span> <span class='ocrx_word' id='word_1_521' title='bbox 2183 3873 2421 3937; x_wconf 89' lang='lat' dir='ltr'><strong>venisse,</strong></span> <span class='ocrx_word' id='word_1_522' title='bbox 2443 3888 2506 3927; x_wconf 89' lang='lat' dir='ltr'><strong>ac</strong></span> <span class='ocrx_word' id='word_1_523' title='bbox 2530 3872 2727 3927; x_wconf 90' lang='lat' dir='ltr'><strong>diebus</strong></span> <span class='ocrx_word' id='word_1_524' title='bbox 2760 3886 2856 3926; x_wconf 72' lang='lat' dir='ltr'><strong>sex</strong></span> <span class='ocrx_word' id='word_1_525' title='bbox 2872 3880 3153 3940; x_wconf 89' lang='lat' dir='ltr'><strong>septemve</strong></span> <span class='ocrx_word' id='word_1_526' title='bbox 3178 3871 3490 3934; x_wconf 90' lang='lat' dir='ltr'><strong>transactis,</strong></span> <span class='ocrx_word' id='word_1_527' title='bbox 3510 3872 3678 3925; x_wconf 92' lang='lat' dir='ltr'><strong>misso</strong></span> <span class='ocrx_word' id='word_1_528' title='bbox 3695 3870 3766 3925; x_wconf 90' lang='lat' dir='ltr'><strong>ad</strong></span> 
     </span>
    </p>
   </div>
   <div class='ocr_carea' id='block_1_43' title="bbox 503 3961 3768 4038">
    <p class='ocr_par' dir='ltr' id='par_1_43' title="bbox 503 3961 3768 4038">
     <span class='ocr_line' id='line_1_43' title="bbox 503 3961 3768 4038; baseline -0.001 -20"><span class='ocrx_word' id='word_1_529' title='bbox 503 3964 742 4030; x_wconf 88' lang='lat' dir='ltr'><strong>minem;</strong></span> <span class='ocrx_word' id='word_1_530' title='bbox 778 3973 975 4019; x_wconf 91' lang='lat' dir='ltr'><strong>natura</strong></span> <span class='ocrx_word' id='word_1_531' title='bbox 1007 3966 1287 4038; x_wconf 82' lang='lat' dir='ltr'><strong>quidem&quot;</strong></span> <span class='ocrx_word' id='word_1_532' title='bbox 1322 3965 1497 4019; x_wconf 90' lang='lat' dir='ltr'><strong>Filius</strong></span> <span class='ocrx_word' id='word_1_533' title='bbox 1523 3965 1619 4018; x_wconf 90' lang='lat' dir='ltr'><strong>Dei</strong></span> <span class='ocrx_word' id='word_1_534' title='bbox 1646 3971 1732 4019; x_wconf 90' lang='lat' dir='ltr'><strong>est</strong></span> <span class='ocrx_word' id='word_1_535' title='bbox 1772 3963 1916 4019; x_wconf 89' lang='lat' dir='ltr'><strong>Deus</strong></span> <span class='ocrx_word' id='word_1_536' title='bbox 1946 3965 2081 4019; x_wconf 89' lang='lat' dir='ltr'><strong>Ver—</strong></span> <span class='ocrx_word' id='word_1_537' title='bbox 2184 3978 2271 4018; x_wconf 91' lang='lat' dir='ltr'><strong>me</strong></span> <span class='ocrx_word' id='word_1_538' title='bbox 2315 3961 2671 4018; x_wconf 90' lang='lat' dir='ltr'><strong>devotissimo</strong></span> <span class='ocrx_word' id='word_1_539' title='bbox 2706 3961 3029 4031; x_wconf 86' lang='lat' dir='ltr'><strong>Euphronio</strong></span> <span class='ocrx_word' id='word_1_540' title='bbox 3062 3962 3437 4033; x_wconf 88' lang='lat' dir='ltr'><strong>magistriano,</strong></span> <span class='ocrx_word' id='word_1_541' title='bbox 3468 3961 3768 4032; x_wconf 83' lang='lat' dir='ltr'><strong>ﬂagitasse,</strong></span> 
     </span>
    </p>
   </div>
   <div class='ocr_carea' id='block_1_44' title="bbox 503 4052 3772 4124">
    <p class='ocr_par' dir='ltr' id='par_1_44' title="bbox 503 4052 3772 4124">
     <span class='ocr_line' id='line_1_44' title="bbox 503 4052 3772 4124; baseline -0.001 -16"><span class='ocrx_word' id='word_1_542' title='bbox 503 4053 635 4108; x_wconf 87' lang='lat' dir='ltr'><strong>hum</strong></span> <span class='ocrx_word' id='word_1_543' title='bbox 663 4094 677 4119; x_wconf 92' lang='lat'><strong>,</strong></span> <span class='ocrx_word' id='word_1_544' title='bbox 733 4052 989 4110; x_wconf 89' lang='lat' dir='ltr'><strong>Christus</strong></span> <span class='ocrx_word' id='word_1_545' title='bbox 1017 4070 1149 4109; x_wconf 91' lang='lat' dir='ltr'><strong>vero</strong></span> <span class='ocrx_word' id='word_1_546' title='bbox 1204 4062 1291 4109; x_wconf 88' lang='lat' dir='ltr'><strong>est</strong></span> <span class='ocrx_word' id='word_1_547' title='bbox 1326 4052 1473 4108; x_wconf 87' lang='lat' dir='ltr'><strong>ﬁlius</strong></span> <span class='ocrx_word' id='word_1_548' title='bbox 1497 4053 1746 4121; x_wconf 90' lang='lat' dir='ltr'><strong>Davidis;</strong></span> <span class='ocrx_word' id='word_1_549' title='bbox 1784 4052 1881 4109; x_wconf 88' lang='lat' dir='ltr'><strong>sed</strong></span> <span class='ocrx_word' id='word_1_550' title='bbox 1914 4053 2087 4110; x_wconf 86' lang='lat' dir='ltr'><strong>Filius</strong></span> <span class='ocrx_word' id='word_1_551' title='bbox 2186 4064 2248 4111; x_wconf 90' lang='lat' dir='ltr'><strong>ut</strong></span> <span class='ocrx_word' id='word_1_552' title='bbox 2289 4054 2500 4123; x_wconf 87' lang='lat' dir='ltr'><strong>scripto</strong></span> <span class='ocrx_word' id='word_1_553' title='bbox 2527 4053 2843 4116; x_wconf 82' lang='lat' dir='ltr'><strong>conﬁterer,</strong></span> <span class='ocrx_word' id='word_1_554' title='bbox 2877 4054 3153 4109; x_wconf 83' lang='lat' dir='ltr'><strong>exhibitas</strong></span> <span class='ocrx_word' id='word_1_555' title='bbox 3172 4054 3309 4108; x_wconf 92' lang='lat' dir='ltr'><strong>mihi</strong></span> <span class='ocrx_word' id='word_1_556' title='bbox 3334 4053 3513 4124; x_wconf 89' lang='lat' dir='ltr'><strong>regias</strong></span> <span class='ocrx_word' id='word_1_557' title='bbox 3551 4053 3772 4107; x_wconf 82' lang='lat' dir='ltr'><strong>litteras</strong></span> 
     </span>
    </p>
   </div>
   <div class='ocr_carea' id='block_1_45' title="bbox 504 4143 3770 4219">
    <p class='ocr_par' dir='ltr' id='par_1_45' title="bbox 504 4143 3770 4219">
     <span class='ocr_line' id='line_1_45' title="bbox 504 4143 3770 4219; baseline 0 -20"><span class='ocrx_word' id='word_1_558' title='bbox 504 4144 601 4199; x_wconf 91' lang='lat' dir='ltr'><strong>Dei</strong></span> <span class='ocrx_word' id='word_1_559' title='bbox 636 4146 901 4218; x_wconf 84' lang='lat' dir='ltr'><strong>templum</strong></span> <span class='ocrx_word' id='word_1_560' title='bbox 937 4163 1049 4200; x_wconf 92' lang='lat' dir='ltr'><strong>non</strong></span> <span class='ocrx_word' id='word_1_561' title='bbox 1072 4155 1177 4201; x_wconf 90' lang='lat' dir='ltr'><strong>est.</strong></span> <span class='ocrx_word' id='word_1_562' title='bbox 1214 4143 1508 4202; x_wconf 88' lang='lat' dir='ltr'><strong>Contentio</strong></span> <span class='ocrx_word' id='word_1_563' title='bbox 1535 4147 1675 4202; x_wconf 91' lang='lat' dir='ltr'><strong>ultra</strong></span> <span class='ocrx_word' id='word_1_564' title='bbox 1699 4147 1804 4219; x_wconf 79' lang='lat' dir='ltr'><strong>iam</strong></span> <span class='ocrx_word' id='word_1_565' title='bbox 1834 4162 1941 4202; x_wconf 91' lang='lat' dir='ltr'><strong>non</strong></span> <span class='ocrx_word' id='word_1_566' title='bbox 1964 4154 2083 4202; x_wconf 91' lang='lat' dir='ltr'><strong>est:</strong></span> <span class='ocrx_word' id='word_1_567' title='bbox 2184 4147 2376 4203; x_wconf 87' lang='lat' dir='ltr'><strong>fuisse.</strong></span> <span class='ocrx_word' id='word_1_568' title='bbox 2405 4147 2519 4218; x_wconf 86' lang='lat' dir='ltr'><strong>Ego</strong></span> <span class='ocrx_word' id='word_1_569' title='bbox 2566 4162 2698 4202; x_wconf 89' lang='lat' dir='ltr'><strong>vero</strong></span> <span class='ocrx_word' id='word_1_570' title='bbox 2755 4146 2861 4203; x_wconf 91' lang='lat' dir='ltr'><strong>hoc</strong></span> <span class='ocrx_word' id='word_1_571' title='bbox 2906 4147 3073 4201; x_wconf 89' lang='lat' dir='ltr'><strong>etiam</strong></span> <span class='ocrx_word' id='word_1_572' title='bbox 3134 4146 3268 4212; x_wconf 89' lang='lat' dir='ltr'><strong>feci,</strong></span> <span class='ocrx_word' id='word_1_573' title='bbox 3299 4154 3355 4201; x_wconf 89' lang='lat' dir='ltr'><strong>et</strong></span> <span class='ocrx_word' id='word_1_574' title='bbox 3396 4145 3626 4216; x_wconf 89' lang='lat' dir='ltr'><strong>promisi</strong></span> <span class='ocrx_word' id='word_1_575' title='bbox 3679 4160 3770 4199; x_wconf 84' lang='lat' dir='ltr'><strong>me</strong></span> 
     </span>
    </p>
   </div>
   <div class='ocr_carea' id='block_1_46' title="bbox 500 4235 3772 4310">
    <p class='ocr_par' dir='ltr' id='par_1_46' title="bbox 500 4235 3772 4310">
     <span class='ocr_line' id='line_1_46' title="bbox 500 4235 3772 4310; baseline -0.001 -17"><span class='ocrx_word' id='word_1_576' title='bbox 500 4238 608 4293; x_wconf 80' lang='lat' dir='ltr'><strong>sub</strong></span> <span class='ocrx_word' id='word_1_577' title='bbox 635 4253 747 4292; x_wconf 92' lang='lat' dir='ltr'><strong>uno</strong></span> <span class='ocrx_word' id='word_1_578' title='bbox 774 4238 906 4308; x_wconf 86' lang='lat' dir='ltr'><strong>jugo</strong></span> <span class='ocrx_word' id='word_1_579' title='bbox 931 4236 1128 4293; x_wconf 91' lang='lat' dir='ltr'><strong>Oriens</strong></span> <span class='ocrx_word' id='word_1_580' title='bbox 1152 4245 1208 4292; x_wconf 91' lang='lat' dir='ltr'><strong>et</strong></span> <span class='ocrx_word' id='word_1_581' title='bbox 1233 4235 1499 4309; x_wconf 66' lang='lat' dir='ltr'><strong>Egyptus</strong></span> <span class='ocrx_word' id='word_1_582' title='bbox 1520 4247 1918 4303; x_wconf 90' lang='lat' dir='ltr'><strong>convenerunt,</strong></span> <span class='ocrx_word' id='word_1_583' title='bbox 1942 4253 2089 4292; x_wconf 89' lang='lat' dir='ltr'><strong>mor—</strong></span> <span class='ocrx_word' id='word_1_584' title='bbox 2186 4238 2331 4309; x_wconf 93' lang='lat' dir='ltr'><strong>apud</strong></span> <span class='ocrx_word' id='word_1_585' title='bbox 2378 4237 2580 4310; x_wconf 83' lang='lat' dir='ltr'><strong>Cyrum</strong></span> <span class='ocrx_word' id='word_1_586' title='bbox 2622 4245 2679 4292; x_wconf 92' lang='lat' dir='ltr'><strong>et</strong></span> <span class='ocrx_word' id='word_1_587' title='bbox 2720 4238 2776 4293; x_wconf 89' lang='lat' dir='ltr'><strong>in</strong></span> <span class='ocrx_word' id='word_1_588' title='bbox 2822 4238 2926 4293; x_wconf 92' lang='lat' dir='ltr'><strong>hac</strong></span> <span class='ocrx_word' id='word_1_589' title='bbox 2959 4238 3179 4308; x_wconf 85' lang='lat' dir='ltr'><strong>regione</strong></span> <span class='ocrx_word' id='word_1_590' title='bbox 3232 4251 3676 4307; x_wconf 83' lang='lat' dir='ltr'><strong>permansurum,</strong></span> <span class='ocrx_word' id='word_1_591' title='bbox 3711 4247 3772 4291; x_wconf 91' lang='lat' dir='ltr'><strong>et</strong></span> 
     </span>
    </p>
   </div>
   <div class='ocr_carea' id='block_1_47' title="bbox 504 4327 3772 4402">
    <p class='ocr_par' dir='ltr' id='par_1_47' title="bbox 504 4327 3772 4402">
     <span class='ocr_line' id='line_1_47' title="bbox 504 4327 3772 4402; baseline -0.001 -18"><span class='ocrx_word' id='word_1_592' title='bbox 504 4338 600 4384; x_wconf 81' lang='lat' dir='ltr'><strong>tua</strong></span> <span class='ocrx_word' id='word_1_593' title='bbox 624 4337 708 4384; x_wconf 91' lang='lat' dir='ltr'><strong>est</strong></span> <span class='ocrx_word' id='word_1_594' title='bbox 731 4329 958 4395; x_wconf 88' lang='lat' dir='ltr'><strong>invidia,</strong></span> <span class='ocrx_word' id='word_1_595' title='bbox 988 4337 1045 4383; x_wconf 91' lang='lat' dir='ltr'><strong>et</strong></span> <span class='ocrx_word' id='word_1_596' title='bbox 1069 4330 1390 4398; x_wconf 88' lang='lat' dir='ltr'><strong>consepulta</strong></span> <span class='ocrx_word' id='word_1_597' title='bbox 1412 4330 1491 4384; x_wconf 90' lang='lat' dir='ltr'><strong>illi</strong></span> <span class='ocrx_word' id='word_1_598' title='bbox 1518 4330 1742 4385; x_wconf 63' lang='lat' dir='ltr'><strong>haeresis</strong></span> <span class='ocrx_word' id='word_1_599' title='bbox 1765 4349 1777 4385; x_wconf 93' lang='lat'><strong>:</strong></span> <span class='ocrx_word' id='word_1_600' title='bbox 1796 4330 1908 4402; x_wconf 85' lang='lat' dir='ltr'><strong>jam</strong></span> <span class='ocrx_word' id='word_1_601' title='bbox 1930 4331 2087 4402; x_wconf 90' lang='lat' dir='ltr'><strong>quie-</strong></span> <span class='ocrx_word' id='word_1_602' title='bbox 2187 4330 2464 4402; x_wconf 87' lang='lat' dir='ltr'><strong>pascendo</strong></span> <span class='ocrx_word' id='word_1_603' title='bbox 2495 4330 2646 4402; x_wconf 87' lang='lat' dir='ltr'><strong>gregi</strong></span> <span class='ocrx_word' id='word_1_604' title='bbox 2700 4328 2836 4384; x_wconf 89' lang='lat' dir='ltr'><strong>mihi</strong></span> <span class='ocrx_word' id='word_1_605' title='bbox 2888 4330 3181 4385; x_wconf 87' lang='lat' dir='ltr'><strong>commisso</strong></span> <span class='ocrx_word' id='word_1_606' title='bbox 3223 4328 3580 4383; x_wconf 58' lang='lat' dir='ltr'><strong>inhaesurum.</strong></span> <span class='ocrx_word' id='word_1_607' title='bbox 3615 4327 3772 4397; x_wconf 76' lang='lat' dir='ltr'><strong>Rogo</strong></span> 
     </span>
    </p>
   </div>
   <div class='ocr_carea' id='block_1_48' title="bbox 503 4418 3770 4491">
    <p class='ocr_par' dir='ltr' id='par_1_48' title="bbox 503 4418 3770 4491">
     <span class='ocr_line' id='line_1_48' title="bbox 503 4418 3770 4491; baseline -0.001 -18"><span class='ocrx_word' id='word_1_608' title='bbox 503 4427 686 4482; x_wconf 84' lang='lat' dir='ltr'><strong>scunt,</strong></span> <span class='ocrx_word' id='word_1_609' title='bbox 721 4418 815 4488; x_wconf 91' lang='lat' dir='ltr'><strong>qui</strong></span> <span class='ocrx_word' id='word_1_610' title='bbox 840 4433 1062 4488; x_wconf 89' lang='lat' dir='ltr'><strong>passum</strong></span> <span class='ocrx_word' id='word_1_611' title='bbox 1085 4418 1257 4473; x_wconf 90' lang='lat' dir='ltr'><strong>Deum</strong></span> <span class='ocrx_word' id='word_1_612' title='bbox 1285 4418 1605 4488; x_wconf 61' lang='lat' dir='ltr'><strong>praedicant,</strong></span> <span class='ocrx_word' id='word_1_613' title='bbox 1636 4437 1653 4469; x_wconf 76' lang='grc' dir='ltr'>ι</span> <span class='ocrx_word' id='word_1_614' title='bbox 1690 4426 1799 4473; x_wconf 91' lang='lat' dir='ltr'><strong>etc.</strong></span> <span class='ocrx_word' id='word_1_615' title='bbox 1980 4460 1985 4464; x_wconf 62' lang='grc' dir='ltr'><strong><em>ι</em></strong></span> <span class='ocrx_word' id='word_1_616' title='bbox 2189 4423 2377 4491; x_wconf 90' lang='lat' dir='ltr'><strong>itaque</strong></span> <span class='ocrx_word' id='word_1_617' title='bbox 2404 4420 2870 4491; x_wconf 87' lang='lat' dir='ltr'><strong>magniﬁcentiam</strong></span> <span class='ocrx_word' id='word_1_618' title='bbox 2899 4428 3069 4484; x_wconf 85' lang='lat' dir='ltr'><strong>tuam,</strong></span> <span class='ocrx_word' id='word_1_619' title='bbox 3115 4429 3370 4475; x_wconf 89' lang='lat' dir='ltr'><strong>accurate</strong></span> <span class='ocrx_word' id='word_1_620' title='bbox 3401 4428 3462 4473; x_wconf 91' lang='lat' dir='ltr'><strong>ut</strong></span> <span class='ocrx_word' id='word_1_621' title='bbox 3488 4419 3770 4488; x_wconf 79' lang='lat' dir='ltr'><strong>exquirat,</strong></span> 
     </span>
    </p>
   </div>
   <div class='ocr_carea' id='block_1_49' title="bbox 575 4508 3772 4585">
    <p class='ocr_par' dir='ltr' id='par_1_49' title="bbox 575 4508 3772 4585">
     <span class='ocr_line' id='line_1_49' title="bbox 575 4508 3772 4585; baseline -0.001 -20"><span class='ocrx_word' id='word_1_622' title='bbox 575 4509 639 4565; x_wconf 91' lang='lat' dir='ltr'><strong>V.</strong></span> <span class='ocrx_word' id='word_1_623' title='bbox 675 4510 825 4564; x_wconf 86' lang='lat' dir='ltr'><strong>Fecit</strong></span> <span class='ocrx_word' id='word_1_624' title='bbox 850 4510 942 4564; x_wconf 91' lang='lat' dir='ltr'><strong>illa</strong></span> <span class='ocrx_word' id='word_1_625' title='bbox 977 4519 1094 4565; x_wconf 92' lang='lat' dir='ltr'><strong>tum</strong></span> <span class='ocrx_word' id='word_1_626' title='bbox 1120 4509 1370 4579; x_wconf 83' lang='lat' dir='ltr'><strong>epistola,</strong></span> <span class='ocrx_word' id='word_1_627' title='bbox 1405 4525 1527 4579; x_wconf 65' lang='lat' dir='ltr'><strong>quae</strong></span> <span class='ocrx_word' id='word_1_628' title='bbox 1564 4508 1721 4579; x_wconf 79' lang='lat'><strong>175</strong></span> <span class='ocrx_word' id='word_1_629' title='bbox 1748 4509 1912 4580; x_wconf 86' lang='lat' dir='ltr'><strong>vulgo</strong></span> <span class='ocrx_word' id='word_1_630' title='bbox 1932 4508 2083 4564; x_wconf 89' lang='lat' dir='ltr'><strong>edita</strong></span> <span class='ocrx_word' id='word_1_631' title='bbox 2118 4531 2159 4585; x_wconf 78' lang='grc' dir='ltr'><strong>ι)</strong></span> <span class='ocrx_word' id='word_1_632' title='bbox 2188 4523 2255 4568; x_wconf 80' lang='lat' dir='ltr'><strong>et-</strong></span> <span class='ocrx_word' id='word_1_633' title='bbox 2275 4529 2343 4568; x_wconf 90' lang='lat' dir='ltr'><strong>an</strong></span> <span class='ocrx_word' id='word_1_634' title='bbox 2361 4529 2493 4569; x_wconf 88' lang='lat' dir='ltr'><strong>vere</strong></span> <span class='ocrx_word' id='word_1_635' title='bbox 2527 4512 2645 4568; x_wconf 60' lang='lat' dir='ltr'><strong>hac</strong></span> <span class='ocrx_word' id='word_1_636' title='bbox 2671 4513 2745 4567; x_wconf 90' lang='lat' dir='ltr'><strong>ita</strong></span> <span class='ocrx_word' id='word_1_637' title='bbox 2775 4512 3042 4582; x_wconf 87' lang='lat' dir='ltr'><strong>imperata</strong></span> <span class='ocrx_word' id='word_1_638' title='bbox 3078 4512 3221 4578; x_wconf 89' lang='lat' dir='ltr'><strong>sint,</strong></span> <span class='ocrx_word' id='word_1_639' title='bbox 3258 4519 3315 4567; x_wconf 90' lang='lat' dir='ltr'><strong>et</strong></span> <span class='ocrx_word' id='word_1_640' title='bbox 3338 4526 3499 4581; x_wconf 89' lang='lat' dir='ltr'><strong>quam</strong></span> <span class='ocrx_word' id='word_1_641' title='bbox 3533 4510 3605 4564; x_wconf 90' lang='lat' dir='ltr'><strong>ob</strong></span> <span class='ocrx_word' id='word_1_642' title='bbox 3634 4525 3772 4564; x_wconf 88' lang='lat' dir='ltr'><strong>cau-</strong></span> 
     </span>
    </p>
   </div>
   <div class='ocr_carea' id='block_1_50' title="bbox 503 4599 2384 4672">
    <p class='ocr_par' dir='ltr' id='par_1_50' title="bbox 503 4599 2384 4672">
     <span class='ocr_line' id='line_1_50' title="bbox 503 4599 2384 4672; baseline -0.002 -17"><span class='ocrx_word' id='word_1_643' title='bbox 503 4608 617 4667; x_wconf 84' lang='lat' dir='ltr'><strong>est;</strong></span> <span class='ocrx_word' id='word_1_644' title='bbox 656 4611 771 4656; x_wconf 91' lang='lat' dir='ltr'><strong>tum</strong></span> <span class='ocrx_word' id='word_1_645' title='bbox 804 4604 1021 4668; x_wconf 88' lang='lat' dir='ltr'><strong>concio,</strong></span> <span class='ocrx_word' id='word_1_646' title='bbox 1057 4618 1181 4672; x_wconf 79' lang='lat' dir='ltr'><strong>quae</strong></span> <span class='ocrx_word' id='word_1_647' title='bbox 1216 4600 1285 4655; x_wconf 89' lang='lat' dir='ltr'><strong>ad</strong></span> <span class='ocrx_word' id='word_1_648' title='bbox 1317 4602 1643 4655; x_wconf 90' lang='lat' dir='ltr'><strong>immensam</strong></span> <span class='ocrx_word' id='word_1_649' title='bbox 1671 4600 1738 4654; x_wconf 90' lang='lat' dir='ltr'><strong>de</strong></span> <span class='ocrx_word' id='word_1_650' title='bbox 1762 4615 1916 4653; x_wconf 91' lang='lat' dir='ltr'><strong>more</strong></span> <span class='ocrx_word' id='word_1_651' title='bbox 1944 4599 2087 4653; x_wconf 91' lang='lat' dir='ltr'><strong>mul-</strong></span> <span class='ocrx_word' id='word_1_652' title='bbox 2191 4621 2326 4661; x_wconf 80' lang='lat' dir='ltr'><strong>sam.</strong></span> <span class='ocrx_word' id='word_1_653' title='bbox 2366 4623 2384 4658; x_wconf 74' lang='grc' dir='ltr'><strong>ι</strong></span> 
     </span>
    </p>
   </div>
   <div class='ocr_carea' id='block_1_51' title="bbox 505 4690 3773 4765">
    <p class='ocr_par' dir='ltr' id='par_1_51' title="bbox 505 4690 3773 4765">
     <span class='ocr_line' id='line_1_51' title="bbox 505 4690 3773 4765; baseline 0.001 -20"><span class='ocrx_word' id='word_1_654' title='bbox 505 4691 797 4748; x_wconf 88' lang='lat' dir='ltr'><strong>titudinem</strong></span> <span class='ocrx_word' id='word_1_655' title='bbox 839 4693 1058 4761; x_wconf 87' lang='lat' dir='ltr'><strong>habita,</strong></span> <span class='ocrx_word' id='word_1_656' title='bbox 1114 4702 1175 4748; x_wconf 90' lang='lat' dir='ltr'><strong>ut</strong></span> <span class='ocrx_word' id='word_1_657' title='bbox 1214 4691 1595 4748; x_wconf 89' lang='lat' dir='ltr'><strong>Theodoretus</strong></span> <span class='ocrx_word' id='word_1_658' title='bbox 1630 4691 1684 4745; x_wconf 91' lang='lat' dir='ltr'><strong>in</strong></span> <span class='ocrx_word' id='word_1_659' title='bbox 1718 4690 2085 4760; x_wconf 84' lang='lat' dir='ltr'><strong>suspicionem</strong></span> <span class='ocrx_word' id='word_1_660' title='bbox 2269 4695 2428 4765; x_wconf 76' lang='lat'><strong>176</strong></span> <span class='ocrx_word' id='word_1_661' title='bbox 2452 4693 2622 4761; x_wconf 88' lang='lat' dir='ltr'><strong>Quale</strong></span> <span class='ocrx_word' id='word_1_662' title='bbox 2660 4709 2793 4749; x_wconf 88' lang='lat' dir='ltr'><strong>vero</strong></span> <span class='ocrx_word' id='word_1_663' title='bbox 2822 4693 3017 4758; x_wconf 81' lang='lat' dir='ltr'><strong>fuerit,</strong></span> <span class='ocrx_word' id='word_1_664' title='bbox 3041 4693 3352 4765; x_wconf 90' lang='lat' dir='ltr'><strong>quibusque</strong></span> <span class='ocrx_word' id='word_1_665' title='bbox 3398 4691 3583 4748; x_wconf 89' lang='lat' dir='ltr'><strong>verbis</strong></span> <span class='ocrx_word' id='word_1_666' title='bbox 3626 4693 3773 4747; x_wconf 75' lang='lat' dir='ltr'><strong>scri-</strong></span> 
     </span>
    </p>
   </div>
   <div class='ocr_carea' id='block_1_52' title="bbox 506 4780 3774 4855">
    <p class='ocr_par' dir='ltr' id='par_1_52' title="bbox 506 4780 3774 4855">
     <span class='ocr_line' id='line_1_52' title="bbox 506 4780 3774 4855; baseline -0.001 -17"><span class='ocrx_word' id='word_1_667' title='bbox 506 4785 888 4840; x_wconf 82' lang='lat' dir='ltr'><strong>consensionis</strong></span> <span class='ocrx_word' id='word_1_668' title='bbox 915 4801 1042 4840; x_wconf 91' lang='lat' dir='ltr'><strong>cum</strong></span> <span class='ocrx_word' id='word_1_669' title='bbox 1073 4784 1329 4840; x_wconf 84' lang='lat' dir='ltr'><strong>Nestorio</strong></span> <span class='ocrx_word' id='word_1_670' title='bbox 1357 4784 1594 4848; x_wconf 92' lang='lat' dir='ltr'><strong>venerit,</strong></span> <span class='ocrx_word' id='word_1_671' title='bbox 1627 4782 1783 4853; x_wconf 84' lang='lat' dir='ltr'><strong>quasi</strong></span> <span class='ocrx_word' id='word_1_672' title='bbox 1816 4781 2089 4837; x_wconf 91' lang='lat' dir='ltr'><strong>divideret</strong></span> <span class='ocrx_word' id='word_1_673' title='bbox 2193 4792 2371 4855; x_wconf 91' lang='lat' dir='ltr'><strong>ptum,</strong></span> <span class='ocrx_word' id='word_1_674' title='bbox 2414 4784 2597 4855; x_wconf 90' lang='lat' dir='ltr'><strong>legere</strong></span> <span class='ocrx_word' id='word_1_675' title='bbox 2652 4784 2781 4840; x_wconf 90' lang='lat' dir='ltr'><strong>licet</strong></span> <span class='ocrx_word' id='word_1_676' title='bbox 2834 4784 2890 4837; x_wconf 88' lang='lat' dir='ltr'><strong>in</strong></span> <span class='ocrx_word' id='word_1_677' title='bbox 2945 4784 3178 4854; x_wconf 89' lang='lat' dir='ltr'><strong>epistola</strong></span> <span class='ocrx_word' id='word_1_678' title='bbox 3224 4782 3293 4838; x_wconf 86' lang='lat' dir='ltr'><strong>ad</strong></span> <span class='ocrx_word' id='word_1_679' title='bbox 3340 4780 3697 4838; x_wconf 82' lang='lat' dir='ltr'><strong>Eutrechium</strong></span> <span class='ocrx_word' id='word_1_680' title='bbox 3726 4783 3774 4813; x_wconf 72' lang='grc'><strong>⁸⁸</strong></span> 
     </span>
    </p>
   </div>
   <div class='ocr_carea' id='block_1_53' title="bbox 504 4867 3773 4948">
    <p class='ocr_par' dir='ltr' id='par_1_53' title="bbox 504 4867 3773 4948">
     <span class='ocr_line' id='line_1_53' title="bbox 504 4867 3773 4948; baseline -0.002 -17"><span class='ocrx_word' id='word_1_681' title='bbox 504 4877 787 4932; x_wconf 79' lang='lat' dir='ltr'><strong>Christum</strong></span> <span class='ocrx_word' id='word_1_682' title='bbox 815 4867 1035 4933; x_wconf 61' lang='lat' dir='ltr'><strong>in&#39;duos</strong></span> <span class='ocrx_word' id='word_1_683' title='bbox 1063 4877 1225 4941; x_wconf 88' lang='lat' dir='ltr'><strong>ﬁlios,</strong></span> <span class='ocrx_word' id='word_1_684' title='bbox 1253 4893 1488 4948; x_wconf 89' lang='lat' dir='ltr'><strong>quorum</strong></span> <span class='ocrx_word' id='word_1_685' title='bbox 1515 4876 1655 4930; x_wconf 90' lang='lat' dir='ltr'><strong>alter</strong></span> <span class='ocrx_word' id='word_1_686' title='bbox 1679 4872 2086 4941; x_wconf 80' lang='lat' dir='ltr'><strong>sitcruciﬁxus,</strong></span> <span class='ocrx_word' id='word_1_687' title='bbox 2194 4875 2531 4947; x_wconf 57' lang='lat' dir='ltr'><strong>prasfectum.</strong></span> <span class='ocrx_word' id='word_1_688' title='bbox 2566 4893 2584 4926; x_wconf 72' lang='grc' dir='ltr'><strong><em>ι</em></strong></span> <span class='ocrx_word' id='word_1_689' title='bbox 2614 4875 2860 4945; x_wconf 85' lang='lat' dir='ltr'><strong>Relcgati</strong></span> <span class='ocrx_word' id='word_1_690' title='bbox 2887 4891 2952 4928; x_wconf 89' lang='lat' dir='ltr'><strong>ac</strong></span> <span class='ocrx_word' id='word_1_691' title='bbox 2973 4872 3375 4942; x_wconf 86' lang='lat' dir='ltr'><strong>circumscripti</strong></span> <span class='ocrx_word' id='word_1_692' title='bbox 3398 4872 3539 4945; x_wconf 83' lang='lat' dir='ltr'><strong>Cyro</strong></span> <span class='ocrx_word' id='word_1_693' title='bbox 3558 4887 3773 4935; x_wconf 69' lang='lat' dir='ltr'><strong>sumus,</strong></span> 
     </span>
    </p>
   </div>
   <div class='ocr_carea' id='block_1_54' title="bbox 505 4962 3775 5037">
    <p class='ocr_par' dir='ltr' id='par_1_54' title="bbox 505 4962 3775 5037">
     <span class='ocr_line' id='line_1_54' title="bbox 505 4962 3775 5037; baseline -0.002 -15"><span class='ocrx_word' id='word_1_694' title='bbox 505 4968 647 5023; x_wconf 89' lang='lat' dir='ltr'><strong>alter</strong></span> <span class='ocrx_word' id='word_1_695' title='bbox 698 4978 979 5024; x_wconf 89' lang='lat' dir='ltr'><strong>mortuum</strong></span> <span class='ocrx_word' id='word_1_696' title='bbox 1021 4968 1387 5024; x_wconf 87' lang='lat' dir='ltr'><strong>suscitaverit.</strong></span> <span class='ocrx_word' id='word_1_697' title='bbox 1427 4967 1579 5022; x_wconf 88' lang='lat' dir='ltr'><strong>Fecit</strong></span> <span class='ocrx_word' id='word_1_698' title='bbox 1620 4967 1786 5022; x_wconf 88' lang='lat' dir='ltr'><strong>etiam</strong></span> <span class='ocrx_word' id='word_1_699' title='bbox 1831 4975 1894 5022; x_wconf 94' lang='lat' dir='ltr'><strong>ut</strong></span> <span class='ocrx_word' id='word_1_700' title='bbox 1940 4966 2086 5037; x_wconf 86' lang='lat' dir='ltr'><strong>apud</strong></span> <span class='ocrx_word' id='word_1_701' title='bbox 2193 4964 2239 5019; x_wconf 92' lang='lat' dir='ltr'><strong>si</strong></span> <span class='ocrx_word' id='word_1_702' title='bbox 2269 4980 2458 5020; x_wconf 90' lang='lat' dir='ltr'><strong>verum</strong></span> <span class='ocrx_word' id='word_1_703' title='bbox 2494 4973 2577 5021; x_wconf 89' lang='lat' dir='ltr'><strong>est</strong></span> <span class='ocrx_word' id='word_1_704' title='bbox 2612 4965 3113 5029; x_wconf 90' lang='lat' dir='ltr'><strong>commonitorium,</strong></span> <span class='ocrx_word' id='word_1_705' title='bbox 3141 4963 3288 5034; x_wconf 86' lang='lat' dir='ltr'><strong>quod</strong></span> <span class='ocrx_word' id='word_1_706' title='bbox 3328 4963 3555 5018; x_wconf 90' lang='lat' dir='ltr'><strong>victoris</strong></span> <span class='ocrx_word' id='word_1_707' title='bbox 3599 4962 3775 5031; x_wconf 87' lang='lat' dir='ltr'><strong>ipsius</strong></span> 
     </span>
    </p>
   </div>
   <div class='ocr_carea' id='block_1_55' title="bbox 508 5053 3771 5129">
    <p class='ocr_par' dir='ltr' id='par_1_55' title="bbox 508 5053 3771 5129">
     <span class='ocr_line' id='line_1_55' title="bbox 508 5053 3771 5129; baseline -0.001 -17"><span class='ocrx_word' id='word_1_708' title='bbox 508 5058 898 5126; x_wconf 74' lang='lat' dir='ltr'><strong>imperatorem</strong></span> <span class='ocrx_word' id='word_1_709' title='bbox 922 5058 1221 5129; x_wconf 88' lang='lat' dir='ltr'><strong>impietatis</strong></span> <span class='ocrx_word' id='word_1_710' title='bbox 1250 5074 1313 5113; x_wconf 89' lang='lat' dir='ltr'><strong>ac</strong></span> <span class='ocrx_word' id='word_1_711' title='bbox 1334 5057 1623 5114; x_wconf 88' lang='lat' dir='ltr'><strong>seditionis</strong></span> <span class='ocrx_word' id='word_1_712' title='bbox 1650 5072 1779 5111; x_wconf 91' lang='lat' dir='ltr'><strong>reus</strong></span> <span class='ocrx_word' id='word_1_713' title='bbox 1799 5065 2083 5129; x_wconf 83' lang='lat' dir='ltr'><strong>ageretur:</strong></span> <span class='ocrx_word' id='word_1_714' title='bbox 2194 5057 2423 5129; x_wconf 81' lang='lat' dir='ltr'><strong>Augusti</strong></span> <span class='ocrx_word' id='word_1_715' title='bbox 2465 5072 2632 5113; x_wconf 89' lang='lat' dir='ltr'><strong>manu</strong></span> <span class='ocrx_word' id='word_1_716' title='bbox 2673 5056 2941 5128; x_wconf 88' lang='lat' dir='ltr'><strong>scriptum</strong></span> <span class='ocrx_word' id='word_1_717' title='bbox 2993 5056 3198 5121; x_wconf 86' lang='lat' dir='ltr'><strong>ferunt,</strong></span> <span class='ocrx_word' id='word_1_718' title='bbox 3233 5063 3291 5112; x_wconf 90' lang='lat' dir='ltr'><strong>et</strong></span> <span class='ocrx_word' id='word_1_719' title='bbox 3334 5055 3410 5110; x_wconf 83' lang='lat' dir='ltr'><strong>ita</strong></span> <span class='ocrx_word' id='word_1_720' title='bbox 3455 5070 3515 5111; x_wconf 90' lang='lat' dir='ltr'><strong>se</strong></span> <span class='ocrx_word' id='word_1_721' title='bbox 3561 5053 3771 5109; x_wconf 85' lang='lat' dir='ltr'><strong>habet:</strong></span> 
     </span>
    </p>
   </div>
   <div class='ocr_carea' id='block_1_56' title="bbox 591 5208 1182 5279">
    <p class='ocr_par' dir='ltr' id='par_1_56' title="bbox 591 5208 1182 5279">
     <span class='ocr_line' id='line_1_56' title="bbox 591 5208 1182 5279; baseline 0 -15"><span class='ocrx_word' id='word_1_722' title='bbox 591 5208 609 5251; x_wconf 84' lang='grc' dir='ltr'>ι</span> <span class='ocrx_word' id='word_1_723' title='bbox 650 5208 808 5266; x_wconf 83' lang='lat' dir='ltr'><strong>Rom.</strong></span> <span class='ocrx_word' id='word_1_724' title='bbox 833 5226 947 5277; x_wconf 78' lang='lat' dir='ltr'><strong>VIII,</strong></span> <span class='ocrx_word' id='word_1_725' title='bbox 977 5211 1067 5279; x_wconf 80' lang='lat'><strong>&#39;58,</strong></span> <span class='ocrx_word' id='word_1_726' title='bbox 1093 5208 1182 5266; x_wconf 77' lang='lat'><strong>39.</strong></span> 
     </span>
    </p>
   </div>
   <div class='ocr_carea' id='block_1_57' title="bbox 1860 5325 2442 5384">
    <p class='ocr_par' dir='ltr' id='par_1_57' title="bbox 1860 5325 2442 5384">
     <span class='ocr_line' id='line_1_57' title="bbox 1860 5325 2442 5384; baseline -0.005 -1"><span class='ocrx_word' id='word_1_727' title='bbox 1860 5325 2174 5384; x_wconf 82' lang='lat' dir='ltr'><strong>SCHULZII</strong></span> <span class='ocrx_word' id='word_1_728' title='bbox 2214 5325 2442 5382; x_wconf 77' lang='grc' dir='ltr'><strong>ΝΟΤᾹΞ.</strong></span> 
     </span>
    </p>
   </div>
   <div class='ocr_carea' id='block_1_58' title="bbox 584 5436 3777 5515">
    <p class='ocr_par' dir='ltr' id='par_1_58' title="bbox 584 5436 3777 5515">
     <span class='ocr_line' id='line_1_58' title="bbox 584 5436 3777 5515; baseline -0.004 -15"><span class='ocrx_word' id='word_1_729' title='bbox 584 5440 628 5473; x_wconf 79' lang='grc'><strong>’⁸</strong></span> <span class='ocrx_word' id='word_1_730' title='bbox 651 5440 874 5515; x_wconf 59' lang='lat' dir='ltr'><strong>Damno.</strong></span> <span class='ocrx_word' id='word_1_731' title='bbox 909 5442 1015 5515; x_wconf 86' lang='lat' dir='ltr'><strong>_Ad</strong></span> <span class='ocrx_word' id='word_1_732' title='bbox 1073 5442 1336 5515; x_wconf 81' lang='lat' dir='ltr'><strong>Joannem</strong></span> <span class='ocrx_word' id='word_1_733' title='bbox 1386 5443 1785 5515; x_wconf 83' lang='lat' dir='ltr'><strong>Antiochenum</strong></span> <span class='ocrx_word' id='word_1_734' title='bbox 1855 5446 2040 5515; x_wconf 84' lang='lat' dir='ltr'><strong>potius</strong></span> <span class='ocrx_word' id='word_1_735' title='bbox 2099 5445 2242 5515; x_wconf 85' lang='lat' dir='ltr'><strong>hanc</strong></span> <span class='ocrx_word' id='word_1_736' title='bbox 2299 5442 2603 5515; x_wconf 69' lang='lat' dir='ltr'><strong>epistolam</strong></span> <span class='ocrx_word' id='word_1_737' title='bbox 2627 5438 2909 5515; x_wconf 71' lang='lat' dir='ltr'><strong>scripsisse</strong></span> <span class='ocrx_word' id='word_1_738' title='bbox 2962 5437 3373 5515; x_wconf 71' lang='lat' dir='ltr'><strong>dicitur._Cum</strong></span> <span class='ocrx_word' id='word_1_739' title='bbox 3425 5447 3609 5515; x_wconf 80' lang='lat' dir='ltr'><strong>autem</strong></span> 
     </span>
    </p>
   </div>
   <div class='ocr_carea' id='block_1_59' title="bbox 514 5506 3773 5584">
    <p class='ocr_par' dir='ltr' id='par_1_59' title="bbox 514 5506 3773 5584">
     <span class='ocr_line' id='line_1_59' title="bbox 514 5506 3773 5584; baseline -0.001 -22"><span class='ocrx_word' id='word_1_740' title='bbox 514 5509 798 5584; x_wconf 67' lang='lat' dir='ltr'><strong>inscriptio</strong></span> <span class='ocrx_word' id='word_1_741' title='bbox 820 5512 952 5584; x_wconf 65' lang='lat' dir='ltr'><strong>satis</strong></span> <span class='ocrx_word' id='word_1_742' title='bbox 972 5521 1158 5584; x_wconf 74' lang='lat' dir='ltr'><strong>aperte</strong></span> <span class='ocrx_word' id='word_1_743' title='bbox 1182 5514 1375 5582; x_wconf 85' lang='lat' dir='ltr'><strong>prodat</strong></span> <span class='ocrx_word' id='word_1_744' title='bbox 1397 5514 1604 5567; x_wconf 77' lang='grc' dir='ltr'><strong>νοθείαν</strong></span> <span class='ocrx_word' id='word_1_745' title='bbox 1627 5515 1788 5584; x_wconf 85' lang='lat' dir='ltr'><strong>hujus</strong></span> <span class='ocrx_word' id='word_1_746' title='bbox 1818 5506 2081 5584; x_wconf 59' lang='lat' dir='ltr'><strong>epistola},</strong></span> <span class='ocrx_word' id='word_1_747' title='bbox 2104 5506 2401 5569; x_wconf 77' lang='lat' dir='ltr'><strong>Caruerius</strong></span> <span class='ocrx_word' id='word_1_748' title='bbox 2432 5510 2716 5569; x_wconf 88' lang='lat' dir='ltr'><strong>substituit</strong></span> <span class='ocrx_word' id='word_1_749' title='bbox 2736 5506 3171 5584; x_wconf 41' lang='lat' dir='ltr'><strong>nomen‘Domni.</strong></span> <span class='ocrx_word' id='word_1_750' title='bbox 3191 5508 3379 5562; x_wconf 78' lang='lat' dir='ltr'><strong>Exstat</strong></span> <span class='ocrx_word' id='word_1_751' title='bbox 3401 5507 3629 5576; x_wconf 84' lang='lat' dir='ltr'><strong>epistola</strong></span> <span class='ocrx_word' id='word_1_752' title='bbox 3660 5506 3773 5567; x_wconf 83' lang='lat' dir='ltr'><strong>illa.</strong></span> 
     </span>
    </p>
   </div>
   <div class='ocr_carea' id='block_1_60' title="bbox 520 5578 2131 5654">
    <p class='ocr_par' dir='ltr' id='par_1_60' title="bbox 520 5578 2131 5654">
     <span class='ocr_line' id='line_1_60' title="bbox 520 5578 2131 5654; baseline 0.004 -23"><span class='ocrx_word' id='word_1_753' title='bbox 520 5588 561 5632; x_wconf 90' lang='lat' dir='ltr'><strong>t.</strong></span> <span class='ocrx_word' id='word_1_754' title='bbox 593 5580 683 5654; x_wconf 84' lang='lat' dir='ltr'><strong>IV,_</strong></span> <span class='ocrx_word' id='word_1_755' title='bbox 715 5593 770 5647; x_wconf 87' lang='lat' dir='ltr'><strong>p.</strong></span> <span class='ocrx_word' id='word_1_756' title='bbox 814 5578 977 5654; x_wconf 59' lang='lat' dir='ltr'><strong>I562.</strong></span> <span class='ocrx_word' id='word_1_757' title='bbox 1006 5578 1019 5582; x_wconf 65' lang='grc'>⁷</span> <span class='ocrx_word' id='word_1_758' title='bbox 1044 5583 1090 5614; x_wconf 86' lang='grc'><strong>⁷⁷</strong></span> <span class='ocrx_word' id='word_1_759' title='bbox 1129 5578 1382 5654; x_wconf 61' lang='lat' dir='ltr'><strong>Episton</strong></span> <span class='ocrx_word' id='word_1_760' title='bbox 1427 5601 1630 5654; x_wconf 81' lang='lat' dir='ltr'><strong>parem.</strong></span> <span class='ocrx_word' id='word_1_761' title='bbox 1667 5578 1922 5649; x_wconf 72' lang='lat' dir='ltr'><strong>Omnino,</strong></span> <span class='ocrx_word' id='word_1_762' title='bbox 1952 5594 2066 5639; x_wconf 91' lang='lat' dir='ltr'><strong>tum</strong></span> <span class='ocrx_word' id='word_1_763' title='bbox 2100 5603 2131 5638; x_wconf 85' lang='lat' dir='ltr'><strong>a</strong></span> 
     </span>
    </p>
   </div>
   <div class='ocr_carea' id='block_1_61' title="bbox 2163 5578 3774 5654">
    <p class='ocr_par' dir='ltr' id='par_1_61' title="bbox 2163 5578 3774 5654">
     <span class='ocr_line' id='line_1_61' title="bbox 2163 5578 3774 5654; baseline -0.007 -16"><span class='ocrx_word' id='word_1_764' title='bbox 2163 5590 2454 5654; x_wconf 60' lang='lat' dir='ltr'><strong>gumento.~</strong></span> <span class='ocrx_word' id='word_1_765' title='bbox 2502 5590 2619 5654; x_wconf 81' lang='lat' dir='ltr'><strong>tum</strong></span> <span class='ocrx_word' id='word_1_766' title='bbox 2671 5579 2870 5654; x_wconf 54' lang='lat' dir='ltr'><strong>west}.</strong></span> <span class='ocrx_word' id='word_1_767' title='bbox 2924 5578 3057 5654; x_wconf 52' lang='lat' dir='ltr'><strong>Qua!</strong></span> <span class='ocrx_word' id='word_1_768' title='bbox 3117 5587 3455 5654; x_wconf 75' lang='lat' dir='ltr'><strong>sequuntur,</strong></span> <span class='ocrx_word' id='word_1_769' title='bbox 3514 5591 3774 5654; x_wconf 36' lang='lat' dir='ltr'><strong>expressa</strong></span> 
     </span>
    </p>
   </div>
   <div class='ocr_carea' id='block_1_62' title="bbox 517 5645 3772 5722">
    <p class='ocr_par' dir='ltr' id='par_1_62' title="bbox 517 5645 3772 5722">
     <span class='ocr_line' id='line_1_62' title="bbox 517 5645 3772 5722; baseline 0.002 -21"><span class='ocrx_word' id='word_1_770' title='bbox 517 5658 647 5722; x_wconf 69' lang='lat' dir='ltr'><strong>sunt</strong></span> <span class='ocrx_word' id='word_1_771' title='bbox 666 5645 819 5720; x_wconf 77' lang='lat' dir='ltr'><strong>juxta</strong></span> <span class='ocrx_word' id='word_1_772' title='bbox 842 5651 1144 5722; x_wconf 79' lang='lat' dir='ltr'><strong>versionem</strong></span> <span class='ocrx_word' id='word_1_773' title='bbox 1176 5645 1322 5707; x_wconf 81' lang='lat' dir='ltr'><strong>Marii</strong></span> <span class='ocrx_word' id='word_1_774' title='bbox 1347 5645 1685 5708; x_wconf 64' lang='lat' dir='ltr'><strong>Mc&#39;i&#39;catoris.</strong></span> <span class='ocrx_word' id='word_1_775' title='bbox 1714 5654 1849 5709; x_wconf 84' lang='lat' dir='ltr'><strong>Vide</strong></span> <span class='ocrx_word' id='word_1_776' title='bbox 1877 5645 2064 5722; x_wconf 83' lang='lat' dir='ltr'><strong>supra,</strong></span> <span class='ocrx_word' id='word_1_777' title='bbox 2091 5645 2261 5722; x_wconf 52' lang='lat' dir='ltr'><strong>p.311.</strong></span> <span class='ocrx_word' id='word_1_778' title='bbox 2339 5652 2382 5684; x_wconf 80' lang='grc'><strong>⁷⁸</strong></span> <span class='ocrx_word' id='word_1_779' title='bbox 2415 5651 2611 5720; x_wconf 79' lang='lat' dir='ltr'><strong>Crucif.</strong></span> <span class='ocrx_word' id='word_1_780' title='bbox 2635 5658 2747 5722; x_wconf 78' lang='lat' dir='ltr'><strong>est.</strong></span> <span class='ocrx_word' id='word_1_781' title='bbox 2787 5645 2910 5722; x_wconf 41' lang='lat' dir='ltr'><strong>liget:</strong></span> <span class='ocrx_word' id='word_1_782' title='bbox 2948 5645 3211 5722; x_wconf 66' lang='lat' dir='ltr'><strong>addenda</strong></span> <span class='ocrx_word' id='word_1_783' title='bbox 3251 5648 3493 5722; x_wconf 65' lang='lat' dir='ltr'><strong>fuerunt.</strong></span> <span class='ocrx_word' id='word_1_784' title='bbox 3535 5648 3616 5722; x_wconf 80' lang='lat'><strong>_&quot;</strong></span> <span class='ocrx_word' id='word_1_785' title='bbox 3648 5645 3772 5722; x_wconf 55' lang='lat' dir='ltr'><strong>N51!-</strong></span> 
     </span>
    </p>
   </div>
   <div class='ocr_carea' id='block_1_63' title="bbox 518 5714 3773 5797">
    <p class='ocr_par' dir='ltr' id='par_1_63' title="bbox 518 5714 3773 5797">
     <span class='ocr_line' id='line_1_63' title="bbox 518 5714 3773 5797; baseline -0.003 -20"><span class='ocrx_word' id='word_1_786' title='bbox 518 5714 1099 5797; x_wconf 34' lang='grc' dir='ltr'><strong>ιῖιιξάἆιηζήθῑςηξξιυὶο</strong></span> <span class='ocrx_word' id='word_1_787' title='bbox 1126 5724 1413 5797; x_wconf 65' lang='lat' dir='ltr'><strong>aliterlcg.</strong></span> <span class='ocrx_word' id='word_1_788' title='bbox 1452 5740 1637 5797; x_wconf 72' lang='lat' dir='ltr'><strong>supra,</strong></span> <span class='ocrx_word' id='word_1_789' title='bbox 1675 5725 1712 5778; x_wconf 93' lang='lat' dir='ltr'><strong>l.</strong></span> <span class='ocrx_word' id='word_1_790' title='bbox 1754 5742 1811 5797; x_wconf 45' lang='grc' dir='ltr'><strong>ς,</strong></span> <span class='ocrx_word' id='word_1_791' title='bbox 1839 5794 1852 5797; x_wconf 91' lang='lat'>_</span> <span class='ocrx_word' id='word_1_792' title='bbox 1878 5714 2673 5797; x_wconf 31' lang='lat' dir='ltr'><strong>“°InquitLVid.__epist._3‘2.</strong></span> <span class='ocrx_word' id='word_1_793' title='bbox 2739 5727 2779 5773; x_wconf 90' lang='lat' dir='ltr'><strong>t.</strong></span> <span class='ocrx_word' id='word_1_794' title='bbox 2826 5719 2929 5785; x_wconf 67' lang='lat' dir='ltr'><strong>IV,</strong></span> <span class='ocrx_word' id='word_1_795' title='bbox 2956 5735 3008 5790; x_wconf 72' lang='grc' dir='ltr'><strong>ρ.</strong></span> <span class='ocrx_word' id='word_1_796' title='bbox 3050 5718 3206 5773; x_wconf 62' lang='grc' dir='ltr'><strong>ΗΒ.</strong></span> <span class='ocrx_word' id='word_1_797' title='bbox 3282 5718 3324 5749; x_wconf 77' lang='grc'><strong>⁸¹</strong></span> <span class='ocrx_word' id='word_1_798' title='bbox 3390 5716 3589 5787; x_wconf 77' lang='lat' dir='ltr'><strong>Inquit.</strong></span> <span class='ocrx_word' id='word_1_799' title='bbox 3651 5714 3773 5773; x_wconf 86' lang='lat' dir='ltr'><strong>Vid.</strong></span> 
     </span>
    </p>
   </div>
   <div class='ocr_carea' id='block_1_64' title="bbox 518 5788 2688 5864">
    <p class='ocr_par' dir='ltr' id='par_1_64' title="bbox 518 5788 2688 5864">
     <span class='ocr_line' id='line_1_64' title="bbox 518 5788 2688 5864; baseline 0.003 -24"><span class='ocrx_word' id='word_1_800' title='bbox 518 5788 680 5857; x_wconf 80' lang='lat' dir='ltr'><strong>epist.</strong></span> <span class='ocrx_word' id='word_1_801' title='bbox 725 5788 811 5851; x_wconf 82' lang='lat'><strong>79,</strong></span> <span class='ocrx_word' id='word_1_802' title='bbox 843 5796 881 5842; x_wconf 84' lang='lat' dir='ltr'><strong>t.</strong></span> <span class='ocrx_word' id='word_1_803' title='bbox 918 5791 1004 5857; x_wconf 88' lang='lat' dir='ltr'><strong>IV,</strong></span> <span class='ocrx_word' id='word_1_804' title='bbox 1043 5810 1094 5863; x_wconf 85' lang='lat' dir='ltr'><strong>p.</strong></span> <span class='ocrx_word' id='word_1_805' title='bbox 1130 5794 1283 5847; x_wconf 66' lang='lat' dir='ltr'><strong>“Si.</strong></span> <span class='ocrx_word' id='word_1_806' title='bbox 1362 5788 1404 5827; x_wconf 67' lang='grc' dir='ltr'><strong>δ’</strong></span> <span class='ocrx_word' id='word_1_807' title='bbox 1438 5788 1713 5861; x_wconf 42' lang='grc' dir='ltr'><strong>ΛάλΕιιῑν.</strong></span> <span class='ocrx_word' id='word_1_808' title='bbox 1753 5794 1874 5847; x_wconf 85' lang='lat' dir='ltr'><strong>Vid.</strong></span> <span class='ocrx_word' id='word_1_809' title='bbox 1927 5788 2087 5864; x_wconf 68' lang='lat' dir='ltr'><strong>epiét.</strong></span> <span class='ocrx_word' id='word_1_810' title='bbox 2124 5793 2211 5858; x_wconf 84' lang='lat'><strong>80,</strong></span> <span class='ocrx_word' id='word_1_811' title='bbox 2242 5802 2281 5847; x_wconf 89' lang='lat' dir='ltr'><strong>t.</strong></span> <span class='ocrx_word' id='word_1_812' title='bbox 2322 5788 2416 5859; x_wconf 74' lang='lat' dir='ltr'><strong>IV,</strong></span> <span class='ocrx_word' id='word_1_813' title='bbox 2448 5808 2499 5862; x_wconf 87' lang='lat' dir='ltr'><strong>p.</strong></span> <span class='ocrx_word' id='word_1_814' title='bbox 2536 5792 2688 5847; x_wconf 73' lang='lat'><strong>“3‘5.</strong></span> 
     </span>
    </p>
   </div>
  </div>
