4080 6466
326 365 411 430 199
1437 355 1799 417 lllSTORlA
1835 351 2344 414 THEODORETI.

3437 359 3536 420 130

320 477 556 547 Quoniam
579 474 661 528 ille
689 472 932 528 civitatis
963 473 1111 528 illius
1145 474 1438 543 episcopus
1478 470 1698 525 assidue
1723 481 1854 519 con-
1889 469 1929 518 Α
1963 471 2067 518 lani
2098 479 2430 536 posuerunt,
2459 471 2611 538 quasi
2649 471 2701 524 in
2737 472 2875 525 duos
2909 470 3050 525 ﬁlios
3087 471 3363 526 Christum
3396 471 3537 525 divi-

320 574 482 641 gregat
530 564 777 636 synodos,
815 565 1111 633 turbatque
1148 581 1210 617 ea
1262 581 1319 617 re
1368 563 1735 624 orthodoxos,
1788 559 1857 613 da

319 673 510 732 operam
541 655 859 725 congruenti
881 656 1259 711 moderatione
1283 671 1346 709 ac
1373 654 1686 724 prudentia,
1720 661 1778 705 ut
1811 652 1857 705 is

318 750 438 822 Cyro
461 763 516 804 se
549 744 847 812 contineat,
886 761 989 801 nec
1013 747 1080 800 ad
1121 747 1280 800 aliam
1315 747 1590 800 civitatem
1636 741 1856 812 proﬁci-

320 852 495 898 scatur.
524 861 541 892 Ι

377 935 474 990 Vl].
500 933 552 988 ln
583 931 946 988 domesticum
973 931 1106 984 illud
1130 930 1408 993 exsilium,
1443 929 1586 983 sicut
1620 928 1736 996 ipse
1774 926 1856 979 lo-

322 1023 498 1094 quitur,
530 1023 736 1091 eiectus
784 1030 871 1075 est
911 1036 1058 1074 anno
1110 1021 1233 1083 445,
1267 1035 1378 1088 quo
1438 1034 1583 1072 anno
1633 1017 1859 1086 gerebat

324 1111 624 1168 consulatum
653 1109 884 1165 Nomus.
908 1111 1019 1165 Etsi
1064 1118 1244 1163 autem
1263 1105 1402 1178 ,praa
1438 1124 1495 1163 se
1529 1107 1699 1162 ferret
1727 1121 1857 1159 con-

323 1195 548 1258 stantiam.
571 1200 739 1254 animi
775 1200 830 1254 in
859 1201 963 1255 hac
993 1202 1300 1256 calamitate
1319 1243 1332 1264 ,
1367 1201 1643 1254 neminem
1674 1207 1858 1251 tamen

325 1307 414 1347 non
451 1290 734 1354 invocavit,
789 1290 936 1345 unde
974 1299 1225 1359 speraret
1273 1289 1582 1342 auxilium:
1633 1303 1756 1340 nam
1805 1294 1857 1340 et

321 1381 535 1440 Anatolio
556 1382 600 1414 ⁸³
617 1381 878 1452 patricio,
905 1389 961 1435 et
981 1381 1278 1435 Eutrechio
1305 1380 1582 1450 praefecto,
1607 1387 1664 1432 et
1687 1378 1860 1432 Nomo

324 1472 936 1530 consulilamcntabiliter
951 1479 1178 1540 questus
1195 1480 1298 1532 est,
1325 1487 1382 1524 se
1422 1469 1666 1524 inaudita
1696 1485 1861 1524 causa

325 1567 614 1630 damnatum,
646 1580 776 1620 cum
799 1581 869 1618 ne
897 1563 1223 1618 incendiarii
1258 1563 1480 1632 quidem
1515 1571 1678 1632 atque
1693 1561 1860 1614 etfos-

332 1656 882 1728 somscpulcrorum,
909 1656 1019 1708 imo
1068 1668 1126 1708 et
1174 1653 1462 1724 parricidae
1507 1653 1856 1713 damnentur,

330 1749 594 1820 priusquam
619 1747 688 1802 ad
725 1747 1004 1818 obiectum
1037 1746 1245 1800 crimen
1276 1745 1657 1813 responderint
1685 1761 1696 1796 :
1727 1743 1860 1813 quin

325 1847 370 1894 et
395 1837 634 1912 synodum
653 1840 1043 1908 episcoporum
1075 1836 1193 1906 cogi
1227 1835 1484 1905 postulat,
1514 1833 1607 1887 sed
1643 1848 1855 1896 eorum,

322 1931 400 2002 qui
419 1928 672 2000 judicium
706 1928 856 1983 ferre
890 1928 1103 1998 possint
1147 1928 1214 1982 de
1265 1927 1532 1990 doctrina,
1557 1934 1613 1980 et
1655 1927 1707 1979 in
1751 1940 1859 1993 qua

321 2023 630 2094 nugistratus
686 2022 1070 2092 pronuntient,
1125 2037 1247 2090 qua:
1301 2019 1703 2088 disputantium
1765 2016 1862 2071 do-

232 2100 234 2102 ,
319 2115 470 2170 ctrina
493 2113 808 2184 apostolicae
831 2113 1165 2166 conformior
1201 2111 1290 2164 sit.
1323 2109 1405 2164 Ad
1445 2109 1564 2164 haec
1599 2110 1861 2163 innocen-

318 2206 428 2260 tiam
459 2221 600 2261 suam
633 2205 990 2276 depraedicat,
1009 2220 1246 2273 suosque
1277 2219 1380 2274 pro
1410 2202 1516 2257 ﬁde
1549 2203 1766 2257 labores
1799 2215 1862 2255 ac

315 2283 474 2354 elicax
513 2298 568 2353 in
595 2298 884 2354 hareticis
928 2297 1319 2352 convertendis
1351 2295 1616 2360 studium,
1646 2309 1860 2348 necnon

313 2391 418 2446 vita:
435 2389 498 2446 ab
523 2391 847 2451 initioactaa
872 2390 1278 2459 integritatem;
1322 2392 1340 2409 ⁹
1367 2387 1603 2456 denique
1647 2385 1862 2440 infracti

313 2478 612 2534 malisanimi
635 2477 956 2532 ﬁrmitatem
978 2484 1248 2531 sustentat
1266 2475 1674 2544 exspectatione
1692 2473 1862 2528 divini

306 2569 492 2640 iudicii,
515 2569 580 2624 ad
606 2569 763 2640 quod
797 2569 1164 2632 adversarios,
1193 2569 1307 2622 sive
1331 2569 1425 2637 qui
1447 2576 1727 2631 accusant,
1749 2566 1863 2621 sive

309 2653 394 2724 qui
407 2653 684 2722 damnant,
707 2657 993 2714 autetiam
1018 2656 1277 2712 damnare
1297 2657 1502 2721 sinunt,
1528 2656 1864 2712 conﬁdenter

310 2746 438 2800 citat.

367 2837 484 2892 Vlll.
513 2839 580 2895 Ut
611 2855 829 2908 aegrum
868 2839 1110 2892 animum
1148 2840 1438 2903 solaretur,
1473 2855 1614 2908 Opus
1639 2855 1863 2908 compo-

314 2929 416 2993 suit,
441 2931 520 2984 cui
563 2946 777 2984 nomen
819 2931 949 2985 fecit
977 2931 1244 2986 Eranistae
1272 2947 1367 2985 seu
1398 2929 1770 3000 Polymorphi.
1804 2929 1864 2984 ln

315 3020 399 3075 hoc
421 3023 458 3053 “
477 3025 610 3077 mira
642 3024 886 3092 quadam
909 3033 1027 3077 arte
1051 3024 1338 3078 consilium
1363 3024 1710 3078 dissimulat:
1736 3038 1864 3076 nam

1958 560 2138 621 sisset,
2169 570 2223 614 et
2247 562 2553 615 latitantem
2584 564 2637 616 in
2663 564 2852 618 Cilicia
2875 565 3260 618 Nestorianum
3292 581 3537 619 errorem

1957 653 2317 720 propalasset.
2344 653 2398 707 Id
2423 656 2668 708 criminis
2690 665 2747 709 ut
2773 657 3136 726 propulsaret,
3158 657 3368 711 litteras
3390 657 3541 711 dedit

1959 743 2218 796 Dioscoro
2247 744 2291 773 ⁸⁵
2326 742 2382 797 in
2429 743 2544 798 haec
2578 745 2742 798 verba
2775 763 2786 797 ε
2830 765 2845 794 ε
2886 746 3009 826 lltee
3034 747 3277 799 scribere
3319 756 3543 800 coactus

1959 849 2101 897 sum,
2128 851 2252 888 cum
2298 838 2610 891 sanctitatis
2656 847 2762 892 tum
2796 839 3010 892 litteras
3035 840 3288 908 legissem
3332 839 3399 892 ad
3443 840 3540 893 Dei

1958 929 2390 984 amantissimum
2465 933 2983 1001 sanctissimumque
3059 932 3537 1002 archiepiscopum

1959 1021 2238 1076 dominum
2264 1025 2536 1077 Domuum
2568 1026 2820 1093 scriptas.
2849 1025 2906 1078 ln
2942 1026 3049 1079 illis
3078 1025 3225 1077 enim
3263 1025 3367 1079 hoc
3396 1025 3540 1077 inter

1960 1121 2156 1166 etetera
2176 1117 2579 1178 continebatur,
2607 1115 2870 1185 quosdam
2897 1117 2960 1169 ad
2997 1118 3285 1170 maximam
3322 1117 3537 1174 urbem,

1961 1220 2082 1273 quae
2108 1221 2137 1259 a
2166 1208 2453 1262 sanctitate
2483 1218 2574 1262 tua
2606 1209 2834 1277 regitur,
2870 1225 2992 1262 cum
3026 1212 3339 1272 venissent,
3373 1225 3539 1262 accu-

1962 1311 2110 1350 sasse
2149 1313 2270 1358 nos,
2300 1300 2456 1366 quasi
2489 1300 2543 1352 in
2591 1299 2729 1354 duos
2781 1300 2920 1355 ﬁlios
2963 1301 3330 1354 divideremus
3370 1317 3539 1354 unum

1960 1389 2252 1444 Dominum
2305 1401 2552 1446 nostrum
2607 1394 2791 1448 Jesum
2833 1395 3112 1448 Christum
3155 1412 3166 1446 :
3203 1394 3366 1463 idque
3413 1410 3538 1448 cum

1961 1480 2104 1549 apud
2131 1482 2476 1537 Antiochiam
2497 1484 2912 1548 dissererei'nus,
2933 1485 3023 1538 ubi
3058 1486 3242 1539 multa:
3265 1486 3538 1556 myriades

1961 1571 2275 1626 auditorum
2305 1575 2370 1627 ad
2395 1575 2712 1629 concionem
2743 1587 3140 1631 convenerunt.
3169 1579 3236 1630 At
3269 1594 3369 1647 ego
3421 1579 3544 1631 illos

1961 1662 2181 1730 quidem
2197 1664 2494 1733 deploravi,
2514 1667 2607 1736 qui
2635 1667 2978 1722 manifestam
2998 1669 3326 1722 calumniam
3358 1677 3541 1723 texere

1964 1754 2081 1806 ausi
2116 1764 2282 1808 sunt:
2329 1757 2478 1810 dolui
2531 1775 2682 1823 vero,
2728 1770 2783 1814 et
2828 1761 3070 1830 ignosce,
3117 1761 3366 1820 Domine,
3413 1760 3540 1828 quia

1963 1861 2153 1899 vocem
2187 1848 2442 1916 exprimit
2489 1848 2665 1912 dolor,
2694 1851 2839 1920 quod
2889 1851 3020 1903 mihi
3068 1866 3255 1904 aurem
3311 1850 3539 1902 alteram

1959 1945 2052 1990 tua
2081 1936 2381 1992 secundum
2413 1939 2583 1992 Deum
2611 1940 2875 2009 perfectio
2915 1941 3178 2009 integram
3207 1954 3313 1990 non
3362 1954 3541 1991 reser-

1959 2028 2138 2092 vavit;
2162 2029 2255 2082 sed
2282 2029 2348 2082 iis
2376 2045 2496 2098 qua:
2521 2029 2658 2083 falso
2680 2029 2748 2084 ab
2774 2030 2881 2084 illis
2907 2030 3053 2084 dicta
3077 2039 3224 2087 sunt,
3256 2027 3415 2081 ﬁdem
3443 2029 3539 2081 ha-

1962 2118 2102 2172 buit.
2147 2138 2164 2167 ι

2033 2211 2236 2264 l‘labuit
2292 2227 2424 2266 vero
2480 2213 2880 2267 Alexandrinus
2934 2214 3149 2269 clericis
3197 2231 3263 2269 eo
3327 2217 3542 2272 facilius

1963 2302 2148 2365 ﬁdem,
2189 2318 2298 2372 quo
2351 2303 2505 2372 pejus
2551 2305 2734 2357 animo
2776 2315 2894 2359 erat
2952 2321 3079 2375 erga
3133 2306 3540 2361 Theodoretum

1963 2394 2193 2448 allectus
2221 2411 2233 2448 :
2261 2411 2386 2449 eum
2438 2395 2582 2449 enim
2632 2397 2838 2450 sciebat
2883 2396 3087 2468 Cyrillo
3114 2399 3314 2467 passim
3340 2399 3544 2453 calum-

1965 2483 2127 2547 niari,
2151 2485 2324 2538 totius
2345 2482 2639 2539 Orientalis
2669 2485 2926 2540 dimccsis
2951 2488 3242 2556 prtesulum
3267 2489 3544 2543 mentibus

1965 2587 2103 2642 pene
2141 2574 2433 2637 dominari,
2467 2573 2521 2628 in
2567 2589 2694 2628 suas
2737 2585 2920 2644 partes
2954 2579 3331 2632 sanctissimos
3378 2596 3544 2648 quos-

1964 2678 2070 2732 que
2121 2664 2434 2727 monachos,
2478 2665 2676 2734 partim
2703 2667 2827 2719 vitre
2875 2668 3164 2721 sanctitate
3199 2676 3254 2721 et
3281 2669 3544 2724 doctrinm

1967 2752 2126 2816 fama,
2151 2757 2349 2822 partim
2380 2755 2693 2822 eloquentia
2717 2756 2771 2808 in
2798 2755 3178 2819 coneionibus,
3207 2758 3544 2828 laudumque

1965 2841 2120 2910 quasi
2146 2841 2480 2906 adulatione,
2511 2843 2562 2896 in
2593 2844 2820 2897 historia
2852 2845 3148 2910 Philothci,
3186 2848 3435 2902 traxisse.
3463 2849 3544 2902 Ad

1965 2930 2082 2984 hmc
2108 2940 2336 2984 noverat
2369 2928 2536 2985 fuisse
2563 2931 2922 2987 Antiochenis
2955 2942 3255 2998 auctorem,
3286 2947 3344 2988 ut
3371 2936 3548 2990 tribu-

1969 3029 2075 3075 tam
2145 3021 2758 3090 Constantinopolitanae
2812 3023 2925 3076 sedi
2980 3039 3008 3076 a
3052 3025 3290 3079 secunda
3338 3027 3546 3096 synodo

309 3129 409 3169 cum
434 3133 525 3185 per
557 3117 957 3186 dialogismum
982 3116 1037 3169 in
1062 3116 1480 3185 Apollinaristas
1503 3115 1784 3183 disputare
1805 3129 1863 3167 se
1891 3124 1935 3184 ο
1968 3112 2222 3166 secunda:
2250 3122 2372 3181 post
2397 3113 2698 3166 Romanam
2748 3114 2896 3167 sedis
2938 3115 3349 3184 praerogativam
3380 3133 3545 3187 agno-

308 3203 454 3274 tingit,
481 3207 751 3278 Cyrillum
783 3222 977 3261 revera
1003 3216 1057 3260 et
1085 3206 1399 3262 Catholicos
1426 3206 1726 3275 impugnat,
1755 3203 1865 3256 imo

301 3295 580 3353 doctrinam
607 3298 861 3352 Nestorii
885 3296 1377 3360 demonstratione,
1410 3305 1471 3349 ut
1502 3296 1616 3364 ipse
1642 3294 1864 3363 quidem

300 3385 535 3455 loquitur,
567 3388 908 3443 confirmare
943 3386 1155 3442 nititur.
1191 3387 1400 3443 Laudat
1430 3385 1650 3455 quidem
1696 3384 1866 3455 Cyril-

296 3476 391 3530 lum
435 3480 483 3532 in
523 3480 754 3549 dialogo
783 3479 1048 3542 secundo,
1077 3479 1172 3532 sed
1222 3478 1456 3548 maligna
1482 3476 1664 3531 laude.
1691 3475 1863 3542 Quem

295 3572 423 3623 enim
456 3574 672 3626 sciebat
715 3572 784 3625 ab
822 3570 1080 3625 omnibus
1111 3569 1303 3624 audire
1331 3569 1497 3623 unius
1535 3566 1862 3637 bypostasis,

296 3662 340 3714 id
361 3673 458 3726 est,
485 3674 542 3718 ut
565 3665 738 3734 vulgo
755 3663 1059 3726 ferebatur,
1087 3660 1250 3716 unius
1269 3670 1478 3714 natura:
1499 3659 1863 3722 defensorem,

296 3755 423 3810 hunc
457 3766 725 3826 tanquam
753 3753 1154 3810 inconfusionis
1173 3753 1389 3808 hostem
1416 3751 1674 3820 praedicat
1700 3767 1712 3802 :
1737 3764 1866 3803 nam

293 3846 612 3915 prudentum
657 3845 870 3916 judicio
906 3843 1156 3899 convinci
1183 3858 1343 3912 posse
1367 3858 1431 3895 ex
1470 3856 1537 3895 eo
1560 3839 1866 3894 arbitraba—

293 3947 370 3990 tur
391 3939 563 4008 egisse
590 3939 882 4001 Proteum,
907 3936 960 3990 id
999 3943 1105 3999 est,
1135 3943 1228 3992 aut
1263 3948 1487 3990 errores
1515 3933 1644 3985 olim
1673 3932 1864 3986 defen-

289 4026 439 4094 disse,
475 4038 532 4084 et
572 4027 930 4098 postmodum
985 4027 1251 4096 ejurasse,
1288 4033 1384 4079 aut
1419 4024 1612 4078 iisdem
1655 4030 1865 4091 tempo-

288 4118 428 4173 ribus
450 4118 762 4189 pugnantia
790 4119 1057 4172 locutum.
1086 4117 1265 4185 Atque
1297 4115 1462 4170 etiam
1492 4115 1609 4169 haec
1636 4114 1866 4167 fortasse

287 4221 438 4261 causa
487 4207 614 4271 fuit,
655 4222 761 4261 cur
805 4205 960 4275 operi
1006 4204 1407 4275 Polymorphus
1451 4201 1864 4263 inscriberetur,

285 4310 594 4367 quanquam
627 4305 688 4350 et
714 4296 884 4350 altera
917 4310 1038 4349 esse
1074 4294 1274 4363 potuit,
1309 4310 1415 4362 qua
1459 4307 1567 4346 non
1614 4292 1868 4345 adversa-

287 4388 389 4442 rius
429 4397 676 4452 tantum,
716 4387 813 4442 sed
850 4387 992 4441 liber
1027 4387 1143 4456 ipse
1173 4386 1580 4455 appellaretur:
1609 4383 1866 4452 quoniam

1973 3211 2192 3258 seerent
2225 3221 2236 3255 :
2276 3212 2507 3257 noverat
2547 3204 2710 3258 etiam
2743 3213 3129 3273 Opportunam,
3159 3207 3422 3262 exsistere
3447 3224 3542 3262 oc-

1972 3296 2243 3350 casionem
2271 3296 2504 3350 nocendi
2533 3296 2762 3361 homini,
2791 3314 2951 3365 quem
2984 3299 3328 3366 imperatoris
3351 3300 3545 3356 offensi

1975 3388 2053 3441 ira
2098 3396 2543 3456 persequeretur,
2580 3389 2862 3458 jussioque
2900 3390 3169 3443 inclusum
3222 3393 3376 3461 quasi
3425 3407 3546 3445 car-

1973 3493 2100 3532 cere
2148 3486 2380 3540 teneret,
2420 3485 2583 3544 atque
2630 3477 2766 3530 adeo
2809 3477 3126 3531 defensione
3173 3478 3545 3534 interdiceret.

1972 3568 2151 3635 Quare
2182 3569 2324 3622 dalis
2364 3568 2428 3623 ad
2467 3569 2736 3622 Domuum
2769 3569 2994 3638 ejttsque
3025 3569 3292 3640 synodum
3323 3555 3545 3635 litteris,

1973 3671 2203 3732 questus
2237 3669 2321 3714 est
2348 3661 2589 3730 graviter
2632 3659 2699 3713 de
2743 3658 2949 3713 Ciliciae
2982 3660 3275 3729 episcopis,
3319 3660 3547 3731 ipsoque

1974 3751 2299 3806 nominatim
2353 3749 2778 3808 Tlieodorcto,a
2830 3763 2939 3816 quo
2988 3762 3112 3800 cum
3166 3747 3376 3800 litteras
3399 3763 3550 3801 acce-

1972 3844 2162 3912 pisset,
2194 3841 2369 3912 magni
2408 3839 2575 3893 animi
2607 3837 3048 3906 calumniamun
3074 3837 3410 3906 indignantis
3433 3837 3549 3906 ple-

1974 3940 2092 3999 nas,
2127 3950 2192 3989 eo
2218 3949 2391 4002 usque
2415 3931 2773 3984 exacerbatus
2802 3938 2906 3988 est,
2941 3937 3001 3981 ut
3028 3929 3226 3996 ipsum.
3259 3929 3388 3982 licet
3412 3944 3550 3996 prae-

1973 4027 2146 4080 sulem
2190 4023 2418 4078 alterius
2469 4020 2740 4079 dimcesis,
2785 4019 2839 4072 in
2884 4019 3129 4071 Ecclesia
3179 4017 3545 4072 Alexandrina

1973 4133 2140 4172 ausus
2170 4116 2242 4170 sit
2287 4114 2633 4167 anathemate
2659 4111 2826 4163 ferire
2865 4127 2876 4161 :
2910 4123 3018 4162 non
3064 4108 3207 4176 quod
3237 4110 3546 4164 exercuerit

1974 4210 2041 4264 de
2074 4207 2418 4261 Theodoreto
2446 4202 2734 4275 judicium,
2759 4201 2850 4270 qui
2886 4200 3077 4254 fuisset
3108 4215 3376 4253 canonum
3408 4201 3547 4254 into-

1973 4300 2218 4354 lerabilis
2241 4303 2623 4364 contemptus;
2655 4292 2750 4347 sed
2785 4291 2979 4346 callide
3004 4290 3323 4354 monachos,
3355 4292 3450 4360 qui
3480 4309 3546 4346 ex

1974 4390 2200 4446 Oriente
2228 4394 2544 4441 accusatum
2566 4390 2853 4444 venerant,
2888 4380 2941 4432 in
2968 4379 3256 4462 ecclesiam
3293 4380 3506 4434 induxit
3530 4399 3544 4446 ;

282 4480 478 4534 striata:
512 4481 702 4535 instar
749 4478 1002 4549 imaginis
1031 4479 1211 4532 varias
1274 4491 1373 4546 pro
1404 4477 1556 4530 vario
1603 4474 1870 4529 intuentis
1900 4473 1946 4531 D
1973 4495 2272 4550 eorumque
2302 4477 2462 4548 178
2487 4484 2602 4529 arte
2645 4476 2718 4529 ita
2743 4473 3036 4527 concitavit
3062 4473 3345 4542 pupulum,
3372 4479 3433 4525 ut
3465 4480 3549 4526 ιιι-

281 4585 498 4643 aspectu
526 4575 748 4629 formas
779 4574 1024 4628 exhibet.
1057 4573 1258 4628 Verum
1284 4571 1386 4625 hac
1409 4570 1476 4625 de
1500 4585 1558 4624 re
1589 4569 1644 4622 in
1671 4583 1865 4622 recen-

279 4664 428 4721 sione
456 4666 591 4720 libri
640 4664 915 4735 prolixius
939 4664 1137 4733 agitur.

349 4754 507 4824 177
542 4754 642 4808 ιχ.
673 4752 796 4807 Non
826 4760 1036 4808 tantum
1065 4751 1211 4822 apud
1241 4751 1632 4821 imperatorem
1655 4750 1864 4820 ipsum-

277 4859 377 4912 que
412 4848 682 4901 Proclum
719 4846 882 4915 regiae
908 4845 1060 4899 urbis
1102 4845 1420 4914 episcopum
1464 4846 1866 4914 expostulatum

278 4948 357 4990 est
382 4938 449 4992 de
475 4938 860 5000 Theodoreto,
893 4937 988 4992 sed
1017 4937 1161 5007 apud
1185 4937 1616 4991 Alexandrinum
1646 4952 1866 5006 quoque

279 5027 630 5092 Dioscorum;
659 5028 730 5083 ad
754 5043 920 5098 quem
947 5043 1074 5082 cum
1120 5029 1484 5083 accessissent
1521 5027 1865 5096 clericiqui-

279 5119 399 5174 dam
445 5121 794 5186 Osdroenes,
845 5121 1213 5175 anathematis
1268 5119 1541 5174 sententia
1586 5135 1616 5172 a
1659 5120 1868 5173 Domno

277 5213 545 5279 percussi,
594 5211 979 5275 Theodoreto,
1007 5211 1202 5265 Domni
1257 5210 1436 5264 amico
1476 5209 1764 5278 singulari,
1812 5209 1868 5262 in

275 5303 508 5359 crimine
557 5304 778 5360 nefario
823 5304 1146 5358 concionem
1181 5302 1237 5357 in
1283 5301 1438 5357 obitu
1465 5301 1656 5370 Cyrilli
1705 5301 1867 5355 habi-

1975 4571 2285 4628 multuatim
2338 4567 2627 4622 anathema
2675 4565 3022 4618 Theodoreto
3089 4565 3543 4620 conclamaretur.

1974 4663 2296 4718 Tumultum
2327 4673 2460 4712 vero
2491 4655 2688 4725 praesul
2737 4669 2846 4706 non
2893 4652 3057 4706 modo
3095 4669 3204 4705 non
3261 4654 3545 4721 repressit,

1974 4756 2069 4812 sed
2098 4763 2250 4809 stans
2274 4751 2327 4804 in
2365 4749 2562 4802 throno
2590 4741 3050 4799 conclamantlum
3078 4741 3236 4795 ﬁdem
3269 4743 3506 4796 laudavit
3531 4761 3544 4795 :

1976 4863 2077 4904 nec
2105 4861 2172 4900 eo
2197 4850 2510 4902 contentus,
2538 4835 3070 4905 Constantinopolim
3105 4836 3424 4905 episcopum
3473 4837 3551 4890 le-

1973 4938 2140 5010 gavit,
2188 4933 2282 5003 qui
2339 4931 2408 4984 de
2449 4927 2824 4983 Orientalibus
2854 4927 3263 4996 expostularet,
3316 4933 3372 4979 et
3421 4927 3549 4982 facti

1973 5032 2237 5086 adversus
2264 5024 2668 5079 Theodoretum
2705 5021 2975 5074 rationem
3001 5019 3276 5074 redderet.

2044 5121 2112 5174 Χ.
2149 5119 2288 5172 Dum
2312 5116 2429 5170 haec
2450 5119 2716 5185 geruntur
2741 5111 2805 5174 ⁸⁸,
2846 5118 2940 5165 aut
2969 5109 3132 5178 paulo
3161 5117 3308 5170 ante,
3341 5121 3408 5160 ex
3446 5108 3550 5163 hac

1973 5211 2087 5265 vita
2138 5206 2374 5262 decessit
2434 5204 2692 5266 Proclus,
2739 5201 2824 5254 vir
2879 5199 3126 5268 apprime
3171 5196 3474 5251 catholicus
3521 5216 3544 5249 ι

1975 5299 2220 5358 succedit
2250 5298 2304 5350 in
2346 5295 2531 5350 sedem
2557 5293 2712 5346 urbis
2747 5292 2907 5360 regiae
2950 5287 3262 5347 Flavianus,
3301 5287 3550 5356 martyrii

1638 5466 1952 5524 SCHL’LZII
1994 5462 2224 5518 NOTAE.

345 5625 393 5699 ξ’
422 5626 708 5699 Anatolio,
742 5585 851 5683 etc.
883 5627 1008 5682 Vid.
1049 5629 1210 5699 epist.
1247 5629 1334 5694 79,
1371 5628 1462 5691 80,
1499 5628 1590 5699 8t,
1619 5627 1708 5684 9i.
1802 5626 1846 5658 ⁸⁸
1880 5625 1943 5680 1η
1983 5625 2097 5699 lgor,
2129 5629 2238 5675 etc.
2267 5616 2522 5699 Eamdem
2547 5613 2738 5699 tibiam
2768 5609 2997 5699 intl‘agtlin
3027 5606 3250 5699 disi},
3273 5623 3322 5699 ς.
3351 5607 3539 5699 6;“.

432 5698 655 5751 nemini
698 5688 848 5754 vana:
902 5714 1032 5770 sua;
1064 5688 1392 5770 conjecturae
1422 5688 1733 5770 _veritate_tn
1781 5693 2113 5770 persuadere
2167 5688 2364 5770 potuit.

2457 5686 2501 5716 ³⁸
2536 5683 2804 5736 Dioscoro.
2857 5679 2977 5735 Vid.
3026 5688 3066 5733 t.
3125 5677 3226 5743 IV,
3274 5693 3330 5747 p.
3382 5679 3533 5733 illi}.

279 5764 322 5797 ⁸⁸
362 5766 502 5821 Dum
539 5770 660 5823 lucc
689 5753 966 5839 geruntur.
1001 5753 1218 5824 Scilicét
1243 5783 1385 5823 anno
1409 5768 1533 5831 -Ηῖ,
1575 5775 1634 5821 ιιι
1680 5768 1733 5821 in
1775 5753 2015 5837 margine
2045 5753 2255 5816 monuit
2303 5753 2622 5811 Garnerius.
