4080 6520
461 364 558 430 I31

1590 357 1973 421 GARNERII
2012 354 2513 418 DISSERTATIO
2554 356 2603 416 Ι.

3627 351 3729 420 132

458 483 639 554 palma
662 481 886 538 futurus
906 482 1129 537 nobilis.
1162 480 1242 536 Ad
1266 482 1416 536 hune
1436 478 1843 541 Theodoretus,
1870 493 2034 547 quem
2071 482 2111 533 Α
2139 488 2350 536 errore,
2374 448 2553 537 hunc,
2570 471 2947 528 admonitione
2979 480 3318 544 contempta,
3344 472 3619 530 obstinate
3647 491 3739 530 re-

459 574 565 628 sibi
603 574 966 630 faventiorem
997 574 1194 628 Proclo
1225 572 1504 641 sperabat,
1545 570 1700 626 dedit
1737 569 1951 624 litteras
1980 570 2049 632 ⁸⁷,

458 662 850 733 gratulatorias
892 662 1153 731 primum,
1201 675 1328 713 mox
1379 657 1805 730 deprecatorias,
1852 655 2054 725 quibus

464 752 792 822 imploraret
820 767 1006 821 opem,
1035 760 1383 822 peteretque,
1420 766 1491 805 ne
1530 749 1820 803 audiretur
1852 746 2055 800 missus

465 840 522 894 in
554 842 749 895 urbem
784 842 990 910 regiam
1018 856 1046 894 a
1075 841 1340 896 Dioscoro
1378 840 1692 910 episcopus,
1717 838 1812 907 qui
1843 845 1899 890 et
1926 851 2057 890 cau-

459 949 547 987 sas
597 933 729 987 dicti
777 933 1124 988 Alexandriat
1157 933 1211 987 in
1240 932 1653 988 Theodoretum
1684 929 2056 985 anathematis

456 1031 779 1092 exponeret,
822 1032 880 1077 et
910 1024 1302 1094 imperatorem
1344 1024 1566 1093 gravius
1595 1029 1839 1094 urgeret.
1880 1040 1898 1070 ι
1929 1022 2056 1076 Dio-

460 1132 677 1179 scorus,
726 1117 910 1186 inquit
956 1116 1024 1183 3",
1082 1118 1550 1172 calumniantibus
1600 1132 1765 1171 aures
1809 1116 2052 1180 tradens,

459 1223 576 1260 rem
609 1224 901 1278 aggressus
924 1217 1029 1274 est,
1057 1225 1178 1278 qua:
1202 1209 1352 1263 credi
1384 1210 1701 1264 nullatenus
1728 1217 1917 1278 queat,
1947 1208 2056 1263 nisi

466 1305 665 1352 testem
712 1299 943 1354 haberet
981 1300 1302 1354 Ecclesiam.
1352 1300 1501 1355 Tulit
1551 1302 1700 1355 enim
1750 1301 1911 1366 illos,
1961 1298 2059 1371 qui

470 1389 632 1444 nobis
657 1390 981 1444 'anathema
1001 1390 1276 1456 dicebant,
1304 1407 1646 1462 surgensque
1673 1400 1728 1446 et
1749 1392 2059 1447 acclamans

460 1481 684 1535 illorum
719 1498 886 1536 voces
917 1482 1268 1537 conﬁrmavit
1296 1501 1308 1537 :
1337 1483 1407 1537 ad
1455 1483 1574 1538 haec
1607 1484 1823 1553 aliquos
1851 1500 1921 1538 ex
1944 1484 2058 1538 Deo

463 1573 808 1628 charissimis
834 1573 1111 1643 episcopis
1132 1573 1185 1627 in
1218 1573 1412 1629 urbem
1438 1574 1644 1645 regiam
1673 1574 1844 1639 misit,
1877 1582 1939 1629 ut
1971 1590 2062 1631 ac-

463 1664 733 1733 cepimus,
775 1664 1010 1735 majores
1049 1680 1280 1734 sperans
1309 1674 1503 1720 contra
1542 1680 1645 1720 nos
1673 1665 1941 1720 tumultus
1967 1681 2061 1721 ex-

464 1756 733 1810 citandos.
774 1775 792 1807 ι

534 1845 625 1899 XI.
654 1846 858 1900 Eodem
884 1854 1209 1917 argumento
1226 1847 1448 1918 scripsit
1470 1847 1514 1879 "
1540 1847 1722 1902 Tauro
1742 1856 1798 1902 et
1825 1847 2054 1903 Floren-

467 1938 544 1991 tio
575 1937 845 2009 patriciis,
878 1937 1151 2009 Lupicino
1188 1939 1452 2009 magistro
1492 1936 1826 2004 ciliciorum,
1852 1939 2055 1995 Eutre-

465 2029 592 2083 chio
633 2030 919 2099 praefecto.
948 2040 1003 2085 et
1045 2030 1301 2085 Anatolio
1340 2030 1592 2100 patricio.
1636 2030 1867 2102 Scripsit
1911 2032 1958 2064 ⁹⁰
1999 2032 2057 2087 in

465 2122 715 2176 eamdem
741 2124 1073 2178 sententiam
1102 2123 1169 2177 ad
1200 2123 1342 2177 alios
1364 2124 1529 2177 etiam
1557 2122 1767 2192 plures,
1797 2124 1912 2179 sive
1943 2139 2058 2179 ma-

467 2223 678 2283 gnates,
707 2212 820 2268 sive
851 2214 1170 2284 episcopos,
1197 2214 1312 2269 sive
1363 2215 1532 2268 etiam
1587 2215 1829 2271 illustres
1872 2216 2058 2271 diaco-

469 2307 647 2360 nissas
670 2306 826 2370 duas,
848 2314 907 2360 ut
926 2320 996 2360 ne
1019 2306 1302 2361 videretur
1326 2306 1523 2360 famam
1550 2322 1703 2361 suam
1729 2309 2054 2377 neglexisse,

469 2411 631 2463 quam
660 2394 927 2464 integram
953 2394 1218 2463 prrestari,
1236 2394 1464 2462 putabat
1484 2393 1742 2448 Ecclesia:
1766 2394 2053 2448 interesse.

468 2482 611 2551 Quin
647 2493 702 2538 et
734 2485 908 2554 ipsius
936 2485 1175 2553 impulsu
1214 2486 1462 2538 Domnus
1500 2484 1881 2539 Antiochenus
1907 2484 2059 2540 misit

471 2591 571 2630 sua
600 2591 667 2628 ex
698 2575 922 2630 dioecesi
956 2578 1265 2645 episc0pos,
1300 2575 1394 2644 qui
1434 2575 1595 2629 simul
1622 2583 1679 2629 et
1724 2576 2058 2630 Theodoreti

471 2665 842 2735 patrocinium
895 2666 1261 2735 susciperent,
1311 2674 1367 2719 et
1430 2664 1634 2719 illatam
1688 2666 2060 2721 Orientalibus

473 2754 810 2811 Nestorianae
868 2755 1092 2810 haeresis
1141 2754 1471 2809 calumniam
1517 2753 1810 2818 diluerent,
1845 2762 1901 2807 et
1948 2762 2058 2808 tota

473 2860 640 2915 epum
684 2846 737 2898 vi
786 2859 842 2899 se
893 2854 1234 2915 opponerent
1282 2845 1523 2900 Dioscori
1576 2845 1831 2907 ausibus,
1868 2845 2061 2900 alienat

476 2934 734 2990 dimcesis
761 2936 814 2990 in
840 2937 964 3007 jura
990 2935 1303 2990 involantis.

1089 3044 1316 3100 CAPUT
1348 3045 1441 3100 IX.

2155 566 2418 619 tinuerat.

2225 657 2290 711 Il.
2321 658 2452 713 Erat
2484 659 2762 731 Eutyches
2807 658 3233 714 archimandrita
3264 657 3609 713 celeberrimi
3645 677 3738 715 cu-

2150 747 2368 817 jusdam
2401 749 2458 804 in
2488 751 2625 805 urbe
2671 752 2819 823 regia
2860 749 3198 813 monasterii,
3227 749 3322 820 qui
3366 750 3499 804 olim
3547 750 3738 806 Nesto-

2156 841 2325 895 riante
2350 842 2545 897 haeresi
2573 842 2931 913 proﬂigandae
2954 857 3065 895 non
3100 840 3433 895 mediocrem
3465 857 3588 897 cum
3611 858 3743 898 san-

2157 941 2248 985 cto
2276 932 2544 988 Dalmatio
2570 941 2796 988 navarat
2816 948 3059 1003 operam.
3098 931 3488 987 Partiebantur
3516 933 3593 986 illi
3628 933 3742 988 duo

2157 1024 2415 1078 monachi
2456 1025 2841 1079 auctoritatem
2865 1024 3036 1091 aulae;
3067 1032 3123 1078 et
3150 1031 3416 1093 quantum
3442 1024 3745 1080 Dalmatius

2158 1115 2307 1185 apud
2347 1118 2737 1186 imperatorem
2791 1125 3019 1188 propter
3056 1118 3361 1172 sanctitatis
3402 1117 3742 1187 opinionem,

2158 1214 2373 1260 tantum
2404 1207 2679 1278 Eutycbes
2704 1206 2848 1277 apud
2891 1206 3291 1278 Chrysapbium
3319 1206 3533 1277 imperii
3561 1207 3744 1261 admi-

2158 1297 2416 1363 nistrum,
2445 1314 2717 1368 suumque
2748 1299 2803 1353 in
2842 1299 3119 1369 baptismo
3153 1307 3490 1367 susceptum,
3514 1302 3747 1370 prepter

2161 1389 2543 1459 cognationem
2569 1388 2905 1459 spiritualem
2936 1389 3173 1444 valebat.
3204 1389 3448 1458 Uterque
3470 1403 3604 1443 vero
3637 1388 3747 1444 fuit

2165 1480 2578 1536 addictissimus
2632 1479 2837 1551 Cyrillo
2880 1498 2892 1533 :
2937 1496 3063 1535 nam
3114 1480 3201 1534 vir
3253 1478 3741 1550 prudentissimus,

2159 1582 2522 1644 praeterquam
2562 1572 2711 1643 quod
2754 1589 2853 1643 pro
2883 1572 2989 1628 ﬁde
3031 1572 3232 1629 acriter
3263 1571 3559 1642 pu'gnabat,
3593 1571 3746 1641 quod

2159 1662 2267 1718 fuit
2305 1664 2440 1719 viris
2484 1664 2647 1720 bonis
2692 1665 3030 1721 incentivum
3077 1664 3146 1719 ad
3206 1679 3486 1730 amorem,
3542 1663 3747 1720 litteris

2162 1757 2278 1811 suis
2305 1755 2704 1810 monachorum
2726 1756 2881 1811 urbis
2919 1756 3082 1827 regite
3100 1755 3312 1820 Patres,
3336 1769 3475 1824 quos
3512 1763 3748 1809 noverat

2161 1845 2218 1900 in
2252 1846 2376 1901 aula
2410 1846 2665 1917 religiosa
2696 1846 2835 1900 nihil
2862 1861 2974 1900 non
3001 1861 3189 1916 posse,
3223 1850 3281 1900 in
3317 1853 3526 1916 partem
3556 1845 3748 1900 consi—

2156 1938 2360 1993 liorum
2387 1946 2444 1993 et
2469 1953 2665 2008 pugna:
2693 1953 2918 2003 vocans,
2940 1938 3140 1992 mirum
3178 1946 3446 2007 quantum
3474 1937 3579 1992 sibi
3607 1953 3747 1992 con-

2156 2028 2457 2083 ciliaverat.
2490 2029 2563 2084 Ut
2590 2038 2774 2083 autem
2799 2028 2923 2084 ﬁdei
2948 2030 3120 2093 zelus,
3153 2028 3512 2098 virorumque
3554 2029 3751 2084 docto-

2158 2134 2282 2172 rum
2336 2133 2509 2183 amor,
2540 2118 2585 2173 si
2630 2118 2853 2188 quando
2901 2118 3156 2173 inciderit
3203 2118 3257 2172 in
3297 2119 3551 2175 homines
3585 2119 3749 2176 valde

2159 2209 2366 2274 honos,
2411 2225 2507 2264 eos
2560 2208 2743 2264 reddit
2793 2208 2984 2265 faciles
3027 2209 3208 2280 decipi
3262 2226 3293 2265 a
3344 2212 3750 2269 vetcratoribus

2156 2301 2418 2372 pietatem
2457 2300 2741 2365 mentitis;
2766 2301 2846 2355 sic
2868 2301 3154 2373 Eutychen
3173 2303 3471 2372 propensio
3491 2302 3546 2356 in
3570 2301 3751 2373 Cyril-

2155 2394 2293 2457 lum,
2318 2392 2581 2448 etodium
2608 2392 2870 2455 Nestorii,
2892 2393 3178 2447 monachis
3198 2393 3450 2448 Armenis
3476 2392 3750 2465 Cyrillum

2158 2500 2301 2555 pene
2345 2483 2725 2549 adorantibus,
2776 2484 3090 2539 Nestorium
3138 2485 3292 2540 velut
3332 2485 3485 2541 orbis
3536 2495 3751 2556 pestem

2158 2571 2596 2637 exsecrantibus,
2621 2570 2717 2626 sed
2746 2571 3069 2641 Apollinarii
3103 2574 3294 2627 morbo
3325 2573 3558 2639 aﬂectis,
3582 2590 3754 2630 aures

2160 2662 2404 2731 pmbere
2438 2663 2725 2732 compulit,
2752 2678 2817 2718 ac
2842 2663 3191 2719 sermonibus
3216 2663 3375 2719 [idem
3401 2664 3554 2719 dare.

2236 2752 2466 2821 Propter
2502 2752 2796 2807 nonnullas
2836 2753 3005 2823 igitur
3047 2751 3235 2824 Cyrilli
3277 2753 3579 2809 sententias
3603 2754 3751 2810 male

2163 2846 2492 2913 intellectas,
2517 2846 2734 2901 somnio
2767 2846 3001 2901 similem
3024 2846 3153 2901 fecit
3178 2847 3430 2909 hzeresin,
3471 2854 3566 2900 aut
3593 2846 3755 2903 facta:

2159 2938 2348 3008 potius
2373 2937 2444 2991 ab
2484 2937 2742 2992 Armenis
2772 2936 3060 2991 monachis
3088 2951 3287 2991 nomen
3332 2936 3506 2993 dedit.
3529 2936 3749 3003 Aiebat,

2161 3037 2225 3082 ut
2264 3026 2467 3092 ferunt,
2496 3027 2634 3082 duas
2674 3026 2843 3081 fuisse
2873 3026 3098 3096 quidem
3125 3035 3252 3080 ante
3284 3027 3542 3082 unionem
3588 3035 3753 3082 natu-

471 3134 518 3192 ι.
549 3134 856 3213 ’βυῃοψιδ-
899 3135 1357 3213 Constantinopoli
1433 3137 1683 3213 adversus
1766 3136 2055 3213 Entychen.

2162 3133 2274 3184 ras,
2298 3118 2396 3173 sed
2438 3119 2509 3173 ab
2544 3118 2795 3173 unitione
2834 3133 3000 3172 unam
3049 3133 3336 3173 remanere
3390 3119 3445 3173 in
3491 3115 3749 3179 Christo:

548 3205 772 3276 [LQuis
841 3208 1003 3276 ipsius
1057 3205 1377 3260 errorfIII.
1432 3207 1735 3261 Damnatur
1794 3205 2058 3261 obnitente

548 3274 874 3346 Chrysaphio
901 3277 1150 3347 eunucho.
1182 3277 1268 3330 IV.
1302 3276 1531 3330 Laborat
1560 3277 1906 3347 Theodorctus
1930 3293 2055 3347 pro-

551 3354 669 3417 pter
695 3347 1082 3417 ordinationem
1111 3346 1557 3417 lrenaziidigami.
1594 3347 1657 3401 V.
1689 3346 1950 3400 Indicitur
1973 3363 2060 3417 sy-

551 3415 719 3487 nodus
760 3416 1033 3487 Ephesina
1078 3432 1133 3487 ll.
1164 3417 1246 3472 VI.
1295 3416 1443 3487 Vetat
1478 3415 2060 3487 imperatortneiatlsit

548 3484 915 3557 Tlteodorctus.
947 3485 1059 3557 VII.
1088 3486 1160 3537 De
1178 3486 1528 3557 gitetropolitis
1552 3484 1939 3557 @ggpti.\llll.
1964 3486 2060 3540 1η-

552 3504 915 3538 ιιιειυαοιψιιιδ.
956 3504 1059 3538 vu.
1088 3504 1160 3537 ue
1184 3504 1528 3557 ntetropouns
1552 3504 1675 3556 mg:
1729 3504 1787 3539 ιι.
1815 3504 1939 3539 un.
1964 3504 2060 3540 m-

552 3555 832 3609 dictionem
864 3570 1001 3623 (egre
1033 3554 1130 3623 fert
1159 3555 1527 3609 Thcodoretus.
1550 3504 1739 3619 IX,
1761 3555 2062 3609 Damnatur

548 3623 816 3695 gaimgliis
861 3626 917 3676 in
944 3625 1162 3694 synodo,
1197 3627 1253 3678 in
1287 3643 1393 3695 qua
1438 3626 1576 3693 ﬁunt
1601 3627 1778 3678 omnia
1811 3642 1904 3695 per
1935 3627 2058 3680 vim.

552 3692 644 3765 ξι,
671 3692 786 3765 XII.
821 3696 953 3765 Acta
978 3692 1232 3748 rescindit
1259 3692 1473 3749 sanctus
1508 3695 1630 3765 Leo,
1663 3696 1757 3765 qui
1787 3692 1966 3749 scribit
1995 3697 2064 3750 ad

551 3762 890 3836 Theodosium
916 3764 977 3836 tle
998 3765 1193 3835 synodo
1211 3765 1537 3836 abroganda.
1554 3762 1694 3817 XIII.
1716 3763 2064 3821 Theodoretus

552 3832 789 3905 appellat
850 3832 1455 3905 sedem'rapostolicnm,
1517 3834 1821 3905 legatosque
1881 3837 2058 3891 mittit.

549 3900 689 3957 XIV.
716 3902 854 3955 Petit
915 3900 1222 3972 facultatem
1250 3906 1409 3974 179
1462 3905 1558 3974 sibi
1599 3900 1906 3957 duri'eundi
1954 3906 2064 3959 Ro-

534 3989 716 4046 mam,
745 3983 837 4025 aut
875 3975 944 4027 ad
969 3973 1505 4046 ηιοηαειίίινξιιᾑξξξὶγἐ
1524 3973 1825 4046 Imperator
1853 3976 2064 4046 repellit

551 4044 853 4114 petitionem
878 4047 1047 4099 sancti
1073 4045 1275 4099 Leonis.
1301 4044 1440 4097 XVI.
1465 4043 1748 4098 Pulclteria
1779 4043 1936 4114 fratri
1959 4064 2064 4101 non

551 4111 770 4165 obsistit.
804 4112 964 4167 XVII.
1005 4115 1350 4169 Theodoretus
1381 4129 1436 4166 se
1485 4122 1533 4166 et
1564 4116 1758 4170 amicos
1780 4111 2063 4171 consortes

549 4180 774 4236 solatur.
813 4182 999 4239 XVIII.
1048 4183 1241 4238 Scribit
1287 4182 1577 4237 Historiam
1627 4183 2060 4242 ecclesiasticam.

884 4296 959 4345 Ab
984 4311 1113 4346 anno
1139 4292 1320 4347 Christi
1350 4296 1441 4344 419
1464 4297 1525 4344 ad
1549 4297 1659 4346 451.

547 4399 590 4454 1.
622 4398 821 4455 Coacta
850 4409 934 4456 est
970 4402 1191 4456 interim
1229 4400 1703 4471 Constantinopoli
1742 4418 1770 4457 a
1802 4403 2064 4458 Flaviano

2161 3208 2283 3279 ejus
2309 3223 2531 3262 carnem
2559 3223 2670 3262 non
2697 3223 2820 3263 esse
2847 3218 3051 3264 nostrae
3075 3209 3624 3269 consubstantialem,
3647 3207 3750 3264 sed

2161 3299 2303 3355 coelo
2328 3299 2556 3368 lapsam,
2601 3315 2701 3369 per
2734 3300 2977 3371 Virginis
3007 3308 3226 3355 uterum
3259 3301 3544 3355 transiisse
3574 3300 3751 3355 veluti

2161 3403 2262 3458 per
2285 3389 2531 3443 canalem
2552 3429 2567 3455 ,
2603 3397 2660 3443 et
2682 3388 2758 3444 ita
2792 3391 2848 3443 in
2881 3390 3059 3445 lucem
3087 3389 3356 3460 prodiisse
3383 3409 3396 3444 :
3434 3407 3555 3461 qua:
3583 3407 3753 3447 causa

2162 3477 2291 3543 fuit,
2314 3488 2376 3533 ut
2401 3495 2431 3534 a
2459 3479 2646 3554 Leone
2681 3480 2874 3551 Magno
2902 3482 2948 3513 θ’
2983 3481 3263 3537 diceretur
3293 3482 3454 3552 180
3480 3482 3535 3535 in
3560 3498 3751 3537 veram

2165 3570 2402 3641 Virginis
2446 3558 2876 3638 maternitatem,
2928 3574 3157 3645 perinde
3210 3589 3276 3629 ac
3307 3574 3615 3639 Nestorius,
3662 3589 3756 3629 er-

2165 3673 2339 3714 rasse.
2379 3660 2585 3716 Verum
2655 3661 2896 3716 hominis
2951 3663 3277 3733 desipientis
3332 3664 3401 3719 ab
3450 3672 3633 3729 astate,
3694 3674 3755 3720 et

2165 3751 2342 3822 ignari
2377 3768 2477 3823 per
2513 3768 2594 3819 se,
2616 3762 2673 3809 et
2698 3771 2728 3809 a
2759 3754 3250 3825 prtestigiatoribus
3273 3755 3526 3810 Armenis
3545 3754 3752 3824 delusi,

2164 3852 2221 3897 et
2258 3844 2377 3899 suis
2420 3844 2639 3900 duobus
2683 3847 2969 3902 monachis
3008 3847 3374 3902 Constantino
3419 3854 3477 3901 et
3527 3846 3754 3902 Eleusio

2165 3936 2411 4001 creduli,
2447 3937 2656 4006 Opinio,
2687 3953 2791 3994 nec
2839 3954 2949 3993 una
2999 3938 3138 4004 fuit,
3172 3954 3276 3993 nec
3323 3948 3602 4004 constans,
3649 3938 3751 3995 sed

2165 4029 2593 4094 commutabilis,
2624 4038 2790 4099 prout
2822 4030 3162 4085 contrarium
3186 4028 3449 4100 quiddam
3480 4029 3566 4084 vel
3602 4029 3755 4100 obji-

2166 4129 2413 4184 ceretur,
2451 4122 2535 4176 vel
2556 4120 2724 4175 etiam
2754 4121 3058 4177 diceretur.

2232 4212 2323 4266 Ill.
2353 4214 2653 4268 Damnatus
2680 4220 2765 4269 est
2792 4229 2823 4267 a
2847 4213 3088 4267 Flaviani
3112 4211 3341 4285 synodo,
3374 4210 3752 4281 nequidquam

2167 4305 2455 4360 obtinente
2498 4305 2841 4377 Chrysaphio
2890 4304 3170 4367 eunucho,
3214 4318 3378 4374 quem
3421 4302 3602 4357 minus
3632 4302 3753 4357 Eu-

2170 4395 2351 4467 tychis
2390 4411 2565 4458 amor,
2588 4410 2752 4465 quam
2805 4395 3045 4449 Flaviani
3085 4394 3272 4449 odium
3314 4393 3562 4465 urgebat.
3587 4393 3756 4448 Dam-

481 4490 744 4561 synodus,
785 4507 907 4560 qua:
962 4492 1314 4562 consignatur
1359 4490 1579 4546 Zenone
1609 4501 1666 4546 et
1706 4492 2062 4548 Postumiane
2093 4508 2142 4565 υ
2168 4487 2447 4541 nationem
2481 4495 2793 4541 consecutae
2824 4495 2954 4541 sunt
2974 4486 3167 4551 turbae,
3186 4493 3415 4555 prepter
3435 4500 3573 4555 quas
3599 4494 3754 4555 post-

482 4595 625 4635 ωδε.
660 4597 732 4635 1v.
765 4581 845 4635 Id.
869 4581 1136 4636 Novemb.
1164 4582 1284 4636 Non
1328 4580 1434 4636 fuit
1485 4581 1717 4637 fortasse
1759 4582 2063 4647 ordinaria,

483 4672 581 4726 sed
602 4680 663 4726 ut
694 4673 900 4728 habent
919 4681 1062 4738 acta,
1087 4673 1419 4744 ὲνδημοῦσα,
1442 4689 1510 4728 ex
1539 4674 1609 4728 iis
1631 4688 1830 4743 nempe
1852 4673 2070 4743 episco-

482 4762 588 4833 pis,
614 4764 709 4833 qui
754 4764 957 4835 reperti
1006 4772 1138 4819 sunt
1179 4764 1237 4818 in
1279 4764 1572 4820 comitatu.
1597 4765 1771 4819 Erant
1818 4780 1955 4820 vero
1998 4765 2070 4820 de

484 4869 638 4909 more
685 4854 929 4925 plurimi.
976 4853 1333 4909 Occasionem
1376 4855 1421 4887 ⁹¹
1467 4854 1729 4924 cogendas
1768 4853 1899 4909 fecit
1945 4863 2066 4911 orta

485 4946 715 5014 quaestio
764 4946 908 5002 inter
938 4946 1282 5002 Florentium
1343 4945 1597 5001 Sardium
1651 4945 1974 5011 antistitem,
2011 4953 2068 5000 et

486 5035 625 5092 duos
658 5038 779 5109 ejus
808 5037 1110 5108 provincias
1155 5036 1444 5108 episcopos
1464 5036 1729 5091 Joannem
1777 5044 1835 5091 et
1873 5035 2057 5091 Cossi-

486 5127 641 5183 nium
674 5146 687 5182 :
720 5144 827 5198 qua
859 5127 1019 5183 facile
1057 5126 1230 5192 ﬁnita,
1260 5135 1441 5182 actum
1487 5134 1593 5191 est,
1630 5134 1925 5181 accusante
1957 5127 2069 5182 Eu-

491 5216 644 5272 sebio
672 5216 901 5289 Dorylaai
926 5217 1208 5286 episcopo,
1231 5214 1301 5270 de
1326 5215 1573 5286 Eutyche
1600 5216 1940 5286 presbytero,
1970 5217 2066 5286 qui

489 5306 690 5376 saepius
721 5307 789 5363 ab
817 5306 1055 5360 Eusebio
1093 5306 1267 5361 amice
1307 5304 1622 5360 admonitus
1655 5305 1725 5360 de
1758 5306 2068 5378 abjiciendo

2172 4577 2397 4632 modum
2449 4577 2784 4631 latrocinalis
2828 4577 3064 4646 primum
3115 4576 3359 4648 synodus
3405 4574 3682 4645 Ephesina
3717 4590 3749 4630 a

2175 4668 2507 4731 Theodosio,
2549 4668 2749 4723 deinde
2795 4668 3260 4724 Chalcedonensis
3311 4668 3652 4724 meumenica
3720 4683 3756 4722 a

2174 4758 2469 4824 Marciano,
2498 4759 3101 4830 ConstantinOpolitana
3144 4765 3162 4779 ‘
3196 4758 3435 4830 denique
3480 4759 3756 4832 generalis

2175 4851 2421 4907 secunda
2464 4852 2627 4923 longe
2674 4859 2798 4923 post
2826 4861 3070 4921 tempore
3116 4865 3146 4904 a
3196 4849 3507 4906 Iustiniano
3561 4859 3753 4907 coacta

2171 4949 2275 4997 est.

2245 5037 2334 5091 IV.
2384 5039 2610 5095 Interim
2644 5039 3030 5095 Theodoretus
3068 5037 3543 5109 Constantinopoli
3608 5036 3755 5092 male

2172 5129 2452 5195 audiebat,
2472 5146 2578 5185 non
2613 5139 2824 5185 tantum
2847 5130 3113 5186 doctrinae
3134 5145 3299 5186 causa
3328 5130 3753 5199 turbarumque,

2173 5235 2313 5290 quas
2341 5220 2540 5285 ciebat,
2576 5220 2672 5275 sed
2705 5221 2869 5275 etiam
2916 5231 3144 5291 propter
3189 5220 3596 5277 ordinationem
3641 5220 3757 5275 Ire-

2174 5310 2277 5366 ntei
2301 5311 2526 5381 digami.
2568 5311 2694 5366 Fuit
2740 5310 2980 5367 lrenaeus
3008 5327 3195 5367 comes
3241 5313 3334 5369 ille
3355 5354 3369 5379 ,
3396 5315 3555 5384 cujus
3606 5312 3757 5367 inter

1819 5458 2135 5517 SCHULZII
2177 5462 2409 5521 NOTAE.

575 5574 622 5607 ⁸⁷
656 5571 905 5643 Litteras.
934 5570 1253 5643 Vid._epist.
1292 5588 1330 5628 ll
1376 5581 1433 5629 et
1485 5574 1573 5639 86,
1623 5583 1661 5629 t.
1692 5575 1779 5630 IV.

493 5643 655 5713 epist.
690 5642 759 5713 ss
792 5640 880 5713 at.

1519 5577 1573 5653 β,
1623 5583 1661 5629 ι.
1692 5577 1779 5653 I_V_.
1885 5577 1931 5653 ’ξ
1964 5577 2330 5653 lngyiQUVid.
2357 5587 2425 5653 ﬁt.
2447 5580 2567 5653 ΔΝ,

990 5643 1036 5674 ⁹⁰
1060 5640 1301 5717 Scripsit,
1336 5655 1442 5698 etc.
1472 5644 1595 5717 Vid.
1627 5654 1667 5717 t.
1711 5645 1800 5717 IV,
1828 5647 1990 5717 epist.
2026 5640 2251 5717 95-108.

2599 5595 2653 5655 p.
2721 5579 2877 5635 “56.
2968 5581 3026 5655 ξ
3052 5580 3296 5655 Scripsit.
3362 5581 3583 5655 Vidut.
3652 5580 3746 5645 IV,

2354 5649 2396 5681 ⁹¹
2433 5647 2789 5708 Occasionem.
2826 5660 2934 5706 etc.
2967 5651 3087 5707 Vid.
3134 5647 3256 5707 Act.
3289 5666 3444 5707 conc.
3478 5648 3751 5706 Constan-

497 5711 842 5793 tinopolitani
879 5711 1083 5768 inserta
1140 5711 1291 5769 Actis
1330 5729 1484 5769 conc.
1538 5711 2025 5771 Chalcedonensis.
2101 5717 2147 5747 "
2187 5716 2250 5771 Ut
2289 5737 2321 5772 a
2352 5718 2522 5773 Leone
2574 5728 2680 5774 etc.
2735 5718 2853 5775 Vid.
2893 5720 3094 5777 Leonis
3140 5721 3210 5776 Μ.
3242 5722 3550 5793 epistolam,
3582 5730 3622 5774 t.
3656 5717 3746 5785 IV.

499 5799 553 5855 p.
593 5778 726 5835 H95
756 5789 911 5851 seqq.
