4080 6464
327 327 422 394 133

1469 329 1834 388 HISTORIA
1869 329 2378 390 THEODORETI.

3488 335 3589 396 134

322 435 589 510 agendum
621 433 690 488 de
749 433 962 505 synodo
1001 432 1276 502 Ephesiua
1325 435 1530 486 mentio
1575 434 1698 496 fuit,
1741 435 1907 486 homo
1939 443 1978 494 Α
2009 438 2100 504 qui
2138 439 2230 490 sub
2259 439 2420 509 ipsius
2455 442 2698 510 degerent
2733 444 2955 507 dimensi,
2989 455 3036 496 et
3070 445 3186 498 aliis
3228 445 3469 500 similiter
3499 451 3589 502 de-

321 538 543 600 propter
571 526 858 597 perfidiam
901 525 1220 594 imperatori
1257 525 1487 589 invisus,
1517 525 1612 594 qui
1639 525 1905 594 dignitate

321 615 532 678 comitis
567 621 838 690 privatus,
865 628 924 674 et
961 621 1174 690 eiectus
1211 619 1353 682 aula,
1400 619 1452 671 in
1493 619 1773 672 Orientem
1822 634 1906 672 se—

321 723 556 770 cesserat
577 713 726 784 apud
749 727 866 768 sua:
891 711 1147 766 factionis
1186 711 1410 766 amicos.
1441 711 1740 765 Ordinatus
1764 723 1846 764 est
1876 727 1904 764 a

321 805 670 860 Thcodoreto
697 803 992 874 episcopus
1023 801 1176 874 Tyri,
1219 817 1529 870 quanquam
1563 819 1669 856 non
1703 814 1810 856 tam
1836 804 1905 856 ob

323 896 588 952 secundas
617 911 750 952 suas
775 896 1019 966 nuptias,
1049 910 1214 964 quam
1260 895 1330 948 ob
1379 904 1689 964 suspectam
1741 896 1904 949 tidem

325 997 370 1042 et
413 985 656 1042 Nestorii
707 987 964 1056 pertinax
1011 985 1257 1040 studium
1315 985 1572 1055 indignus
1622 995 1763 1048 erat,
1812 986 1904 1054 qui

326 1081 618 1136 Ecclesiam
651 1077 820 1132 ullam
853 1085 1088 1148 regeret,
1131 1079 1306 1130 multo
1331 1078 1512 1130 minus
1538 1076 1754 1146 Tyriam
1789 1093 1904 1131 me-

327 1173 652 1242 tropolitano
671 1172 804 1242 jure
837 1170 1078 1224 nobilem
1119 1186 1130 1222 :
1169 1184 1340 1238 quare
1371 1170 1721 1238 imperatoris
1750 1172 1905 1240 jussu

329 1269 377 1320 in
421 1265 676 1320 ordinem
715 1263 972 1318 redactus
1008 1271 1126 1326 est,
1162 1277 1225 1314 ac
1277 1263 1459 1330 patrio
1495 1262 1612 1314 solo
1665 1261 1907 1314 circum-

329 1357 578 1426 seriptus.

391 1449 540 1506 Fecit
592 1455 658 1504 ea
715 1455 844 1512 res,
887 1455 950 1500 nt
991 1447 1375 1500 Theodoretus
1423 1447 1693 1514 penderet
1737 1446 1906 1499 animi

331 1523 540 1606 dubius,
563 1537 702 1608 quid
743 1545 870 1608 post
919 1536 1282 1608 dejectionem
1328 1536 1515 1590 frenati
1556 1543 1740 1605 ageret
1784 1553 1796 1587 :
1838 1551 1908 1590 an

337 1631 604 1686 ordinaret
635 1629 872 1692 alterum
895 1669 909 1694 ,
937 1628 1220 1698 profectus
1273 1628 1510 1698 Tyrum;
1543 1643 1611 1680 an
1662 1643 1720 1680 se
1765 1627 1908 1698 Cyro

339 1723 650 1788 contineret,
679 1727 742 1775 ut
789 1727 911 1776 erat
949 1722 1170 1791 jussus,
1221 1719 1553 1787 viduamque
1611 1718 1738 1790 Tyri
1809 1720 1908 1774 Ec-

333 1815 542 1870 clesiam
595 1813 962 1884 relinqueret.
1001 1812 1271 1880 Utrinque
1314 1812 1636 1880 perplexum
1682 1811 1908 1866 videbat

331 1905 622 1978 negotium,
643 1919 770 1960 cum
798 1913 998 1958 neutra
1035 1917 1162 1972 pars
1207 1900 1414 1954 invidia
1447 1910 1690 1965 careret,
1716 1911 1771 1954 et
1793 1901 1910 1954 aui—

327 2013 442 2054 mus
491 2007 678 2054 tamen
721 1997 778 2052 in
803 1997 1095 2059 lrenaeum,
1122 1993 1480 2049 consiliorum
1527 1993 1657 2047 olim
1698 1992 1911 2062 adjuto-

327 2105 454 2152 rem,
483 2087 878 2160 propenderet.

389 2181 450 2236 γ.
477 2179 708 2236 Interim
733 2181 778 2212 "
809 2178 1142 2249 Chrysaphii
1182 2178 1426 2233 eunuchi
1454 2176 1689 2236 artibus,
1720 2174 1905 2228 Eudo-

325 2273 530 2344 xiatque
573 2271 800 2342 reginas,
833 2271 1097 2326 muliebri
1133 2271 1190 2324 in
1245 2270 1562 2324 Flavianum
1604 2266 1910 2322 Pulcheriae

321 2365 590 2422 faventem
619 2364 752 2420 odio
779 2363 986 2420 factum
1015 2371 1118 2428 est,
1143 2371 1202 2416 ut
1223 2363 1416 2416 uxoria
1443 2360 1703 2414 facilitate
1725 2358 1907 2411 Theo-

321 2457 506 2514 dosius
527 2456 799 2530 Eutychis
822 2471 1044 2511 causam
1078 2455 1395 2526 recognosci
1421 2454 1606 2516 vellet,
1637 2451 1908 2519 simulque

319 2547 384 2602 de
427 2547 698 2602 Flaviano
741 2545 938 2600 haberi
973 2544 1264 2616 judicium.
1303 2543 1358 2596 ld
1406 2558 1538 2596 vero
1573 2541 1754 2594 aiebat
1797 2553 1910 2608 pra:

321 2637 576 2694 illusione
621 2635 680 2692 id
717 2637 900 2706 ipsum
945 2651 1100 2698 esse,
1160 2633 1308 2704 quod
1359 2631 1700 2700 Ephesiuanr
1745 2627 1908 2682 ﬁdem

321 2727 524 2782 ﬁrmari
553 2745 568 2782 :
593 2741 768 2798 quare
793 2725 942 2796 quod
961 2725 1285 2798 jamdudum
1313 2731 1628 2791 susceperat
1654 2720 1910 2790 cogenda:

319 2821 504 2894 synodi
533 2819 896 2878 (acumenicaa
921 2818 1239 2881 consilium,
1263 2817 1704 2885 deposueratque
1731 2813 1906 2882 gravi-

325 2913 418 2970 bus
451 2913 530 2968 de
555 2913 764 2976 causis,
803 2911 1102 2980 resumpsit
1148 2909 1389 2972 tandem,
1417 2907 1794 2979 synodumque
1839 2905 1904 2959 ad

325 3003 588 3060 Kalendas
635 3002 870 3074 Augusti
931 3002 1132 3071 Ephesi
1180 2999 1588 3062 celebrandam,
1646 2997 1908 3050 Dioscoro

317 3097 548 3168 preside
589 3097 810 3152 indixit.

377 3189 544 3244 Missa
567 3189 618 3220 ’δ
643 3195 732 3243 est
779 3188 1095 3242 evocatoria
1119 3186 1329 3242 sanctio
1368 3186 1436 3240 ad
1463 3200 1654 3240 omnes
1683 3199 1905 3254 magna-

311 3297 427 3336 rum
487 3281 724 3336 sedium
781 3280 1080 3344 antistites,
1119 3279 1176 3333 id
1203 3287 1311 3343 est,
1347 3278 1416 3332 ad
1459 3287 1710 3332 sanctum
1763 3276 1906 3330 Leo-

307 3387 430 3426 nem
475 3373 704 3436 Romae,
736 3371 896 3440 181
935 3371 1258 3426 Dioscorum
1289 3369 1664 3433 Alexandrite,
1692 3368 1906 3422 Flavia-

305 3477 432 3518 num
457 3461 1055 3531 Constantinopoleos,
1091 3462 1365 3515 Domuum
1395 3460 1718 3520 Antiochiae.
1745 3459 1910 3515 Juve-

303 3555 486 3610 nalem
557 3553 1072 3624 Hierosolymorum
1131 3552 1455 3621 episcOpum
1509 3567 1522 3604 :
1581 3550 1768 3613 missa,
1821 3550 1908 3603 in-

301 3659 486 3712 quam,
547 3641 760 3712 partim
815 3641 1032 3702 eadem,
1055 3641 1100 3695 si
1149 3641 1292 3694 ratio
1333 3640 1603 3695 habeatur
1645 3639 1906 3709 praecipui

299 3735 506 3806 negotii
539 3751 560 3798 ;
597 3733 796 3802 partim
829 3732 1069 3797 diversa,
1103 3731 1148 3786 si
1181 3730 1438 3800 specialia
1485 3731 1736 3800 quaedam
1787 3745 1906 3784 mo-

299 3827 412 3882 nita
441 3833 506 3882 et
533 3826 700 3896 jussu
723 3833 1064 3894 spectantur.
1093 3824 1150 3878 ld
1177 3823 1501 3894 intelligitur
1521 3839 1588 3878 ex
1614 3823 1752 3878 actis
1775 3837 1908 3878 con-

295 3918 430 3972 cilii.
469 3915 751 3972 Eamdem
800 3915 1162 3978 demonstrat,
1208 3913 1357 3983 quod
1387 3921 1512 3983 post
1559 3914 1756 3968 lectam
1780 3927 1908 3968 san-

295 4011 560 4064 ctionum
627 4023 828 4074 unam,
867 4007 1262 4062 Constantinus
1313 4006 1535 4061 concilii
1583 4007 1912 4062 secretarius

2007 544 2116 581 cem
2147 532 2342 582 sanctis
2373 532 2644 601 episcopis,
2675 550 2917 587 sermone
2947 546 2993 588 et
3027 539 3130 589 vita
3163 539 3384 600 ornatis,
3417 540 3506 607 qui
3538 541 3591 592 in

2008 621 2246 674 doctrina
2295 633 2342 676 et
2396 626 2612 678 scientia
2667 638 2820 680 recta:
2869 639 3026 698 atque
3069 630 3428 684 immaculata?
3467 632 3594 699 ﬁdei

2009 714 2152 786 apud
2189 724 2398 768 cunctos
2437 719 2743 779 eminerent,
2782 723 3032 789 proximis
3077 722 3333 776 Kalendis
3371 725 3595 794 Augusti

2009 806 2274 876 Ephesum
2311 811 2588 862 convenire
2635 810 2926 878 festinaret.
2973 811 3107 866 Cum
3161 814 3352 868 eodem
3408 823 3595 868 tenore

2008 898 2276 967 scriptum
2312 900 2382 952 sit
2416 909 2466 953 ct
2505 901 2628 954 aliis
2660 901 2952 972 episcopis,
2991 903 3046 957 id
3083 921 3149 958 eo
3188 921 3351 959 sensu
3388 907 3595 960 intelli-

2009 990 2248 1060 gendum
2277 993 2468 1060 procul
2499 993 2670 1047 dubio
2710 1003 2816 1058 est,
2857 1011 2967 1064 quo
3003 997 3284 1066 pertinere
3316 999 3496 1066 potuit
3525 997 3594 1052 ad

2010 1082 2274 1152 singulos,
2311 1099 2508 1154 nempe
2559 1094 2618 1138 ut
2658 1085 2752 1155 qui
2781 1087 3159 1156 metropolitas
3198 1089 3426 1144 haberet
3467 1105 3594 1159 pro—

2009 1174 2128 1244 prie
2170 1174 2380 1242 dictos,
2435 1185 2496 1231 ut
2527 1177 2937 1243 Antiochenus,
2978 1195 3074 1234 eos
3124 1181 3450 1247 adduceret;
3497 1183 3593 1251 qui

2010 1275 2244 1330 careret,
2275 1267 2678 1337 praecipuarum
2726 1269 3010 1324 civitatum
3056 1273 3382 1341 praesulibus
3420 1275 3593 1328 comi-

2012 1353 2256 1410 tantibus
2292 1357 2526 1412 veniret.

2079 1445 2190 1502 Vll.
2232 1447 2572 1503 Evocatoria:
2609 1451 2712 1514 ista
2751 1451 3134 1522 interpretatio
3168 1456 3370 1510 evertit
3403 1455 3598 1512 funda-

2009 1545 2280 1601 mentum,
2309 1553 2422 1606 quo
2459 1553 2616 1592 suam
2657 1548 2915 1594 astruunt
2957 1543 3300 1611 opinionem,
3339 1544 3434 1614 qui
3477 1560 3596 1600 me-

2011 1629 2298 1698 tr0politas
2332 1631 2552 1699 preprie
2580 1631 2758 1685 dictos
2791 1631 2878 1686 his
2911 1635 3252 1704 temporibus
3281 1635 3336 1689 in
3369 1635 3596 1692 dioecesi

2009 1719 2324 1792 [Egyptiaca
2349 1722 2516 1777 fuisse
2539 1723 2754 1794 aliquos
2784 1726 3051 1781 scribunt.
3079 1726 3436 1796 Metropolitae
3465 1743 3597 1797 pro-

2010 1811 2128 1880 prie
2151 1811 2432 1878 dicuutur,
2463 1829 2573 1869 non
2598 1815 2690 1884 qui
2719 1817 3116 1885 praacipuarum
3142 1818 3360 1871 urbium
3385 1818 3598 1887 episco-

2011 1911 2198 1972 patum
2239 1913 2453 1973 gerant,
2495 1906 2592 1960 sed
2635 1907 2730 1976 qui
2771 1909 3108 1962 convocandi
3153 1925 3264 1964 suae
3304 1910 3597 1979 provincia:

2011 1996 2266 2059 concilii,
2312 1997 2715 2067 exercendique
2762 1999 2830 2052 de
2877 1999 3140 2069 subjectis
3189 2000 3463 2070 episcopis
3503 2001 3594 2072 ju-

2011 2084 2138 2138 dicii
2187 2084 2278 2153 jus
2325 2085 2632 2141 obtineant.
2673 2087 2809 2142 Nam
2865 2089 3080 2143 tametsi
3129 2090 3412 2152 noverim,
3453 2089 3597 2144 inter

2009 2173 2258 2227 eruditos
2291 2173 2348 2228 in
2380 2177 2816 2230 controversiam
2847 2179 3052 2242 vocari,
3083 2193 3152 2232 an
3181 2179 3332 2232 solus
3359 2178 3594 2232 Alexan-

2009 2264 2206 2318 drinus
2234 2266 2324 2334 jus
2351 2266 2599 2332 haberet,
2631 2269 2779 2337 quod
2811 2269 3018 2324 dictum
3049 2279 3152 2335 est,
3175 2269 3374 2340 aliique
3405 2285 3597 2324 omnes

2011 2357 2180 2410 totius
2214 2356 2548 2429 Egyptiacte
2589 2358 2846 2414 dimcesis
2885 2362 3148 2430 praesules
3185 2376 3347 2431 pares
3382 2361 3595 2430 aliqua-

2011 2457 2171 2503 tenus
2211 2458 2425 2516 essent;
2475 2453 2724 2506 noverim
2773 2453 2982 2521 pariter
3026 2469 3193 2522 super
3235 2469 3298 2508 ea
3347 2469 3405 2508 re
3449 2453 3597 2507 viros

2009 2538 2149 2592 duos
2195 2540 2411 2610 egregie
2455 2539 2648 2594 doctos
2696 2542 2914 2611 scriptis
2945 2557 3256 2612 pugnasse:
3292 2542 3468 2596 dicam
3511 2551 3596 2596 ta-

2010 2647 2159 2696 men,
2198 2633 2402 2700 quibus
2451 2632 2757 2686 rationibus
2801 2633 3073 2686 adductus
3113 2633 3237 2697 sim,
3279 2633 3346 2687 ad
3383 2635 3594 2704 negati-

2009 2739 2132 2778 vam
2169 2735 2380 2792 partem
2417 2723 2840 2778 defendendam.

2078 2817 2460 2872 Animadverti
2495 2817 2674 2887 primo
2701 2819 2755 2871 in
2781 2819 3061 2889 prioribus
3085 2827 3322 2889 quatuor
3348 2817 3597 2873 conciliis

2009 2908 2384 2972 occumenicis,
2418 2911 2618 2977 quibus
2655 2911 3030 2965 interfuerunt
3067 2911 3208 2964 bene
3239 2910 3398 2964 multi
3435 2908 3598 2980 {Egy—

2009 2998 2128 3067 ptii,
2153 3001 2622 3068 metropolitarum
2639 3001 3018 3072 Aigyptiorum
3057 3001 3261 3054 nullam
3293 3000 3409 3054 ﬁeri
3439 3015 3594 3054 men-

1935 3123 1979 3182 C
2012 3090 2246 3154 tionem,
2279 3091 2368 3144 ubi
2405 3092 2632 3146 maxime
2659 3093 2826 3155 solet,
2859 3107 3057 3160 nempe
3081 3091 3134 3144 in
3165 3089 3594 3160 subscriptioni-

2010 3180 2114 3235 bus
2141 3199 2153 3233 :
2185 3183 2388 3235 nullam
2415 3182 2668 3236 similiter
2692 3183 2748 3236 in
2771 3183 3047 3251 Ephesino
3081 3182 3394 3237 Latrocinia
3423 3200 3434 3235 :
3467 3182 3598 3237 nul-

2007 3271 2114 3326 lam
2143 3273 2196 3326 in
2223 3273 2472 3326 conciliis
2499 3273 2656 3342 182
2687 3273 3122 3343 provincialibus
3153 3273 3206 3328 in
3227 3273 3464 3346 [Egypto
3497 3273 3594 3329 ha-

2009 3364 2140 3418 bitis
2175 3383 2188 3418 :
2226 3365 2432 3418 nullam
2483 3365 2536 3418 in
2581 3366 2798 3431 litteris,
2835 3367 2951 3420 sive
2987 3367 3298 3430 Athanasii,
3343 3365 3457 3420 sive
3488 3365 3594 3437 Cy-

2009 3457 2118 3510 rilli
2175 3456 2242 3509 ad
2284 3471 2397 3510 sua:
2435 3457 2733 3525 provinciae
2767 3449 3083 3528 episcopos;
3120 3457 3320 3513 deinde
3365 3471 3461 3512 eos
3500 3457 3595 3526 qui

2009 3555 2386 3602 memorantur
2416 3563 2446 3600 a
2477 3547 2800 3603 recentioris
2820 3549 2922 3602 aevi
2962 3547 3344 3617 scriptoribus,
3383 3549 3400 3566 ‘
3433 3547 3594 3601 insti-

2011 3648 2159 3695 tutos
2195 3655 2304 3694 non
2329 3655 2452 3694 esse
2475 3647 2600 3693 ante
2639 3639 2936 3694 Iustiniani
2959 3639 3308 3710 imperatoris
3329 3647 3592 3708 tempora.

2009 3733 2124 3787 lmo
2151 3732 2299 3802 quod
2325 3731 2394 3786 ad
2455 3747 2570 3786 rem
2605 3741 2931 3801 praesentem
2977 3731 3126 3796 facit,
3167 3747 3198 3784 a
3247 3731 3467 3785 nemine
3511 3745 3600 3784 re-

2011 3825 2316 3878 centiorum
2375 3823 2752 3892 metropolitas
2791 3823 2984 3876 decem
3035 3822 3320 3891 appellari,
3367 3821 3463 3876 sed
3510 3819 3597 3875 vel

2012 3923 2144 3979 tres,
2189 3914 2424 3985 Egypti,
2467 3915 2850 3982 Pentapoleos,
2876 3922 2930 3967 et
2953 3913 3180 3984 Libyes;
3215 3913 3302 3967 vel
3325 3919 3468 3977 octo,
3505 3911 3594 3965 vel

2011 4007 2080 4062 ad
2117 4023 2392 4062 summum
2421 4022 2640 4060 novem.
2681 4007 2881 4062 Verum
2917 4003 2986 4060 de
3021 4007 3105 4059 his
3136 4005 3423 4060 hactenus.

291 4101 460 4167 dixit,
495 4099 700 4154 eodem
737 4108 918 4151 tenore
941 4099 1200 4168 scriptum
1235 4113 1344 4150 esse
1384 4096 1506 4150 aliis
1536 4097 1908 4151 reverendissi-

291 4193 392 4246 mis
424 4192 728 4262 episcopis,
749 4199 807 4244 ut
839 4191 894 4244 in
931 4189 1196 4260 synodum
1225 4191 1578 4242 convenirent.
1609 4188 1906 4252 Diversita-

289 4295 402 4340 tem
455 4283 746 4348 ostendit,
795 4282 944 4352 quod
983 4289 1143 4336 antea
1199 4281 1420 4350 legitur,
1459 4280 1650 4334 haberi
1711 4293 1908 4348 nempe
2011 4282 2082 4338 de
2115 4283 2413 4338 indictione
2455 4281 2681 4336 omnino
2723 4282 3066 4351 deposuisse,
3107 4298 3173 4336 ex
3205 4297 3317 4352 quo
3345 4283 3594 4338 reconci-

289 4391 402 4444 praa
443 4372 727 4430 manibus
779 4371 848 4424 τὰ
879 4371 998 4424 θεῖα
1029 4370 1335 4442 Γράμματα
1379 4369 1448 4422 τὰ
1473 4370 1742 4440 διαφόρως
1769 4370 1907 4421 ἀπο-

2011 4375 2176 4431 liatus
2197 4382 2462 4428 eratcum
2490 4373 2766 4438 Flaviano,
2795 4373 3137 4429 abalienatus
3165 4375 3345 4429 fuerat
3373 4383 3596 4444 propter

287 4467 609 4527 σταλέντα,
663 4478 850 4518 sacras
899 4462 1140 4518 Litteras
1182 4477 1308 4516 cum
1350 4461 1662 4516 differentia
1691 4460 1904 4516 missas.
1939 4489 1984 4545 υ
2015 4469 2306 4524 indicatam
2345 4465 2646 4520 Pulcher-ite
2683 4465 3042 4530 molitionem,
3071 4465 3138 4520 de
3169 4465 3284 4535 ipsa
3314 4467 3368 4520 in
3407 4466 3595 4523 diaco-

355 4557 454 4612 Ἦ.
524 4555 836 4611 Prohibuit
899 4554 1220 4624 imperator,
1275 4569 1344 4608 ne
1407 4554 1792 4608 admitteretur
1853 4555 1910 4610 in
2009 4563 2216 4616 nissam
2263 4557 2590 4620 ordinanda,
2625 4565 2683 4611 et
2729 4573 2758 4611 a
2809 4558 3048 4627 publicis
3093 4559 3261 4612 rebus
3304 4573 3404 4627 per
3454 4557 3598 4614 hanc

281 4663 644 4705 consessum
679 4645 1084 4710 Theodoretus,
1111 4645 1290 4700 donec
1325 4643 1585 4700 concordi
1627 4644 1798 4699 totius
1827 4661 1907 4716 sy-

2009 4658 2186 4705 artem
2235 4647 2568 4702 removenda
2610 4665 2623 4700 :
2657 4663 2828 4716 quare
2871 4647 3024 4701 velut
3057 4663 3234 4718 augur
3269 4647 3465 4712 futuri,
3502 4658 3598 4703 aut

282 4741 424 4796 nodi
479 4738 782 4796 sententia
826 4737 1206 4792 admittendus
1255 4736 1557 4791 diceretur.
1599 4735 1912 4792 Observan-
2009 4739 2344 4795 conscientia
2389 4739 2576 4808 potius
2613 4738 2930 4804 instinctus,
2967 4740 3192 4810 scripsit
3221 4741 3434 4794 Domno
3475 4742 3594 4811 epi-

281 4833 424 4890 duln
475 4845 634 4887 vero
683 4829 736 4884 id
779 4829 1038 4900 prmeepti
1087 4827 1317 4898 singulis
1363 4827 1742 4882 sanctionibus
1781 4841 1910 4882 con-
2009 4833 2228 4896 stolam,
2259 4846 2368 4901 qua
2411 4841 2468 4886 et
2507 4833 2584 4886 rei
2629 4832 2936 4898 historiam,
2969 4841 3026 4887 et
3055 4833 3217 4887 animi
3254 4835 3336 4888 sui
3373 4835 3599 4904 agi-im-

285 4924 464 4980 tineri
505 4941 522 4977 :
563 4924 895 4977 continetur
945 4935 1010 4975 ea
1051 4929 1235 4984 certe,
1282 4933 1404 4987 quae
1451 4918 1517 4973 ad
1567 4919 1908 4984 Dioscorum,
2011 4924 2198 4979 dinem
2229 4939 2358 4994 erga
2391 4922 2652 4994 Cyrillum
2695 4925 2924 4994 ejusque
2973 4939 3348 4982 successorem
3390 4927 3594 4995 prodit.

281 5031 542 5088 quasque
589 5013 662 5068 ad
701 5012 1024 5067 Iuvenalem
1053 5019 1110 5065 et
1140 5009 1488 5064 Thalassium
1515 5009 1584 5064 de
1615 5009 1914 5079 praesidem-
2018 5035 2038 5069 ι
2077 5016 2354 5080 Cessasse,
2395 5016 2574 5085 inquit
2606 5017 2672 5080 ⁸³,
2715 5016 2894 5071 tristia
2943 5017 3301 5087 speravimus,
3339 5033 3462 5072 cum
3509 5019 3593 5073 in-

285 5111 364 5163 tia
398 5107 636 5177 scripta
676 5114 790 5170 est;
827 5118 932 5158 nec
967 5101 1202 5156 dubium
1239 5100 1374 5172 quin
1413 5101 1538 5155 aliis
1569 5100 1808 5167 duabuS,
1841 5103 1910 5157 ad
2012 5109 2288 5164 dicassent
2333 5109 2496 5163 nobis
2543 5110 2788 5180 quidam,
2835 5111 3160 5165 exstinctam
3213 5125 3334 5164 esse
3371 5109 3595 5164 victoris

282 5201 556 5257 Leonem
593 5205 654 5251 et
693 5195 1038 5250 Flavianum.
2011 5200 2359 5269 imperatoris
2401 5199 2571 5254 animi
2628 5200 3047 5272 aegritudinem,
3079 5199 3388 5267 factamque
3447 5199 3594 5253 inter

353 5289 686 5347 Mandabat
715 5289 760 5320 ⁸⁵
797 5303 931 5358 ergo
965 5287 1264 5355 imperator
1291 5283 1575 5354 Dioscoro,
1603 5294 1663 5341 ut
1687 5291 1910 5359 sumptis
2012 5291 2310 5361 ipsummct
2347 5298 2404 5344 et
2433 5291 2546 5346 Deo
2577 5290 2960 5344 charissimam
2994 5289 3312 5357 episcopum
3345 5289 3594 5342 reconci-

279 5401 474 5440 secum
531 5383 716 5436 decem
752 5377 1200 5436 reverendissimis
1242 5378 1586 5449 metropolitis
1633 5381 1908 5452 episcopis.
2011 5383 2325 5448 liationem;
2377 5397 2439 5437 ac
2487 5381 2676 5454 synodi
2725 5379 2944 5449 quidem
2995 5379 3440 5434 convocationem
3496 5379 3594 5434 de-

2080 4099 2220 4154 Vlll.
2253 4098 2452 4154 Audita
2485 4099 2784 4153 indictione
2812 4097 3003 4170 synodi
3033 4097 3416 4153 Theodoretus
3437 4099 3596 4155 haesit

2011 4190 2276 4244 attonitus
2319 4207 2332 4242 :
2375 4188 2636 4243 credebat
2683 4189 2832 4243 enim
2876 4189 3262 4258 imperatorem
3301 4190 3594 4244 consilium

1669 5539 1984 5599 SCHULZII
2027 5543 2256 5599 NOTAE.

357 5685 416 5719 ”
447 5677 992 5746 Interim,etc.Vid.
1023 5677 1154 5733 Acta
1181 5674 1744 5746 conc.Chalc.,part.
1793 5693 1831 5730 ι.
1907 5679 1950 5711 9"
2007 5679 2188 5743 Missa,
2212 5689 2320 5736 etc.
2369 5679 2490 5746 Vid.
2534 5681 2699 5734 (Ione.
2749 5681 3029 5744 Chalced.,
3081 5679 3259 5740 aet.l,
3325 5679 3382 5733 in
3439 5681 3589 5737 Actis

283 5757 508 5829 Ephcs.
553 5745 884 5806 LatrOcinii.
959 5749 1008 5781 "
1037 5746 1348 5810 laudabat,
1387 5752 1494 5798 etc.
1535 5745 1591 5798 ln
1623 5759 1776 5799 sacra
1818 5747 1884 5804 ad
1927 5749 2248 5806 Dioscorum
2363 5750 2406 5780 ⁹⁶
2441 5745 2638 5819 Inqnit.
2671 5753 2816 5816 \‘id.,
2861 5761 2989 5806 ιοιιι.
3039 5753 3124 5814 IV,
3155 5750 3314 5818 epist.
3346 5750 3466 5804 HS.
