4080 6494
453 354 553 421 I36

1538 342 1918 408 GAHN'ERII
1951 339 2451 405 DISSERTATIO
2489 344 2537 403 Ι.

3598 336 3702 402 136

439 464 1004 537 siisse,Ecclesiarum
1032 476 1185 518 'vcro
1230 474 1417 531 pacem
1463 458 1714 516 rediisse.
1754 460 1863 516 Sed
1897 475 2019 530 quae
2048 458 2093 517 Α
2120 455 2298 511 oculis
2335 464 2725 525 osurpaverat;
2762 456 2856 510 sed
2893 456 3057 511 etiam
3094 455 3292 511 litteris
3324 457 3581 511 rescitum
3616 467 3702 515 est

450 558 614 615 modo
651 574 680 613 a
732 558 1019 612 sanctitate
1068 564 1161 609 tua
1204 553 1408 622 scripta
1452 561 1601 617 sunt,
1644 553 1882 623 graviter
1920 566 2023 607 nos

450 652 891 707 contristarunt:
927 647 1063 701 nihil
1103 646 1253 701 enim
1301 645 1433 699 boni
1473 660 1541 699 ex
1578 645 1779 715 jactata
1814 643 2023 715 synodo

450 749 769 809 exspectare
820 739 980 800 licet,
1030 734 1139 790 nisi
1187 733 1503 788 misericors
1556 732 1822 786 Dominus
1865 732 2023 787 solita

455 839 617 884 utens
670 827 1032 899 providentia,
1076 827 1515 881 turbulentorum
1559 824 1866 879 daemonum
1905 839 2022 879 ma-

454 923 643 976 chinas
696 922 958 976 destruat.
1001 939 1019 972 »
1085 918 1223 973 Tum
1278 917 1580 988 interiectis
1632 917 1909 973 nonnullis
1955 917 2025 973 de

453 1013 654 1067 infelici
682 1012 830 1066 exitu
867 1012 1107 1082 plurium
1139 1010 1472 1083 synodorum
1507 1028 1520 1063 :
1557 1028 1575 1061 ι
1621 1010 1749 1065 Haec
1782 1011 2024 1077 intuens,

451 1109 509 1157 et
544 1102 738 1157 similia
776 1102 1134 1172 prospiciens,
1172 1100 1355 1155 infelix
1390 1100 1569 1156 anima
1607 1117 1725 1155 mea
1764 1103 2022 1172 suspirat,

452 1194 732 1264 lugetque,
769 1193 906 1248 nihil
944 1201 1265 1262 exspectans
1312 1193 1440 1247 boni
1486 1210 1500 1246 ε
1539 1209 1716 1263 neque
1752 1190 1900 1249 enim
1939 1196 2025 1250 in-

452 1285 620 1340 situm
654 1284 711 1338 in
748 1283 1039 1337 duodecim
1071 1284 1346 1353 capitibus
1377 1299 1647 1339 venenum
1676 1293 1900 1349 norunt,
1933 1287 2027 1356 qui

452 1376 678 1430 aliarum
705 1383 835 1430 sunt
861 1375 1211 1440 ditecesium;
1247 1374 1341 1429 sed
1374 1376 1514 1445 ejus,
1546 1375 1642 1445 qui
1674 1375 1765 1429 illa
1786 1376 2025 1445 scripsit,

453 1465 758 1521 claritatem
783 1465 1148 1531 attendentes,
1185 1465 1316 1519 nihil
1341 1466 1626 1521 sinistrum
1654 1466 2025 1535 suspicantur,
2044 1461 2059 1466 ’

453 1563 511 1609 et
550 1555 646 1625 qui
695 1558 815 1626 ejus
862 1556 977 1611 sedi
1027 1557 1308 1619 successit,
1346 1557 1550 1621 omnia,
1585 1558 1805 1627 opinor,
1827 1569 2025 1623 movet,

456 1654 519 1702 ut
546 1648 716 1702 altera
749 1648 957 1718 synodo
991 1648 1080 1702 illa
1114 1646 1401 1703 conﬁrmet
1430 1665 1444 1701 :
1480 1648 1572 1717 qui
1606 1648 1756 1703 enim
1792 1665 1891 1718 pro
1924 1648 2030 1703 im-

455 1741 612 1809 perio
644 1755 820 1810 nuper
848 1740 950 1793 ista
980 1740 1219 1809 scripsit,
1252 1748 1309 1794 et
1343 1740 1412 1794 iis
1443 1740 1537 1809 qui
1568 1741 1917 1810 acquiescere
1946 1741 2033 1796 his

455 1831 692 1895 nollent,
731 1832 1020 1886 anathema
1045 1831 1210 1895 dixit,
1243 1831 1406 1901 quid,
1437 1832 1737 1902 praesidens
1776 1832 2030 1900 concilio,

456 1940 565 1980 non
599 1924 757 1995 aget?
789 1924 857 1978 At
889 1925 1049 1987 scito,
1086 1924 1328 1986 domine,
1372 1926 1648 1980 neminem
1692 1941 1906 1990 eorum,
1937 1926 2034 1996 qui

458 2016 675 2070 insitam
706 2015 762 2069 in
794 2015 882 2069 his
910 2015 1145 2071 haeresin
1169 2024 1395 2080 norunt,
1428 2016 1726 2071 adductum
1757 2017 1841 2082 iri,
1875 2025 1937 2071 ut
1970 2033 2035 2072 ea

458 2107 704 2177 recipiat,
741 2107 991 2177 quamvis
1023 2107 1189 2177 duplo
1224 2108 1410 2178 plures
1441 2109 1758 2163 decernant.
1797 2128 1817 2161 ι
1854 2111 2036 2181 Pergit

459 2207 650 2267 postea
684 2197 926 2252 animum
959 2197 1155 2253 efferre
1197 2198 1251 2253 in
1298 2200 1555 2268 capitula.
1593 2199 1650 2253 Id
1685 2208 1865 2254 autem
1910 2216 2034 2255 cum

459 2302 605 2341 anno
642 2287 746 2341 449
784 2287 1007 2342 ineunte
1048 2288 1369 2357 contigerit,
1414 2287 1594 2357 magni
1639 2289 1809 2343 refert
1847 2288 2038 2344 obser-

460 2392 637 2441 vasse,
667 2376 734 2431 ad
767 2377 1201 2447 perspiciendam
1236 2377 1567 2432 Theodoreti
1598 2387 1857 2443 mentem,
1893 2382 2039 2451 ejus-

459 2482 570 2537 que
602 2466 657 2521 in
697 2470 969 2522 sententia
1016 2467 1086 2523 de
1121 2468 1379 2539 capitulis
1414 2469 1775 2524 constantiam
1814 2478 1911 2525 aut
1941 2451 2039 2541 po-

462 2559 572 2615 tius
608 2559 984 2629 pertinaciam.

532 2649 624 2704 IX.
663 2649 1055 2707 Convenerunt
1097 2652 1261 2723 igitur
1299 2653 1574 2724 Ephesum
1619 2655 1863 2725 undique
1900 2669 2039 2725 pras-

463 2742 613 2797 sules
650 2758 775 2797 cum
813 2743 988 2798 tribus
1038 2745 1183 2800 sedis
1227 2747 1536 2816 apostolica:
1579 2748 1787 2818 legatis,
1823 2747 2041 2802 Juliano

463 2832 743 2902 episcopo,
797 2832 1006 2888 Renato
1051 2835 1394 2906 presbytero,
1431 2845 1488 2891 et
1527 2836 1713 2891 Hilaro
1757 2836 1989 2890 diacono
2023 2851 2036 2888 :

466 2923 835 2980 interfuerunt
885 2926 1150 2996 majorum
1196 2927 1409 2981 aedium
1460 2928 1733 2983 antistites
1782 2935 2036 2998 quatuor,

464 3014 762 3070 Dioscorus
812 3016 1211 3079 Alexandrinae,
1252 3019 1494 3073 Domnus
1530 3017 1902 3082 Antiochense,
1941 3021 2039 3076 Ju-

2121 546 2520 602 exsecrandum
2573 556 2629 601 et
2675 547 2973 602 nefandum
3020 547 3265 602 Dioscori
3315 546 3547 612 facinus,
3589 564 3701 618 quo

2122 659 2317 714 nempe
2349 659 2417 699 eo
2457 659 2632 715 usque
2673 643 2906 699 vesaniae
2938 644 3227 713 prolapsus
3252 651 3356 706 est,
3388 650 3447 696 ut
3477 657 3699 697 excom-

2122 736 2511 791 municationis
2574 734 2903 790 sententiam
2929 776 2942 801 ,
3010 719 3187 789 tribus
3243 744 3367 805 post
3430 733 3699 806 synodum

2123 827 2336 893 diebus,
2375 827 2431 882 in
2470 828 2711 883 Leonem
2754 828 2932 898 ipsum
2973 827 3203 892 diceret,
3244 826 3401 895 quasi
3443 825 3700 881 omnibus

2125 919 2453 990 patriarchis
2481 919 2702 984 attritis,
2729 920 2880 975 solus
2909 919 3179 973 dominari
3202 917 3387 973 vellet.
3684 980 3692 987 α

2195 1011 2312 1066 Xll.
2339 1010 2517 1077 Quare
2547 1025 2795 1065 summus
2819 1009 3064 1080 pontifex
3089 1011 3143 1063 in
3171 1010 3399 1080 synodo,
3425 1024 3545 1079 quae
3571 1018 3705 1063 tunc

2126 1105 2196 1160 de
2240 1120 2392 1160 more
2427 1105 2624 1159 mKal.
2660 1103 2916 1159 Octobris
2969 1111 3319 1166 convenerat,
3364 1104 3627 1159 rescindit
3655 1104 3702 1137 ’⁸

2128 1206 2246 1252 acta
2289 1197 2593 1267 Ephesina;
2642 1196 2927 1268 Eutychen
2979 1211 3105 1250 cum
3150 1194 3411 1248 Dioscoro
3455 1193 3699 1259 damnat,

2128 1306 2320 1346 omnes
2349 1305 2449 1360 pro
2485 1289 2591 1344 ﬁde
2621 1304 2811 1359 passos
2833 1303 2985 1343 suam
3013 1288 3069 1342 in
3093 1286 3533 1342 communionem
3567 1283 3705 1340 reci-

2128 1383 2231 1453 pit,
2276 1391 2333 1437 et
2385 1383 2686 1452 apostolico
2730 1381 2919 1451 vigore
2976 1395 3091 1435 rem
3143 1377 3400 1435 Ecclesiae
3449 1376 3703 1431 afﬂictam

2130 1475 2371 1529 restituit
2410 1492 2425 1527 :
2465 1473 2783 1543 litterasque
2821 1471 2914 1526 dat
2946 1485 3014 1525 ex
3060 1468 3289 1541 synodo,
3327 1468 3512 1522 Idibus
3541 1465 3706 1523 Octo-

2131 1566 2267 1629 bris,
2304 1566 2372 1619 ad
2415 1566 2820 1635 imperatorem,
2858 1562 2926 1616 ad
2975 1559 3342 1622 Pulcheriam,
3382 1558 3463 1612 ad
3496 1555 3706 1612 Flavia-

2130 1675 2282 1723 num,
2318 1658 2387 1713 ad
2435 1654 3099 1724 Constantinopolitanum
3148 1650 3380 1711 clerum,
3414 1647 3482 1702 ad
3528 1648 3712 1702 archi-

2134 1748 2452 1802 mandritas.
2488 1745 2674 1801 Vetuit
2706 1745 2752 1778 θ’
2790 1758 2956 1814 porro
2988 1749 3106 1797 acta
3142 1739 3434 1811 propalari,
3466 1736 3643 1792 donec
3672 1753 3704 1792 a

2134 1837 2443 1891 Theodosio
2499 1835 2825 1905 rescriptum
2873 1833 3035 1887 foret.
3081 1829 3303 1885 Litteris
3352 1828 3498 1883 enim
3546 1827 3707 1882 enixe

2131 1929 2362 2000 petierat
2404 1928 2804 1984 (ecumenicum
2852 1924 3143 1979 concilium
3187 1922 3328 1977 intra
3366 1919 3504 1975 ﬁnes
3541 1919 3711 1974 Italia}

2134 2022 2272 2092 cogi,
2311 2035 2420 2090 quo
2470 2020 2721 2089 ipsemet,
2756 2017 2972 2087 cognita
3022 2015 3369 2087 judicataque
3419 2011 3709 2065 turbarum

2133 2129 2327 2173 causa,
2374 2128 2505 2182 pace
2556 2126 2745 2165 omnes
2793 2109 3067 2164 Ecclesias
3125 2106 3373 2160 donaret.
3418 2104 3622 2158 Verum
3674 2116 3708 2155 a

2134 2205 2444 2260 Theodosio
2470 2202 2765 2272 repulsam.
2783 2216 2814 2255 a
2838 2199 3126 2255 Pulcheria
3150 2198 3361 2253 nullum
3385 2210 3709 2265 responsum

2134 2297 2344 2367 accepit
2380 2313 2393 2349 :
2427 2292 2818 2365 ingemiscebat
2852 2293 2998 2346 enim
3045 2291 3100 2345 in
3148 2288 3429 2344 Hebdomo
3456 2285 3711 2355 religiosa

2134 2388 2397 2458 Augusta,
2431 2389 2446 2407 ‘
2483 2394 2558 2449 et,
2606 2392 2667 2439 ut
2707 2391 2865 2438 erant
2890 2393 3156 2451 tempora,
3194 2379 3450 2435 Ecclesiae
3488 2374 3710 2431 calami-

2137 2488 2275 2533 tates
2300 2478 2406 2548 piis
2433 2476 2676 2546 quidem,
2711 2474 2806 2530 sed
2839 2474 3095 2529 inanibus
3128 2473 3381 2544 lacrymis
3413 2483 3708 2544 proseque—

2137 2573 2314 2627 batur.

2207 2663 2307 2717 Vix
2334 2660 2371 2716 a'
2397 2660 2615 2730 scriptis
2640 2659 2838 2714 litteris
2866 2658 3068 2713 mensis
3094 2672 3236 2711 unus
3264 2655 3566 2716 eﬂluxerat,
3585 2668 3710 2707 cum

2139 2751 2554 2806 Valentinianus
2596 2750 2913 2819 imperator,
2950 2747 3339 2803 comitantibus
3379 2756 3552 2799 matre
3593 2745 3716 2799 Pla-

2141 2844 2284 2898 cidia
2316 2851 2371 2897 et
2402 2841 2646 2897 Eudoxia
2680 2841 2931 2911 conjuge,
2964 2841 3189 2895 Romam
3220 2839 3478 2893 Ravenna
3507 2835 3715 2906 ample-

2141 2918 2338 2988 ctenda:
2378 2933 2641 3003 religionis
2676 2948 2838 2984 causa
2875 2930 3044 2985 venit.
3073 2928 3394 2983 lmminebat
3424 2927 3569 2981 enim
3613 2943 3717 2981 an-

2144 3024 2483 3080 niversarios
2518 3021 2677 3093 185
2709 3022 2828 3076 dies
2865 3020 3227 3075 dedicationis
3266 3018 3504 3073 basilica
3530 3016 3716 3070 Sancti

464 3105 674 3161 venalis
728 3106 1251 3178 Hierolosymitanat,
1289 3117 1346 3163 et
1397 3110 1687 3165 Flavianus
1731 3110 2041 3166 Constanti-
2067 3122 2109 3181 ο
2144 3119 2326 3183 Petri;
2352 3132 2461 3184 quo
2489 3124 2736 3183 tempore
2770 3113 3090 3181 frequentes
3116 3111 3507 3166 concursiones
3535 3109 3590 3163 in
3617 3108 3724 3164 Ur-

467 3194 826 3264 nopolitana;
863 3195 958 3251 sed
994 3196 1085 3251 hic
1120 3205 1181 3252 ut
1213 3214 1341 3253 reus
1381 3207 1610 3263 tantum,
1647 3201 1848 3271 quippe
1886 3202 2042 3271 cujus

468 3294 589 3341 acta
632 3287 690 3340 in
732 3285 1039 3358 Eutychen,
1078 3289 1235 3359 183
1271 3289 1495 3359 ipsaque
1534 3290 1668 3345 ﬁdes
1701 3292 1769 3345 ad
1813 3307 2041 3346 examen

472 3379 713 3433 vocanda
739 3387 903 3434 esset.
929 3379 1117 3435 Adfuit
1141 3382 1412 3454 Eutyches
1439 3399 1566 3438 cum
1590 3385 1712 3439 aliis
1738 3385 2041 3448 monachis,

470 3485 708 3542 quorum
754 3470 867 3526 dux
916 3472 1206 3529 Barsumas
1246 3491 1259 3527 :
1307 3475 1673 3543 praesidebant
1731 3477 2043 3539 Dioscorus,

472 3562 787 3618 Thalassius
817 3573 873 3619 et
899 3564 1197 3621 Juvenalis.
1237 3565 1378 3632 Quid
1423 3568 1611 3637 plura?
1641 3568 1828 3622 datum
1866 3568 2049 3622 conci-

474 3652 549 3708 lio
603 3654 817 3708 initium
873 3655 961 3710 die
1014 3655 1223 3712 decima
1274 3656 1532 3729 Augusti,
1593 3659 1718 3714 ﬁnis
1762 3659 2050 3727 impositus

475 3743 840 3813 duodecima;
880 3745 1079 3801 relecta
1134 3747 1349 3813 triduo,
1407 3765 1529 3818 qua:
1576 3747 2047 3816 Constantinopoli

475 3835 768 3891 Flavianus
816 3846 936 3891 acta
995 3836 1341 3906 confecerat;
1402 3840 1687 3894 absolutus
1744 3839 2048 3909 Eutychos;

479 3925 766 3982 damnatus
787 3926 1074 3983 Flavianus
1101 3937 1157 3985 et
1180 3930 1235 3983 in
1262 3931 1513 3985 exsilium
1542 3929 1758 3998 pulsus;
1786 3929 2049 4000 episcopi,

480 4014 765 4070 intentatis
797 4016 987 4087 jugulo
1033 4018 1245 4088 gladiis,
1299 4018 1354 4072 in
1403 4034 1541 4086 pura
1578 4018 1771 4073 charta
1810 4020 2053 4074 subseri-

479 4108 611 4163 bere
646 4109 848 4175 coacti;
885 4110 1129 4181 dejcctus
1173 4127 1203 4166 a
1240 4112 1440 4166 throno
1491 4111 1752 4175 Domnus,
1789 4126 1914 4167 eum
1947 4113 2056 4167 Eu-

479 4199 630 4254 sebio
677 4200 932 4272 Dorylaei,
969 4202 1264 4258 Sabiniano
1310 4203 1551 4269 Perrhze,
1593 4204 1686 4259 [ba
1721 4204 1959 4269 Edessae,
1991 4219 2058 4259 ac

481 4289 829 4347 Theodoreto
901 4292 1027 4365 Cyri
1095 4295 1406 4366 episcopis;
1485 4297 1751 4369 Evagrius
1830 4299 2059 4371 deiectis

2145 3209 2267 3263 bem
2310 3207 2532 3261 ﬁebant.
2570 3205 2877 3260 Voluerunt
2908 3217 3105 3272 nempe
3142 3200 3531 3272 religiosissimi
3564 3197 3719 3268 prin-

2146 3300 2297 3367 cipes
2341 3295 2546 3366 templis
2578 3302 2883 3349 sanctorum
2915 3295 3249 3364 praesentiam
3279 3308 3431 3345 suam
3459 3290 3719 3352 exhibere,

2145 3389 2481 3459 sacrilegium
2510 3402 2620 3441 esse
2651 3387 2776 3451 rati,
2807 3387 2852 3439 si
2884 3383 3195 3438 solemnium
3225 3381 3459 3435 ordinem
3489 3380 3721 3448 denega-

2148 3485 2280 3531 γρηι.

2216 3565 2380 3632 Quid,
2420 3566 2765 3621 occasionem
2794 3571 2986 3619 nactus
3015 3560 3277 3633 pontifex,
3311 3576 3433 3615 cum
3465 3560 3725 3630 Augustis

2151 3656 2326 3710 tribus
2384 3655 2593 3725 egerit,
2644 3663 2836 3708 narrat
2883 3653 3179 3721 imperator
3228 3651 3343 3720 ipse
3386 3649 3442 3703 in
3498 3649 3613 3704 suis
3655 3648 3725 3703 ad

2150 3746 2521 3801 Theodosium
2554 3745 2770 3799 litteris.
2816 3763 2834 3794 ε
2873 3744 3009 3798 Cum
3044 3742 3407 3805 advenissem,
3440 3739 3638 3809 inquit,
3667 3738 3724 3792 in

2150 3840 2347 3894 urbem
2374 3839 2599 3893 Romam
2631 3836 2697 3891 ad
2721 3835 3069 3890 Divinitatem
3102 3832 3444 3902 placandam,
3472 3830 3725 3900 sequenti

2151 3930 2243 3984 die
2290 3928 2358 3983 ad
2406 3927 2691 3982 basilicam
2729 3924 2959 3995 apostoli
3012 3913 3157 3978 Petri
3202 3922 3467 3992 processi,
3506 3928 3563 3975 et
3616 3920 3729 3973 illic

2152 4029 2278 4091 post
2300 4019 2665 4075 venerabilem
2691 4027 2908 4073 noctem
2932 4016 3041 4069 diei
3072 4014 3325 4083 apostoli,
3347 4021 3401 4067 et
3430 4028 3461 4067 a
3484 4013 3729 4066 Romano

2153 4112 2432 4182 episcopo,
2465 4119 2522 4165 et
2562 4112 2632 4165 ab
2661 4110 2783 4164 aliis
2804 4123 2929 4164 cum
2960 4122 3028 4162 eo
3064 4122 3131 4160 ex
3169 4106 3409 4159 diversis.
3429 4102 3732 4173 provinciis

2155 4206 2498 4277 congregatis
2550 4212 2771 4275 rogatus
2806 4217 2926 4257 sum
2970 4199 3212 4255 scribere
3243 4206 3439 4253 vestra:
3478 4210 3734 4251 mansue-

2158 4294 2335 4349 tudini
2377 4294 2446 4348 de
2488 4292 2613 4347 ﬁde.
2659 4312 2677 4343 ι
2717 4293 2856 4346 Tum
2904 4289 3239 4351 admonens,
3282 4302 3390 4356 qua
3440 4284 3733 4339 devotione

482 4381 799 4452 Aquilinum
839 4384 989 4457 Bybli
1026 4395 1306 4454 accenset;
1343 4389 1625 4459 conjectus
1674 4390 1729 4444 in
1779 4404 2057 4445 carcerem
2159 4386 2387 4441 deberet
2432 4386 2753 4440 intemerata
2806 4380 3042 4451 propriae
3082 4376 3454 4435 venerationis
3498 4375 3735 4443 dignitas

484 4471 786 4542 Eusebius;
835 4477 1125 4533 Flavianus
1174 4477 1549 4548 deportandus
1596 4479 1827 4535 militum
1872 4462 2056 4535 manui
2090 4460 2132 4514 ί)
2160 4477 2321 4533 beato
2357 4477 2520 4530 Petro
2554 4476 2624 4529 ab
2661 4472 3084 4543 imperatoribus
3122 4469 3457 4534 conservari,
3494 4485 3515 4518 ‹
3546 4475 3738 4536 quate-

484 4563 746 4632 traditus;
782 4568 962 4622 omnia
990 4570 1143 4623 velut
1183 4568 1241 4623 in
1281 4569 1587 4625 latrocinali
1620 4572 1856 4627 tumultu
1885 4581 2057 4642 gesta,

485 4658 631 4713 unde
657 4660 819 4714 etiam
848 4662 1054 4733 synodo
1084 4661 1288 4718 factum
1322 4662 1523 4721 infame
1556 4679 1777 4719 nomen.

555 4747 624 4802 Χ.
665 4748 883 4807 Hilarus
920 4753 965 4784 ⁸⁷
1010 4753 1315 4823 legatorum
1359 4767 1522 4818 unus,
1560 4768 1686 4809 cum
1730 4754 1827 4809 diu
1861 4754 2065 4809 frustra

489 4840 749 4898 Dioscoro
799 4854 1188 4916 repugnasset,
1232 4844 1474 4900 Leonem
1517 4860 1788 4901 summum
1841 4845 2065 4916 pontiﬁ-

490 4947 611 4989 cem
647 4937 955 4992 moniturus
986 4937 1153 5009 fugit;
1191 4938 1485 5003 incertum,
1519 4938 1654 5007 quid
1691 4952 1873 5008 operae
1900 4955 2070 4996 nava-

493 5023 565 5078 rit
615 5024 896 5093 Julianus;
955 5028 1198 5083 Henetus
1251 5036 1402 5084 certe
1460 5042 1673 5085 summa
1736 5028 2065 5085 confidentia

493 5115 708 5171 obstitit
752 5118 943 5189 synodi
984 5119 1396 5189 malignantium
1433 5119 1672 5189 praesidi,
1706 5128 1763 5175 et
1790 5120 1917 5177 inde
1952 5121 2066 5176 lau-

494 5207 619 5263 dem
650 5225 678 5267 a
708 5225 921 5265 summo
956 5209 1212 5279 pontiﬁce
1234 5211 1554 5280 promeruit.

567 5299 659 5354 XI.
695 5299 817 5357 Non
866 5308 1077 5355 tantum
1124 5299 1373 5366 Hilarus,
1442 5316 1566 5357 cum
1598 5302 1825 5359 Romam
1866 5318 2063 5373 perve-

497 5389 690 5456 nisset,
713 5390 897 5445 retulit
933 5390 1003 5445 ad
1036 5398 1280 5446 sanctum
1308 5390 1545 5447 Leonem
1570 5392 1638 5448 de
1673 5409 1733 5448 re
1766 5401 1877 5450 tota
1904 5408 2068 5463 quam

2159 4582 2266 4621 nus
2311 4565 2663 4621 beatissimus
2708 4565 2964 4619 Romane
3000 4561 3241 4619 civitatis
3273 4559 3598 4630 episcopus,
3644 4555 3737 4610 cui

2162 4658 2530 4729 principatum
2557 4655 2843 4712 sacerdotii
2870 4671 3037 4726 super
3060 4668 3250 4709 omnes
3273 4651 3572 4721 antiquitas
3600 4662 3738 4702 con-

2164 4750 2320 4813 tulit,‘
2342 4749 2522 4803 locum
2558 4749 2757 4804 haheat
2788 4762 2855 4802 ac
2882 4746 3196 4802 facultatem
3229 4744 3299 4799 de
3329 4742 3435 4797 ﬁde
3463 4748 3523 4796 et
3550 4754 3737 4794 sacer-

2168 4841 2393 4897 dotibus
2419 4840 2689 4911 judicare,
2730 4857 2748 4891 )
2797 4837 3014 4909 pergit:
3059 4854 3078 4886 σ
3105 4834 3282 4905 Hujus
3309 4832 3389 4887 rei
3430 4830 3626 4901 gratia,
3658 4843 3743 4882 se-

2168 4932 2411 4988 cundum
2442 4932 2842 4987 solemnitatem
2875 4926 3256 4989 conciliorum,
3281 4922 3743 4990 Constantinopo-

2168 5026 2372 5080 litanus
2401 5025 2694 5094 episcopus
2735 5036 2862 5076 eum
2905 5018 3219 5090 appellavit,
3257 5021 3486 5087 propter
3513 5018 3743 5068 conten-

2172 5118 2399 5179 tionem,
2422 5107 2545 5184 quae
2572 5121 2695 5167 orta
2717 5111 2889 5167 estde
2912 5110 3038 5165 ﬁde.
3067 5107 3208 5163 Huic
3233 5107 3421 5175 itaque
3446 5097 3745 5172 postulanti

2172 5220 2230 5266 et
2260 5208 2567 5280 conjuranti
2592 5206 2820 5261 salutem
2843 5211 3087 5258 nostram
3109 5196 3476 5261 communem,
3504 5205 3749 5249 annuere

2173 5316 2286 5355 non
2333 5298 2527 5370 negavi
2550 5337 2564 5361 ,
2620 5302 2895 5366 quatenus
2946 5292 3016 5347 ad
3066 5301 3216 5346 tuam
3271 5283 3745 5343 mansuetudinem

2176 5398 2353 5448 meam
2378 5391 2703 5460 petitionem
2730 5389 3057 5459 ingererem,
3078 5392 3142 5439 ut
3164 5382 3466 5454 praedictus
3492 5375 3751 5435 sacerdos

1848 5543 2162 5602 SCHULZII
2204 5545 2439 5602 NOTAE.

574 5658 620 5731 _°_'
646 5654 884 5731 Hilarus,
912 5665 1023 5731 etc.
1052 5658 1173 5731 Vid.
1207 5660 1382 5731 Epist.
1436 5660 1493 5716 S.
1541 5661 1759 5721 Leonis.
1800 5660 1892 5719 Ἡ.
1917 5658 2007 5715 25-

2164 5661 2233 5716 27
2269 5672 2326 5716 et
2375 5662 2466 5717 29.

506 5725 750 5794 "Vetuit,
786 5735 892 5782 etc.
925 5729 1047 5784 Vid.
1094 5730 1131 5784 1.
1172 5746 1222 5787 c.
1254 5725 1417 5802 Epist.
1455 5731 1528 5785 25
1572 5739 1628 5785 et
1681 5732 1771 5795 26,
1830 5739 1938 5783 etc.

2581 5662 2627 5693 ’⁸
2650 5658 2939 5715 Rescindit.
2989 5656 3108 5715 Vid.
3133 5657 3175 5712 l.
3209 5668 3261 5712 c.
3292 5652 3455 5723 epist.
3481 5648 3551 5703 22
3572 5654 3630 5704 et
3660 5645 3748 5700 25.
