4080 6474
317 352 417 416 ιή

1489 370 1852 430 HISTORIA
1893 376 2401 439 THEODORE'I‘I.

3486 394 3584 458 138

308 475 659 571 congregatis
692 491 756 571 ex
795 478 946 532 omni
978 478 1112 534 orbe
1145 480 1309 535 etiam
1345 486 1570 554 reliquis
1603 490 1900 544 sacerdoti-
1931 498 1970 551 Α
2004 495 2308 550 remedium
2351 498 2420 551 ab
2451 513 2517 552 eo
2548 501 2842 568 acciperet,
2871 502 2957 556 cui
2989 503 3194 571 primas
3239 506 3292 558 in
3328 512 3582 565 omnibus

308 565 412 618 bus
447 566 594 620 intra
615 567 852 633 italiam,
879 571 1028 624 omni
1058 574 1375 644 pratjudicio
1399 577 1672 644 submoto,
1699 597 1728 635 a
1755 584 1900 650 prin-

305 656 453 725 cipio
497 671 720 711 omnem
763 673 1008 725 causam,
1043 677 1164 730 quae
1211 665 1465 731 vertitur,
1505 669 1735 724 sollicita
1773 688 1900 741 pro-

305 747 530 803 batione
559 763 923 819 cognoscens,
950 754 1274 808 sententiam
1307 757 1464 822 ferat,
1493 775 1657 828 quam
1689 761 1822 816 fides
1844 773 1898 816 et

305 838 449 894 ratio
478 854 626 894 verae
656 839 968 899 divinitatis
998 848 1328 913 expostulat.
1360 869 1376 900 ι

371 930 840 1002 Congressionem
893 935 1171 1004 pontificis
1224 954 1349 993 eum
1407 941 1736 1012 imperatore
1785 949 1899 1001 suis

304 1036 428 1076 cum
471 1021 756 1092 adjunctis
797 1024 1042 1081 Placidia
1094 1032 1312 1084 curiose
1353 1042 1575 1086 narrat:
1622 1055 1639 1084 ε
1674 1035 1808 1091 Cum
1842 1040 1896 1092 in

307 1114 425 1184 ipso
451 1113 709 1185 ingressu
737 1115 982 1172 civitatis
1005 1120 1241 1189 antiquae
1277 1121 1418 1177 hanc
1455 1140 1641 1179 curam
1677 1128 1899 1185 habuis-

304 1221 508 1269 semus,
540 1212 604 1260 ut
635 1207 849 1262 cultum
877 1208 1201 1265 beatissimo
1231 1213 1394 1268 Petro
1423 1219 1670 1284 apostolo
1704 1221 1898 1274 redde—

306 1311 510 1360 remus,
541 1296 600 1352 in
645 1297 769 1368 ipso
813 1299 1096 1355 adoranda
1134 1303 1290 1358 altari
1330 1309 1608 1377 martyris,
1642 1326 1898 1366 reveren-

304 1388 564 1446 dissimus
585 1388 700 1445 Leo
726 1391 1025 1462 episcopus
1047 1395 1327 1464 paululum
1357 1413 1414 1453 se
1441 1411 1565 1469 post
1591 1404 1895 1458 orationem

307 1479 579 1545 retinens,
622 1491 854 1552 propter
895 1485 1224 1541 catholicam
1265 1488 1427 1544 fidem
1475 1492 1620 1561 apud
1667 1510 1767 1548 nos
1802 1495 1897 1550 de-

309 1570 484 1633 ﬂevit,
507 1570 688 1642 ipsum
713 1571 972 1628 similiter
993 1569 1265 1631 summum
1303 1582 1698 1648 apostolorum,
1731 1601 1892 1654 quem

316 1679 462 1720 nunc
485 1667 658 1734 nuper
683 1663 1022 1732 adieramus,
1059 1677 1251 1724 testem
1287 1671 1571 1741 objiciens,
1608 1677 1896 1748 episcopo—

316 1769 432 1809 rum
467 1753 824 1812 multitudine
861 1757 1296 1830 circumseptus,
1318 1778 1457 1833 quos
1485 1779 1548 1817 ex
1583 1764 1894 1822 innumera-

2006 594 2192 640 tenere
2223 589 2502 642 convenit.
2530 609 2548 639 ι
2585 588 2637 642 2.
2669 590 2808 645 Cum
2838 591 3158 647 damnatum
3191 608 3252 648 se
3282 604 3339 650 et
3365 596 3585 668 deposi-

2003 685 2116 729 tum
2174 677 2374 748 injuria
2421 678 2770 748 quereretur,
2809 684 3054 751 petiisse,
3093 695 3154 740 ut
3202 689 3584 747 sanctissimus

2001 775 2056 820 et
2118 767 2473 824 beatissimus
2529 771 2716 826 Romae
2781 774 3232 848 archiepiscopus
3283 783 3582 850 apostolica

2002 868 2271 926 potestate
2331 869 2602 927 uteretur,
2655 873 2712 918 et
2765 876 3086 934 querentem
3140 872 3464 942 praeciperet
3512 876 3580 928 ad

1999 966 2161 1004 suum
2205 953 2504 1008 concilium
2549 955 2827 1010 advolare.
2873 958 2925 1011 5.
2975 960 3308 1027 Postulasse,
3347 973 3407 1018 ut
3435 967 3585 1035 judi-

1999 1044 2146 1098 cium
2177 1061 2246 1100 ex
2274 1046 2496 1116 scriptis
2532 1049 2984 1103 constitueretur.
3018 1052 3071 1106 4.
3104 1051 3313 1108 Misisse
3354 1065 3464 1111 tres
3505 1057 3583 1111 Ie-

1998 1143 2180 1202 gatos,
2229 1137 2322 1205 qui
2367 1137 2615 1192 absentis
2662 1147 2846 1208 partes
2888 1150 3133 1209 agerent.
3176 1142 3227 1196 5.
3264 1143 3580 1201 Institutum

1998 1226 2165 1281 fuisse
2187 1228 2480 1297 judicium,
2507 1229 2654 1298 quod
2677 1229 3143 1288 Chalcedonensis
3169 1235 3429 1305 synodus,
3455 1238 3583 1293 licet

1997 1315 2279 1370 nonnullis
2315 1316 2474 1370 initio
2508 1317 2896 1384 renitentibus,
2938 1328 3127 1375 secuta
3157 1321 3247 1377 sit.
3281 1323 3332 1376 6.
3376 1325 3582 1380 Reddi-

1997 1412 2107 1458 tam
2141 1405 2329 1460 sedem
2366 1407 2598 1471 homini,
2632 1423 2795 1476 quem
2842 1410 3085 1481 synodus
3117 1412 3424 1482 deiecisset.
3457 1415 3583 1472 Haec

1996 1503 2180 1549 autem
2228 1497 2274 1550 si
2315 1499 2590 1567 appellare
2612 1499 2857 1570 judicem
2903 1516 3010 1556 non
3049 1512 3154 1567 est,
3184 1504 3316 1574 quid
3360 1507 3581 1562 tandem

1995 1592 2109 1643 est?

2065 1683 2201 1737 XIV.
2237 1682 2469 1752 Scripsit
2492 1683 2684 1738 eodem
2725 1684 2840 1741 fere
2879 1696 3128 1757 tempore
3153 1689 3169 1706 ⁶
3201 1688 3582 1746 Theodoretus

1996 1772 2061 1826 ad
2112 1773 2424 1827 Anatolium
2481 1775 2773 1842 patricium
2821 1777 2861 1839 ³,
2910 1792 3020 1845 quo
3064 1786 3298 1846 patrono
3346 1781 3580 1834 maxime

310 1843 508 1936 bililins
554 1845 876 1901 civitatibus
919 1847 1124 1913 Italite,
1173 1866 1273 1920 pro
1319 1854 1629 1923 principatu
1685 1859 1892 1926 proprii
1929 1843 1968 1897 Β
1999 1863 2276 1926 utebatur,
2311 1865 2469 1919 enixe
2506 1873 2780 1934 precatus,
2814 1875 2874 1920 ut
2907 1843 2975 1921 ab
3007 1843 3336 1936 imperatore
3367 1872 3583 1927 obtine-

305 1917 563 2001 Ioeiyseu
609 1936 879 2008 dignitate
930 1917 1190 2011 collegit,—
1225 1953 1281 1997 et
1320 1917 1516 1998 verbis
1555 1917 1893 2016 permiscens

302 2030 586 2102 Iacrymas,
621 2029 691 2085 ad
717 2031 1167 2088 communionem
1201 2035 1285 2088 sui
1319 2035 1482 2091 ﬂetus
1517 2049 1733 2094 nostros
1757 2057 1893 2110 quo-

298 2137 406 2192 que
428 2122 670 2194 gemitus
699 2124 1044 2193 provocavit,
1080 2145 1096 2175 ι
1129 2135 1234 2180 etc.

367 2212 564 2268 Tantis
595 2214 858 2284 precibus
889 2216 1028 2269 nihil
1063 2216 1293 2271 indulsit
1319 2218 1685 2288 Theodosius,
1719 2240 1890 2294 usque.

295 2303 433 2360 adeo
457 2303 793 2376 Cbrysaphii
822 2305 1038 2361 artibus
1072 2306 1435 2375 illudehatur;
1476 2310 1588 2365 imo
1616 2329 1718 2367 nec
1746 2314 1890 2368 aliud

295 2410 628 2466 responsum
679 2395 870 2463 dedit,
921 2413 1088 2468 quam
1138 2415 1248 2468 quo
1297 2399 1614 2456 Flavianum
1664 2405 1891 2459 turbata:

293 2483 558 2540 Ecclesia:
586 2485 798 2541 invidia
824 2495 1105 2550 oneraret,
1134 2489 1405 2559 velletque
1425 2491 1550 2560 jure
1581 2491 1890 2561 depositum

291 2575 468 2632 credi.
528 2575 793 2632 Nondum
849 2579 1232 2634 sanctissimus
1276 2579 1401 2634 ﬁdei
1455 2581 1714 2636 defensor
1778 2584 1894 2654 glo-

295 2667 450 2724 rioso
489 2667 599 2724 line
641 2668 787 2724 diem
829 2670 1131 2737 clauserat;
1171 2672 1265 2726 sed
1297 2673 1546 2744 Hypaepis
1582 2675 1636 2728 in
1670 2675 1890 2730 civitate

294 2759 482 2833 Lydis
503 2760 818 2826 exsulabat,
846 2762 939 2816 ubi
964 2771 1086 2832 post
1113 2780 1206 2818 sex
1229 2779 1256 2818 a
1281 2764 1623 2834 depositione
1651 2782 1888 2831 menses,

297 2866 390 2906 seu
430 2853 871 2923 superveniente
917 2863 1128 2919 morte,
1169 2871 1261 2910 seu
1310 2856 1551 2927 ingesta,
1599 2857 1894 2914 defunctus

304 2955 404 3002 est.

367 3035 510 3094 Ill}.
535 3037 682 3093 Dum
706 3037 823 3092 haec
850 3046 1141 3108 geruntur,
1169 3039 1572 3104 Theodoretus,
1600 3051 1889 3112 postquam

297 3144 354 3184 se
374 3129 701 3200 depositum
729 3129 944 3194 didicit,
973 3129 1217 3184 decrevit
1249 3131 1314 3185 ad
1349 3131 1535 3185 sedem
1571 3133 1728 3202 185
1759 3150 1890 3203 apo-

292 3221 570 3284 stolicam,
600 3219 710 3276 hoc
736 3227 842 3285 est,
866 3219 934 3274 ad
960 3220 1352 3286 Ecclesiarum,
1383 3238 1504 3293 quae
1539 3223 1591 3277 in
1625 3233 1738 3277 toto
1761 3234 1890 3279 sunt

290 3312 442 3378 orbe,
474 3310 865 3383 principatum
902 3309 1146 3374 mittere,
1182 3312 1275 3381 qui
1325 3327 1479 3366 suam
1519 3328 1738 3367 causam
1767 3330 1892 3385 age-

290 3411 409 3460 rent
441 3417 646 3459 eoram
683 3403 834 3472 justo
861 3401 1038 3456 sancti
1077 3401 1279 3456 Leonis
1310 3403 1597 3456 tribunali.
1635 3405 1708 3458 Ea
1745 3404 1892 3475 lega-

285 3497 436 3552 tione
459 3494 652 3550 Nacti
675 3501 806 3548 sunt
831 3492 1212 3564 chorepisc0pi
1243 3494 1374 3559 duo,
1405 3494 1702 3550 Abramius
1727 3505 1890 3566 atque

286 3586 602 3658 Hypatius,
652 3600 780 3640 cum
830 3585 1028 3656 Alypio
1077 3585 1469 3639 monachorum
1516 3587 1891 3656 Euphratesia:

282 3681 560 3733 exarcho.
609 3677 851 3732 Litteras
881 3677 962 3731 illi
997 3676 1337 3741 detulerunt,
1361 3676 1564 3746 quibus
1595 3677 1662 3731 ad
1705 3679 1890 3735 sedem

281 3766 662 3838 apostolicam
696 3765 1084 3820 Theodoretus
1119 3766 1459 3831 recurrebat,
1494 3785 1511 3817 ‹
1547 3777 1609 3822 ut
1641 3783 1760 3837 quae
1795 3769 1892 3822 ha-

280 3858 459 3922 beret,
499 3857 693 3928 inquit
719 3859 760 3921 ‘,
782 3857 1175 3921 Ecclesiarum,
1208 3873 1330 3927 quae
1357 3857 1411 3911 in
1441 3865 1555 3913 toto
1585 3868 1711 3914 sunt
1733 3860 1887 3924 orbe,

278 3952 708 4022 principatum,
755 3949 945 4004 multis
994 3949 1344 4016 nominibus,
1396 3959 1560 4022 atque
1618 3952 1723 4007 hoc
1764 3962 1888 4008 ante

277 4039 495 4102 omnia.
533 4037 685 4106 quod
713 4037 786 4091 ab
812 4037 1071 4092 haeretica
1100 4038 1226 4093 tabe
1251 4039 1512 4095 immunis
1537 4042 1757 4106 mansit,
1785 4058 1889 4097 nec

276 4130 424 4184 ultus
449 4127 754 4184 contraria
791 4129 1041 4183 sentiens
1072 4129 1126 4182 in
1169 4129 1263 4183 illa
1298 4131 1462 4197 sedit,
1500 4132 1594 4186 sed
1630 4133 1890 4202 apostoli-

274 4237 398 4278 cam
445 4221 704 4295 gratiam
744 4221 1014 4292 integram
1065 4224 1434 4277 conservavit.
1473 4243 1490 4274 ›

343 4315 424 4370 De
453 4327 701 4368 recursu
730 4311 1062 4367 Theodoreti
1101 4313 1170 4367 ad
1203 4314 1388 4370 sedem
1414 4316 1766 4386 apostolicam
1791 4332 1890 4372 no-

273 4404 516 4459 vissime
560 4403 971 4457 contendewnt
1012 4404 1251 4476 theologi
1297 4405 1426 4469 duo,
1477 4407 1590 4462 suis
1629 4409 1890 4477 operibus

271 4497 503 4550 nobiles
544 4511 556 4546 :
587 4495 727 4548 alter
763 4494 1076 4565 confugisse
1114 4505 1326 4550 tantum
1376 4498 1494 4552 vult
1530 4506 1786 4568 tanquam
1819 4499 1885 4553 ad

270 4588 650 4658 praesidium;
695 4586 867 4650 alter,
917 4588 1218 4658 appellasse
1266 4590 1415 4643 velut
1461 4590 1724 4658 judicem.
1777 4591 1884 4647 Sua

269 4689 406 4734 sunt
459 4677 701 4747 utrique
750 4688 1104 4748 argumenta,
1164 4680 1370 4749 quibus
1418 4682 1509 4735 ille
1557 4691 1882 4750 potestatem

271 4771 650 4841 apostolicam
685 4784 942 4824 coercere
977 4771 1148 4825 videri
1195 4781 1382 4841 queat,
1427 4773 1529 4828 iste
1563 4777 1880 4832 extendere.

340 4863 573 4924 Li-tem,
621 4870 682 4916 ut
728 4878 817 4918 res
864 4871 1020 4927 sunt,
1072 4864 1399 4920 invidiosam
1447 4866 1732 4932 dirimere,
1785 4885 1886 4923 nec

273 4963 470 5008 nostra
510 4954 771 5018 interest,
808 4970 988 5024 neque
1029 4966 1114 5010 est
1153 4957 1390 5011 animus.
1436 4957 1598 5013 Certe
1623 4961 1642 4990 ’
1671 4970 1886 5014 constat

273 5042 731 5107 Theodoretum,
775 5045 822 5097 si
868 5045 1048 5114 ipsum
1095 5047 1373 5111 audimus,
1413 5050 1432 5101 -I
1469 5065 1482 5100 :
1528 5067 1546 5098 ς
1581 5048 1659 5103 Ad
1696 5049 1881 5104 sedem

276 5135 654 5202 apostolicam
710 5136 1051 5200 accurrisse,
1089 5148 1150 5191 ut
1194 5138 1564 5192 Ecclesiarum
1611 5140 1886 5194 ulc-oribus

344 5303 388 5330 ιη
417 5290 624 5346 Matth.
654 5307 779 5357 xxv,
819 5291 908 5346 56.

1921 4539 1968 4599 ο

1998 1963 2082 2008 ret
2103 1954 2205 2008 sibi
2239 1953 2549 2009 facultatem
2578 1955 2720 2016 ﬁeri.
2739 1959 2824 2011 vel
2845 1957 3010 2011 eundi
3035 1959 3262 2013 Romam
3285 1961 3350 2014 ad
3379 1965 3578 2016 summi

1996 2044 2271 2112 pontiﬁcis
2301 2045 2593 2114 judicium,
2641 2048 2725 2101 vel
2777 2063 2834 2102 se
2885 2047 2951 2101 ad
3003 2051 3396 2104 monasterium
3442 2057 3584 2108 reci-

1996 2131 2202 2200 piendi,
2223 2132 2369 2200 quod
2393 2144 2612 2188 centum
2635 2145 2691 2189 et
2708 2135 2898 2205 viginti
2923 2137 3167 2192 millibus
3181 2137 3344 2210 Cyro,
3365 2149 3582 2210 septua-

1994 2225 2141 2295 ginta
2167 2226 2410 2294 quinque
2441 2226 2754 2291 Antiochia,
2783 2230 3024 2298 Apamea
3054 2230 3232 2286 tribus
3258 2233 3469 2287 aberat.

2065 2315 2206 2370 Sunt
2260 2316 2354 2385 qui
2411 2325 2638 2386 putent,
2692 2328 2952 2372 neutrum
3004 2319 3329 2390 impetrasse
3391 2324 3577 2386 illum.

1993 2406 2319 2462 obﬁrmante
2360 2408 2708 2478 imperatoris
2746 2410 2988 2464 animum
3030 2410 3378 2482 Chrysaphio
3412 2432 3425 2467 :
3458 2431 3582 2484 prc-

1995 2497 2232 2552 babilius
2267 2508 2446 2553 tamen
2483 2508 2587 2562 est,
2624 2513 2751 2553 cum
2785 2516 2910 2555 cum
2958 2502 3304 2571 imperatoris
3335 2505 3493 2558 venia
3524 2506 3580 2557 in

1994 2589 2390 2644 monasterium
2441 2591 2770 2656 secessisse,
2827 2591 2882 2645 in
2936 2608 3112 2660 eoque
3168 2593 3332 2646 vitam
3389 2595 3580 2662 procul

1995 2682 2232 2736 tumultu
2267 2682 2609 2752 negotiisque
2641 2683 2898 2749 duxisse;
2934 2683 2986 2738 id
3018 2685 3166 2739 enim
3215 2685 3352 2755 ipse,
3389 2686 3434 2739 si
3470 2701 3580 2741 non

1993 2779 2181 2842 aperte
2216 2771 2478 2836 declarat,
2523 2773 2705 2826 innuit
2730 2772 2750 2803 ⁸
2781 2783 2930 2828 certe
2977 2774 3030 2828 in
3071 2774 3271 2827 litteris
3310 2773 3374 2828 ad
3413 2774 3584 2828 Andi—

1993 2864 2169 2918 berim
2203 2871 2258 2918 et
2286 2863 2530 2932 Apellam
2569 2872 2694 2934 post
2729 2864 3047 2920 latrocinale
3087 2864 3382 2918 concilium
3416 2865 3578 2928 datis,

1994 2956 2048 3009 in
2099 2954 2302 3024 quibus
2343 2954 2410 3008 de
2457 2970 2558 3009 suo
2609 2955 2950 3024 aliorumque
2997 2955 3081 3010 sui
3122 2955 3519 3010 studiosiorum
3552 2973 3582 3010 e

1992 3047 2213 3100 civitate
2243 3046 2490 3114 discessu
2527 3047 2796 3115 loquitur.
2829 3046 2997 3115 186
3028 3044 3210 3100 lnnuit
3237 3047 3257 3076 ⁸
3281 3056 3336 3100 et
3373 3046 3426 3098 in
3467 3046 3582 3115 epi-

2000 3139 2135 3193 stola
2169 3139 2236 3192 ad
2277 3153 2592 3192 oeconomos
2628 3138 2884 3191 Ecclesiae
2913 3153 3045 3202 suae,
3089 3137 3582 3209 presbyterumquc

1999 3229 2368 3292 Theodotum,
2402 3228 2606 3298 quibus
2629 3227 2830 3282 absens
2853 3227 2966 3280 haec
2991 3226 3184 3280 scribit
3217 3243 3227 3278 :
3264 3245 3281 3276 ί
3311 3227 3422 3296 Ego
3447 3242 3583 3295 quo—

1998 3338 2103 3392 que
2141 3323 2160 3352 ⁶
2196 3322 2608 3376 incumbentem
2658 3319 2834 3374 deﬂeo
2879 3319 3280 3382 calamitatem,
3338 3327 3395 3373 et
3448 3319 3582 3374 mihi

1999 3429 2130 3468 sane
2164 3413 2434 3484 gratulor,
2479 3412 2574 3481 qui
2617 3426 2685 3466 ex
2729 3411 3058 3465 tumultibus
3087 3411 3381 3476 evaserim,
3421 3410 3582 3465 mihi-

1998 3521 2104 3574 que
2137 3513 2286 3574 grata
2317 3503 2467 3558 fruar
2499 3503 2918 3572 tranquillitate,
2952 3522 2969 3552 ι
3004 3511 3109 3556 etc.
3149 3503 3268 3557 Non
3310 3501 3581 3557 absimilia

1998 3602 2128 3649 sunt
2179 3610 2301 3663 quae
2341 3593 2408 3646 ad
2450 3591 2758 3663 Longinum
2793 3591 3282 3647 archimandritam
3327 3590 3584 3644 Dolichos

1997 3683 2216 3752 scripsit
2261 3683 2322 3735 τε
2361 3700 2380 3733 ‹
2425 3680 2888 3736 Communicastis
2947 3682 3297 3752 passionibus
3342 3683 3580 3744 nostris,

1997 3783 2112 3827 tum
2159 3789 2259 3844 per
2305 3773 2518 3827 litteras
2550 3773 2917 3836 consolantes,
2953 3782 3066 3829 tum
3109 3774 3390 3828 mittentes
3426 3789 3584 3828 reve-

1997 3863 2353 3918 rendissimos
2379 3878 2444 3916 ac
2467 3863 2913 3932 religiosissimos
2942 3863 3253 3917 Matthazum
3271 3872 3327 3918 et
3350 3863 3581 3918 lsacium

1997 3954 2286 4020 diaconos;
2337 3953 2704 4022 audietisque,
2754 3962 2837 4008 sat
2881 3955 3025 4019 scio,
3070 3971 3098 4007 a
3143 3956 3293 4026 justo
3335 3955 3528 4009 Judice
3566 3975 3576 4007 :

1995 4045 2061 4100 In
2091 4061 2301 4100 carcere
2333 4062 2502 4107 eram,
2545 4055 2592 4097 et
2620 4047 2832 4098 venistis
2855 4045 2926 4098 ad
2956 4061 3036 4098 me
3059 4056 3120 4110 ω,
3161 4065 3179 4096 ι
3225 4055 3330 4100 etc.

2067 4136 2181 4190 XV.
2223 4136 2355 4192 Utut
2403 4151 2461 4190 se
2505 4151 2593 4190 res
2622 4136 2810 4198 habet,
2851 4135 2961 4189 Leo
2997 4146 3145 4190 certe
3185 4153 3215 4190 a
3248 4135 3576 4201 Theodosio,

1996 4228 2174 4298 quoad
2209 4229 2488 4298 negotium
2524 4227 2891 4297 congregandi
2927 4227 2982 4280 in
3021 4227 3172 4282 Italia
3204 4227 3578 4293 concilii,'una

1996 4336 2120 4375 cum
2156 4320 2540 4375 Valentiniano
2588 4319 2919 4387 imperatore
2967 4327 3024 4373 et
3069 4319 3328 4390 Augustis
3365 4319 3580 4374 duabus

1997 4427 2190 4482 passus
2224 4419 2308 4466 est
2348 4411 2622 4479 repulsam
2658 4410 2919 4480 :negavit
2957 4410 3104 4464 enim
3137 4426 3277 4481 opus
3310 4425 3430 4466 esse
3471 4412 3577 4465 ulla

1996 4504 2226 4576 synodo,
2262 4519 2364 4556 nec
2410 4503 2610 4572 Ephesi
2654 4503 2951 4572 quidquam
3002 4511 3182 4557 actum
3231 4503 3450 4572 injuria,
3481 4504 3576 4556 sed

1994 4595 2310 4650 substitutis
2347 4594 2400 4647 in
2446 4595 2626 4646 locum
2675 4593 3025 4664 indignorum
3071 4580 3417 4662 dignioribus
3456 4593 3575 4663 epio

1995 4687 2176 4756 scopis
2225 4701 2449 4755 regnare
2489 4685 2542 4738 in
2583 4685 2827 4740 Ecclesia
2869 4685 3218 4740 concordiam
3270 4694 3324 4739 et
3372 4685 3570 4739 verita-

1996 4786 2126 4833 tem.
2182 4777 2376 4848 Operae
2425 4777 2661 4847 pretium
2707 4789 2792 4834 est
2825 4778 3087 4833 exhibere
3126 4777 3435 4847 epistolam,
3470 4793 3576 4846 qua

1993 4870 2292 4939 respondet
2328 4870 2740 4935 Valentiniano;
2775 4870 2962 4940 prodit
2991 4870 3138 4923 enim
3173 4884 3457 4938 quousque
3483 4883 3579 4921 eu-

1994 4962 2159 5015 nuchi
2197 4962 2410 5015 artibus
2436 4961 2705 5015 abductus
2735 4961 2788 5014 in
2815 4976 3060 5015 errorem
3098 4968 3248 5016 esset
3275 4976 3286 5010 :
3322 4957 3578 5026 praefatus

1991 5052 2158 5123 igitur
2190 5068 2312 5122 quae
2343 5046 2654 5107 humanitas
2683 5053 2859 5106 solet:
2895 5071 2914 5103 ‹
2949 5051 3095 5106 Nihil
3127 5051 3294 5111 aliud,
3331 5049 3507 5118 inquit
3530 5049 3573 5108 ⁸,

1991 5144 2277 5207 volumus,
2327 5159 2487 5213 quam
2552 5152 2892 5197 sacramenta
2951 5153 3174 5211 paterna
3221 5159 3317 5210 per
3352 5155 3575 5192 succes-

1642 5412 1964 5468 StJ'HL'LZIsl
2009 5413 2237 5468 NOTAE.

349 5502 363 5530 ¹
403 5500 619 5570 Inqait.
654 5499 776 5554 Vid.
823 5507 862 5552 t.
911 5500 1000 5563 iV,
1033 5501 1194 5570 epist.
1233 5498 1330 5554 115
1359 5511 1412 5555 et
1446 5502 1562 5556 HG.
1643 5504 1659 5532 ²
1695 5501 1866 5566 Certe,

1996 5548 1997 5555 η
2030 5504 2153 5558 Vid.
2191 5505 2352 5570 epist.
2399 5505 2605 5565 citatas
2651 5511 2703 5556 et
2741 5501 3055 5570 Actagconc.
3108 5495 3367 5570 Chalced.

789 5570 852 5651 Υ,
889 5571 1222 5651 epist_."l_l9.
1281 5570 1348 5651 "‘-
1369 5571 1575 5651 Imtuit,
1616 5582 1732 5651 etc.
1935 5575 2096 5651 epist.
2142 5576 2197 5651 li

586 5642 607 5671 ³
637 5640 842 5702 lnnuit,
879 5639 986 5694 etc.
1028 5639 1149 5694 Vid.
1212 5650 1249 5694 t.
1281 5641 1369 5704 IV,
1393 5643 1552 5712 epist.
1613 5643 1729 5704 I06,
1762 5645 1863 5699 I07
1886 5655 1942 5700 et
1968 5639 2088 5700 I46.
2173 5646 2192 5676 ⁶
2222 5643 2334 5714 Ego
2367 5659 2594 5711 quoque,

586 5711 920 5766 :holasticum
975 5710 1260 5780 desumpta
1317 5721 1464 5764 sunt.
1571 5711 1858 5782 7Srrr‘psit.
1899 5716 2015 5766 Vid.
2086 5728 2124 5766 ι..
2177 5715 2264 5772 lV,
2297 5713 2459 5781 epist.
2504 5712 2622 5766 131.

276 5572 446 5627 Αηαι.

275 5652 502 5696 natum.

281 5727 477 5780 ranam
535 5711 920 5766 scholasticam
975 5710 1260 5780 desumpta
1317 5710 1464 5764 sunt.

278 5779 581 5842 Cbalced.,
627 5791 769 5849 part.
817 5797 853 5833 ι.

613 5874 884 5936 Parnm.
932 5875 1047 5936 Gn.
1097 5875 1411 5937 LXXXIV.

537 5571 613 5624 id.
683 5579 722 5623 t.
763 5570 852 5632 IV,
889 5571 1067 5640 epist.
1095 5571 1218 5626 ΗΞ).

2286 5511 2352 5559 st.
2399 5505 2605 5565 citatas
2651 5511 2703 5556 et
2741 5501 2870 5556 Acta
2899 5514 3055 5553 conc.
3108 5495 3367 5551 Chalced.
3443 5495 3464 5527 ³
3492 5494 3574 5550 Ad

2286 5583 2341 5630 et
2385 5575 2508 5637 IIS,
2546 5582 2588 5628 t.
2629 5572 2716 5628 IV.
2771 5568 2910 5626 Add.
2957 5568 3118 5638 epist.
3168 5565 3308 5638 illi,
3346 5561 3433 5638 ad_
3462 5565 3568 5638 fle-

2173 5646 2192 5676 ⁶
2222 5643 2334 5714 Ego
2367 5631 2594 5725 quoque,
2629 5650 2736 5695 etc.
2768 5639 2894 5695 Haec
2915 5631 3184 5734 cx'epist.
3215 5635 3337 5696 124,
3367 5631 3434 5687 ad
3461 5633 3564 5687 Ma-

2177 5715 2264 5772 IV,
2297 5723 2459 5780 epist.
2504 5712 2622 5766 131.
2721 5712 2742 5740 ⁸
2770 5709 2968 5780 Inqmt.
3037 5705 3156 5761 \td.
3223 5704 3355 5760 Acta
3407 5715 3563 5759 conc.

3205 5868 3236 5929 5
