4080 6456
532 373 634 438 139

1661 365 2037 426 ῦΑΒΝΕΒΗ
2081 365 2574 425 DlSSERTATiO
2617 367 2662 424 ῐ.

3689 373 3789 441 140

530 487 737 541 sior-.ezn
793 485 950 537 nobis
985 480 1182 536 tradita
1219 480 1608 533 inviolabiliter
1638 479 1903 533 custodiri
1937 496 1948 530 :
1982 494 2109 548 pro—
2147 485 2180 537 Λ
2215 493 2320 546 que
2357 488 2730 548 paupertatem
2752 478 2928 548 plenis
2956 496 3211 536 curarum
3241 479 3448 537 divitiis
3485 494 3780 556 antepona-

529 586 654 646 pter
695 575 835 634 hanc
868 588 1108 635 causam,
1149 572 1407 640 quoniam
1449 570 1713 639 quosdam
1752 570 2108 639 cognovimus

530 668 908 722 sanctissimas
964 663 1237 717 Ecclesias
1299 661 1522 714 nocibili
1584 660 1825 716 novitate
1862 659 2104 720 turbare,

528 758 794 829 synodum
845 753 1188 809 decrevimus
1247 752 1448 821 Ephesi
1510 751 1654 817 fieri;
1708 754 1767 805 in
1818 751 2105 819 pnesentia

523 847 728 916 quippe
757 844 1341 900 reverendissimorum
1365 843 1766 912 episcoporum,
1785 859 1908 895 cum
1935 843 2105 896 multa

524 939 777 992 libertate
813 952 878 991 ac
917 937 1130 1006 integra
1165 935 1421 997 veritate,
1451 941 1507 987 et
1547 932 1754 1004 indigni
1798 933 2105 988 sacerdotio

523 1031 716 1083 remoti
745 1037 892 1093 sunt,
923 1036 979 1082 et
1000 1027 1094 1097 qui
1118 1027 1350 1097 judicati
1373 1033 1503 1080 sunt
1526 1040 1646 1079 esse
1665 1025 1838 1094 digni,
1865 1027 2103 1094 suscepti

521 1127 679 1181 sunt;
716 1118 854 1172 nihil
903 1117 1070 1188 igitur
1113 1116 1182 1170 ab
1221 1116 1307 1169 his
1349 1115 1688 1169 contrarium
1737 1115 1936 1185 regula
1977 1115 2102 1170 fidei

519 1218 615 1263 aut
649 1209 878 1280 iustitia
915 1208 1119 1263 factum
1152 1220 1274 1262 esse
1313 1207 1696 1276 cognovimus;
1735 1207 1916 1261 omnis
1969 1223 2102 1262 con-

520 1300 692 1353 tentio
741 1313 898 1352 sacro
940 1297 1150 1368 judicio
1197 1296 1506 1352 examinata
1536 1304 1638 1350 est.
1684 1297 1973 1351 Flavianus
2001 1312 2102 1350 au-

523 1399 663 1451 tem,
715 1389 810 1457 qui
854 1403 982 1442 reus
1038 1387 1294 1442 inventus
1365 1394 1450 1440 est
1509 1385 1753 1440 lasibilis
1815 1385 2098 1450 novitatis,

517 1480 761 1536 debitam
780 1494 997 1549 poenam
1030 1478 1270 1548 recepit;
1305 1487 1360 1532 et
1395 1477 1500 1531 hoc
1532 1485 1762 1541 remoto,
1797 1477 1976 1530 omnis
1999 1493 2101 1546 pax

517 1581 572 1626 et
593 1571 770 1626 omnis
791 1571 1084 1626 concordia
1115 1580 1306 1641 regnat
1328 1571 1381 1624 in
1407 1569 1685 1630 Ecclesiis,
1711 1579 1764 1623 ct
1787 1569 1922 1622 nihil
1950 1569 2100 1625 aliud

511 1677 680 1732 quam
714 1662 918 1716 veritas
949 1660 1114 1729 viget.
1154 1679 1171 1711 ι

581 1773 724 1829 XVI.
766 1771 907 1838 Quid
960 1770 1180 1826 interim
1231 1770 1553 1824 Pulchcria?
1600 1770 2098 1842 Quantumcunque

512 1865 875 1918 inclinaretur
927 1863 980 1916 in
1030 1872 1218 1932 partes
1261 1863 1460 1916 summi
1508 1863 1811 1933 pontificis,
1861 1865 2096 1921 volentis

512 1957 852 2012 acumenico
881 1955 1116 2010 concilio
1150 1948 1500 2008 latrocinium
1535 1955 1872 2025 Ephesinnm
1908 1973 2097 2011 emen-

511 2045 866 2116 dariz'eoquc
901 2044 1141 2100 ferretur
1175 2045 1373 2114 partim
1411 2045 1610 2100 Leonis
1643 2047 1859 2110 litteris,
1895 2048 2092 2118 partim

509 2133 836 2207 Chrysaphii
877 2133 1026 2198 odio,
1060 2136 1258 2202 partim
1297 2141 1492 2202 sponte
1537 2150 1655 2197 sua,
1688 2144 1744 2188 ct
1777 2132 1902 2188 fidei
1942 2134 2089 2200 zelo;

512 2227 943 2282 nolebat'tamen
976 2242 1064 2281 res
1091 2224 1399 2281 Orientales
1428 2225 1482 2279 in
1511 2224 1807 2280 Occidente
1839 2225 1945 2296 agi,
1977 2232 2090 2279 tum

511 2328 567 2371 ut
619 2324 940 2388 parceretur
993 2316 1216 2371 Patrum
1263 2315 1429 2369 maris
1475 2313 1878 2385 impatientium
1930 2330 2093 2369 vexa-

511 2410 677 2474 tioni;
719 2418 833 2462 tum
866 2423 955 2462 me
995 2405 1292 2462 Orientalis
1330 2405 1567 2474 imperii,
1603 2405 1948 2473 seniorisque
1981 2408 2092 2458 Au-

509 2500 654 2571 gusti
699 2501 952 2571 maiestas
988 2499 1351 2563 minueretur,
1398 2507 1514 2552 tum
1561 2496 1801 2566 denique
1838 2511 1908 2550 ne
1956 2511 2091 2565 pra—

506 2603 653 2648 essct
685 2593 944 2657 Placidia,
969 2591 1056 2646 cui
1100 2590 1352 2646 muliebri
1388 2588 1736 2645 aemulatione
1771 2603 1912 2658 pene
1944 2586 2088 2640 invi-

506 2685 672 2740 debat
710 2705 722 2739 :
756 2700 926 2754 quare
983 2683 1177 2738 maluit
1229 2691 1469 2737 mentem
1520 2689 1736 2752 tegere,
1787 2695 1857 2734 ne
1901 2678 2089 2733 fratris

505 2775 749 2830 animum
787 2773 1176 2845 suspiciosum,
1215 2788 1316 2828 nec
1357 2771 1492 2827 satis
1511 2786 1732 2842 aquum
1775 2768 1951 2825 sorori
1993 2784 2088 2822 an-

503 2875 677 2937 geret,
710 2880 777 2920 eo
819 2864 1123 2935 prasertim
1163 2871 1432 2932 tempore,
1464 2876 1575 2931 quo
1596 2876 1739 2931 agra
1773 2858 2086 2915 valetudine

505 2960 784 3022 utebatur,
811 2973 914 3013 nec
951 2955 1047 3010 diu
1081 2956 1332 3011 victurus
1360 2954 1535 3010 videri
1564 2961 1798 3026 poterat.

574 3073 733 3143 187
766 3070 926 3125 XVII.
953 3067 1595 3124 lntenimﬂ'heodoretus
1642 3065 2000 3121 Sabinianum
2028 3075 2084 3119 et

2211 584 2354 622 Inus.
2388 589 2406 620 ι

2284 683 2379 740 llis
2415 697 2469 742 et
2491 685 2612 740 aliis
2651 687 2995 742 sustentabat
3027 690 3270 746 animum
3289 692 3402 764 jam
3453 691 3616 748 malis
3651 694 3784 750 edo—

2211 773 2436 836 mitum,
2467 784 2522 827 et
2559 791 2587 828 a
2619 775 2852 844 pristino
2906 793 3096 834 errore
3143 797 3338 852 magna
3373 799 3440 837 ex
3473 794 3630 853 parte
3659 798 3785 840 cors

2210 873 2439 919 rectum.
2475 865 2728 924 Errorcm
2761 885 2890 924 vero
2919 872 3019 926 etsi
3047 871 3264 927 erudita
3315 875 3655 944 professione
3694 877 3783 932 lit-

2209 956 2346 1011 teris
2383 958 2450 1011 ad
2497 957 2845 1015 Timotheum
2875 964 2912 994 ¹¹
2971 963 3290 1034 episcopum
3345 968 3567 1037 scriptis
3606 969 3784 1038 reipsa

2209 1056 2468 1108 revocat.
2513 1065 2802 1106 revocasse
2842 1061 3022 1108 tamen
3068 1054 3242 1108 videri
3290 1072 3400 1110 non
3433 1059 3588 1124 vult;
3646 1056 3784 1114 adéo

2207 1133 2428 1188 diﬁicile
2457 1145 2542 1190 est
2568 1140 2929 1208 magnanimis
2962 1143 2976 1158 '
3000 1141 3381 1210 panitentiam
3405 1142 3584 1197 fateri.

2278 1227 2358 1281 Ad
2398 1229 2772 1286 discutiendas
2817 1233 3022 1287 erroris
3080 1233 3312 1289 nebulas
3361 1235 3594 1290 multum
3644 1237 3786 1292 lucis

2206 1322 2440 1374 contulit
2494 1323 2722 1392 epistola
2775 1325 2950 1380 sancti
2998 1326 3199 1381 Leonis
3242 1327 3309 1382 ad
3367 1329 3686 1386 Flavianum
3715 1336 3784 1384 de

2206 1411 2583 1468 incarnatione
2620 1431 2631 1467 :
2662 1431 2783 1470 eam
2825 1417 2974 1471 enim
3002 1419 3044 1448 "
3091 1418 3494 1482 Theodoretus,
3529 1423 3662 1476 dum
3695 1436 3781 1476 at-

2206 1505 2410 1557 tentius
2435 1506 3293 1581 perlegeret,distinctionemque
3320 1519 3640 1568 naturarum
3669 1529 3786 1568 am-

2205 1595 2423 1660 barum,
2452 1599 2655 1667 quibus
2702 1598 2957 1655 Christus
2988 1611 3223 1669 constat,
3263 1613 3454 1673 aperte
3493 1606 3782 1675 pradicari

2203 1684 2704 1752 animadverteret,
2759 1703 2912 1743 suam
2952 1691 3056 1745 sibi
3102 1707 3229 1746 cum
3273 1692 3575 1750 Christiani
3625 1695 3784 1750 orbis

2205 1775 2462 1845 magistro
2489 1778 2910 1832 consensionem
2942 1782 3266 1850 gratulatus,
3317 1783 3371 1838 id
3402 1784 3606 1850 effecit,
3656 1787 3780 1856 opi-

2202 1884 2322 1932 nor,
2368 1868 2514 1937 quod
2562 1869 2856 1940 aliquando
2885 1873 3204 1941 prastitisse
3238 1885 3450 1931 certum
3481 1886 3566 1932 est
3597 1895 3611 1931 :
3659 1880 3784 1949 epi—

2199 1960 2352 2014 stola
2375 1961 2574 2015 summi
2602 1961 2881 2031 pontificis
2905 1964 3190 2035 subjunxit
3229 1983 3340 2022 non
3365 1984 3520 2024 suam
3565 1978 3780 2026 tantum

2198 2050 2688 2121 subscriptionem,
2713 2053 2859 2123 quod
2892 2055 3075 2110 minus
3091 2057 3417 2127 videbatur;
3469 2061 3564 2115 sed
3589 2077 3655 2116 ea
3695 2061 3780 2116 in-

2197 2155 2364 2210 super
2417 2142 2727 2197 testimonia
2770 2160 2891 2214 quae
2941 2161 3008 2199 ex
3055 2146 3370 2205 Occidentis
3423 2151 3778 2224 Orientisque

2195 2231 2451 2286 Patribus
2501 2242 2626 2288 ante
2672 2243 2910 2305 quatuor
2960 2253 3135 2294 annos
3191 2241 3505 2313 collegerat,
3561 2260 3776 2316 suoque

2193 2321 2430 2392 dialogo,
2462 2324 2554 2393 qui
2585 2325 2912 2381 inconfusus
2949 2328 3290 2397 inscribitur,
3322 2333 3591 2391 adversus
3639 2352 3777 2392 con-

2192 2412 2463 2468 fusionem
2523 2415 2906 2486 imperitorum
2965 2422 3365 2479 monachorum
3426 2426 3773 2493 inseruerat,

2191 2520 2302 2574 quo
2323 2506 2730 2578 subscriptores
2755 2525 2940 2564 secum
2978 2512 3298 2578 adduceret,
3342 2517 3600 2574 Ecclesia
3637 2536 3778 2591 pra—

2191 2595 2561 2651 stantissimos
2587 2599 2896 2668 magistros.

2263 2705 2414 2762 lianc
2440 2709 2690 2763 eamdem
2731 2711 3018 2781 epistolam
3051 2715 3360 2772 certissimo
3388 2734 3489 2774 suo
3536 2731 3775 2790 patrono

2188 2796 2442 2852 Anatolio
2470 2799 2702 2867 patricio
2728 2802 3264 2874 Constantinopolim
3294 2809 3598 2865 transmisit
3623 2829 3635 2864 :
3657 2827 3771 2866 non

2189 2884 2382 2954 utique
2449 2887 2677 2953 nudam,
2722 2889 2864 2944 sicut
2905 2905 3166 2960 venerat;
3203 2896 3335 2965 quid
3373 2898 3520 2952 enim
3575 2899 3774 2956 fuisset

2187 2991 2347 3046 Opus,
2379 2993 2504 3033 cum
2570 2980 2624 3034 in
2663 2982 2797 3036 urbe
2839 2984 2986 3054 regia
3013 2993 3287 3041 tereretur
3317 2989 3564 3044 omnium
3594 2993 3774 3046 mani-

2188 3070 2333 3125 bus?
2357 3072 2520 3142 188
2547 3073 2643 3128 sed
2677 3075 3026 3141 testimoniis,
3058 3095 3179 3147 qua
3206 3080 3342 3146 dixi,
3390 3083 3614 3138 Patrum
3649 3101 3774 3140 mu-

499 3165 673 3226 fham,
698 3158 1279 3232 seipsumquelitteris
1303 3157 1605 3222 solabatur,
1631 3165 1688 3212 ct
1735 3157 1892 3226 quasi
1926 3156 2080 3210 fruc-
2112 3177 2154 3232 (ι
2185 3161 2379 3226 nitam,
2407 3174 2468 3218 ut
2491 3165 2652 3218 fidem
2674 3181 2828 3219 suam
2855 3169 3098 3238 apertius
3124 3172 3464 3228 ostenderet.
3504 3195 3521 3224 ι
3558 3176 3767 3231 Rerum

502 3258 666 3312 batur
681 3254 1123 3309 adversariorum
1142 3253 1240 3316 ira,
1263 3250 1315 3304 in
1330 3250 1408 3306 .iis
1429 3266 1685 3322 magnum
1711 3250 1935 3320 quidem
1955 3247 2082 3302 ﬁdei

497 3346 767 3408 studium,
823 3359 1183 3416 magnamque
1213 3342 1437 3398 honoris
1474 3349 1529 3396 et
1579 3341 1726 3397 sedis
1769 3339 2076 3410 despicien-

501 3439 634 3493 tiam
657 3436 1019 3510 praferebat;
1046 3436 1140 3491 sed
1171 3434 1440 3505 prodebat
1490 3442 1672 3488 tamen
1709 3433 1970 3495 indolem,
2000 3432 2086 3485 in-

500 3530 788 3599 situmque.
805 3529 993 3582 animo
1011 3527 1256 3581 dolorem
1285 3544 1298 3580 :
1329 3526 1689 3596 quamobrem
1719 3523 2079 3578 Sabinianum

500 3620 900 3691 amice.arguit,
935 3619 1097 3689 quod
1134 3619 1283 3673 sedis
1322 3634 1509 3673 amore
1537 3633 1604 3672 eo
1656 3633 1714 3671 se
1763 3614 2076 3685 abiecisset,

497 3729 609 3783 quo
638 3711 1044 3784 magnanimum
1064 3727 1170 3766 non
1196 3711 1438 3766 deceret.
1476 3708 1882 3764 «Sanctitatem
1907 3717 2076 3770 tuam,

497 3803 676 3874 inquit
703 3800 1025 3866 9,.laudibus
1040 3801 1232 3865 extuli,
1255 3816 1378 3856 cum
1409 3798 1735 3854 invidiosam
1758 3797 2076 3853 cathedram

497 3895 759 3967 reliquit;
788 3911 909 3966 qua
941 3894 1089 3950 enim
1117 3893 1434 3949 veneranda
1468 3891 1600 3946 olim
1636 3900 1779 3954 erat,
1823 3907 1971 3946 nunc
1994 3891 2076 3946 fa-

495 4000 582 4045 cta
603 3999 689 4044 est
711 3988 1242 4054 ridicula-venalem
1269 3987 1473 4058 quippe
1506 3985 1653 4040 illam
1692 4000 1794 4040 nos
1820 3983 2073 4039 fecimus.

493 4081 721 4138 Miratus
749 4095 871 4137 sum
897 4089 1104 4144 autem,
1129 4088 1421 4149 postquam
1453 4076 1707 4147 cognovi,
1767 4085 1817 4131 te
1858 4077 1928 4130 ad
1956 4091 2073 4139 eos,

493 4175 587 4245 qui
617 4173 902 4246 ejecerint,
923 4174 1254 4227 accurrisse.
1283 4169 1417 4224 Nam
1449 4169 1786 4224 contrarium
1813 4179 1863 4222 te
1895 4169 2074 4223 facere

491 4267 802 4338 oportebat,
829 4273 889 4320 ut
923 4273 1144 4335 rogatus
1172 4261 1546 4334 gubernacula
1577 4261 1842 4325 retinere,
1874 4261 2075 4332 guber-

490 4359 769 4415 nationem
793 4357 1374 4428 refugeres,.tanquam
1410 4353 1651 4408 inimicis
1677 4354 1836 4409 factis
1868 4354 1956 4418 iis,
1977 4354 2070 4422 qui

492 4451 546 4504 in
578 4449 771 4505 eadem
821 4449 947 4503 navi
986 4455 1134 4502 sunt.
1175 4466 1192 4497 ι
1237 4447 1520 4515 Etpostca
1549 4445 1619 4499 de
1655 4461 1749 4500 se:
1790 4464 1807 4495 ε
1847 4445 1960 4515 Ego
1995 4445 2073 4499 fa-

2186 3268 2456 3319 ommum,
2491 3255 2670 3324 inquit
2701 3257 2764 3321 ”,
2818 3269 3002 3314 rector
3047 3271 3104 3316 et
3139 3263 3454 3320 moderator
3499 3266 3771 3322 Dominus

2184 3343 2465 3416 patefecit.
2501 3356 2558 3401 et
2595 3350 3024 3418 apostolicorum
3070 3364 3389 3410 nostrorum
3446 3357 3768 3428 dogmatum

2183 3441 2492 3506 veritatem,
2530 3453 2586 3498 et
2605 3444 2821 3514 jactata
2883 3445 2936 3500 in
2971 3462 3074 3501 nos
3112 3448 3402 3505 calumnia
3443 3450 3765 3506 falsitatem.

2184 3532 2423 3598 Etenim,
2449 3549 2570 3603 qua
2597 3550 2628 3588 a
2649 3535 2762 3590 Deo
2791 3537 3121 3592 eharissimo
3149 3548 3206 3594 et
3238 3540 3589 3597 sanctissimo
3642 3557 3766 3597 ma-

2181 3639 2300 3693 gna
2331 3625 2517 3679 Romae
2544 3626 2960 3696 archiepiscopo
2995 3628 3224 3684 domino
3255 3630 3438 3686 Leone
3473 3631 3541 3686 ad
3563 3643 3769 3689 sancta

2182 3716 2462 3770 memoria
2496 3716 2814 3770 Flavianum
2845 3718 3092 3788 aliosque
3117 3721 3263 3790 apud
3291 3717 3570 3791 Ephesum
3628 3740 3769 3780 con-

2179 3813 2431 3874 gregatos
2455 3804 2661 3875 scripta
2689 3815 2840 3867 sunt.
2866 3823 2992 3861 cum
3023 3808 3092 3863 iis
3115 3809 3336 3878 penitus
3383 3813 3765 3880 consentiunt,

2179 3909 2302 3964 qua
2335 3910 2437 3950 nos
2465 3896 2550 3950 vel
2577 3897 3033 3966 conscripsimus,
3056 3901 3143 3954 vel
3186 3901 3242 3956 in
3270 3902 3536 3960 Ecclesiis
3566 3921 3769 3977 perpe-

2179 3994 2276 4041 tuo
2305 3987 2618 4043 docuimus.
2647 3988 2920 4056 Quocirca
2951 3994 3116 4049 simul
3141 4010 3205 4049 ac
3247 4012 3343 4051 eas
3370 3997 3586 4054 litteras
3631 3999 3763 4072 legi,

2179 4079 2477 4150 benignum
2531 4081 2822 4137 Dominum
2870 4083 3112 4150 laudavi,
3156 4087 3303 4156 quod
3328 4087 3606 4146 Ecclesias
3651 4107 3767 4148 non

2177 4187 2406 4240 prorsus
2431 4172 2762 4240 deseruerit,
2795 4175 2890 4232 sed
2922 4185 3087 4232 recta
3159 4178 3426 4236 doctrina
3467 4184 3764 4240 scintillam

2176 4265 2434 4328 servarit,
2463 4267 2548 4320 vel
2576 4266 2763 4336 potius
2795 4283 2905 4322 non
2928 4269 3248 4336 scintillam,
3285 4272 3382 4327 sed
3436 4273 3611 4330 facem
3638 4292 3761 4332 ma-

2175 4355 2400 4420 ximam,
2429 4371 2552 4426 qua
2584 4357 2777 4412 orbem
2799 4366 3073 4414 terrarum
3100 4363 3404 4420 accendere
3447 4375 3504 4421 et
3548 4367 3762 4424 illumi-

2175 4462 2307 4502 nare
2337 4449 2528 4518 possit.
2569 4468 2587 4498 ι
2625 4449 2763 4504 Tum
2799 4459 2923 4520 post
2949 4453 3228 4510 laudatam
3289 4460 3605 4527 apostolica
3641 4464 3764 4531 epi-

488 4552 635 4596 etam
661 4541 716 4595 in
739 4556 824 4595 me
856 4539 1114 4611 injuriam
1144 4539 1298 4593 velut
1330 4537 1580 4592 divinum
1607 4537 1938 4592 beneficium
1975 4554 2071 4592 ex-
2106 4531 2147 4586 Ι)
2176 4541 2332 4594 stola
2379 4541 2685 4595 doctrinam
2720 4557 2846 4596 cum
2879 4544 3137 4600 Patribus
3169 4562 3467 4604 consonam
3501 4569 3514 4605 :
3548 4573 3565 4602 ι
3616 4553 3758 4608 Cum

485 4635 630 4706 cepi,
677 4649 788 4689 non
815 4650 946 4690 sane
979 4634 1207 4704 gratiam
1232 4632 1445 4686 habens
1486 4631 1700 4700 injuria
1729 4631 2071 4694 auctoribus,

485 4729 618 4798 (quo
654 4726 802 4782 enim
832 4735 1011 4796 pacto,
1045 4723 1346 4780 fratricidis
1392 4731 1450 4778 et
1496 4720 1651 4777 Caini
1706 4731 1919 4792 partem
1952 4737 2070 4776 am-

485 4817 712 4889 plexis?)
741 4818 838 4873 sed
884 4817 1177 4874 Dominum
1202 4831 1384 4870 meum
1415 4813 1672 4869 laudibus
1696 4814 1954 4878 efferens,
1976 4815 2071 4884 qui

483 4928 570 4968 me
601 4912 857 4984 injuriam
890 4910 1218 4982 patientium
1267 4918 1412 4964 sorte
1447 4907 1703 4978 dignatus
1728 4917 1830 4962 est.
1869 4928 1886 4959 ι
1921 4908 2067 4963 lbam

483 5018 614 5059 vero
653 5003 939 5075 alloquens
989 5001 1288 5057 Sabiniano
1340 4998 1791 5069 generosiorcm:
1831 5017 1849 5049 ι
1886 4998 2064 5054 Ceda-

481 5111 626 5158 mus,
643 5097 720 5152 ait
754 5097 818 5161 ¹⁰,
851 5093 1300 5166 peremptoribus
1328 5091 1594 5147 honorem
1645 5099 1702 5145 et
1725 5089 1970 5155 delicias,
2007 5099 2064 5144 et

480 5188 629 5243 sedis
669 5186 1086 5259 prarogativam
1139 5191 1196 5238 et
1243 5183 1471 5252 gloriam
1524 5183 1820 5247 infelicem,
1856 5191 2066 5238 tantum

480 5279 849 5336 inhareamus
875 5276 1206 5348 evangelicis
1228 5275 1598 5347 dogmatibus,
1631 5283 1686 5329 et
1712 5291 1838 5330 cum
1862 5276 1992 5340 illis,
2021 5276 2066 5329 si

480 5386 618 5442 opus
648 5378 752 5436 est,
781 5368 1004 5440 quidvis
1018 5383 1278 5438 asperum
1310 5368 1674 5438 perferamus,
1702 5367 2067 5424 laudabilem-

2176 4630 2264 4686 his
2298 4632 2500 4687 litteris
2522 4633 2660 4689 meis
2688 4636 2964 4705 copulavi,
2997 4645 3078 4702 ut,
3104 4653 3230 4693 cum
3258 4641 3454 4711 legerit
3508 4647 3763 4714 magniﬁ-

2173 4723 2354 4778 centia
2381 4733 2492 4790 tua,
2526 4740 2715 4781 eorum
2751 4727 3095 4794 recordetur,
3132 4745 3255 4799 qua
3280 4748 3310 4786 a
3349 4733 3513 4788 nobis
3542 4737 3596 4789 iu
3650 4738 3758 4792 Ec-

2171 4815 2339 4870 clesia
2366 4816 2566 4886 sapius
2592 4827 2722 4872 sunt
2766 4818 2935 4884 dicta,
2964 4829 3023 4874 ct
3063 4824 3484 4878 consensionem
3534 4827 3760 4897 dogma-

2175 4914 2290 4960 tum
2322 4918 2601 4978 agnoscat.
2650 4929 2668 4961 ι
2721 4910 2986 4965 Eamdem
3037 4929 3257 4984 quoque
3307 4932 3408 4985 per
3447 4917 3657 4988 legatos
3685 4919 3756 4973 ad

2170 5006 2425 5054 sanctum
2479 5000 2744 5065 Leonem.
2787 5003 2841 5058 id
2873 5011 2977 5068 cst,
3002 5005 3070 5058 ad
3115 5023 3435 5077 supremum
3485 5010 3753 5080 iudicem.

2169 5093 2330 5163 cujus
2360 5093 2604 5148 tribunal
2667 5095 3004 5164 appellabat,
3041 5098 3237 5154 iisdem
3289 5101 3622 5157 testimoniis
3650 5120 3755 5158 au—

2169 5193 2316 5240 ctam
2349 5186 2581 5250 remisit,
2611 5187 2765 5242 velut
2791 5189 3148 5246 ineluctabile
3195 5208 3377 5248 causa
3403 5210 3516 5250 sua
3548 5196 3756 5250 instru-

2169 5283 2420 5330 mentum
2477 5285 2929 5348 momentumquc
2973 5280 3380 5350 gravissimum.
3419 5282 3561 5348 Quid
3601 5284 3752 5337 enim

2167 5367 2450 5439 potentius
2471 5368 2802 5439 graviusque
2829 5370 3021 5426 afferat
3053 5373 3325 5444 quispiam
3350 5375 3417 5430 ad
3460 5389 3574 5431 sua
3623 5374 3752 5430 ﬁdei

1815 5571 2130 5628 SCHULle
2171 5569 2400 5627 ΝΟΤᾸΞ.

547 5731 786 5802 ’Inqm't.
833 5731 955 5787 Vid.
995 5741 1033 5786 t.
1093 5731 1182 5794 IV,
1211 5731 1370 5800 epist.
1424 5732 1544 5786 126.
1626 5733 1666 5762 ¹⁰
1692 5731 1800 5802 Ait.
1840 5729 2045 5802 Vidini.
2081 5753 2085 5778 ι

2187 5729 2320 5802 ςρίει,
2361 5729 2482 5785 1⁸55.
2565 5729 2603 5760 ¹¹
2641 5729 2724 5784 Ad
2751 5729 2972 5784 Timoth.
3019 5729 3139 5784 Vid.
3172 5729 3336 5800 epist.
3372 5731 3492 5786 151.
3536 5731 3576 5764 ¹¹
3607 5731 3751 5789 Eam

476 5807 633 5867 enim.
683 5812 787 5859 etc.
826 5803 1136 5873 Vid..epist.
1179 5803 1275 5858 ifh‘
1322 5811 1377 5858 et
1405 5802 1521 5856 I‘Zi.

1601 5803 1643 5834 ⁸³
1669 5801 1868 5870 Inquit.
1898 5800 2015 5856 Vid.
2057 5800 2217 5870 epist.
2262 5801 2380 5854 121.
