2040 3233
162 196 211 231 lii

750 199 930 229 HISTORIA
950 198 1203 228 TlIEODORETI.

1745 196 1795 228 M2

161 255 314 292 puritatem
343 255 524 291 probandam,
552 262 633 289 quam
662 256 871 282 consensionem
894 262 956 281 eum
973 259 991 284 Α
1008 262 1037 282 es
1053 262 1068 281 c
1095 255 1223 290 jusserat.
1247 254 1328 281 Suam
1356 259 1383 281 et
1402 254 1484 281 totius
1513 253 1641 281 Ecclesiae
1657 254 1796 281 catholicae

160 301 348 330 sanctissimis
360 300 583 335 doctissimisque
610 299 730 327 Orientis
746 300 956 334 Oceidentisque

159 348 304 380 Patribus,
319 347 422 382 quibus
437 347 513 374 velut
529 347 556 373 in
567 346 702 381 synodum
725 346 827 373 coactis
853 345 956 373 Christi

161 393 286 421 vicarius
297 392 465 428 praesideat?
479 391 546 425 Quis
561 399 575 418 a
594 392 730 419 catholica
744 392 859 419 veritate
879 391 958 418 abcr»

162 443 216 471 ret.
232 443 349 466 secutus
359 438 455 470 duces,
472 438 617 469 Hilarium,
632 437 823 469 Athanasium,
841 437 956 463 Ambro-

161 485 248 517 sium,
276 484 474 520 Augustinum,
499 483 736 519 Chrysostomum,
763 482 956 516 Theophilum,

162 529 382 561 Nalianzcnum,
399 529 543 559 Basiliam,
559 528 702 563 Cyrillum,
728 532 756 554 et
771 527 890 553 Leonem
905 527 958 553 Ma-

162 575 270 611 gnum?
284 575 346 602 Hoc
363 574 464 602 adduci
479 578 591 609 possent
619 573 762 607 Augustini
785 573 868 599 verba
895 580 957 599 eum

162 622 274 650 Iuliano
295 621 464 656 disputantis
483 620 503 635 "
520 628 526 646 :
545 630 553 645 ι
577 619 604 647 Si
617 628 650 646 ex
665 619 732 646 orbe
746 624 803 646 toto
817 619 959 653 episcopa—

163 666 199 693 lis
210 665 337 702 synodus
350 669 574 700 congregaretur,
592 665 704 695 mirum,
730 663 751 689 si
776 667 889 697 possunt.
904 663 959 689 illic

163 711 246 739 facile
258 711 356 738 sedere
369 715 408 738 tot
427 710 511 741 docti,
531 718 636 745 graves.
656 709 753 741 sancti,
782 709 958 742 veritatisque

166 757 297 786 acerrimi
315 756 488 784 defensores.
506 766 513 781 ι

204 802 298 831 XVIII.
309 803 363 830 Per
377 802 405 829 id
422 806 530 837 tempus
549 802 676 829 Historiae
689 802 883 828 ccclesiaslicrc
913 805 959 828 aut

170 849 375 884 componenda,
389 848 463 883 quod
493 848 579 883 magis
603 856 675 878 reor,
698 853 746 874 aut
760 849 854 874 saltem
871 847 960 874 absol-

167 895 265 923 venda:
276 902 307 922 se
321 894 408 922 dedit.
437 894 496 926 Illa,
521 898 551 920 ut
567 894 681 928 ipsemet
697 893 808 924 fatetur,
838 893 959 927 quinque

165 946 195 970 et.
206 945 321 968 centum
337 948 474 968 annorum
490 944 598 974 tempus
620 939 825 973 complectitur,
841 938 875 964 ab
900 938 957 964 Arii

165 985 280 1015 vesania
296 985 445 1021 incipiens,
463 985 647 1019 desinensque
673 983 700 1010 in
727 984 802 1010 obitu
821 982 958 1009 Theodori

164 1037 194 1059 et
209 1031 360 1063 Theodoti,
380 1031 433 1058 hoc
457 1035 509 1061 est,
523 1030 558 1057 ab
586 1038 659 1057 anno
682 1029 855 1056 Constantini
871 1029 958 1063 Magni

163 1077 277 1106 decimo
290 1077 421 1112 septimo,
434 1077 482 1111 qui
498 1076 599 1104 Christi
616 1076 678 1107 322,
697 1075 731 1101 ad
750 1075 896 1102 Theodosii
910 1075 960 1102 Ju.

164 1123 258 1151 nioris
269 1130 374 1150 annum
389 1121 564 1153 vicesimum,
583 1121 631 1155 qui
645 1120 748 1148 Christi
764 1120 825 1147 427.
840 1120 869 1146 ln
887 1120 960 1146 hunc

165 1169 295 1196 laborem
311 1167 442 1195 incubuit
455 1166 620 1201 Apamcensi
643 1165 809 1193 monasterio
826 1165 959 1195 inclusus,

164 1215 224 1243 sive
236 1219 270 1242 ut
283 1221 426 1242 atrumnas
443 1213 551 1240 falleret
564 1212 741 1239 contentione
765 1211 886 1243 mentis;
902 1211 959 1237 sive

165 1265 198 1288 ut
210 1260 374 1296 patientiam
386 1259 523 1286 solaretur
535 1264 693 1285 sanctorum
704 1257 738 1284 ab
755 1257 864 1284 Arianis
879 1264 960 1283 vexa-

165 1311 260 1334 wrum
276 1305 403 1340 exemplo
415 1313 422 1337 ;
439 1305 498 1331 sive
508 1308 537 1331 ut
554 1311 604 1331 suo
612 1304 723 1334 saeculo,
737 1303 878 1338 ingeniosa
892 1310 960 1337 qua-

165 1348 231 1376 dam
244 1349 387 1384 allegoria,
418 1348 553 1383 objiceret
569 1347 750 1382 praecedentis
769 1347 960 1377 imitationem,

165 1403 223 1430 quo
237 1395 336 1423 Ariani
349 1395 466 1430 grassati
479 1398 543 1421 sunt
556 1393 689 1421 adversus
708 1393 770 1420 ﬁdei
793 1393 960 1423 defensores,

167 1446 197 1468 et
208 1441 336 1469 sobolem
353 1444 532 1476 pepererunt,
554 1444 583 1467 ut
598 1440 649 1475 ipsi
677 1440 788 1474 quidem
805 1439 960 1471 videbatur,

170 1494 229 1522 quae
238 1486 317 1515 sanis
327 1486 504 1521 dogmatibus
517 1490 582 1513 tunc
598 1485 744 1512 obsisteret
761 1494 766 1510 :
778 1492 874 1511 verum
888 1492 919 1510 ea
929 1484 962 1511 de

169 1541 199 1562 re
213 1531 358 1568 copiosius
385 1532 412 1559 in
431 1531 592 1559 recensione
608 1530 740 1565 Operum,
766 1530 811 1557 ubi
828 1531 963 1563 allegoria:

167 1579 337 1615 mysterium
350 1578 502 1613 explicatur

440 1633 522 1669 139
537 1633 650 1661 CAPUT
663 1634 696 1661 Χ.

166 1681 189 1709 ι.
206 1681 332 1716 Legatioi
347 1680 500 1716 Theodoreti
515 1679 627 1716 Romani
646 1681 726 1716 venit.
756 1680 787 1707 ll.
805 1679 920 1707 Auditur
949 1690 964 1707 α

202 1714 300 1744 stricto
319 1715 403 1742 Leone
429 1715 455 1741 in
468 1714 577 1749 synodo.
593 1714 637 1741 lll.
661 1715 791 1742 Judicium
816 1723 847 1741 ea:
862 1716 966 1749 scriptis

202 1755 354 1778 exercetur.
386 1750 430 1777 IV.
448 1748 599 1785 Apostolica
627 1751 758 1777 sententia
791 1748 966 1777 Theodoram:

204 1785 365 1814 absolvitur.
379 1785 411 1813 ν.
421 1784 577 1821 Ετεμηοᾴο
602 1793 719 1821 summa
737 1785 853 1821 ponti/fex
868 1784 965 1819 legatos

199 1820 464 1855 Constantinopolim
482 1820 563 1847 mittit
581 1820 615 1846 ad
630 1821 795 1854 probandam
812 1820 929 1855 Anatolii
942 1826 965 1847 et

204 1857 325 1884 aliorum
339 1854 487 1890 ﬁdemLVl.
505 1855 632 1888 Deferunt
651 1854 731 1890 legati
750 1854 888 1890 epistolam
902 1864 966 1882 san—

205 1894 242 1919 cti
258 1889 352 1918 Leonis
373 1891 407 1917 ad
422 1889 588 1922 Flavianum,
602 1889 730 1924 tanquam
752 1889 893 1925 formulam
905 1891 966 1925 ﬁdei

205 1927 240 1954 ab
253 1926 375 1953 omnibus
389 1925 612 1952 subscribendum.
626 1925 681 1951 VII.
692 1925 866 1951 Tln'odoretus
875 1926 965 1953 Abun—

205 1963 252 1989 dio
269 1961 408 1997 legationis
426 1960 538 1995 principi
553 1959 649 1986 scribit.

504 2007 575 2030 Anno
586 2005 639 2030 450.

206 2059 229 2086 1.
243 2058 298 2091 Qui
311 2057 476 2093 legationem
491 2057 657 2084 Theodoreti
669 2057 793 2089 obibant,
809 2057 963 2087 Abramius,

169 2102 308 2138 Hypatius
319 2106 349 2130 et
363 2102 489 2138 Alypius,
504 2101 669 2129 immensum
685 2102 738 2128 iter
751 2102 865 2128 Romam
878 2110 965 2136 usque

167 2147 243 2183 Cyro
255 2147 374 2182 ingressi
388 2151 453 2174 sunt
464 2146 587 2174 terrestri
602 2147 645 2173 via
663 2155 669 2173 :
685 2154 739 2181 qua
762 2147 836 2174 enim
852 2146 904 2174 alia
915 2155 964 2181 po-

170 2192 292 2220 tuissent
319 2200 352 2220 ea
376 2197 549 2227 tempestate,
562 2192 631 2220 mari
654 2200 752 2227 nempe
776 2193 869 2219 clauso
883 2197 965 2227 atque

171 2239 335 2267 biemnte?
355 2238 488 2272 Quocirca
512 2246 566 2265 non
595 2238 726 2265 videntur
743 2242 806 2265 ante
842 2238 963 2265 Februa—

171 2284 246 2312 rium
257 2284 388 2312 atl‘ectum
403 2283 563 2319 pervenisse
576 2283 700 2310 Romam.
717 2282 824 2315 Quanta
836 2283 964 2317 benigni—

171 2335 229 2359 tate
236 2329 345 2365 excepti
358 2329 423 2361 sint,
434 2331 441 2338 '
454 2332 611 2363 quantaque
633 2328 726 2354 laetitia
742 2336 757 2354 a
774 2336 881 2354 summa
897 2336 965 2363 pon-

171 2376 256 2409 tifice,
276 2380 379 2411 quanta
395 2375 590 2410 episcoporum
613 2374 642 2401 in
656 2379 728 2402 cmtu
742 2374 840 2405 auditi,
863 2375 964 2408 quibus

171 2423 376 2454 instrumentis,
388 2421 524 2456 quibusve
551 2421 723 2455 patrociniis,
739 2426 767 2448 et
787 2429 842 2456 quo
863 2426 962 2448 eventu

170 2476 293 2500 causam,
303 2472 418 2503 propter
425 2475 507 2503 quam
519 2471 660 2498 venerant,
672 2466 782 2494 tandem
794 2468 964 2502 peregerinl:

170 2515 221 2542 etsi
235 2522 319 2542 nemo
331 2518 457 2541 veterum
478 2512 618 2540 mandavit
633 2512 783 2542 memoriae,
812 2513 966 2547 intelligere

171 2565 263 2587 tamen
274 2559 350 2591 licet,
364 2558 467 2594 partim
481 2566 515 2585 ex
528 2558 667 2593 adjunctis
681 2557 784 2592 negotii
808 2562 836 2585 et
851 2566 968 2585 consue-

170 2606 267 2634 tudine
279 2610 446 2640 temporum,
470 2603 572 2639 partim
586 2611 620 2631 ex
637 2604 705 2631 actis
726 2604 835 2630 concilii
852 2604 967 2631 Chalce-

168 2651 313 2682 donensis,
325 2651 371 2678 ubi
387 2654 452 2677 sunt
467 2657 552 2684 pauca
568 2649 680 2684 quidem
702 2649 735 2676 de
753 2657 783 2676 re
808 2650 901 2679 verba,
918 2650 965 2677 sed

168 2697 339 2732 amplissima
351 2701 444 2724 tamen
461 2701 602 2731 gestorum
622 2695 734 2722 indicia.

203 2744 412 2778 lteeognoverat
425 2741 587 2777 jamdudum
602 2745 715 2768 sanctus
729 2741 784 2769 Leo
798 2746 859 2768 acta
873 2741 965 2775 Ephe—

167 2788 221 2815 sini
236 2788 391 2818 latrocinii,
406 2794 496 2822 eaque
514 2794 643 2822 suprema
662 2794 710 2814 sua
727 2791 862 2821 potestate
888 2787 966 2814 irrita

1009 301 1230 327 communionem
1245 301 1374 328 omnibus
1387 309 1401 327 a
1412 301 1542 328 Dioscoro
1553 300 1726 327 anathemate
1735 309 1796 335 per-

1009 346 1096 373 cussis
1112 346 1268 381 impertitus
1287 351 1346 373 erat
1362 355 1367 372 :
1383 351 1466 380 utque
1481 354 1513 372 ea
1539 346 1644 372 firmius
1658 346 1797 373 constabi-

1009 391 1136 422 lirentur,
1149 396 1177 418 et
1189 391 1222 418 de
1242 392 1300 426 ipso
1317 391 1447 418 Dioscoro
1460 392 1610 419 solemnius
1625 392 1738 425 quzcstio
1747 391 1797 418 ha—

1011 439 1132 468 bcrctur,
1150 438 1266 472 petierat
1289 437 1322 463 ab
1336 437 1499 471 imperatore
1524 437 1690 469 Theodosio,
1714 437 1798 463 totius

1010 484 1085 510 orbis
1099 483 1245 510 concilium
1276 483 1301 508 in
1318 482 1393 509 italia
1422 482 1493 517 cogi,
1512 482 1555 509 cui
1571 486 1653 517 caput
1670 482 1798 509 Ecclesia:

1010 537 1058 563 per
1073 537 1101 555 se
1115 529 1284 562 pnesideret.
1312 529 1469 555 Frustratus
1493 536 1550 562 spe,
1576 536 1630 554 non
1664 528 1798 555 contraxit

1010 575 1149 608 animum;
1167 575 1213 601 sed
1230 575 1363 601 infractus
1379 574 1466 605 malis,
1482 574 1608 605 tentavit,
1622 575 1644 601 si
1661 582 1713 608 qua
1738 581 1799 608 pos-

1010 625 1052 647 set
1067 620 1118 650 via,
1142 620 1174 646 ad
1194 619 1310 646 oﬁieium
1332 619 1462 646 reducere
1480 620 1634 653 episcopos,
1651 620 1723 653 quia
1735 618 1799 646 Dio-

1010 673 1087 692 seoro
1100 674 1149 700 per
1160 666 1213 692 vim
1233 670 1253 700 ι)
1262 665 1457 700 rarmidcmque
1468 665 1573 691 seducti
1587 669 1675 691 erant.

1047 711 1077 737 ll.
1092 712 1161 738 Dum
1171 711 1197 738 in
1208 719 1241 738 eo
1252 715 1294 737 est
1310 711 1341 742 ’⁸,
1355 711 1505 737 adveniunt
1520 715 1674 744 opportune
1685 717 1699 735 a
1711 709 1801 735 Theo-

1010 757 1107 783 doreto
1122 756 1213 791 legati,
1232 756 1279 790 qui
1297 760 1442 787 testentur,
1460 756 1487 782 in
1498 754 1610 782 Oriente
1631 763 1716 789 usque.
1732 755 1801 781 adeo

1011 801 1127 833 turbari,
1155 806 1185 827 ut
1203 801 1265 828 ﬁdei
1298 808 1342 828 res
1357 809 1411 827 non
1425 805 1517 835 posset
1535 800 1648 828 aliunde
1665 808 1746 834 quam
1766 801 1800 827 ab

1011 846 1157 873 Occidente
1174 846 1281 873 restitui
1297 855 1303 872 :
1320 847 1364 873 vix
1380 854 1524 880 superesse
1540 846 1663 873 veritatis
1682 854 1800 881 evange-

1014 892 1074 919 licae
1093 892 1250 924 scintillam,
1263 901 1312 919 nec
1327 900 1405 927 posse
1417 893 1581 919 exstinctum
1593 893 1685 927 jubar,
1703 892 1754 919 nisi
1767 892 1801 919 de

1015 936 1143 963 Romamn
1163 937 1290 964 Ecclesia:
1303 937 1416 968 lumine,
1432 937 1545 964 accendi
1560 946 1565 963 :
1591 937 1730 972 implorari
1757 945 1801 964 sc—

1015 982 1056 1008 dis
1078 982 1233 1016 apostolicic
1257 983 1385 1014 tribunal,
1407 986 1535 1017 tanquam
1562 983 1673 1010 unicum
1699 987 1802 1009 vexatae

1014 1028 1123 1062 pietatis
1137 1028 1289 1062 perfugium
1312 1038 1318 1055 :
1341 1036 1408 1063 opus
1429 1036 1488 1056 esse
1508 1029 1633 1061 concilio,
1648 1029 1802 1064 cujusmodi

1015 1073 1069 1101 Leo
1086 1075 1198 1101 haberet
1218 1075 1244 1101 in
1261 1075 1331 1102 votis
1350 1084 1355 1100 :
1377 1075 1514 1102 vocandas
1542 1075 1637 1102 saltem
1654 1075 1802 1109 apostolica

1015 1121 1177 1148 auctoritate
1190 1122 1222 1148 ad
1244 1122 1378 1156 judicium
1404 1121 1540 1153 homines,
1564 1130 1634 1156 quos
1649 1129 1711 1148 reos
1738 1129 1802 1156 syn-

1015 1167 1085 1194 odus
1101 1172 1210 1194 centum
1223 1173 1250 1194 et
1267 1167 1377 1202 triginta
1398 1168 1589 1202 episcoporum
1601 1175 1650 1201 per
1676 1167 1803 1202 injuriam

1015 1213 1129 1240 dixisset
1147 1222 1152 1239 :
1169 1217 1250 1247 atque
1262 1213 1370 1240 interim
1385 1212 1568 1239 exercendum
1582 1212 1616 1239 de
1630 1211 1804 1238 Theodoreto

1013 1259 1157 1294 judicium,
1179 1259 1224 1293 qui
1250 1266 1311 1285 cum
1325 1258 1498 1292 imperatoris
1512 1258 1635 1292 jussione
1660 1260 1800 1284 vetaretur

1015 1304 1108 1339 egredi
1123 1304 1211 1330 exsilii
1234 1303 1305 1334 loco,
1326 1302 1439 1330 sistebat
1466 1310 1494 1329 se
1513 1306 1601 1329 tamen
1616 1310 1666 1336 per
1688 1302 1801 1337 legatos,

1016 1353 1126 1384 paratus
1140 1349 1258 1383 experiri
1271 1348 1346 1383 gravi
1358 1348 1472 1382 judicio,
1491 1347 1605 1382 ipsoque
1617 1347 1716 1381 capitis
1730 1347 1804 1381 peri—

1016 1394 1078 1420 culo
1091 1394 1274 1421 innocentiam
1294 1393 1421 1428 probare.

1049 1450 1121 1477 Nihil
1141 1450 1191 1477 fuit
1216 1451 1266 1476 hae.
1300 1450 1443 1477 occasione
1460 1449 1620 1484 optabilius,
1646 1450 1724 1484 190
1735 1449 1804 1476 nihil

1017 1494 1218 1529 opportunius:
1239 1502 1324 1528 quare
1345 1502 1398 1521 non
1422 1493 1529 1527 excepti
1554 1497 1658 1520 tantum
1688 1494 1804 1528 benigne

1017 1540 1109 1575 legati,
1123 1540 1194 1574 quod
1203 1540 1380 1567 humanitatis
1394 1539 1454 1570 fuit,
1470 1538 1517 1565 sed
1539 1539 1621 1565 etiam
1633 1538 1717 1565 auditi
1730 1544 1803 1569 sunt,

978 1599 999 1628 ε
1017 1586 1090 1620 quod
1102 1586 1225 1622 justitize,
1241 1591 1268 1613 et
1284 1586 1395 1620 quidem
1422 1586 1448 1611 in
1468 1585 1595 1616 concilio,
1621 1585 1693 1619 quod
1710 1585 1804 1611 moris.

1017 1631 1156 1666 Agebatur
1166 1631 1240 1658 enim
1259 1639 1312 1658 una
1325 1631 1358 1657 de
1374 1629 1524 1663 majoribus
1534 1629 1634 1660 causis,
1650 1628 1804 1663 cujusmodi

1016 1678 1090 1704 nuda
1106 1677 1312 1711 disceptabatur
1323 1684 1355 1703 ea
1370 1680 1459 1706 a:late,
1488 1675 1530 1701 vel
1546 1675 1581 1701 ab
1608 1674 1675 1708 ipsis
1692 1674 1806 1701 summis

1017 1723 1202 1757 pontiﬁcibus,
1222 1722 1275 1749 nisi
1287 1723 1313 1748 in
1336 1722 1528 1756 episcoporum
1547 1724 1693 1747 conventu.
1711 1719 1806 1746 Fuisse

1017 1776 1083 1795 vero
1095 1776 1205 1796 causam
1230 1768 1301 1795 hanc
1316 1768 1387 1794 inter
1398 1767 1525 1801 majores,
1540 1766 1582 1792 vel
1599 1773 1631 1792 ex
1643 1773 1676 1792 co
1689 1765 1806 1793 maxime

1016 1819 1142 1849 apertum
1155 1819 1206 1846 est,
1224 1814 1298 1848 quod
1319 1813 1353 1841 de
1377 1813 1430 1840 ﬁde
1446 1812 1566 1847 episcopi
1584 1811 1805 1842 nominatissimi,

1016 1861 1133 1895 depositi
1148 1869 1162 1888 a
1174 1860 1287 1895 synodo,
1319 1860 1345 1886 in
1360 1867 1413 1894 qua
1427 1859 1537 1886 fuerant
1552 1866 1647 1885 omnes
1664 1858 1746 1885 totius
1758 1866 1805 1884 or-

1017 1906 1059 1933 bis
1077 1906 1249 1941 patriarchm,
1262 1905 1376 1940 qtneslio
1389 1904 1546 1931 haberetur.

1052 1964 1096 1990 Iit.
1111 1963 1204 1998 Legati
1226 1966 1325 1997 praeter
1340 1962 1496 1989 communia
1526 1961 1649 1996 quaedam
1676 1961 1806 1988 adversus

1018 2009 1139 2036 Dioscuri
1160 2007 1333 2035 latrocinium
1363 2011 1535 2042 argumenta,
1548 2007 1659 2041 propria
1675 2007 1733 2033 haec
1755 2006 1807 2032 tria

1017 2055 1050 2081 ad
1069 2054 1150 2081 ﬁdem
1164 2053 1330 2081 Theodoreti
1343 2053 1554 2084 defendendam,
1570 2060 1631 2086 qua:
1648 2052 1725 2086 prius
1748 2052 1806 2086 ipse

1017 2100 1126 2131 litteris,
1139 2103 1325 2134 exposuerunt
1337 2106 1414 2125 voce.
1428 2097 1560 2129 Primum,
1577 2097 1650 2131 quod
1662 2097 1805 2132 epistolam

1017 2145 1102 2172 sancti
1115 2144 1213 2172 Leonis
1233 2152 1286 2171 non
1303 2143 1504 2177 subscriptione
1521 2147 1624 2169 tantum
1641 2142 1805 2177 recepisset,

1017 2192 1063 2219 sed
1079 2193 1172 2223 etiam,
1186 2191 1286 2218 additis
1303 2192 1413 2218 Patrum
1428 2198 1462 2217 ex
1481 2190 1548 2217 Orbe
1560 2194 1618 2217 toto
1633 2189 1806 2217 laudatorum

1019 2238 1195 2268 testimoniis,
1211 2236 1396 2271 recipiendam
1410 2236 1444 2263 ab
1463 2236 1592 2263 omnibus
1603 2236 1743 2262 suasisset.
1761 2235 1806 2262 Sic

983 2281 1004 2308 Ι)
1017 2284 1090 2311 enim
1105 2288 1132 2310 et
1146 2291 1174 2311 se
1192 2283 1327 2310 catholice
1340 2282 1442 2309 sentire
1460 2282 1676 2313 demonstrabat,
1702 2285 1729 2308 et
1746 2282 1807 2308 aliis

1019 2334 1100 2357 rectae
1109 2334 1136 2356 et
1156 2329 1317 2356 indubitatae
1333 2328 1395 2355 ﬁdei
1409 2332 1511 2355 certam
1527 2329 1647 2363 regulam
1668 2336 1806 2363 propone—

1018 2376 1073 2403 bat.
1090 2376 1160 2408 Quid
1173 2376 1246 2403 enim
1262 2375 1426 2402 catholicum
1441 2375 1536 2410 magis,
1555 2380 1603 2402 aut
1617 2375 1682 2409 quid
1705 2375 1732 2401 in
1755 2374 1806 2401 ﬁde

1018 2423 1132 2454 certius,
1150 2431 1231 2457 quam
1244 2423 1388 2457 utriusque
1404 2422 1533 2449 Ecclesize
1542 2422 1689 2457 magistris,
1700 2423 1806 2458 ipsique

1018 2468 1093 2494 orbis
1124 2468 1205 2495 totius
1228 2468 1334 2495 doctori
1354 2476 1461 2495 sutnmo
1493 2468 1616 2503 pontiﬁci
1632 2470 1807 2497 consentire?

1017 2514 1185 2545 Secundum,
1209 2519 1238 2540 ut
1255 2514 1460 2541 Theodoretum
1490 2518 1649 2542 constanter
1677 2523 1735 2542 :evo
1749 2519 1806 2542 toto

1017 2559 1126 2587 veritati
1139 2560 1298 2595 dogmatum
1312 2561 1471 2592 adhtesisse,
1488 2564 1517 2587 et
1545 2568 1600 2587 non
1614 2564 1719 2587 tantum
1744 2566 1807 2594 post

1017 2605 1274 2632 condemnationem
1304 2605 1453 2640 resipuisse
1475 2605 1664 2636 ostenderent,
1682 2605 1805 2640 protule-

1017 2655 1083 2676 runt
1102 2657 1134 2677 ex
1148 2650 1227 2677 libris
1237 2655 1300 2676 ante
1312 2650 1458 2677 duodecim
1472 2649 1616 2676 minimum
1629 2656 1715 2676 annos
1723 2649 1806 2677 editis

1016 2696 1091 2722 locos
1107 2696 1214 2730 plures,
1228 2695 1331 2729 quibus
1346 2694 1497 2722 orthodoxa
1511 2694 1577 2722 ﬁdes
1600 2694 1633 2721 de
1647 2694 1754 2722 duabus
1778 2695 1806 2723 in
1846 2717 1852 2722 .

1014 2740 1126 2768 Christo
1140 2740 1247 2768 naturis
1260 2738 1398 2768 indivulse
1407 2739 1511 2775 junctis
1533 2738 1671 2767 contineri
1699 2739 1808 2767 videre-

1017 2791 1072 2814 tur.
1093 2785 1230 2818 Tertium,
1254 2785 1281 2812 id
1307 2784 1545 2820 ampliﬁcaverunt
1567 2783 1696 2816 dicendo,
1731 2783 1806 2820 quod

823 2861 984 2890 SCllULle
1001 2861 1118 2890 NOTAE.

203 2924 227 2939 "‘
239 2922 347 2959 Disput.
367 2922 430 2949 Lib.
455 2928 474 2948 ιι
499 2921 609 2948 Advers.
624 2920 693 2953 Jul.,
713 2928 773 2956 eap.
788 2921 830 2949 10.

872 2922 893 2938 η
907 2922 969 2951 Vid.
988 2922 1070 2958 epist
1089 2920 1229 2959 “5,116,
1249 2918 1300 2947 tn
1314 2922 1340 2947 et
1353 2919 1414 2948 us.
