4080 6482
487 395 591 461 i-ifl

1611 387 1986 449 GARN‘ERI-l
2026 387 2523 446 DISSERTATIO
2568 385 2617 446 1.

3642 386 3734 450 Hi

487 517 869 571 Theodoretus
903 513 1190 580 scripserat
1229 510 1280 562 in
1310 509 1510 562 litteris
1541 507 1606 560 ad
1641 519 1890 561 sanctum
1932 505 2065 558 Leo-
2099 508 2136 562 Λ
2170 505 2366 557 morati
2414 503 2744 558 sanctissimi
2801 503 3198 572 archiepiscOpi
3253 502 3451 558 Leonis
3496 503 3738 558 subscri-

488 622 634 668 nem,
681 614 944 674 quantum
1011 601 1066 654 in
1095 616 1224 670 agro
1271 600 1556 653 Dominico
1593 599 1698 652 sibi
1761 597 2055 652 commisso

489 699 805 756 laborasset,
831 706 1065 762 eumque
1090 707 1198 744 non
1228 692 1428 744 sudore
1453 698 1684 753 tantum,
1725 689 1820 742 sed
1889 688 2054 741 etiam

488 787 748 854 sanguine
777 781 1322 852 irrigasset;quoties
1344 781 1412 834 ab
1440 781 1712 835 haereticis
1766 778 2055 849 lapidatio-

487 891 610 928 nem
635 889 827 943 passus
856 882 1038 937 esset;
1073 873 1289 942 quoties
1316 871 1381 925 ad
1413 887 1603 926 necem
1639 871 1921 940 quasitus,
1953 884 2056 923 nec

487 966 588 1020 nisi
621 964 885 1018 miraculo
913 962 1253 1028 subductus;
1274 964 1491 1032 quoties
1513 962 1580 1016 de
1601 961 1900 1031 conjuratis
1929 975 2054 1014 cum

489 1057 777 1122 impiorum
805 1062 1023 1107 caterva
1053 1052 1414 1116 daemonibus,
1451 1053 1633 1106 divina
1664 1067 1787 1120 ope,
1837 1060 2056 1104 sancto-

487 1161 718 1213 rumque
748 1144 1005 1214 precibus
1024 1144 1200 1197 victor
1223 1143 1559 1207 exstitisset;
1604 1151 1737 1212 quot
1788 1139 2058 1212 myriadas

486 1238 770 1290 hominum
821 1237 890 1290 ab
945 1251 1134 1290 errore
1191 1236 1257 1289 ad
1325 1235 1612 1290 veritatem
1674 1234 1980 1288 reduxisset
2041 1249 2053 1284 :

485 1335 688 1396 quanta
715 1327 976 1395 denique,
1008 1341 1282 1395 quamque
1309 1325 1427 1380 dira
1458 1324 1528 1380 ab
1576 1322 2057 1393 impugnatoribus

486 1421 717 1474 duarum
746 1429 1065 1474 naturarum
1090 1420 1404 1483 tolerasset;
1443 1425 1499 1472 et
1540 1418 1840 1487 prasertim
1876 1431 1904 1468 a
1932 1414 2050 1469 Dio-

486 1529 666 1577 scoro,
691 1529 853 1583 quem
890 1525 1235 1566 communem
1266 1524 1390 1562 cum
1425 1518 1614 1563 sancto
1639 1508 1819 1562 Leone
1844 1507 2056 1559 hostem

485 1603 852 1672 experiretur,
884 1612 944 1655 ut
976 1599 1070 1669 qui
1097 1599 1382 1666 depositus
1405 1598 1599 1653 fuisset
1640 1597 1710 1651 ab
1753 1613 1839 1659 eo,
1870 1611 1899 1648 a
1949 1609 2060 1662 quo

486 1696 680 1766 prima
730 1694 875 1750 sedis
930 1693 1179 1755 antistes,
1232 1707 1480 1748 summus
1532 1689 1808 1761 pontifex,
1851 1686 2058 1742 Christi

486 1789 741 1851 vicarius,
785 1793 949 1857 caput
975 1785 1252 1849 Ecclesia,
1293 1782 1625 1838 anathemati
1668 1781 1948 1851 subjectus
1968 1797 2058 1835 es-

487 1887 588 1932 set.

555 1967 680 2024 Hac
715 1979 769 2022 et
812 1969 913 2022 alia
967 1984 1092 2023 cum
1143 1966 1460 2020 dicerentur
1531 1980 1560 2018 a
1593 1964 1727 2018 viris
1767 1963 2056 2016 sanctitate

485 2061 818 2129 conspicuis,
844 2061 910 2114 de
957 2075 1107 2121 sene,
1144 2058 1237 2127 qui
1277 2057 1346 2111 ab
1379 2055 1605 2110 infantia
1643 2053 1933 2109 asceticatn
1980 2051 2061 2105 vi-

486 2163 594 2206 tam
623 2152 932 2205 admirabili
984 2149 1245 2219 religione
1269 2155 1494 2218 egerat;
1531 2147 1599 2201 de
1645 2145 1924 2214 episcopo,
1964 2141 2056 2210 qui

485 2247 624 2301 bene
655 2245 873 2314 triginta
897 2257 1070 2297 annos
1100 2240 1442 2309 octingentas
1469 2235 2058 2308 paraciasindefessus

487 2341 731 2397 rexerat;
791 2332 858 2386 de
900 2330 1016 2383 viro
1071 2329 1244 2383 totius
1297 2327 1540 2382 Orientis
1564 2325 1903 2387 doctissimo,
1961 2324 2056 2393 qui

483 2426 692 2492 ejectus
707 2422 774 2476 de
801 2421 953 2484 sede,
985 2420 1052 2474 de
1080 2418 1304 2473 civitate
1320 2417 1534 2487 pulsus,
1565 2416 1895 2471 interdictus
1915 2429 2056 2484 aqua

483 2523 539 2569 et
573 2514 717 2582 igne.
753 2520 975 2565 coactus
1001 2510 1178 2564 fuerat
1205 2517 1359 2563 extra
1388 2507 1724 2576 provinciam
1753 2506 1820 2560 ad
1871 2520 2056 2558 mona-

482 2599 710 2653 sterium
743 2597 952 2665 fugere,
981 2598 1038 2650 in
1084 2610 1263 2664 eoque
1302 2595 1570 2664 spoliatus
1595 2595 1755 2648 bonis
1787 2594 2059 2663 patienter

485 2689 656 2741 latere
699 2700 713 2738 :
772 2685 906 2742 hac.
963 2686 1210 2753 inquam,
1261 2698 1384 2738 cum
1417 2683 1737 2737 dicerentur
1787 2700 1816 2737 a
1854 2683 2059 2740 sanctis

485 2775 730 2828 omnium
776 2775 1034 2836 consciis,
1085 2775 1452 2829 audiebantur
1505 2775 1794 2845 propensis
1835 2777 2054 2842 animis,

483 2883 622 2937 quos
653 2867 1003 2937 impellebant
1037 2869 1203 2924 etiam
1231 2868 1574 2924 auctoritatis
1636 2883 1746 2923 sua
1779 2877 2057 2924 momento

485 2959 684 3012 oculati
719 2959 828 3013 duo
865 2969 1050 3023 testes,
1091 2961 1335 3014 Renatus
1366 2960 1653 3030 presbyter
1689 2960 1841 3029 191
1867 2969 1923 3015 et
1960 2961 2056 3015 Hi-

485 3046 633 3101 larus
695 3046 1151 3111 archidiaconus,
1217 3056 1448 3116 uterque
1515 3046 1662 3100 sedis
1743 3049 2058 3116 apostolica

485 3139 710 3207 legatus,
755 3147 985 3209 uterque
1024 3156 1053 3194 a
1081 3138 1429 3194 Theodoreto
1450 3147 1464 3159 ‘
1490 3139 1828 3208 supplicibus
1860 3141 2058 3197 litteris

484 3233 856 3300 compellatus.

554 3345 640 3398 IV.
683 3346 759 3398 Re
790 3344 1091 3414 disceptata
1128 3346 1371 3414 pontifex
1404 3347 1720 3417 judicialem
1758 3349 1800 3380 "
1839 3357 2059 3404 senten-

486 3436 616 3489 tiam
641 3435 784 3498 tulit,
820 3451 926 3504 qua
961 3435 1258 3490 declaravit
1287 3437 1693 3492 Theodoretum
1737 3439 1916 3509 primo
1969 3439 2056 3493 in-

481 3527 626 3592 juste
663 3526 1004 3596 iudicatum;
1068 3526 1269 3582 deinde
1329 3545 1608 3598 nunquam
1657 3530 2060 3584 communionis

486 3617 798 3685 apostolica
852 3616 1018 3671 fuisse
1074 3627 1382 3684 exsortem;
1461 3619 1701 3689 denique
1763 3620 2059 3674 restituen-

486 3711 616 3762 dum
653 3709 706 3762 in
750 3709 958 3773 sedem,
999 3725 1065 3764 ex
1089 3726 1196 3780 qua
1231 3726 1328 3781 per
1385 3711 1644 3782 iniuriam
1674 3711 1936 3782 expulsus
1967 3727 2057 3766 es-

487 3807 588 3852 set.

556 3910 852 3967 Sententia
876 3911 1038 3981 hujus
1066 3912 1310 3984 locuples
1335 3913 1732 3978 testimonium,
1783 3914 2059 3970 indubita-

488 4016 711 4072 tumque
744 4012 1157 4060 monumentum
1196 4005 1250 4058 in
1291 4005 1443 4059 Actis
1474 4005 1694 4059 concilii
1752 4005 2058 4062 Chalcedo-

486 4095 672 4150 nensis
703 4097 1018 4152 continetur
1043 4097 1103 4153 ".
1129 4097 1264 4154 Nam
1292 4113 1417 4153 cum
1449 4097 1652 4152 actioni
1679 4099 1868 4167 prima
1899 4099 2059 4154 dare-

487 4192 576 4238 tur
601 4184 840 4252 initium,
867 4187 1080 4257 judiees
1095 4189 1164 4242 ab
1191 4189 1522 4258 imperatore
1560 4189 2056 4250 constitutifl‘heo—

484 4271 736 4326 doretum
773 4273 1047 4331 introduci
1095 4277 1400 4346 jusserunt.
1455 4297 1473 4329 ε
1519 4278 1656 4344 Quia
1707 4280 1951 4335 restituit
1977 4281 2077 4346 ei,

485 4362 760 4426 dicebant,
797 4364 1170 4435 episcopatum
1194 4366 1572 4424 sanctissimus
1612 4368 2057 4437 archiepiscopus

485 4451 614 4507 Leo.
651 4474 668 4504 υ
701 4454 769 4509 Et
797 4464 986 4524 postea
1015 4473 1027 4509 :
1060 4475 1077 4507 ι
1110 4456 1512 4521 Theodoretus,
1545 4459 1636 4528 qui
1664 4459 1947 4528 proprium
1970 4459 2054 4512 lo-

483 4559 607 4597 cum
632 4545 838 4615 recepit
872 4561 903 4599 a
954 4546 1298 4603 sanctissimo
1336 4549 1594 4618 episcopo
1641 4550 1854 4618 inclyta
1904 4550 2057 4604 urbis
2090 4533 2132 4586 Ῑ)

485 4633 690 4699 Roma,
737 4653 755 4686 ο
775 4642 883 4691 etc.
913 4635 1050 4690 Cum
1083 4647 1306 4692 ventum
1335 4647 1481 4693 esset
1511 4637 1578 4693 ad
1608 4641 1878 4694 actionem
1904 4648 2052 4693 octa-

484 4741 625 4782 vam.
659 4725 842 4796 inqua
865 4726 1194 4782 Theodoreti
1225 4745 1388 4784 causa
1419 4730 1697 4784 tractanda
1731 4739 1873 4793 erat,
1905 4745 2060 4782 cum-

483 4832 588 4884 (lue
619 4817 734 4886 ipse
795 4819 1046 4872 Nestorio
1094 4821 1386 4874 anathema
1432 4820 1680 4883 dixisset,
1742 4820 2057 4874 interlocuti

483 4917 610 4962 sunt
631 4910 673 4939 ι·
696 4909 910 4978 judices
937 4911 990 4963 in
1021 4911 1133 4965 hac
1164 4913 1329 4966 verba
1373 4929 1385 4964 :
1429 4931 1446 4962 ι
1479 4911 1671 4967 Omnis
1713 4912 1816 4978 iam
1844 4910 2062 4965 dubita-

486 4995 560 5050 tio
587 4997 652 5051 de
689 4998 1035 5053 Theodoreto
1059 5000 1238 5054 soluta
1273 5011 1357 5055 est
1385 5020 1395 5053 :
1421 5003 1624 5072 quippe
1645 5007 1702 5055 et
1743 5001 2058 5056 Nestorium

483 5103 668 5145 coram
722 5088 880 5142 vobis
904 5089 1407 5156 anathematizavit,
1439 5102 1495 5147 et
1517 5109 1547 5146 a
1595 5092 1942 5148 sanctissimo
1970 5109 2060 5147 ar-

483 5175 833 5246 chiepiscopo
863 5177 1097 5232 senioris
1121 5179 1273 5236 urbis
1301 5182 1486 5243 Roma
1546 5182 1730 5237 Leone
1768 5192 2060 5254 susceptus

483 5275 588 5330 est,
607 5276 662 5321 et
691 5267 1067 5322 definitionem
1099 5270 1224 5326 ﬁdei
1253 5287 1285 5328 a
1323 5272 1678 5343 religiositate
1722 5285 1902 5332 vestra
1926 5290 2057 5345 pro-

483 5356 647 5414 latam
687 5359 922 5413 libenter
957 5363 1216 5433 suscepit,
1266 5373 1324 5422 οι
1354 5364 1580 5436 insuper
1632 5365 1881 5436 epistola
1936 5382 2055 5423 me-

2158 594 2292 662 psit.
2322 595 2512 648 Restat
2540 604 2600 648 ut
2623 594 2895 647 sententia
2931 594 3241 663 proferatur
3264 610 3293 648 a
3321 596 3628 650 reverentia
3650 610 3740 649 ve-

2157 692 2293 747 stra,
2326 693 2386 736 ut
2411 685 2709 738 Ecclesiam
2739 699 2894 737 suam
2931 683 3180 752 recipiat,
3209 684 3426 738 sicutet
3457 685 3737 738 sanctissi-

2159 791 2282 828 mus
2302 776 2412 829 Leo
2437 776 2886 845 archiepiscopus
2898 776 3169 844 judicavit
3198 776 3295 828 ιο.»

2228 866 2710 921 Interlocutionem
2764 865 2980 935 excepit
3039 866 3401 920 conclamatio
3457 867 3740 935 episcopo-

2159 974 2323 1011 rum:
2363 976 2380 1008 ι
2416 957 2798 1011 Theodoretus
2845 957 3045 1025 dignus
3063 967 3150 1011 est
3177 957 3328 1023 sede,
3379 959 3565 1012 divine
3628 959 3738 1011 Leo

2157 1046 2545 1118 judicavit‘h
2593 1047 2730 1100 Tum
2787 1047 2934 1100 sedis
2977 1048 3502 1117 apostolicalegati:
3534 1049 3743 1102 cTheo-

2157 1139 2410 1192 doretum
2461 1137 2837 1192 sanctissimus
2892 1138 3161 1192 universa
3214 1138 3474 1193 Ecclesia
3521 1141 3738 1208 episco-

2157 1245 2264 1300 pus
2317 1229 2428 1283 Leo
2474 1229 2682 1283 dudum
2729 1229 2782 1282 in
2824 1229 3268 1283 communionem
3319 1231 3563 1299 recepit,
3599 1231 3740 1285 sicut

2157 1321 2357 1376 littera
2391 1320 2460 1375 ab
2482 1335 2549 1374 eo
2575 1320 2642 1374 ad
2676 1319 3043 1373 humilitatem
3115 1329 3357 1375 nostram
3398 1321 3622 1377 directa:
3656 1334 3740 1378 te-

2158 1422 2396 1467 stantur.
2424 1412 2479 1466 Si
2512 1412 2678 1480 igitur
2708 1411 2867 1465 fidem
2899 1411 3247 1470 catholicam.
3280 1412 3423 1466 sicut
3443 1415 3732 1483 promittit,

2157 1515 2213 1559 et
2247 1503 2548 1558 secundum
2607 1503 2828 1556 beatum
2877 1503 3200 1572 episcopum
3271 1504 3738 1576 subscriptionem

2161 1593 2214 1646 in
2248 1592 2470 1660 proprio
2500 1591 2687 1644 libello
2716 1590 2939 1655 direxit,
2973 1601 3030 1645 et
3059 1599 3260 1646 nostra
3300 1593 3527 1662 insuper
3553 1594 3740 1650 humi-

2163 1683 2306 1736 litati
2338 1683 2446 1736 alio
2474 1683 2603 1736 dato
2629 1682 2818 1736 libello
2846 1683 3172 1738 monstravit
3193 1685 3238 1714 ²¹
3274 1702 3286 1737 :
3322 1705 3338 1734 ι
3362 1694 3468 1739 etc.
3498 1685 3572 1740 Ita
3608 1702 3740 1741 sane

2161 1784 2319 1828 vetus
2347 1773 2619 1842 interpres
2653 1773 2906 1828 Julianus
2934 1774 3163 1829 Coensis
3195 1776 3379 1830 verbis
3433 1778 3742 1848 simplicius

2093 1858 2132 1915 Β
2164 1862 2468 1927 inhaerens;
2516 1865 2678 1932 paulo
2735 1865 2934 1919 melius
2984 1865 3099 1930 alii,
3134 1875 3194 1918 ut
3253 1867 3492 1921 Venetus
3533 1869 3737 1929 editor,

2159 1952 2432 2017 Crabbus,
2464 1964 2609 2008 etc.:
2649 1974 2665 2004 ‹
2698 1957 2834 2008 Cum
2871 1956 3038 2026 igitur
3069 1957 3394 2012 catholicam
3423 1957 3583 2014 fidem
3609 1975 3740 2030 pro-

2161 2047 2364 2110 mittat,
2399 2046 2543 2101 sicut
2583 2054 2641 2102 et
2665 2049 2971 2103 secundum
3010 2049 3330 2119 pradictum
3367 2051 3584 2106 beatum
3626 2054 3745 2122 epi-

2160 2152 2385 2206 scopum
2414 2137 2467 2190 in
2491 2139 2716 2208 proprio
2741 2139 2926 2194 libello
2953 2141 3411 2210 subscriptionem
3431 2141 3652 2206 direxit,
3686 2152 3744 2200 et

2162 2231 2386 2299 insuper
2410 2229 2540 2283 dato
2571 2229 2867 2284 humilitati
2913 2241 3116 2286 nostra
3155 2233 3263 2286 alio
3314 2233 3503 2288 libello
3563 2235 3741 2287 mani-

2159 2321 2357 2376 festum
2407 2321 2560 2386 fecit,
2624 2338 2860 2390 cumque
2895 2324 3149 2378 Nestorio
3206 2334 3261 2379 et
3317 2327 3574 2398 Eutychi,
3630 2343 3741 2382 non

2160 2420 2373 2468 tantum
2405 2415 2634 2484 scripto,
2665 2415 2760 2469 sed
2787 2415 2951 2469 etiam
2978 2430 3074 2471 ore
3113 2419 3358 2487 proprio,
3403 2434 3585 2472 coram
3628 2427 3744 2473 toto

2159 2517 2444 2566 consessu,
2480 2504 2772 2558 anathema
2805 2504 3026 2569 dixerit,
3077 2531 3091 2556 ο
3123 2515 3230 2560 etc.
3263 2505 3538 2560 Judicimn
3577 2507 3745 2577 igitur

2158 2591 2227 2646 de
2252 2592 2602 2648 Theodoreto
2635 2609 2665 2648 a
2701 2605 2889 2650 sancto
2913 2595 3095 2649 Leone
3125 2596 3428 2650 exercitum
3466 2603 3572 2653 est.
3631 2611 3742 2650 non

2152 2681 2278 2753 jure
2308 2690 2544 2747 tantum,
2579 2694 2806 2753 propter
2840 2685 3198 2754 apostolicam
3231 2693 3556 2754 potestatem
3577 2724 3592 2748 ,
3643 2683 3743 2738 sed

2157 2774 2322 2828 etiam
2360 2775 2416 2828 in
2445 2773 2674 2846 synodo,
2710 2775 3014 2829 secundum
3050 2791 3277 2830 morem.

2233 2885 2390 2955 192
2441 2885 2745 2941 Obscurum
2816 2897 2998 2942 tamen
3047 2898 3152 2952 est,
3196 2889 3505 2961 cujusmodi
3570 2888 3744 2945 fuerit

2163 2976 2353 3032 isthac
2385 2978 2646 3048 synodus,
2701 2990 2886 3033 utrum
2925 2980 3202 3034 ordinaria
3229 2997 3349 3050 qua
3382 2980 3468 3035 bis
3514 2981 3568 3034 in
3598 2997 3746 3035 anno

2162 3068 2490 3132 habebatur,
2547 3085 2616 3122 an
2643 3069 3104 3133 extraordinaria,
3147 3072 3338 3138 quales
3380 3087 3480 3141 pro
3515 3087 3572 3125 ne
3613 3081 3744 3125 nata

2083 3201 2126 3256 Ο
2161 3161 2347 3229 plures
2407 3175 2476 3213 ex
2511 3159 2808 3228 episcopis,
2856 3161 2948 3229 qui
2995 3168 3124 3214 tunc
3162 3161 3412 3224 aderant,
3476 3161 3744 3231 urbisque

2159 3251 2306 3304 clero
2335 3249 2692 3319 cogebantur.
2748 3249 3259 3306 Extraordinariam
3307 3252 3508 3318 credo;
3562 3267 3743 3322 neque

2157 3339 2306 3394 enim
2337 3339 2525 3394 habita
2578 3347 2662 3394 est
2713 3342 2993 3396 consuetis
3037 3343 3380 3413 temporibus
3415 3363 3427 3397 :
3467 3347 3560 3413 qui
3591 3345 3742 3399 enim

2157 3431 2430 3499 potuisset
2462 3438 2586 3485 ante
2625 3429 3131 3499 Quadragesimam,
3165 3435 3359 3505 legatis
3407 3434 3743 3488 Theodoreti

2158 3529 2292 3575 tunc
2313 3520 2555 3575 nondum
2583 3522 2849 3590 appulsis?
2877 3525 2970 3591 qui
3009 3525 3216 3593 pariter
3247 3526 3393 3579 circa
3423 3523 3740 3590 Octobrem,

2157 3625 2282 3664 cum
2316 3625 2501 3662 mense
2527 3609 2674 3664 Julio
2701 3611 2926 3665 collecta
2949 3615 3021 3665 sit
3041 3612 3144 3665 alia
3170 3612 3326 3666 valde
3353 3623 3504 3676 nota,
3538 3629 3603 3668 ex
3631 3629 3743 3682 qua

2157 3702 2400 3772 episcopi
2453 3702 2582 3766 duo,
2634 3718 2758 3756 cum
2817 3703 3036 3757 duobus
3104 3704 3308 3773 pariter
3355 3704 3737 3776 presbyteris,

2157 3793 2312 3848 missi
2347 3805 2474 3847 sunt
2507 3809 2536 3847 a
2563 3801 2753 3848 sancto
2778 3794 2962 3850 Leone
2992 3796 3565 3865 Constantinopolim?

2228 3907 2293 3962 ν.
2337 3907 2461 3962 Fuit
2488 3923 2620 3962 vero
2645 3909 2762 3962 hac
2785 3908 2943 3970 ratio,
2973 3924 3072 3962 cur
3101 3907 3166 3961 ad
3198 3909 3564 3963 Theodosium
3595 3909 3741 3980 lega-

2159 4006 2243 4054 tos
2268 3999 2516 4069 pontifex
2545 4000 2869 4055 decerneret
2910 4018 2922 4053 :
2971 3999 3261 4054 Anatolius
3300 4003 3377 4062 “,
3410 4000 3503 4069 qui
3559 4001 3738 4055 sancti

2157 4090 2403 4144 Flaviani
2433 4090 2485 4143 in
2521 4090 2707 4145 sedem
2731 4090 2996 4146 suffectus
3044 4092 3244 4157 fuerat,
3287 4102 3349 4148 ut
3375 4109 3443 4148 ex
3490 4095 3737 4150 Dioscori

2155 4181 2536 4251 apocrisiario,
2561 4181 2738 4236 factus
2754 4191 2838 4236 est
2863 4182 3501 4251 Constantinopolitanus
3521 4187 3736 4256 episco-

2157 4290 2287 4346 pus,
2310 4276 2383 4327 ita
2405 4273 2690 4329 laborabat
2722 4289 2831 4328 non
2853 4275 2961 4328 levi
2991 4275 3305 4343 suspicione
3360 4275 3743 4331 consensionis

2155 4381 2280 4422 cum
2316 4365 2580 4420 Dioscoro
2601 4371 2657 4418 et
2686 4364 2952 4435 Eutyche,
2981 4381 3217 4434 quorum
3269 4366 3539 4422 beneficio
3586 4367 3742 4422 frue-

2156 4456 2339 4511 batur.
2368 4455 2548 4520 Quare
2573 4454 2822 4524 pontifex
2847 4456 3081 4512 Anatolii
3111 4459 3274 4511 tidem
3302 4459 3661 4527 probaturus,
3680 4467 3741 4513 et

2162 4547 2326 4601 simul
2361 4547 2547 4610 etiam,
2575 4563 2681 4616 qua
2703 4547 2844 4602 forte
2868 4548 2969 4609 fas,
2999 4549 3333 4618 Ephesinum
3367 4550 3735 4612 latrocinium,

2163 4637 2436 4691 revocatis
2465 4637 2534 4691 ad
2576 4646 2779 4692 rectam
2838 4639 2997 4694 ﬁdem
3059 4641 3331 4710 episcopis
3384 4656 3522 4710 quos
3560 4651 3743 4696 metus

2162 4729 2458 4799 aliquando
2487 4730 2822 4797 abduxisset,
2850 4732 3238 4788 destructurus
3257 4775 3270 4797 ,
3300 4735 3507 4802 legatos
3538 4734 3743 4789 direxit

2161 4835 2288 4875 cum
2327 4819 2596 4876 mandatis
2621 4823 3012 4876 reconciliandi
3062 4839 3159 4877 eos
3211 4824 3486 4887 Ecclesia,
3537 4823 3743 4893 quibus

2164 4911 2487 4980 panitentia
2527 4913 2826 4981 perpetrati
2873 4913 3019 4983 apud
3057 4914 3335 4983 Ephesum
3375 4915 3599 4969 sceleris
3659 4914 3743 4967 fo-

2164 5011 2270 5056 ret.

2232 5093 2542 5162 Antequam
2604 5108 2736 5148 vero
2792 5093 3086 5163 dirigeret,
3140 5095 3418 5150 celebrem
3466 5094 3740 5150 contraxit

2159 5199 2350 5240 mense
2364 5185 2512 5240 Julio
2538 5185 2708 5240 totius
2753 5185 2924 5242 Italia
2951 5186 3242 5257 synodum.
3277 5183 3336 5241 In
3386 5187 3491 5242 hac
3511 5185 3734 5240 decreta

2154 5275 2358 5344 legatio
2412 5276 2469 5330 in
2531 5275 2854 5332 Orientem:
2896 5276 3073 5332 factus
3123 5277 3412 5348 legationis
3456 5276 3736 5348 princeps,

2157 5368 2534 5422 constitutione
2559 5368 2717 5422 totius
2742 5365 2940 5432 Italia,
2977 5377 3028 5421 et
3049 5367 3300 5423 electione
3336 5366 3739 5440 dispensationis

1818 5559 2136 5615 SCHULle
2173 5559 2406 5616 NOTAE.

551 5719 594 5752 “
627 5715 863 5770 ἐδίκασε.
903 5717 1202 5774 ἐδικαίωσε.

1297 5722 1486 5777 "Act.
1545 5724 1566 5777 1
1629 5739 1786 5778 conc.
1835 5723 2094 5778 Chalced.

2191 5723 2232 5754 “
2260 5724 2380 5777 Act.
2417 5723 2450 5778 8
2481 5738 2638 5779 conc.
2695 5725 2954 5781 Chalced.
3065 5727 3107 5760 "
3131 5727 3438 5782 ἐδικαίωσε.
3481 5721 3559 5760 ’³ο
3667 5728 3735 5781 τὰ

2191 5809 2288 5852 ian.
2320 5792 2456 5852 ΗΛ
2493 5793 2556 5848 10
2584 5794 2636 5850 in
2671 5795 2798 5852 ﬁne.
2877 5798 2922 5828 ”
2953 5797 3073 5852 Vid.
3104 5797 3275 5852 Leon.
3327 5799 3489 5852 epist.

477 5788 569 5842 τοῦ
611 5787 748 5840 Θεοῦ
783 5788 934 5841 Λέων
969 5789 1202 5844 ἐδίκασε.
1281 5794 1320 5824 ’⁸
1357 5793 1688 5848 Monstravit.
1723 5793 1953 5863 Reliqua
1987 5793 2058 5847 vit

2165 5807 2288 5862 cap.
2320 5792 2456 5863 ΗΑ
2493 5793 2556 5848 10
2584 5794 2636 5850 in
2671 5795 2798 5852 tlue.
2877 5798 2922 5828 ”
2953 5797 3073 5852 Vid.
3104 5797 3275 5854 Leon.
3327 5799 3489 5869 epist.
