2040 3226
169 207 171 209 ,
185 174 235 207 145

762 176 940 205 HISTORIA
961 175 1213 205 THEODORETI.

1761 181 1811 214 H6

183 229 331 261 [un-Iane,
342 228 489 258 Abundius
504 230 527 246 "
541 231 582 257 vir
591 231 709 258 eximius
721 231 866 265 sapientia,
879 239 910 257 ac
926 238 971 256 va-
988 233 1007 260 A
1023 230 1147 263 licitudo,
1173 239 1205 258 ex
1228 232 1318 258 causis
1342 233 1458 259 maxime
1475 238 1591 267 quatuor
1614 232 1734 268 profecta
1751 242 1809 264 est:

184 275 231 302 riis
244 274 506 312 linguisstrenuus
521 285 528 302 :
541 276 627 304 additi
637 277 752 304 comites
771 278 893 304 Asterius
912 277 971 311 epi-

182 329 280 356 scopus
293 325 322 348 et
338 321 493 357 presbyteri
507 322 562 350 duo
575 322 692 350 Basilius
708 328 735 350 et
753 323 868 350 Senator
883 332 889 349 ;
915 327 970 349 tra-

181 367 235 394 dila
249 365 272 382 "
285 365 350 394 ﬁdei
376 366 507 400 formula.
533 369 648 403 epistola
679 369 786 397 scilicet
808 369 908 396 Leonis
937 369 970 396 ad

182 411 351 444 Flavianum,
363 419 427 439 cum
449 413 614 441 testimoniis
635 414 746 442 Patrum
760 422 774 441 a
795 414 971 442 Theodoreto

182 457 335 492 subiunctis
349 466 355 485 :
372 457 468 486 datum
488 459 569 487 simul
585 461 755 492 mandatum,
780 461 971 495 permittenda:

181 502 306 530 Anatolio
317 503 451 538 optionis,
463 505 542 540 cujus
550 506 671 540 epistola:
678 506 879 540 subscriptione
890 506 971 532 vellet

181 546 258 575 ﬁdem
274 555 354 575 suam
367 548 559 578 demonstrare.
572 560 578 577 :
591 559 625 578 an
640 559 700 585 quae
715 559 730 578 a
747 551 837 578 Leone
857 551 889 578 ad
907 551 970 577 Fla-

180 594 304 627 vianum,
323 602 358 622 an
373 603 435 630 quae
450 604 465 622 a
484 596 586 631 Cyrillo
604 597 726 624 secunda
758 597 790 624 ad
815 597 969 624 Nestorium

181 640 282 675 scripta
303 642 347 668 est
382 641 540 669 Mandatum
564 643 686 678 insuper,
713 649 742 670 ut
770 643 896 674 Maximo,
924 643 970 676 qui

181 686 283 714 Domuo
297 691 471 715 successerat
485 696 512 714 in
526 689 618 715 sedem
634 689 844 719 Antiochenam,
871 689 971 716 Leonis

180 731 290 766 epistola
313 732 342 758 in
369 733 557 760 testimonium
579 732 642 761 tidei
664 733 969 760 subscribendamitte-

184 781 264 805 retur.
274 774 342 805 Erat
353 778 427 805 enim
443 783 471 806 et
481 779 538 814 ipse
552 785 695 815 suspectus
708 782 898 809 consensionis
907 789 969 808 cum

186 822 317 856 Dioscom,
333 832 416 859 aquo
426 824 518 852 fuerat
538 825 704 854 substitutus
727 827 832 855 Domno
851 827 970 854 letaliter

182 868 332 904 aegrotanti.
360 877 424 897 cum
450 870 645 905 deponeretur.
671 872 868 907 Fris-scriptum
888 872 968 899 deni—

1024 284 1055 302 ex
1076 276 1257 303 conversione
1281 284 1382 308 rerum,
1402 285 1463 311 qua
1486 285 1549 304 mox
1573 279 1753 308 narrabitur:
1779 289 1809 308 ex

1022 321 1157 347 contraria
1185 320 1292 355 imperii
1321 320 1417 353 forma,
1445 327 1576 357 regnante
1597 332 1670 352 nunc
1687 325 1720 352 ad
1740 326 1812 353 arbi-

1022 366 1104 392 trium
1119 366 1263 393 Pulcheria
1278 375 1284 392 :
1304 375 1337 393 ex
1353 368 1499 396 formidine
1514 369 1656 404 utriusque
1672 371 1810 402 antistitis.

1021 411 1170 438 metuentis
1195 420 1228 439 ne
1251 412 1436 447 depelleretur
1464 413 1528 442 sede
1569 417 1595 442 In
1636 424 1716 450 quam
1744 417 1810 444 vitio

1021 462 1133 484 evectus
1149 462 1207 484 erat
1227 467 1233 484 :
1256 466 1288 485 ex
1302 459 1435 486 industria
1448 460 1566 495 denique
1578 462 1729 497 legatorum
1744 467 1811 489 tein-

1022 510 1087 536 pore
1108 503 1242 530 utentium
1261 504 1295 530 ad
1315 512 1371 530 rem
1389 504 1452 532 ﬁdei
1472 507 1694 539 promovendam.

1057 547 1135 575 Tunc
1149 549 1281 582 temporis
1313 548 1504 577 Theodoretus
1525 551 1552 577 in
1584 551 1723 585 Apameno
1749 561 1809 580 mo-

1022 593 1143 620 nasterio
1165 595 1336 626 versabatur,
1357 603 1419 622 cum
1438 596 1483 623 Iba
1502 596 1621 629 Edessm,
1638 602 1665 624 et
1682 598 1810 633 Aquilino

1021 639 1098 674 Bybli
1128 639 1191 666 olim
1215 640 1361 674 episcopis.
1381 640 1420 667 Eo
1444 648 1472 668 se
1488 641 1537 673 illi,
1556 643 1598 669 vel
1612 643 1692 670 amici
1705 644 1810 672 visendi

1021 685 1105 719 gratia
1126 686 1310 717 contulerant,
1335 687 1376 713 vel
1398 687 1493 714 eadem
1514 692 1674 723 tempestate
1691 691 1809 725 jactante

1023 737 1192 766 receperant,
1218 734 1292 760 velut
1316 734 1349 760 ad
1378 742 1551 761 communem
1572 740 1691 769 portum.

1057 779 1112 806 Vll.
1134 779 1173 805 Eo
1198 779 1249 806 loci
1278 780 1383 815 perlata
1402 786 1444 807 est
1465 781 1551 808 sancti
1570 780 1668 808 Leonis
1685 781 1807 815 epistola,

1022 825 1078 852 sive
1101 825 1208 852 Maximi
1239 834 1316 859 cura,
1345 826 1418 862 quod
1441 827 1484 854 vix
1503 832 1594 862 putem
1608 848 1614 860 ,
1633 828 1690 855 sive
1707 828 1810 854 amico—

1023 878 1082 896 rum
1104 877 1156 904 ope
1175 870 1283 899 afﬂictis
1303 873 1446 900 exsulibus
1467 873 1728 900 commiserantium.
1744 872 1809 899 Eam

181 920 241 950 que,
256 921 288 943 ut
299 916 334 944 de
347 916 516 945 celebrando
529 919 556 945 in
577 918 734 946 Occidentis
747 920 871 954 partibus
901 928 967 947 con-
985 907 1005 934 Β
1021 917 1212 945 Theodoretus
1224 918 1279 953 jam
1300 918 1404 952 pridem
1432 919 1485 945 sibi
1507 924 1598 946 notam
1623 919 1705 946 sociis
1725 927 1809 954 expo-

180 960 242 988 cilio
260 960 410 989 instantius
420 969 484 989 cum
497 962 663 998 imperatore
679 969 816 1000 ageretur.

212 1007 255 1034 Vl.
286 1006 435 1043 Legatione
451 1008 596 1037 Abundius
608 1018 670 1037 cum
693 1011 776 1038 sociis
800 1012 836 1038 ila
860 1011 969 1037 functus

178 1057 229 1084 est,
247 1057 280 1080 nt
297 1057 416 1080 eventus
446 1054 547 1081 summi
568 1055 706 1089 pontiﬁcis
721 1063 796 1090 spem
820 1060 902 1090 atque
920 1063 968 1082 ex-

177 1097 375 1131 spectationem
391 1097 527 1125 vinceret.
546 1098 612 1125 Nam
627 1099 769 1127 Anatolius
792 1104 819 1127 et
839 1100 969 1127 Maximus

176 1141 322 1176 epistolam
337 1143 457 1171 'Leonis
480 1143 573 1178 (simul
594 1144 687 1172 oblata
703 1145 755 1180 est)
780 1153 833 1172 non
856 1153 968 1180 recepe-

176 1194 238 1216 runt
250 1189 349 1221 modo,
370 1189 446 1217 velut
471 1189 532 1216 ﬁdei
549 1190 685 1225 regulam,
707 1191 754 1217 sed
783 1191 968 1225 recipiendam

175 1241 288 1269 quoque
303 1241 319 1261 a
337 1242 394 1262 suae
407 1235 525 1270 quisque
538 1235 666 1263 dimcesis
690 1237 826 1271 episcopis
853 1237 886 1263 ad
905 1245 971 1264 con-

174 1280 271 1307 cilium
287 1280 404 1312 vocatis,
425 1285 570 1308 curarunt.

207 1325 245 1353 De
270 1325 402 1353 Anatolio
428 1326 507 1354 testis
532 1326 665 1362 locuples,
691 1328 736 1362 qui
766 1328 854 1354 Vitam
882 1329 968 1355 sancti

174 1369 296 1397 Abundii
312 1370 496 1406 conscripsit:
513 1381 522 1396 ι
544 1372 698 1403 Anatolius,
710 1372 809 1407 inquit,
823 1374 969 1408 episcopus

173 1415 248 1443 urbis
263 1415 347 1450 193
363 1415 675 1451 Constantinopolitanze
688 1424 765 1443 nova:
785 1417 886 1449 Bonus,
903 1425 969 1444 con-

176 1461 301 1496 gregavit
321 1461 471 1488 concilium
499 1461 621 1489 omnium
639 1461 845 1496 episcoporum,
876 1462 967 1489 archi-

175 1505 388 1539 mudritarum,
409 1507 644 1543 presbyterorum,
673 1513 701 1534 et
716 1508 895 1535 diaconorum
912 1517 918 1539 ;
942 1514 969 1535 et

175 1556 239 1580 ante
271 1556 454 1588 conspectum
481 1553 604 1580 omnium
640 1553 753 1580 recitata
782 1558 824 1580 est
853 1553 967 1588 epistola

170 1592 262 1626 sancti
281 1595 395 1627 Leonis.
407 1605 489 1633 quam
511 1598 607 1625 beatus
628 1598 773 1625 Abundius
789 1606 881 1625 coram
909 1605 968 1624 om-

169 1642 253 1672 nibus
270 1643 463 1678 presentavit,
480 1641 712 1671 concordantibus
734 1643 899 1670 testimoniis
913 1643 968 1670 Ro-

168 1696 321 1718 manorum
332 1689 444 1716 Patrum
452 1692 534 1723 atque
545 1688 748 1724 Argolicorum.
759 1689 901 1716 Anatolius
911 1689 969 1723 epi-

167 1741 274 1770 scopus
294 1733 549 1769 Constantinopolis
561 1734 625 1761 huic
635 1734 758 1769 epistola:
771 1734 856 1761 sancti
871 1734 970 1761 Leonis

166 1780 260 1816 Papa,
275 1779 433 1808 continenti
450 1779 593 1807 catholicae
606 1781 669 1807 lidei
687 1781 840 1812 veritatem,
854 1789 970 1808 concor-

165 1825 308 1855 dantibus
322 1826 405 1854 etiam
424 1827 589 1853 testimoniis
604 1827 715 1853 Patrum
731 1827 765 1853 ab
785 1826 880 1853 eadem
903 1835 969 1861 apo-

165 1872 269 1899 stolica
287 1869 356 1898 sede
378 1870 493 1898 directis
506 1871 593 1906 plena:
613 1871 768 1898 devotionis
783 1872 931 1902 consensit,
944 1876 971 1898 et

164 1917 354 1951 subscripsit,
378 1917 526 1944 anathema
541 1917 637 1944 dicens
652 1916 768 1951 Eutychi
788 1920 816 1943 et
832 1917 969 1948 Nestorio,

163 1968 193 1991 et
203 1962 347 1999 dogmati,
370 1962 413 1989 vel
432 1962 617 1989 sectatoribus
643 1970 738 1989 eorum
760 1970 765 1987 :
793 1966 858 1988 tunc
879 1963 970 1989 caeteri

165 2009 269 2037 Patres
284 2015 342 2035 non
359 2007 436 2042 parvi
449 2008 557 2035 numeri
578 2007 676 2035 eodem
699 2007 780 2034 modo
795 2008 970 2042 subscripse-

163 2059 243 2082 runt.
267 2064 279 2080 Ι

199 2100 377 2134 Deutroque
386 2098 467 2126 simul
478 2102 589 2126 sanctus
598 2098 653 2125 Leo
663 2099 685 2114 ’⁵
696 2107 701 2124 :
715 2108 722 2123 ι
734 2098 829 2125 Totam
839 2098 971 2125 Constan-

161 2146 383 2181 tinopolitanam
400 2144 551 2172 Eeclesiam
572 2152 633 2171 cum
654 2144 826 2171 monasteriis
844 2144 972 2171 omnibus

160 2197 191 2219 et
211 2190 319 2218 multis
335 2190 473 2225 episcopis
500 2189 609 2216 noveris
627 2189 777 2224 praebuisse
796 2197 970 2221 consensum,

1021 962 1090 993 suit,
1115 967 1143 989 et
1167 963 1307 989 communi
1339 962 1422 989 trium
1445 963 1647 997 subscriptione
1677 964 1809 990 munitam

1020 1007 1285 1042 Constantinopolim
1314 1008 1347 1035 ad
1377 1008 1533 1035 Abundium
1560 1017 1621 1036 cum
1643 1009 1741 1036 litteris
1766 1018 1809 1036 rc~

1021 1052 1105 1080 misit.
1132 1053 1161 1079 In
1184 1052 1226 1080 his
1242 1058 1385 1087 postquam
1400 1053 1519 1080 Abundii
1541 1054 1567 1080 in
1582 1054 1700 1081 Ecclesia
1715 1054 1811 1081 Orienr

1022 1098 1068 1124 tali
1099 1099 1218 1133 juvanda
1247 1098 1379 1130 studium,
1401 1099 1566 1133 illaesamque
1593 1098 1809 1125 Occidentalium

1021 1144 1101 1171 fidem
1127 1145 1265 1177 laudavit;
1282 1151 1338 1172 tum
1353 1145 1433 1172 [idem
1453 1153 1528 1172 suam
1541 1145 1697 1179 apostolicis
1712 1144 1810 1171 litteris

1020 1197 1168 1217 consonant
1195 1190 1348 1225 proﬁtetur,
1378 1199 1494 1225 moxque
1520 1191 1596 1217 addit
1616 1191 1638 1205 ’θ
1662 1200 1694 1217 ι(
1711 1190 1759 1217 His
1783 1193 1810 1216 et

1020 1242 1070 1269 ego
1092 1235 1191 1262 litteris
1213 1235 1350 1268 consensi,
1375 1239 1403 1262 et
1416 1235 1479 1262 huic
1496 1235 1618 1269 epistola:
1642 1242 1708 1262 mea:
1721 1242 1810 1261 exem-

1020 1279 1095 1314 plum
1118 1288 1212 1306 earum
1239 1280 1377 1314 copulavi,
1394 1280 1439 1307 cui
1452 1281 1535 1307 etiam
1551 1279 1713 1314 subscripsi,
1728 1283 1810 1313 atque

1020 1333 1052 1352 ex
1068 1325 1121 1351 hoc
1140 1325 1266 1359 probavi,
1295 1325 1374 1360 194.
1402 1325 1475 1360 quod
1505 1325 1613 1360 regulas
1637 1323 1809 1358 apostolicas,

1021 1371 1072 1397 hoc
1098 1374 1150 1402 est,
1177 1379 1240 1397 vera
1263 1370 1390 1406 dogmata
1416 1378 1526 1405 Sequor,
1557 1369 1693 1404 hodieque
1714 1369 1742 1395 in
1770 1363 1811 1394 his

1021 1424 1178 1451 permaneo,
1197 1421 1225 1443 et
1250 1417 1311 1443 ideo
1337 1416 1437 1443 bellum
1465 1416 1562 1451 patior.
1580 1414 1724 1443 Consensit
1745 1414 1810 1440 item

1021 1462 1148 1488 dominus
1172 1469 1251 1488 meus
1265 1461 1335 1492 ibas,
1357 1466 1384 1488 et
1405 1462 1536 1488 dominus
1558 1469 1635 1488 meus
1655 1460 1809 1496 Aquilinus,

1020 1513 1115 1535 contra
1144 1515 1213 1542 quos
1238 1509 1436 1542 imperatorum
1463 1511 1625 1543 potestatem
1654 1507 1812 1534 inventores

1021 1562 1098 1582 nova:
1127 1555 1239 1581 haeresis
1261 1559 1447 1582 armaverunt.
1470 1565 1478 1580 ι

1330 1611 1441 1639 CAPUT
1466 1611 1509 1637 Kl.

1020 1664 1041 1691 Ι.
1062 1664 1173 1690 Moritur
1193 1664 1357 1691 Theodosius.
1377 1664 1409 1690 ll.
1429 1663 1569 1689 Pulrhcria
1590 1663 1752 1688 dominatum
1770 1670 1811 1687 re-

1056 1699 1146 1725 sumit.
1158 1699 1200 1726 IIl.
1211 1699 1382 1726 Theodoretus
1394 1698 1424 1724 ab
1436 1698 1527 1724 exsilio
1537 1702 1682 1724 revocatur.
1693 1697 1735 1723 IV.
1748 1697 1813 1723 (ira-

1058 1735 1108 1760 lias
1132 1735 1185 1768 agit
1199 1735 1328 1768 patronis.
1347 1733 1376 1759 Υ.
1394 1732 1520 1759 Libellum
1533 1733 1568 1768 de
1585 1732 1699 1766 cogenda
1713 1731 1811 1768 synodo

1057 1767 1181 1803 Augustis
1198 1767 1283 1830 lyre”.
1309 1769 1352 1795 Vl.
1377 1768 1497 1802 Synodus
1519 1767 1681 1794 Chalcedone
1699 1767 1810 1801 cogitur.

1058 1804 1113 1830 Vll.
1135 1804 1202 1830 Theo
1222 1809 1308 1830 cretus
1324 1808 1385 1830 ante
1402 1807 1488 1829 actam
1503 1811 1609 1829 causam
1626 1801 1773 1828 admittitur
1785 1801 1810 1827 in

1058 1801 1113 1830 VII:
1135 1801 1308 1831 Theodoreti“
1324 1808 1385 1830 ante
1399 1801 1488 1829 actam
1503 1811 1609 1829 causam
1626 1801 1773 1828 admittitur
1785 1801 1810 1827 in

1057 1847 1214 1865 consessum.
1241 1839 1308 1865 Vill.
1337 1837 1491 1865 Reclamant
1511 1837 1638 1872 Egyptii.
1652 1836 1707 1872 rlX.
1725 1835 1811 1863 Causa

1058 1875 1192 1908 peragitur
1209 1874 1309 1900 actione
1326 1877 1417 1908 octava
1447 1872 1480 1899 Χ.
1493 1871 1555 1899 Arta
1566 1871 1675 1899 iconrilii
1692 1871 1723 1897 de
1739 1872 1813 1908 res“:

1057 1906 1156 1935 tutioize
1185 1909 1346 1935 Theodoreti.
1376 1906 1420 1934 Χῖ.
1449 1908 1515 1933 Dicit
1539 1909 1640 1934 sincere
1670 1907 1811 1933 anathema

1059 1943 1188 1973 Nestorio,
1207 1949 1230 1969 et
1246 1943 1326 1977 [idem
1349 1943 1498 1978 proﬁtetur.

1295 2001 1368 2024 Anno
1385 1999 1430 2023 450
1444 2002 1468 2023 et
1481 1997 1535 2023 451.

1057 2053 1077 2079 1.
1099 2052 1260 2086 Priusquam
1295 2051 1439 2078 Ahundius
1465 2057 1527 2077 cum
1550 2050 1632 2077 sociis
1654 2050 1681 2076 in
1709 2050 1810 2084 regiam

1023 2098 1118 2125 urbem
1145 2097 1311 2132 perveniret,
1337 2096 1455 2123 decessit
1478 2104 1491 2122 e
1509 2095 1564 2121 vita
1582 2095 1752 2122 Theodosius
1767 2094 1812 2121 die

1022 2144 1056 2171 29
1068 2144 1132 2171 .lulii
1150 2150 1222 2170 anno
1235 2144 1296 2174 450,
1316 2150 1378 2169 cum
1399 2142 1511 2168 vixisset
1529 2148 1615 2167 annos
1633 2140 1811 2175 quadraginta

1024 2198 1132 2221 novem,
1160 2190 1321 2224 imperasset
1346 2187 1527 2222 quadraginta
1553 2187 1622 2213 duos
1646 2190 1673 2213 et
1704 2193 1812 2212 menses

159 2242 190 2265 et
218 2235 479 2270 subscriptionibus
495 2235 552 2262 suis
562 2235 717 2262 Nestorium
734 2239 815 2269 atque
829 2236 970 2270 Eutychen
988 2234 1008 2260 D
1024 2236 1079 2264 rere
1106 2241 1171 2263 tres.

159 2289 229 2310 cum
263 2280 328 2308 suis
362 2279 608 2308 anathematizasse
641 2280 823 2314 dogmatibus.
858 2280 971 2307 Noveris

158 2328 251 2355 etiam
287 2326 414 2361 proxime
439 2333 483 2353 me
507 2326 649 2360 epistolam
678 2326 971 2359 Constanlinopolilani

158 2373 297 2409 episcopi
323 2372 473 2407 accepisse,
492 2379 552 2406 qua:
573 2372 666 2404 refert,
692 2372 893 2398 Antiochenum
911 2371 971 2405 cpi-

158 2427 302 2455 scopum,
316 2418 408 2446 missis
426 2425 476 2453 per
493 2419 646 2453 provincias
664 2426 728 2445 suas
744 2418 889 2449 tractoriis,
909 2418 971 2444 uni-

159 2472 267 2493 versos
292 2464 439 2499 episcopos
455 2464 588 2499 coegisse,
615 2468 644 2492 et
669 2463 790 2498 epistola:
817 2458 970 2497 niem'pne-

158 2511 266 2540 buisse
285 2517 464 2542 consensum,
485 2514 513 2536 ct
528 2509 684 2536 Nestorium
703 2517 734 2536 ac
755 2509 895 2543 Eutychen
914 2510 970 2544 pari

159 2556 380 2591 subsa'iptione
406 2555 562 2583 damnasse.
575 2565 584 2581 ι

197 2601 326 2630 Devotio
353 2605 438 2632 tanta,
462 2605 572 2635 quanta:
593 2608 656 2627 mox
681 2601 750 2627 facta
775 2600 825 2627 fuit
855 2602 967 2633 mentio,

158 2649 183 2677 εἰ
207 2653 311 2676 tamen
335 2647 446 2674 devotio
466 2646 528 2676 luit.
553 2651 582 2674 et
594 2655 647 2674 non
667 2651 791 2682 prompta
812 2648 903 2682 potius
916 2648 969 2674 sol-

1059 2283 1089 2309 Il.
1111 2282 1178 2309 Cum
1196 2281 1250 2307 vita
1271 2279 1424 2307 Theodosii
1452 2278 1560 2306 sublata
1585 2283 1626 2305 est
1649 2277 1811 2312 Chrysaphii

1022 2327 1164 2362 potentia:
1184 2326 1306 2352 habenas
1319 2325 1392 2350 enim
1413 2323 1521 2357 imperii
1544 2323 1688 2349 Pulcheria
1709 2329 1813 2348 resum-

1023 2374 1086 2408 psit,
1100 2377 1242 2407 postquam
1262 2369 1494 2405 quinquagenaria
1505 2369 1581 2404 virgo
1599 2368 1736 2395 Marciano
1751 2368 1812 2395 fecit

1022 2418 1145 2453 conjugis
1168 2424 1284 2447 nomen;
1309 2420 1393 2449 utque
1409 2413 1486 2448 regni
1505 2413 1639 2448 primitias
1656 2413 1712 2440 Deo
1734 2412 1813 2446 justi-

1026 2464 1124 2499 tizeque
1142 2466 1325 2493 consecraret,
1350 2460 1471 2487 rescissis
1494 2467 1554 2494 qua:
1582 2467 1631 2494 per
1650 2460 1703 2485 vim
1722 2459 1814 2485 hacte-

1025 2517 1077 2536 nus
1092 2514 1119 2536 et
1142 2513 1236 2536 contra
1262 2508 1301 2534 las
1321 2512 1379 2534 acta
1399 2511 1502 2537 essent,
1529 2505 1563 2532 de
1584 2506 1671 2533 danda
1685 2505 1814 2531 Eeclesiis

1024 2564 1089 2591 pace
1113 2555 1288 2589 cogendaque
1313 2553 1417 2588 synodo
1437 2552 1575 2587 engitavit.

1060 2601 1103 2627 Ill.
1126 2599 1201 2627 Fecit
1230 2607 1261 2625 ea
1288 2606 1380 2625 rerum
1399 2597 1554 2626 conversio,
1579 2601 1609 2622 ut
1625 2593 1813 2622 annitentibus

1023 2646 1182 2674 Vineomalo
1193 2645 1344 2671 ofﬁciorum
1357 2643 1497 2678 magistro,
1508 2647 1535 2669 et
1545 2642 1648 2669 Avieno
1658 2641 1769 2668 consule
1778 2641 1811 2669 ’⁷,

855 2744 987 2771 StlHl'll
1004 2745 1010 2770 1
1032 2744 1149 2771 ΝΟἸῚΕ.

199 2818 227 2831 ’⁸
243 2815 308 2842 Vid.
319 2816 408 2842 Vitam
423 2815 450 2842 S.
468 2813 599 2845 Abundii,
613 2821 673 2848 cap.
687 2814 715 2843 2,
734 2821 809 2840 num.
838 2813 867 2840 8.

159 2852 185 2867 ³·
202 2851 274 2878 vat.
302 2855 322 2877 t.
342 2850 385 2882 Iv.
407 2851 489 2885 epist.
505 2849 566 2885 1,81.

914 2814 935 2829 ’δ
951 2813 1013 2841 Vid.
1028 2813 1113 2841 Leon.
1133 2813 1214 2847 epist.
1232 2811 1323 2839 53-36.

624 2845 758 2877 "Avieno
773 2848 889 2876 Consule.
904 2850 951 2877 Vel
966 2849 1068 2884 potius,
1084 2845 1186 2883 Aspare
1200 2847 1260 2874 viro
1276 2845 1423 2873 consulari.
1437 2845 1525 2872 Minus
1538 2849 1613 2874 recte
1625 2846 1698 2874 enim
1714 2846 1810 2874 Avieni

1363 2811 1385 2827 "
1399 2811 1427 2838 ln
1453 2810 1533 2845 epist.
1551 2811 1584 2838 ad
1604 2810 1809 2838 Paschasinum.

158 2893 276 2914 nomen
291 2886 319 2913 in
342 2883 465 2921 epistola
480 2884 528 2911 139
545 2883 723 2918 inscriptione
741 2884 883 2911 substituit
896 2883 1054 2911 Garnerius.
