4080 6466
488 387 583 450 131

1613 381 1995 442 GARNERII
2040 377 2536 439 DISSERTATIO
2575 380 2625 439 l.

3655 373 3756 440 l-l8

485 500 841 570 Anatoliwque
902 497 1133 567 patricio
1185 495 1318 549 viris
1378 495 1576 549 merito
1629 497 2027 566 potentissimis
2051 536 2064 558 ,
2098 499 2147 555 Α
2245 492 2301 545 lu
2329 492 2580 546 eamdem
2597 493 2823 545 omnino
2845 491 3173 545 sententiam
3197 488 3411 543 consuli
3432 487 3511 540 ":
3542 486 3756 558 «Opor-

483 593 886 653 ‘l‘heodoretus,
925 588 1082 657 cujus
1105 587 1158 640 in
1186 584 1374 640 sedem
1402 584 1625 639 infanda
1660 587 1904 656 synodus
1943 587 2063 638 nul-

477 687 590 740 lum
613 682 926 745 suﬂ'ecerat,
963 679 1032 734 ab
1057 677 1251 732 exsilio
1273 685 1651 740 revocaretur,
1688 693 1908 746 suaeque
1938 676 2062 729 urbi

477 776 885 831 restitueretur.
928 772 1004 826 De
1042 780 1269 839 accepto
1323 769 1412 823 ille
1447 768 1719 823 beneﬁcio
1768 769 2065 838 unicuique

477 869 640 922 trium
683 865 993 935 singulares
1045 862 1252 934 gratias
1294 860 1498 915 litteris
1554 859 1668 930 egit
1702 857 1768 925 ³⁸,
1796 860 2066 929 petiitque

475 959 559 1029 agi
598 973 699 1012 suo
751 955 974 1010 nomine
1019 952 1390 1024 principibus,
1428 950 1522 1005 sed
1557 950 1720 1005 simul
1756 950 1824 1004 de
1859 963 2065 1004 convo-

472 1052 689 1106 catione
711 1047 904 1122 synodi
930 1046 1059 1102 ferri
1092 1061 1306 1116 preces.
1335 1043 1604 1115 Sperabat
1637 1041 1910 1113 siquidem
1953 1041 2064 1095 fre.

475 1152 566 1197 tus
613 1151 974 1212 patronorum
1027 1155 1154 1209 ope,
1203 1154 1357 1193 suam
1407 1151 1466 1192 se
1519 1135 1617 1191 toti
1674 1135 1795 1189 orbi
1843 1136 1860 1154 ⁴
1905 1134 2068 1188 inno-

474 1235 714 1290 centiam
767 1233 1151 1305 probaturum,
1193 1239 1250 1286 et
1292 1229 1560 1284 Dioscoro
1589 1228 1765 1282 vicem
1799 1240 2065 1295 repensu-

476 1340 623 1380 rum.

547 1416 636 1471 ιν.
677 1415 876 1470 Mirum
923 1429 1078 1479 vero,
1112 1412 1261 1483 quali
1313 1422 1430 1467 arte
1463 1411 1708 1465 illustres
1753 1410 1898 1465 viros
1930 1411 2067 1464 allo-

475 1510 688 1580 quitur.
724 1509 889 1566 Juvat
913 1523 980 1563 ex
1011 1506 1247 1578 singulis
1275 1504 1526 1576 epistolis
1559 1503 1767 1574 aliquid
1800 1502 2068 1566 delibare,

476 1617 541 1654 ex
579 1617 688 1671 quo
706 1602 799 1655 lux
822 1599 1067 1654 historiae
1089 1597 1368 1668 aﬁ'ulgeat,
1393 1603 1447 1651 et
1477 1595 1636 1649 simul
1663 1603 1867 1665 pateat,
1903 1609 2068 1663 quam

475 1689 800 1757 eloquenter
825 1687 1042 1746 animus
1077 1685 1277 1757 gaudio
1311 1684 1594 1742 exsultans
1627 1684 1947 1752 triumphet.
1979 1682 2072 1738 Sic

478 1781 643 1850 igitur
668 1781 735 1834 ad
781 1779 1157 1834 Anatolium"
1217 1796 1229 1831 :
1286 1797 1304 1829 ε
1335 1777 1448 1832 Nos
1486 1776 1709 1846 quidem
1744 1791 1876 1841 cum
1922 1776 2068 1830 nacti

475 1889 666 1928 sumus
706 1873 970 1942 quietem,
1005 1871 1247 1926 libenter
1278 1885 1470 1924 sumus
1496 1867 1754 1938 amplexi,
1790 1866 2065 1936 utilesque

477 1983 542 2022 ac
594 1966 957 2021 suavissimus
1000 1965 1122 2035 ejus
1180 1963 1396 2017 fructus
1451 1960 1812 2032 percipimus.
1861 1958 2062 2014 Christi

474 2069 660 2113 autem
706 2073 896 2113 amans
939 2057 1242 2126 imperator
1287 2061 1497 2118 noster,
1549 2052 1774 2122 pietatis
1825 2050 2061 2105 fructum

476 2150 711 2218 adeptus
761 2147 1077 2218 imperium,
1124 2145 1343 2215 imperii
1389 2143 1663 2214 primitias
1704 2142 1920 2212 imperii
1958 2142 2066 2194 lar-

475 2243 637 2315 gitori
680 2243 885 2297 obtulit
922 2241 1315 2304 Ecclesiarum,
1337 2253 1460 2308 qua:
1493 2236 1869 2308 jactabantur,
1911 2244 2064 2289 tran-

475 2337 834 2406 quillitatem,
865 2343 1195 2404 oppugnatae
1234 2330 1362 2386 ﬁdei
1401 2328 1762 2399 triumphum,
1794 2325 2069 2396 evangeli-

476 2442 666 2481 corum
689 2425 846 2496 195
864 2425 1180 2495 dogmatum
1202 2421 1514 2477 victoriam.
1543 2419 1640 2474 llis
1664 2434 1794 2473 vero
1807 2416 2066 2488 praemisit

477 2518 642 2572 illatae
688 2517 850 2571 nobis
894 2516 1113 2587 injuriae
1146 2513 1510 2569 curationem.
1551 2510 1686 2578 Quis
1710 2510 1856 2566 enim
1902 2508 2064 2562 talem

475 2625 542 2664 ac
567 2616 775 2663 tantam
795 2606 1142 2677 iniquitatem
1169 2605 1382 2678 audivit
1404 2602 1690 2674 unquam?
1719 2601 1845 2672 quis
1867 2599 2067 2654 absens

477 2700 758 2757 homicida
781 2700 1116 2755 damnatus?
1137 2698 1264 2768 quis
1287 2698 1606 2768 nuptiarum
1639 2693 1930 2750 insidiator
1956 2707 2063 2746 non

477 2808 719 2864 praesens
741 2791 1182 2848 condemnatus?
1206 2790 1331 2860 quis
1353 2788 1632 2852 eﬁ‘ractor,
1660 2794 1755 2841 aut
1785 2784 2068 2855 sepulcro-

477 2899 601 2938 rum
628 2883 882 2944 eﬁ'essor,
905 2892 1003 2936 aut
1021 2880 1323 2944 veneﬁcus,
1342 2888 1438 2934 aut
1463 2893 1746 2934 sacrorum
1772 2877 2062 2947 expilator,

476 2983 575 3031 aut
610 2975 704 3045 qui
741 2973 891 3029 aliud
929 2972 1215 3044 quidpiam
1249 2972 1467 3043 legibus
1499 2970 1734 3026 vetitum
1777 2968 2067 3022 commise-

474 3077 579 3130 rat,
600 3075 657 3123 et
677 3066 744 3122 ad
758 3065 1025 3138 judicium
1050 3064 1260 3132 venire,
1280 3079 1405 3119 cum
1425 3063 1607 3127 vellet,
1631 3073 1715 3117 est
1730 3059 2062 3130 prohibitus,

473 3170 531 3214 et
554 3159 804 3232 judicum
834 3158 1110 3214 sententia
1131 3156 1322 3228 procul
1348 3155 1549 3210 absens
1578 3162 1662 3209 est
1686 3151 2012 3208 confossus?
2039 3169 2058 3201 ι
2093 3183 2134 3241 C

474 3253 545 3308 Et
575 3253 677 3308 sub
717 3251 880 3306 ﬁnem
927 3269 940 3305 :
983 3270 1002 3301 ι
1028 3251 1199 3305 Decet
1250 3255 1433 3302 autem
1456 3261 1574 3311 vos,
1621 3246 1715 3316 qui
1767 3245 1822 3298 in
1864 3243 2066 3314 pietate

473 3344 695 3401 educati
759 3343 915 3408 estis,
971 3351 1026 3396 et
1076 3340 1300 3396 virtutis
1351 3354 1486 3410 opes
1540 3337 1859 3409 possidetis,
1920 3337 2068 3390 hunc

451 3437 655 3492 'zclum
693 3449 1010 3501 resumere;
1041 3441 1095 3488 et
1115 3433 1327 3488 alacres
1355 3432 1468 3504 jam
1495 3446 1594 3502 per
1611 3445 1732 3484 sese
1756 3427 2066 3499 piissimum

475 3529 888 3598 imperatorem,
925 3524 1244 3595 Christique
1275 3531 1550 3579 amantem
1585 3522 1908 3592 Augustam,
1963 3519 2068 3574 ala-

477 3621 689 3676 criores
747 3617 1223 3674 cohortationibus
1275 3615 1528 3680 reddere,
1565 3622 1625 3668 ut
1657 3612 1922 3668 laudabili
1950 3612 2068 3667 zelo

477 3711 935 3784 gloriosissimum
990 3711 1282 3782 imperium
1329 3725 1490 3765 suum
1542 3707 1927 3764 corroborent.
1969 3726 1987 3758 ι

543 3802 625 3856 Ad
655 3801 1034 3857 Vincomalum
1079 3810 1262 3856 autem
1284 3802 1329 3834 ⁸⁸
1364 3819 1376 3854 :
1412 3819 1430 3854 ι
1459 3799 1628 3855 Valde
1659 3815 1782 3855 sum
1812 3799 2065 3864 miratus,

480 3896 574 3950 ubi
627 3894 856 3965 cognovi
928 3892 1390 3965 magniﬁcentiam
1444 3898 1729 3958 vestram,
1789 3906 1918 3945 cum
1978 3907 2068 3946 res

477 3993 699 4040 nostras
757 3983 977 4053 penitus
1030 3984 1332 4054 ignoraret,
1378 3997 1442 4038 ac
1486 3983 1681 4044 solam,
1721 3997 1844 4051 quae
1878 3983 1932 4036 in
1965 3997 2068 4036 nos

478 4075 619 4130 facta
651 4081 754 4139 est,
789 4074 1046 4144 injuriam
1078 4073 1381 4138 didicisset,
1418 4071 1788 4142 patrocinium
1818 4080 2066 4127 nostrum

478 4163 808 4234 suscepisse,
840 4163 1136 4231 omniaque
1167 4159 1426 4224 movisse,
1465 4168 1524 4214 ut
1549 4168 1898 4230 comparatas
1935 4175 2070 4215 con-

477 4261 562 4306 tra
585 4268 687 4306 nos
707 4251 990 4306 machinas
1011 4259 1318 4317 everteret;
1343 4250 1436 4305 sed
1458 4250 1824 4322 magnitudini
1841 4250 2063 4321 quidem

478 4351 676 4398 vestrae
714 4342 1010 4398 muniﬁcus
1049 4345 1094 4376 “
1125 4341 1392 4397 Dominus
1428 4343 1592 4414 digna
1644 4359 1874 4414 prorsus
1916 4361 2066 4400 com-

479 4435 800 4504 pensatione
841 4433 1129 4488 retribuet.
1169 4451 1188 4485 »
1237 4432 1306 4486 Et
1338 4440 1465 4502 post
1505 4433 1774 4503 exposita,
1820 4451 1942 4504 qua:
1979 4436 2064 4488 in-

2169 583 2358 647 tebat,
2431 583 2644 652 inquit,
2721 584 2883 643 hanc,
2931 582 3099 638 etiam
3152 580 3221 635 ad
3280 580 3418 634 alias
3481 579 3759 634 fortitudi-

2169 675 2254 728 nis
2277 682 2382 728 tuaa
2401 675 2688 744 praclaras
2705 675 2951 729 actiones
2970 673 3215 745 adjungi,
3237 681 3297 726 ut
3315 671 3760 742 religiosissimus

2165 766 2482 836 Christique
2528 768 2740 823 amicus
2785 767 3084 837 imperator
3134 774 3346 830 noster,
3383 780 3548 835 quem
3568 765 3762 820 subdi-

2168 869 2350 915 torum
2387 860 2533 916 bono
2558 861 2744 916 divina
2779 862 2954 932 gratia
2980 860 3240 924 instituit,
3267 875 3366 930 per
3405 860 3762 930 magniﬁcen-

2170 953 2300 1008 tiam
2349 955 2695 1010 vestram-de
2741 953 2897 1009 factae
2940 954 2997 1007 in
3031 969 3133 1007 nos
3174 953 3390 1023 injuria:
3430 952 3760 1022 indignitate

2166 1043 2370 1098 certior
2434 1043 2630 1108 ﬁeret,
2681 1053 2737 1099 et
2780 1045 2927 1115 justa
2982 1044 3102 1114 lege
3156 1043 3333 1113 legem
3385 1058 3496 1097 non
3551 1045 3758 1113 justam

2170 1135 2530 1191 rescinderet.
2557 1156 2574 1187 ι
2603 1137 2671 1190 Ει
2685 1145 2907 1205 postea:
2935 1154 2952 1186 ι
2984 1134 3110 1190 Ηωο
3131 1134 3315 1189 omnia
3337 1133 3761 1204 magniﬁcentia:

2170 1237 2277 1282 tuae
2315 1228 2500 1283 studio
2545 1228 2769 1282 sustulit
2823 1226 3215 1296 serenissimus
3275 1227 3604 1296 imperator;
3655 1241 3760 1297 ego

2168 1335 2303 1375 vero
2345 1335 2573 1389 peccare
2624 1335 2712 1374 me
2757 1328 2928 1384 ratus,
2989 1321 3034 1375 Si
3086 1329 3349 1381 tacerem,
3387 1335 3492 1374 nec
3538 1334 3757 1391 agerem

2169 1413 2392 1484 gratias,
2430 1412 2497 1467 ad
2545 1413 2644 1467 has
2689 1413 3010 1467 scribendas
3055 1428 3178 1468 sum
3222 1412 3517 1476 adductus,
3555 1411 3760 1482 quibus

2172 1506 2606 1577 magnitudinem
2637 1513 2875 1561 vestram
2899 1505 3167 1571 obtestor,
3212 1513 3272 1560 ut
3296 1520 3397 1575 pro
3441 1503 3602 1558 nobis
3633 1503 3757 1558 fau—

2172 1608 2285 1654 stas
2320 1614 2484 1654 voces
2527 1597 2761 1662 deferat,
2811 1607 2928 1652 tum
2958 1598 3156 1652 victori
3201 1597 3518 1667 Christique
3552 1596 3758 1650 amanti

2173 1690 2514 1760 imperatori,
2544 1702 2659 1745 tum
2681 1691 2793 1744 Deo
2821 1689 3194 1744 dilectissimm
3221 1687 3758 1760 religiosissimaeque

2173 1781 2451 1852 Augustae,
2486 1798 2587 1852 pro
2626 1783 2828 1852 quibus
2871 1783 3077 1836 bonum
3115 1781 3406 1836 Dominum
3443 1781 3660 1844 invoco,
3699 1788 3758 1833 ut

2171 1869 2388 1924 ﬁrmum
2422 1871 2557 1942 ipsis
2600 1872 2891 1942 imperium
2923 1871 3218 1936 custodiat,
3254 1869 3401 1941 quod
3435 1879 3490 1925 et
3522 1869 3759 1924 subditis

2169 1964 2468 2019 clementer
2511 1965 2784 2034 proﬁciat,
2834 1975 2891 2019 et
2931 1964 3184 2018 hostibus
3225 1972 3492 2018 terrorem
3525 1962 3754 2034 injiciat,

2168 2055 2644 2126 praestabilemque
2691 2057 2950 2111 omnibus
2998 2071 3190 2127 pacem
3216 2057 3492 2111 conciliet.
3537 2055 3619 2110 Ad
3653 2055 3758 2109 hoc

2167 2148 2333 2202 etiam
2385 2148 2453 2203 ab
2481 2149 2561 2203 eis
2607 2148 2998 2219 postulandum
3035 2148 3357 2219 magnitudo
3395 2156 3578 2202 vestra
3610 2145 3755 2202 ﬁecti

2167 2254 2226 2294 se
2272 2240 2436 2305 sinat,
2484 2250 2545 2295 ut
2570 2239 2829 2295 Ecclesiae
2862 2242 3177 2310 tempestati
3227 2239 3537 2310 perfectum
3590 2239 3756 2293 ﬁnem

2169 2331 2473 2402 imponant,
2517 2341 2574 2386 et
2620 2331 2888 2402 synodum
2947 2331 3107 2402 196
3138 2332 3458 2402 congregari
3502 2331 3756 2402 jubeant,

2169 2440 2278 2479 non
2312 2439 2507 2480 eorum
2548 2424 2770 2489 iterum,
2818 2423 2914 2494 qui
2964 2423 3291 2478 tumultuari
3345 2422 3492 2478 soliti
3535 2422 3759 2477 turbent

2169 2515 2498 2580 concilium,
2553 2514 2648 2570 sed
2705 2515 2800 2584 qui
2859 2530 2982 2568 cum
3033 2515 3218 2584 quiete
3268 2514 3508 2576 illorum,
3544 2513 3639 2583 qui
3675 2513 3758 2567 di-

2167 2609 2296 2664 vina
2325 2617 2453 2663 sunt
2473 2609 2675 2673 edocti,
2701 2617 2757 2662 et
2795 2609 3091 2677 apostolica
3131 2607 3381 2677 dogmata
3405 2605 3755 2669 conﬁrment,

2167 2710 2225 2755 et
2257 2701 2444 2770 spuria
2486 2711 2652 2770 atque
2692 2717 2722 2754 a
2776 2701 3010 2755 veritate
3071 2700 3250 2754 aliena
3296 2698 3570 2769 rejiciant.
3601 2718 3620 2750 ν
3835 2681 3842 2686 ’

2236 2791 2300 2845 ν.
2350 2790 2432 2844 An
2464 2791 2848 2846 'l‘beodorelus
2879 2791 2993 2860 ipse
3024 2790 3284 2860 Augustis
3314 2790 3518 2860 gratias
3561 2790 3781 2858 egerit,

2171 2884 2440 2935 incertum
2481 2890 2599 2947 est;
2641 2889 2852 2935 certum
2890 2879 3272 2942 nihilominus,
3305 2878 3571 2933 obtulisse
3604 2878 3759 2931 libel-

2169 2973 2281 3026 lum
2314 2987 2559 3041 precum.
2615 2971 2753 3026 Nam
2789 2971 2843 3024 in
2870 2970 3106 3025 concilio
3138 2968 3595 3030 Chalcedonensi,
3631 2984 3756 3022 cum

2169 3081 2352 3136 prose
2402 3065 2902 3134 interloqueretur:
2951 3063 3210 3125 «Preces,
3251 3062 3428 3131 inquit
3477 3061 3540 3124 “,
3581 3061 3757 3115 obtuli

2169 3156 2577 3220 sacratissimis,
2599 3165 2655 3210 et
2677 3154 2960 3224 piissimis,
2981 3162 3036 3208 et
3055 3152 3548 3208 Christianissimis
3565 3152 3757 3206 mundi

2169 3248 2428 3313 dominis,
2452 3257 2508 3302 et
2534 3247 2790 3302 enarravi
2819 3262 2939 3316 qua:
2981 3247 3035 3300 in
3067 3261 3152 3300 me
3187 3255 3306 3300 acta
3347 3251 3475 3299 sunt
3506 3245 3758 3309 vulnera,

2167 3352 2224 3396 et
2267 3356 2464 3410 precor
2501 3341 2601 3395 bas
2641 3339 2868 3410 perlegi.
2901 3359 2919 3390 ι

2239 3435 2327 3488 V'l.
2363 3431 2520 3500 Quod
2544 3440 2830 3502 tantopere
2853 3430 3098 3501 optabat,
3131 3429 3184 3483 id
3205 3429 3520 3500 postulante
3543 3442 3762 3482 summo

2168 3524 2427 3596 pontiﬁce
2478 3525 2784 3594 perfectum
2808 3531 2939 3577 est:
2991 3521 3262 3591 imperiali
3310 3520 3584 3590 siquidem
3628 3535 3757 3574 san-

2168 3617 2352 3672 ctione
2399 3615 2607 3670 indicta
2648 3614 2921 3685 generalis
2975 3613 3219 3685 synodus
3256 3613 3449 3668 Nicaaae
3490 3611 3764 3682 Bithynia:

2167 3709 2236 3763 ad
2261 3707 2532 3763 Kalendas
2562 3705 2906 3776 Septembris
2925 3706 3055 3760 anni
3090 3705 3214 3760 451.
3250 3706 3449 3760 Verum
3477 3704 3609 3758 urbs
3647 3718 3761 3758 non

2169 3799 2373 3870 placuit
2407 3798 2600 3868 legatis
2650 3797 2963 3867 apostolica:
2992 3797 3189 3852 sedis:
3235 3812 3407 3866 quare
3462 3795 3530 3849 ab
3582 3795 3756 3864 impe-

2169 3899 2350 3945 ratore
2377 3890 2745 3960 impetrarunt
2772 3889 3102 3943 commutari
3138 3889 3341 3951 locum,
3367 3887 3565 3957 partim
3593 3895 3652 3939 ut
3691 3901 3760 3939 ex

2167 3980 2437 4035 viciniore
2463 3988 2689 4050 possent
2719 3978 2855 4033 certi
2885 3979 3066 4033 nuntii
3092 3979 3246 4034 ocius
3270 3979 3325 4032 in
3359 3979 3550 4032 urbem
3589 3977 3758 4041 mitti,

2167 4071 2367 4142 partim
2403 4078 2464 4125 ut
2513 4069 2778 4140 principis
2837 4069 3221 4138 propinquitas
3278 4068 3541 4123 comitum
3576 4067 3757 4136 impo-

2171 4165 2398 4222 tentiam
2442 4163 2775 4226 contineret,
2832 4169 2889 4215 et
2943 4161 3396 4216 tumultuantium
3453 4159 3761 4215 seditiones

2167 4257 2578 4328 comprimeret.

2239 4349 2352 4406 VII.
2391 4349 2787 4405 Convenerunt
2825 4351 2994 4421 igitur
3044 4344 3448 4403 Chalcedonem
3510 4343 3759 4397 sexcenti

2167 4451 2224 4496 et
2271 4442 2497 4511 triginta
2545 4443 2774 4495 Patres:
2832 4440 3093 4495 convenit
3137 4447 3193 4492 et
3219 4437 3334 4506 ipse
3377 4433 3762 4488 Theodoretus

478 4527 639 4597 digna
665 4541 857 4595 passus
880 4534 1066 4581 esset:
1106 4543 1124 4576 ‹
1147 4523 1575 4594 Magnitudinem
1621 4541 1789 4596 porro
1821 4535 2058 4580 vestram
2095 4535 2136 4588 ί)
2168 4533 2492 4588 nominatim
2559 4533 2862 4588 accersitus
2894 4574 2908 4598 ,
2958 4533 3164 4608 quippe
3217 4529 3310 4599 qui
3372 4525 3652 4598 pontiﬁcia
3701 4534 3762 4580 et

477 4633 598 4681 cro,
646 4627 708 4672 ut
762 4618 967 4688 gratias
1009 4616 1147 4671 meis
1184 4615 1372 4671 verbis
1409 4617 1582 4686 agatis
1614 4617 1818 4672 Christi
1855 4618 2062 4671 amanti

477 4707 785 4777 victorique
844 4707 1187 4777 imperatori,
1238 4715 1295 4762 et
1356 4707 1788 4776 religiosissima:
1841 4709 2063 4778 Deoqne

478 4799 851 4855 dilectissimae
886 4799 1166 4869 Augustae,
1217 4799 1364 4868 quod
1403 4799 1492 4869 pio
1541 4799 1776 4869 imperio
1832 4799 2062 4855 validam

481 4890 723 4946 radicem
759 4891 1015 4946 dederint
1052 4891 1338 4960 pietatem,
1383 4890 1713 4960 illorumque
1755 4890 2062 4960 potentiam

479 4983 740 5045 cxoretis,
798 4989 857 5035 ut
903 4980 1114 5035 ﬁrmam
1169 4979 1432 5036 Ecclesiis
1482 4995 1672 5050 pacem
1724 4979 1953 5046 elﬁeiat,
2009 4993 2066 5037 et

481 5073 750 5144 synodum
803 5073 1122 5145 congregari
1177 5073 1392 5142 jubcat,
1457 5089 1568 5128 non
1613 5074 2068 5136 tumultuantium

483 5182 678 5222 rursus
715 5167 1001 5221 hominum
1049 5165 1142 5235 qui
1191 5175 1522 5220 conventum
1570 5168 1917 5237 perturbent,
1969 5171 2062 5224 sed

481 5259 732 5314 veritatis
760 5258 1064 5313 amantium
1093 5257 1186 5326 qui
1222 5257 1527 5312 doctrinam
1565 5260 1919 5328 apostolicam
1951 5271 2064 5315 sta-

484 5349 700 5412 biliant,
756 5362 1063 5415 novamque
1108 5349 1266 5402 istam
1311 5357 1367 5401 et
1411 5348 1777 5403 adulterinam
1831 5351 2063 5405 haeresin

485 5443 877 5494 extcrmincnt.
911 5461 926 5490 ι

2170 4626 2320 4696 regia
2370 4627 2701 4680 auctoritate
2749 4642 2904 4680 suam
2943 4626 2995 4679 in
3040 4623 3228 4680 sedem
3262 4629 3552 4676 restitutus
3586 4628 3764 4674 esset.

2238 4717 2486 4787 Cumque
2515 4717 2603 4772 die
2629 4719 2663 4771 8
2690 4718 2946 4773 Octobris
2991 4718 3184 4772 Patres
3215 4714 3451 4783 primum
3478 4711 3760 4766 consedis-

2169 4815 2312 4872 sent,
2351 4806 2622 4862 adnﬁssus
2654 4807 2770 4877 ipse
2797 4822 3018 4877 quoque
3053 4814 3138 4860 est
3164 4805 3219 4858 in
3244 4818 3585 4858 consessum.
3620 4801 3761 4854 Rem

2169 4896 2444 4967 quomodo
2480 4906 2630 4967 gesta
2675 4897 2766 4961 sit,
2799 4903 2986 4950 narrat
3011 4911 3079 4949 ex
3101 4894 3240 4949 actis
3277 4891 3496 4946 concilii
3526 4889 3760 4945 Chalce-

2167 4989 2432 5044 donensis
2462 4987 2772 5052 Facundus,
2793 5003 2891 5043 eos
2916 4986 3191 5049 refellens,
3225 4985 3320 5055 qni
3345 4982 3758 5038 Theodoretum

2167 5097 2277 5136 non
2304 5081 2408 5135 nisi
2443 5090 2635 5135 octava
2681 5079 2928 5134 sessione
2967 5077 3266 5132 admissum
3304 5085 3578 5145 putarent.
3618 5091 3636 5122 ι
3688 5074 3761 5126 Et

2167 5171 2446 5242 quomodo
2499 5171 2756 5235 refertur,
2819 5171 3000 5240 inquit
3045 5170 3110 5233 ³⁵,
3164 5169 3216 5221 in
3265 5168 3510 5238 ejusdem
3560 5165 3758 5237 synodi

2167 5264 2361 5334 gestis,
2411 5261 2559 5330 quod
2613 5261 2671 5314 in
2718 5260 2834 5330 ipsa
2893 5261 3068 5330 prima
3112 5270 3326 5316 actione
3373 5257 3760 5312 Thcodorclus

2169 5355 2312 5408 inter
2361 5354 2499 5407 alios
2541 5355 2555 5373 '
2605 5352 2894 5424 episcopos
2944 5353 3108 5417 sedit,
3163 5353 3448 5407 consulatu
3494 5351 3758 5405 Marciani

2172 5445 2428 5515 Augusti,
2479 5460 2574 5498 vm
2624 5443 2752 5498 ldus
2794 5443 3068 5499 Octobris.
3100 5446 3296 5498 Annon
3352 5444 3425 5497 ibi
3461 5443 3757 5497 continen-

1827 5599 2142 5656 SCIIULZII
2181 5598 2410 5656 ΝΟΤᾹΞ.

558 5693 604 5765 ξς
641 5687 773 5765 Vidn.
817 5690 979 5765 1;th,
1020 5693 1179 5762 epist.
1220 5693 1339 5757 158,
1386 5693 1504 5748 HO.
1582 5695 1627 5725 ’³
1654 5692 1776 5748 Vid.
1825 5705 1864 5748 t.
1901 5695 1990 5757 IV,
2029 5710 2066 5748 e‘

2179 5739 2189 5749 .
2239 5695 2361 5749 138.
2439 5697 2484 5729 ”
2513 5697 2687 5765 Epist.
2725 5694 2844 5749 HO.
2924 5693 2964 5723 ⁸¹
2998 5691 3142 5746 Edit.
3169 5690 3354 5765 prior,
3415 5689 3750 5765 utngniﬁrns.

488 5757 795 5832 "Conanti.
844 5757 1205 5829 Potiusfriro
1266 5765 1558 5831 consulari,
1615 5765 1884 5832 ὑπατικῷ.

483 5845 602 5900 cap.
641 5829 695 5884 3.

1993 5768 2038 5798 ³³
2062 5766 2228 5835 Epist.
2305 5768 2422 5824 l39.

2521 5761 2571 5797 δι’
2601 5766 2720 5821 \‘id.
2771 5767 2902 5820 Acta
2960 5778 3115 5818 conc.
3158 5761 3344 5816 Chalc.
3462 5763 3503 5793 ³⁵
3540 5762 3662 5816 Lib.
3695 5776 3751 5824 τ,
