4080 6474
488 392 497 406 ’
538 380 633 447 ibi

1699 385 2079 448 omnem
2110 369 2610 447 DISSERTATIO
2650 386 2700 446 Ι.

3688 377 3783 440 152

536 501 755 570 insuper
800 485 1035 569 epistola
1075 501 1358 553 memorati
1400 501 1723 555 sanctissimi
1753 502 2130 572 archiepiscopi
2159 510 2201 561 Α
2304 497 3128 572 ερίθςιγψαειιιιηιΔ)....έναι-ξρίξαΔ
3157 504 3361 572 μανι-ξεί).
3387 491 3784 572 Leone-litteras

536 590 726 645 Leonis
762 590 1084 660 subscripsit.
1119 590 1275 645 Deest
1301 593 1467 663 igitur
1494 601 1551 645 ut
1584 596 1842 648 sententia
1870 595 2116 665 profera-

537 688 625 733 tur
653 698 685 734 a
722 681 1015 734 reverentia
1046 688 1241 745 vestra,
1280 691 1339 735 ut
1366 679 1661 737 Ecclesium
1691 702 1844 738 suam
1872 688 2113 755 recipiat,

535 775 669 826 sicut
709 782 759 825 et
793 773 1158 826 sanctissimus
1196 773 1299 827 Leo
1356 774 1628 844 episcOpus
1670 776 1949 846 judicavit.

513 864 523 874 '
614 881 632 913 ι
670 864 870 917 Omnes
924 862 1370 918 reverendissimi
1412 865 1654 934 episcopi
1698 866 2114 921 clamaverunt:

538 950 884 1005 Tlteodoretus
932 951 1124 1024 dignus
1163 962 1239 1007 est
1283 956 1422 1018 sede,
1455 953 1692 1009 Ecclesia
1731 964 1997 1026 pastorem
2034 975 2117 1011 re-

535 1043 692 1112 cipiat
726 1045 1113 1099 :orthodoxum
1139 1045 1401 1099 doctorem
1433 1044 1665 1101 Ecclesia
1688 1049 1926 1118 recipiat,
1954 1047 2116 1102 Theo-

536 1135 749 1189 doretus
789 1136 978 1207 dignus
1003 1144 1080 1190 est
1107 1137 1230 1190 sede
1258 1153 1277 1190 :
1312 1137 1703 1207 archiepiscopo
1732 1137 1895 1191 Leoni
1927 1138 2118 1194 multos

537 1238 724 1278 annos.
772 1224 897 1279 Post
929 1225 1094 1279 Deum
1147 1224 1249 1279 Leo
1271 1226 1532 1295 judicavit
1559 1243 1572 1280 :
1615 1226 1842 1297 populus
1871 1230 2119 1283 orthodo-

534 1333 664 1372 πείνη
695 1318 916 1388 recipiat
952 1319 1170 1390 dignum
1205 1333 1305 1372 sua
1347 1322 1488 1371 sede.
1531 1316 1845 1373 Theodoreto
1867 1319 2121 1374 catholico

538 1407 738 1461 doctori
784 1407 1041 1462 reddatur
1076 1408 1335 1462 Ecclesia.

619 1520 635 1547 ι
670 1497 1032 1554 Paschasinus
1077 1509 1136 1553 et
1177 1498 1478 1552 Lucentius
1516 1500 1963 1555 reverendissimi
2001 1503 2118 1571 epi-

542 1590 720 1659 scopi,
755 1596 812 1643 et
831 1589 1146 1644 Bonifacius
1167 1589 1667 1649 reverendissimus
1698 1591 2005 1664 presbyter,
2038 1593 2124 1647 in-

541 1693 705 1747 super
719 1685 775 1731 et
792 1677 1041 1733 Julianus
1057 1677 1551 1749 reverendissimus
1565 1668 1857 1749 episcopus
1871 1680 2119 1746 Coensis,

543 1767 811 1823 habentes
835 1769 1016 1824 locum
1033 1769 1351 1838 apostolicae
1367 1770 1515 1825 sedis
1528 1770 1788 1825 dixerunt
1805 1791 1816 1825 :
1836 1769 2122 1826 Sanctissi-

543 1875 685 1912 mum
701 1868 753 1913 et
782 1859 1131 1915 venerabilem
1152 1862 1449 1933 episcopum
1465 1862 1838 1917 Theodoretum
1857 1867 2124 1919 sanctissi—

544 1965 658 2004 mus
680 1956 729 2002 et
759 1950 1085 2005 beatissimus
1113 1954 1374 2007 universae
1398 1953 1649 2009 Ecclesia:
1685 1956 1955 2026 episcopus
1982 1956 2123 2011 urbis

543 2040 722 2096 Romte
754 2041 855 2096 Leo
908 2042 1111 2098 dudum
1145 2044 1199 2097 in
1229 2047 1650 2100 communionem
1678 2048 1940 2117 suscepit;
1991 2049 2123 2102 sicut

545 2133 735 2187 littera:
772 2134 837 2188 ab
868 2150 926 2188 eo
947 2135 1016 2187 ad
1037 2143 1274 2189 nostram
1304 2135 1657 2191 humilitatem
1686 2137 1899 2191 directe
1927 2145 2126 2192 testan-

480 2238 487 2247 δ
547 2231 654 2276 tur.
687 2219 744 2276 Si
771 2223 933 2293 igitur
955 2224 1117 2291 ﬁdem
1144 2225 1305 2294 199
1326 2225 1659 2290 catholicam,
1684 2229 1818 2280 sicut
1843 2229 2122 2297 promittit,

547 2321 597 2366 et
622 2312 909 2368 secundum
937 2314 1245 2385 prtedictum
1289 2315 1501 2370 beatum
1556 2318 1852 2387 episcopum
1895 2317 2122 2371 subscri-

547 2403 777 2473 ptionem
803 2404 858 2457 in
907 2407 1121 2476 proprio
1152 2405 1328 2459 libello
1357 2406 1567 2471 direxit,
1602 2415 1655 2461 et
1684 2416 1878 2463 nostris
1908 2407 2125 2479 insuper

546 2493 837 2551 humilitati
870 2495 977 2550 alio
1008 2496 1132 2550 dato
1178 2496 1357 2552 libello
1390 2500 1721 2562 monstravit,
1767 2501 2019 2569 quoniam
2076 2507 2126 2551 et

546 2584 847 2640 Nestorium
881 2596 931 2640 et
958 2586 1232 2658 Eutychen
1258 2605 1362 2642 non
1387 2588 1561 2643 solum
1592 2590 1807 2660 scripto,
1842 2589 1932 2643 sed
1960 2596 2010 2642 et
2029 2591 2123 2643 sub

548 2678 827 2746 praesentia
856 2679 1015 2732 totius
1048 2694 1317 2733 consessus
1343 2696 1433 2734 ore
1458 2682 1670 2750 praprio
1701 2681 2123 2734 anathematiza-

549 2769 642 2831 uit,
674 2768 769 2821 hoc
792 2768 996 2838 judicio
1046 2764 1394 2825 “sanctissima
1428 2779 1479 2824 et
1520 2771 1968 2827 venerandissima
1997 2789 2127 2843 syn-

550 2857 700 2923 odus,
733 2860 949 2930 insuper
978 2876 1101 2914 vero
1144 2869 1195 2914 et
1231 2869 1411 2916 nostra
1436 2862 1707 2916 humilitas
1736 2863 1885 2916 reddi
1912 2865 1960 2917 ei
1991 2879 2120 2934 pro-

549 2948 722 3018 priam
757 2947 1046 3003 Ecclesium
1093 2949 1345 3019 deﬁnivit.
1381 2969 1401 3003 ι

619 3038 712 3102 XI.
740 3039 1051 3096 Extremam
1076 3041 1224 3098 hanc
1245 3029 1581 3099 Theodoreti
1628 3044 1820 3099 Patres
1865 3046 2112 3114 compel-

548 3130 961 3225 lantisuvocem,
999 3132 1198 3188 salvete
1222 3174 1236 3198 ,
1286 3134 1629 3205 interpretati
1673 3144 1804 3189 sunt
1838 3132 2116 3189 Severiani
2148 3173 2188 3225 (Σ

551 3221 611 3276 in
640 3221 935 3278 collatione
968 3239 1097 3278 cum
1142 3223 1458 3289 Catholicis,
1489 3225 1718 3295 perinde
1766 3239 1832 3279 ac
1880 3226 1924 3279 si
1978 3233 2125 3279 esset

553 3309 792 3366 hominis
847 3312 1163 3383 impositam
1223 3313 1327 3368 sibi
1375 3313 1775 3369 commutanda:
1841 3312 2128 3368 sententiae

554 3402 935 3458 necessitatem
974 3402 1331 3474 indignantis,
1359 3412 1527 3474 atque
1555 3406 1629 3459 ita
1647 3404 1789 3460 facto
1821 3412 2129 3459 retractan-

555 3493 647 3558 tis,
692 3493 838 3564 quod
873 3495 1044 3551 verbo
1089 3494 1302 3550 diceret
1340 3513 1352 3548 :
1392 3496 1615 3551 aiebant
1662 3496 1810 3551 enim
1844 3510 1971 3549 eum
2003 3509 2129 3547 cum

553 3586 703 3642 dicto
728 3586 1047 3642 discessisse
1098 3603 1130 3641 a
1157 3598 1441 3642 consessu.
1480 3586 1538 3642 Id
1574 3601 1741 3657 porro
1802 3584 2127 3646 aderebant,

559 3686 620 3731 ut
644 3685 891 3733 sanctam
923 3677 1193 3748 synodum
1238 3677 1589 3744 damnarent,
1645 3678 1732 3732 vel
1787 3675 1993 3745 recepti
2050 3686 2132 3729 te-

559 3782 709 3822 mere
737 3767 999 3834 hominis,
1027 3769 1184 3839 cujus
1227 3769 1395 3824 dubia
1426 3777 1591 3838 atque
1617 3768 1784 3822 etiam
1839 3765 1965 3821 ﬁcta
1990 3764 2129 3820 ﬁdes

556 3864 723 3923 esset,
764 3858 852 3913 vel
873 3860 1256 3914 consensionis
1286 3876 1411 3916 cum
1456 3858 1700 3915 Nestorii
1739 3856 2048 3911 fautoribus
2075 3862 2133 3909 et

555 3948 742 4022 Cyrilli
768 3950 1026 4016 inimicis,
1061 3967 1201 4021 quos
1233 3952 1591 4022 suscepisset.

628 4041 785 4110 Quod
807 4043 983 4109 aiunt,
1013 4042 1424 4098 Theodoretum
1458 4039 1783 4096 discessisse
1806 4054 1933 4094 cum
1962 4038 2130 4104 dicto,

558 4134 821 4190 abhorret
857 4149 889 4190 a
938 4151 1109 4190 vero:
1169 4135 1430 4189 abhorret
1474 4131 1663 4198 etiam,
1699 4131 1845 4202 quod
1874 4131 2135 4186 dissimu-

560 4227 741 4281 lanter
764 4225 1073 4296 professum
1109 4225 1517 4281 criminantur:
1562 4238 1687 4277 nam
1735 4214 2014 4279 desertum
2065 4221 2135 4277 ab

559 4332 628 4372 eo
653 4331 763 4372 non
800 4331 919 4371 esse
946 4316 1132 4371 statim
1184 4330 1526 4380 consessum,
1586 4314 1713 4369 inde
1763 4313 2135 4377 concluditur,

562 4407 709 4479 quod
756 4408 962 4464 actioni
988 4425 1076 4463 xiv
1103 4406 1497 4478 subscripserit
1528 4423 1542 4458 :
1576 4406 1793 4460 sincere
1821 4405 2133 4475 professum

560 4518 629 4557 ex
649 4516 717 4556 eo
759 4510 994 4566 constat,
1025 4499 1173 4570 quod
1204 4515 1268 4553 ea
1303 4496 1525 4569 scripsit
1553 4497 1598 4529 ³⁸
1617 4495 1988 4567 postmodum,
2014 4512 2136 4565 qua:
2167 4501 2210 4557 υ

562 4590 914 4663 purissimam
1002 4589 1400 4646 incarnationis
1476 4586 1638 4642 ﬁdem
1729 4586 2131 4642 demonstrent.

565 4680 800 4753 Scripsit
826 4696 962 4737 vero
992 4696 1101 4740 non
1123 4695 1296 4751 pauca
1322 4679 1378 4733 in
1399 4693 1622 4733 secessu
1661 4677 1856 4746 procul
1876 4674 2132 4746 negotiis:

567 4788 748 4843 neque
772 4772 919 4828 enim
950 4770 1173 4826 videtur
1200 4770 1269 4825 ad
1302 4769 1681 4838 episcopatum
1712 4765 1966 4829 rediisse,
1998 4778 2136 4818 con-

570 4872 755 4919 tentus
778 4877 1132 4934 recuperasse
1157 4861 1503 4933 dignitatem,
1526 4872 1690 4926 quam
1732 4862 1928 4925 sponte
1955 4860 2141 4923 posset

569 4954 851 5011 dimittere

1163 5062 1388 5119 CAPUT
1422 5061 1538 5115 XII.

569 5159 611 5214 Ι.
649 5157 995 5212 Theodoretus
1023 5153 1438 5226 postcancilium
1470 5152 1679 5226 recedit.
1720 5150 1833 5226 __ll.
1862 5148 2137 5226 {iecedenti

638 5226 921 5298 Sparacius
949 5218 1169 5298 mandat
1205 5224 1430 5298 scribere
1459 5223 1522 5275 de
1546 5220 1975 5298 lt_a§resibus_._‘llll._
1997 5218 2138 5298 Scri-

642 5288 714 5351 bit
748 5297 977 5367 quinque
1005 5293 1161 5348 libros
1193 5292 1383 5367 callide
1405 5302 1454 5345 et
1480 5290 1785 5367 artiﬁciose.
1812 5289 1903 5367 W_.
1936 5288 2140 5367 Secedit

640 5370 699 5422 in
734 5361 1094 5429 solitudinem,
1123 5378 1216 5417 nec
1244 5364 1465 5417 otiatur.
1492 5362 1554 5417 ν.
1591 5361 1807 5415 Videtur
1846 5362 2144 5431 deposuisse

2297 559 2626 624 uiitissimas.
2678 567 2788 622 VII.
2814 564 2891 621 De
2924 559 3061 620 Aetii
3092 563 3216 624 ﬁde.
3247 562 3382 617 VIII.
3419 559 3610 616 Scribit
3629 561 3783 616 Tlieo~

2295 641 2509 694 doretus
2566 639 2817 693 adversus
2858 636 2916 690 id
2963 632 3104 706 quod
3146 634 3210 687 de
3268 633 3417 706 Aetio
3459 632 3781 702 iactabatur.

2292 710 2380 763 IX.
2403 707 2469 763 Et
2499 708 2905 762 commentarios
2936 703 2991 758 in
3029 703 3425 759 Octateuchum.

2617 798 2694 849 Ab
2719 810 2848 846 attito
2879 793 3063 847 Christi
3087 792 3171 843 ibi
3197 792 3260 843 ad
3286 791 3395 841 458.

2291 911 2331 964 ι.
2361 909 2492 976 Quae
2514 915 2638 977 post
2688 906 2930 961 solutum
2965 901 3260 957 concilium
3309 899 3496 971 gessit,
3537 914 3647 954 non
3682 908 3785 954 tam

2220 1004 2453 1058 fortasse
2476 999 2532 1053 in
2557 998 2797 1052 obscuro
2822 994 3017 1057 latent,
3040 1006 3203 1061 quam
3230 990 3502 1045 Baronius
3541 989 3787 1044 Sirmun-

2220 1094 2435 1161 dusque
2477 1089 2580 1143 rati
2619 1096 2790 1142 sunt:
2821 1099 2949 1138 nam
2987 1094 3044 1138 et
3089 1097 3257 1152 opera
3289 1080 3400 1136 duo
3445 1079 3785 1149 conscripsit,

2221 1176 2690 1252 praestantissimis
2735 1173 3048 1244 quibusque
3077 1169 3361 1241 prioribus
3395 1169 3579 1238 paria;
3611 1177 3668 1222 et
3698 1168 3787 1222 lit-

2224 1283 2367 1327 teras
2399 1269 2553 1325 dedit
2600 1266 2921 1337 accepitque
2972 1262 3098 1317 ﬁdei
3152 1278 3268 1319 sua:
3319 1267 3522 1326 testes;
3573 1267 3631 1313 et
3668 1273 3788 1315 eam

2223 1364 2382 1418 inivit
2411 1360 2682 1417 rationem
2706 1359 2853 1421 vitae,
2903 1369 3011 1425 qua
3039 1351 3343 1423 superioris
3377 1348 3639 1418 temporis
3674 1364 3787 1405 ma-

2222 1454 2375 1510 culas
2396 1452 2710 1519 abstergere
2739 1445 2942 1517 potuit,
2974 1444 3283 1515 dignusque
3308 1440 3564 1507 evadere,
3599 1440 3694 1510 qui
3726 1440 3790 1495 ﬁ-

2223 1559 2348 1600 nem
2384 1542 2500 1596 suis
2534 1537 2708 1593 initiis
2751 1537 2915 1607 plane
2967 1531 3306 1589 admirandis
3352 1546 3656 1602 congruum
3698 1530 3792 1601 ha;-

2223 1637 2408 1691 buisse
2437 1633 2635 1688 merito
2659 1629 2906 1685 creditus
2936 1627 3027 1683 sit.

2292 1729 2487 1786 Statim
2510 1728 2677 1799 igitur
2698 1732 2920 1796 peracta
2944 1720 3175 1795 synodo,
3197 1719 3475 1791 proripuit
3495 1733 3617 1774 sese
3631 1716 3795 1774 Chal-

2156 1847 2196 1900 B
2224 1824 2455 1884 cedone.
2499 1821 2616 1876 sive
2647 1816 2811 1887 200
2825 1814 3113 1870 turbarum
3135 1819 3425 1882 pertaesus,
3449 1824 3586 1880 quas
3606 1808 3795 1880 fugere

2217 1917 2328 1986 jam
2353 1929 2452 1983 per
2480 1911 2679 1965 famam
2708 1907 2943 1963 licebat:
2970 1905 3084 1959 sive
3112 1903 3166 1958 id
3187 1917 3400 1973 passus,
3425 1899 3576 1971 quod
3603 1900 3797 1955 huma-

2224 2006 2375 2059 nitus
2399 2000 2673 2071 contingit
2692 1997 2896 2055 excelsi
2929 1995 3097 2052 animi
3116 1994 3278 2059 viris,
3304 1992 3509 2063 quibus
3529 1991 3670 2046 nihil
3713 1993 3796 2045 in—

2225 2094 2573 2151 tolerabilius
2605 2097 2905 2162 conspectu
2958 2086 3243 2144 hominum
3302 2100 3415 2140 suae
3458 2082 3796 2154 paenitentis:

2231 2187 2475 2243 testium.
2856 2224 2863 2229 .

2292 2278 2357 2331 ll.
2393 2273 2634 2331 Abeunti
2670 2271 2969 2341 Sporacius
2984 2268 3029 2300 "
3059 2308 3074 2334 ,
3109 2280 3255 2324 unus
3292 2264 3361 2320 de
3411 2260 3797 2318 illustrissimis

2218 2367 2520 2438 judicibus,
2545 2371 2601 2420 et
2628 2361 2905 2433 singulare
2927 2357 3260 2415 Theodoreti
3282 2354 3620 2427 praesidium,
3644 2368 3801 2407 man-

2224 2459 2411 2515 datum
2430 2456 2582 2513 dedit
2606 2455 2674 2510 de
2693 2451 3015 2524 explicanda
3043 2449 3430 2505 haereticarum
3450 2444 3796 2505 fabularum,

2223 2558 2494 2621 quotquot
2522 2547 2591 2602 ab
2628 2555 2757 2601 ortu
2794 2542 3053 2599 Ecclesiae
3097 2540 3452 2603 exstiterunt,
3487 2535 3803 2591 diderentia

2223 2640 2563 2710 singulisque
2594 2635 2992 2692 catholicorum
3022 2633 3338 2704 dogmatum
3371 2629 3603 2683 veritate
3630 2642 3807 2697 oppo-

2223 2731 2426 2789 nenda.
2479 2729 2538 2785 Id
2569 2727 2887 2800 eﬂlagitavit
2934 2726 3150 2781 scilicet
3187 2723 3271 2778 vir
3312 2724 3578 2792 optimus,
3621 2720 3723 2776 et‘
3750 2719 3807 2773 in

2225 2826 2418 2896 paucis
2445 2822 2774 2884 catholicus,
2808 2836 2918 2875 non
2947 2826 3056 2873 tam
3085 2817 3223 2888 quod
3246 2823 3481 2887 cuperet,
3506 2821 3568 2867 ut
3606 2810 3810 2866 scribit

2225 2915 2629 2977 Theodoretus,
2646 2913 2800 2977 scire,
2827 2925 2946 2982 quae
2973 2910 3224 2978 utrinque
3260 2915 3411 2960 ecetra
3445 2906 3580 2960 viam
3604 2907 3810 2955 rectam

2227 3014 2434 3061 novate
2467 3006 2573 3058 sint
2595 3004 2814 3066 semitm,
2846 3017 3074 3072 quarum
3103 2999 3225 3068 finis
3250 3006 3322 3052 est
3347 2998 3663 3051 barathrum
3685 3009 3808 3065 per-

2225 3096 2438 3151 ditionis
2460 3136 2475 3158 ,
2519 3108 2683 3163 quam
2710 3099 2773 3145 ut
2793 3089 3145 3145 Theodoreto
3174 3088 3330 3144 daret
3348 3086 3699 3143 occasionem
3723 3089 3807 3137 at-

2225 3203 2331 3257 que
2362 3186 2528 3239 etiam
2558 3182 2946 3238 necessitatem
2996 3179 3124 3236 ﬁdei
3161 3195 3275 3235 suae
3331 3185 3415 3233 tot
3462 3173 3814 3247 argumentis

2225 3275 2543 3350 probandae,
2566 3280 2703 3344 quot
2725 3272 2963 3328 haereses
2990 3269 3317 3342 exponendo
3340 3270 3646 3326 damnaret.

2297 3365 2387 3421 Ill.
2410 3364 2558 3434 Opus
2581 3365 2706 3427 hoc,
2730 3378 2838 3417 non
2864 3361 3195 3417 laboriosius
3227 3375 3393 3430 quam
3422 3358 3809 3421 artiﬁciosius,

2229 3458 2389 3512 libris
2414 3455 2657 3525 quinque
2681 3451 3203 3523 comprehenditur;
3241 3451 3431 3520 ipsum
3462 3463 3596 3504 vero
3623 3447 3813 3502 Theo-

2230 3551 2459 3606 doretus
2500 3548 2847 3605 elucubravit
2874 3560 3021 3600 anno
3038 3545 3166 3609 452,
3224 3542 3322 3600 sed
3376 3541 3553 3597 edidit
3592 3548 3815 3596 tantum

2231 3652 2499 3710 sequente
2534 3657 2547 3693 :
2579 3637 2925 3694 elucubratio
2948 3635 3096 3691 enim
3117 3640 3243 3705 post
3280 3633 3601 3697 concilium,
3639 3630 3817 3687 editio

2232 3742 2355 3804 post
2389 3731 2739 3787 consulatum
2770 3727 3042 3798 Sporacii,
3085 3724 3309 3781 accidit.
3355 3722 3667 3779 Concilium
3710 3737 3819 3776 au-

2233 3832 2342 3878 tem
2385 3823 2473 3877 die
2514 3821 2690 3892 prima
2716 3817 3049 3875 Novembris
3083 3831 3231 3871 anno
3264 3815 3361 3870 451
3424 3814 3640 3868 ﬁnitum
3693 3823 3818 3878 est;

2232 3913 2552 3971 consulatus
2579 3908 2826 3980 Sporacii
2853 3906 3112 3963 Kalendis
3137 3904 3383 3961 Januarii
3415 3918 3559 3957 anno
3591 3902 3704 3959 452
3731 3901 3823 3956 in-

2234 4005 2467 4059 choatus
2496 4010 2601 4057 est.

2305 4092 2663 4149 Laboriosum
2686 4090 2797 4146 dixi
2818 4100 2982 4160 atque
2998 4089 3355 4146 artiﬁciosum
3383 4103 3552 4158 opus:
3573 4092 3827 4156 quantus

2233 4184 2381 4240 enim
2411 4182 2566 4238 labor
2595 4181 2884 4253 ponendus
2901 4179 3004 4234 fuit
3024 4179 3080 4233 in
3102 4177 3423 4235 evolvendis
3448 4174 3831 4245 scriptoribus

2238 4274 2333 4345 qui
2363 4273 2418 4328 in
2461 4273 2614 4327 illum
2659 4285 2834 4341 usque
2887 4269 3034 4324 diem
3087 4268 3372 4325 catholicae
3417 4265 3545 4322 ﬁdei
3591 4279 3831 4322 causam

2237 4374 2430 4422 contra
2481 4363 2721 4418 haereses
2780 4360 3194 4416 defenderant?
3245 4359 3352 4415 Sed
3398 4366 3620 4429 quantae
3682 4356 3833 4410 artis

2239 4466 2363 4512 erat
2385 4458 2451 4520 ⁸ο,
2505 4468 2779 4524 quamque
2810 4451 3039 4518 callidae,
3072 4453 3146 4507 ita
3177 4451 3245 4507 de
3295 4450 3526 4521 singulis
3546 4448 3834 4512 scribere,

2240 4556 2302 4601 ut
2322 4544 2658 4623 quilegeret,
2689 4542 2891 4597 sensim
2920 4542 3039 4596 sine
3070 4557 3237 4598 sensu
3257 4557 3356 4611 per
3381 4555 3439 4595 se
3461 4540 3580 4609 ipse
3610 4537 3838 4593 invidia

2239 4633 2622 4691 consensionis
2649 4648 2774 4688 cum
2811 4632 3086 4688 haereticis
3117 4640 3373 4688 oneraret
3401 4630 3568 4686 unius
3605 4637 3841 4685 natura:

2241 4725 2409 4782 Verbi
2438 4726 2730 4780 incarnatus
2761 4724 3102 4784 defensores,
3142 4722 3408 4777 liberaret
3429 4720 3665 4775 duarum
3694 4734 3839 4788 pro-

2245 4825 2605 4888 pugnatores:
2638 4815 2691 4870 id
2748 4825 2854 4880 est,
2902 4824 2965 4869 ut
3008 4823 3168 4869 erant
3192 4824 3460 4882 tempora,
3519 4818 3617 4865 aut
3669 4818 3842 4864 certe

2240 4907 2431 4977 opinio
2471 4908 2642 4979 vulgi,
2689 4914 2979 4963 accusaret
3000 4904 3287 4977 Cyrillum,
3342 4903 3656 4958 absolveret
3717 4900 3843 4955 Ne-

2241 4997 2504 5051 storiuml

2310 5086 2507 5140 Mirum
2533 5102 2666 5142 vero
2692 5097 2795 5149 est,
2827 5087 3148 5149 discrimen,
3182 5101 3294 5155 quo
3327 5082 3594 5139 catholica
3615 5082 3850 5138 veritas

2243 5179 2313 5233 ab
2359 5177 2624 5233 extremis
2665 5177 2884 5233 duobus
2937 5177 3225 5234 erroribus
3274 5174 3655 5246 distinguitur,
3704 5189 3851 5229 cum

2246 5282 2429 5337 neque
2462 5278 2608 5323 esset
2640 5267 2939 5322 admodum
2972 5277 3161 5333 tenue,
3215 5280 3399 5336 neque
3434 5264 3591 5320 valde
3622 5263 3856 5319 obscu-

2250 5376 2397 5423 rum,
2420 5359 2648 5413 latuisse
2682 5367 2864 5416 tamen
2902 5358 3237 5413 Theodoreti
3272 5359 3503 5421 oculos;
3532 5354 3631 5411 sed
3689 5372 3857 5410 non-

1879 5478 2004 5535 Sl.ZH
2013 5480 2053 5535 U
2066 5479 2186 5533 [.le
2227 5477 2455 5533 NOTAE.

648 5597 692 5628 ³⁸
717 5592 798 5648 Εα
848 5592 1075 5660 scripsit,
1136 5603 1242 5649 etc.
1299 5593 1502 5648 Horum
1558 5594 1844 5647 immemor
1899 5593 2065 5646 fuisse
2118 5589 2338 5660 videtur
2380 5589 2701 5654 Garnerius,
2742 5605 2863 5644 cum
2900 5606 2963 5644 ea
3015 5589 3455 5660 scriberet,_qu:e
3496 5584 3681 5660 capite
3713 5600 3864 5660 pro-

579 5667 726 5719 ximo
749 5662 777 5732 ᾗ
803 5662 857 5732 β,
894 5653 1145 5730 legimus.
1223 5664 1267 5695 ”
1304 5664 1425 5719 Vid.
1460 5664 1619 5718 Prmf.
1661 5663 1757 5716 lib.
1812 5662 2020 5732 liceret.
2046 5661 2151 5731 (ab.
2229 5659 2273 5691 ⁸ο
2300 5659 2555 5732 Quantte,
2583 5653 2693 5732 etc.
2733 5660 3060 5732 MirumAest,
3093 5659 3235 5732 hanc
3261 5653 3502 5732 rabidam
3534 5653 3679 5732 adeo
3718 5653 3863 5732 pla-

581 5722 1075 5795 cuisse'Garne'rio,
1101 5741 1161 5786 ut
1199 5748 1319 5788 eam
1364 5733 1419 5787 in
1457 5734 1588 5787 diss.
1617 5732 1672 5792 2.
1700 5747 1820 5801 cap.
1851 5731 1904 5794 6,
1947 5731 1973 5800 ξ
1999 5722 2057 5795 Ξξ
2089 5722 2334 5798 repetere
2376 5745 2483 5783 non
2530 5729 2879 5784 dubitaverit.
2916 5728 3085 5794 Quam
3114 5728 3289 5783 aliena
3324 5727 3393 5781 sit
3420 5741 3451 5780 a
3478 5722 3593 5779 veri
3616 5722 3861 5792 specie,

582 5802 790 5874 lttigius
818 5802 1017 5870 aliique
1047 5801 1252 5859 dudum
1282 5803 1605 5875 probarunt.

3999 358 4005 373 ’
4016 362 4020 419 5

4013 572 4020 607 Ι

4016 663 4020 681 ς

4016 754 4020 787 l

4017 848 4019 879 1

4017 938 4019 959 l
