2040 3234
169 185 216 219 153
741 181 922 212 HISTORIA
941 181 1194 213 THEODORETI.
1728 183 1780 216 154
1803 206 1807 208 .

168 239 230 267 dum
238 239 367 265 exuet-nt
388 238 477 262 totum
500 233 568 261 iiiud
583 241 718 261 venenum
743 233 943 261 incredibiliter
959 235 978 261 Α
995 238 1086 266 cutus,
1099 235 1172 269 quod
1190 234 1254 261 olim
1270 235 1416 263 Sabiniano
1432 238 1584 271 gratulatus
1604 242 1663 265 erat
1673 238 1705 269 “,
1716 245 1779 265 cum

169 283 272 315 subtile,
290 279 362 317 quod
382 287 460 308 amor
482 279 575 315 gioriaa
603 284 632 306 et
659 280 777 314 superba
799 279 941 306 hominum

169 327 309 358 terentia
322 332 376 354 non
389 333 454 353 raro
466 324 600 353 suﬂundit
613 335 619 352 :
633 325 659 352 id
669 325 741 360 (ιιιοᾱ
754 325 844 352 adhuc
858 326 944 352 haere—

169 375 220 408 lnt,
243 379 364 402 sesamo!
391 371 420 399 in
443 371 650 402 monasterium,
678 370 773 405 procul
799 371 941 397 hominum

169 418 310 454 colloquiis,
326 417 470 450 discussit;
484 423 540 444 non
553 420 642 443 tamen
658 420 746 443 totum
759 421 881 451 repente,
894 416 941 443 sed

170 464 290 502 pautatim
313 471 364 498 per
382 467 477 498 partes
493 471 500 488 :
527 462 596 489 adeo
614 462 668 489 alte
694 462 831 489 insederat
851 462 942 488 animo

171 509 324 540 Theodoreti
351 508 490 544 cupiditas
503 508 606 543 gloriae,
632 516 685 542 qua
700 508 781 535 vellet
802 507 876 534 credi
893 514 941 541 po-

171 555 246 585 misse
260 553 390 591 Cyrillum
402 553 554 581 Orientalis
568 554 698 581 Ecclesia:
713 553 844 580 eximium
869 553 938 580 anti-

171 601 250 630 itilem
266 598 409 628 abhaaresi
432 598 594 634 Apollinarii
619 598 654 625 ad
678 599 758 625 fidem
780 598 941 625 catholicam

170 646 329 682 mpcllere.

199 691 280 726 Man
302 689 363 718 hac
386 697 470 716 causa
487 689 549 721 fuit,
571 697 622 717 cur
642 697 802 723 nunquam,
827 696 859 716 ex
887 697 942 724 quo

171 734 273 770 primum
286 737 419 768 ceperat,
433 733 575 761 destiterit
601 734 729 761 insectari
753 734 871 768 capitula
886 743 892 760 :
909 742 941 761 ea

173 780 241 816 201
252 780 321 808 enim
338 780 547 815 impugnatione
573 784 704 814 perpetua
729 780 890 807 effecturum
912 787 941 806 sc

175 825 289 861 sperabat.
307 829 341 853 ut
353 833 431 853 suam
449 833 545 853 omnes
559 825 587 852 in
602 826 726 853 doctrina
747 826 940 856 constantiam,

174 870 250 907 Gyrilﬂ
260 871 484 903 inconstantiam,
497 871 665 905 alteramque
675 871 790 897 alterius
799 871 940 897 victricem

172 918 344 950 mulcerent.
371 915 430 942 Nec
445 921 509 942 eum
529 922 578 942 sua
592 922 655 949 spes
672 915 769 942 fefellit
783 924 789 940 :
809 915 942 950 siquidem

170 958 275 995 «pilai:
296 965 327 988 et
345 953 407 990 suis
432 963 462 987 et
489 960 686 987 catholicorum
708 960 842 994 pluribus,
861 961 943 987 etiam

171 1005 350 1038 sanctissimis,
376 1009 504 1041 suspecta
519 1013 580 1033 esse
599 1005 752 1041 persuasit;
773 1010 857 1039 atque
880 1006 943 1033 inde

169 1051 267 1084 Muli,
281 1056 312 1080 ιιι
326 1052 363 1080 de
379 1052 447 1087 ipsis
457 1052 551 1079 nullus
566 1052 649 1079 fuerit
662 1060 751 1087 neque
764 1052 834 1079 inter
845 1053 942 1080 incun-

169 1095 414 1124 dmlcdesiarum
425 1104 531 1131 pacem,
546 1105 635 1131 neque
652 1097 680 1124 in
695 1098 813 1125 concilio
827 1098 943 1126 Chalce-

167 1141 281 1174 laeui,
291 1149 386 1178 neque
398 1142 425 1169 in
438 1142 535 1177 quinta
550 1142 666 1178 synodo,
675 1143 728 1170 nisi
744 1151 775 1170 ex
788 1144 942 1176 occasione,

184 1231 235 1260 "N.
247 1231 409 1268 Gijumodi
433 1232 518 1260 fuerit
535 1233 691 1260 secedenlis
707 1234 837 1265 solitudo,
851 1239 944 1261 narrat

167 1277 318 1314 ipsimi
340 1286 506 1306 meonomo:
525 1289 534 1304 ε
554 1279 630 1311 Mihi,
652 1280 785 1314 inquit",
798 1285 876 1314 grata
900 1284 943 1307 est

167 1323 244 1359 glies,
255 1327 283 1352 et
295 1324 358 1351 vita
371 1325 448 1351 curis
472 1324 576 1357 libera;
593 1330 739 1359 propterea
761 1333 826 1352 sane
841 1331 869 1352 et
882 1334 943 1352 mo-

167 1366 267 1397 lliter“
283 1369 437 1396 atriensem
451 1369 563 1404 januam
591 1369 726 1401 obstruxi,
749 1374 777 1397 et
792 1371 942 1397 amicorum

166 1414 364 1449 “passiones
390 1414 493 1441 devito.
509 1424 518 1440 ι
544 1414 616 1447 Quin
643 1416 726 1442 etiam
749 1423 764 1442 a
790 1416 944 1443 scribendis

170 1455 262 1492 “ﬁl,
278 1459 456 1494 edendisque
476 1460 504 1487 in
516 1460 657 1494 publicum
673 1461 837 1488 tractatibus
860 1462 944 1488 absti—

170 1509 227 1533 III'
240 1507 391 1537 statuerat,
408 1513 445 1533 ne
463 1505 529 1540 quid
551 1508 681 1533 avocaret
696 1506 816 1533 animum
840 1515 869 1534 se
887 1507 942 1534 frui

167 1551 297 1585 "Heli,
307 1555 342 1579 et
348 1558 443 1579 rerum
455 1550 610 1579 divinarum
618 1551 692 1579 sitim
704 1552 812 1586 explere
821 1552 940 1581 avidum:
957 1567 978 1595 ο

166 1602 212 1624 uel
224 1597 284 1625 ideo
294 1597 393 1625 tamen
405 1597 533 1632 deposuit
545 1605 654 1625 omnem
665 1599 757 1634 gregis
768 1607 876 1631 curam;
895 1599 942 1626 sed

164 1645 190 1671 ut
202 1644 469 1672 mimonasterium
482 1650 567 1678 prope
576 1642 690 1679 Cyrum,
708 1644 744 1670 ita
762 1644 876 1671 vacabat
888 1645 944 1671 sin-

163 1688 317 1724 golinebus
325 1689 520 1724 providendis,
536 1689 631 1716 saltem
643 1690 804 1724 majoribus.
817 1697 900 1724 quam
913 1695 944 1717 ut

163 1741 176 1761 ι
189 1733 395 1771 clior-episcopis
419 1734 539 1767 duobus,
563 1734 679 1770 Hypatio
700 1740 728 1762 et
745 1735 884 1766 Abramio,
901 1737 943 1772 agi

162 1782 273 1813 pissent.

191 1825 291 1854 V.Non
310 1830 417 1854 temere
432 1830 522 1854 tamen
538 1827 673 1862 quispiam
688 1827 836 1861 putaverit,
848 1828 939 1854 Theo-

161 1870 278 1899 doretum
289 1871 422 1899 abdicato
430 1871 590 1907 episcopatu
603 1873 720 1899 alterum
731 1872 783 1899 sibi
797 1881 812 1900 e
824 1873 942 1904 duobus,

161 1917 298 1953 Hypatium
313 1918 434 1950 scilicet,
458 1918 644 1951 substituisse,
663 1926 748 1954 seque
769 1923 855 1946 totum
874 1919 943 1946 scri-

161 1963 251 1992 luendis
265 1963 360 1997 libris,
385 1968 433 1992 aut
448 1965 607 1999 repetendis
631 1964 723 2000 potius
739 1966 862 2000 pristime
880 1966 944 1992 vitae

161 2008 286 2044 religiose
295 2010 546 2038 exercitationibus
557 2010 678 2037 dedisse.

190 2054 263 2083 lianc
272 2056 435 2091 opinionem
451 2056 550 2083 suadet
563 2057 693 2091 primum,
707 2057 780 2091 quod
796 2057 941 2091 episcopa-

161 2102 200 2126 tus
212 2099 293 2127 adio
307 2107 339 2128 se
357 2100 457 2132 teneri,
482 2101 579 2127 saltem
603 2101 695 2128 studio
711 2108 766 2127 non
789 2100 939 2127 admodum

158 2143 233 2178 sici,
247 2152 319 2181 sape
329 2150 448 2173 testatus
465 2147 502 2173 sit
517 2147 557 2179 “;
577 2153 664 2181 eaque
678 2146 761 2173 animi
774 2146 882 2172 afIcctio
895 2146 944 2172 dc-

160 2189 317 2221 boeritesse
329 2196 411 2223 tunc,
433 2199 496 2219 cum
510 2197 604 2220 essent
629 2192 787 2219 turbulenta
807 2196 942 2226 tempora,

159 2236 346 2265 Vehementior
370 2241 454 2272 atque
469 2237 616 2264 efﬁcacior.
635 2237 711 2264 Adde
734 2236 808 2271 quod
833 2236 942 2263 Maximi
961 2232 981 2259 D

158 2281 501 2318 Antiochenipatriarchm,
516 2290 599 2318 quem
615 2282 762 2310 Dioscorus
776 2282 864 2310 hostis
877 2290 944 2309 suns

159 2329 325 2362 prafecerat,
338 2329 487 2356 amicitiam
500 2329 590 2356 colere
600 2337 655 2356 non
668 2329 747 2356 facile
761 2334 863 2363 posset.
873 2328 942 2361 Quid

158 2372 227 2409 quod
241 2374 396 2410 provincia:
410 2375 532 2411 synodis,
551 2382 566 2402 a
577 2375 678 2409 quibus
692 2375 788 2402 abesse
801 2382 855 2401 non
876 2374 943 2401 lice-

159 2419 204 2448 bat
224 2421 377 2456 episcopis.
397 2428 461 2448 cum
487 2421 618 2448 tractoria
646 2424 820 2450 vocarentur,
848 2424 944 2454 optan-

159 2463 222 2493 dum
240 2472 298 2494 non
323 2462 384 2493 erat
406 2466 541 2493 interesse
559 2465 673 2498 homini,
693 2466 736 2492 cui
754 2465 818 2492 inde
841 2469 944 2492 structa

159 2510 220 2539 ﬁlim
241 2511 333 2539 fuel-at
347 2512 440 2547 gravis
461 2512 623 2544 accusatio;
650 2516 678 2538 et
701 2511 745 2538 cui
761 2511 947 2538 tribuerentur

160 2561 249 2592 porro,
263 2561 380 2591 propter
397 2556 544 2584 collectam
569 2564 602 2584 ex
623 2556 704 2591 longo
727 2556 896 2590 opinionem,
919 2556 942 2582 si

160 2607 218 2634 qua
229 2601 328 2630 ﬁerent
338 2602 367 2629 in
379 2602 413 2630 iis
426 2603 470 2629 vel
483 2602 600 2637 imperio
614 2602 656 2629 vel
672 2602 800 2629 Ecclesiae
813 2602 917 2635 ingrata
935 2610 941 2626 :

159 2644 216 2674 ﬁeri
230 2653 298 2675 vero
322 2647 402 2682 plura
417 2647 538 2682 proclive
561 2652 630 2679 erat,
656 2647 800 2674 commotis
825 2647 914 2673 adlmc
930 2654 944 2672 a

159 2692 261 2720 meanti
283 2694 466 2722 contentioue
481 2694 590 2720 animis.
630 2693 742 2720 Videtur
759 2693 841 2720 etiam
859 2693 884 2719 id
904 2701 944 2719 se-

194 2773 208 2788 ¹¹
222 2769 246 2798 ll
262 2769 328 2798 Cor.
342 2779 372 2803 ιι,
382 2771 429 2802 28,
444 2770 488 2797 29.

996 280 1157 307 invidiosam
1169 281 1329 308 cathedram
1352 282 1517 317 reliquisset.
1534 283 1658 317 Denique
1678 283 1705 310 id
1726 291 1780 310 non

995 326 1111 353 obscure
1126 327 1182 361 ipse
1198 327 1298 359 innuit,
1325 335 1386 354 cum
1403 328 1563 362 praefaretur
1575 329 1602 355 in
1614 329 1781 363 posteriores

995 371 1156 398 Octateuchi
1179 374 1409 406 commentarios;
1427 374 1572 409 Hypatium
1600 375 1673 402 enim
1688 375 1781 409 operis

995 417 1162 451 suscipiendi
1176 418 1345 445 incentorem
1365 419 1401 445 ita
1422 420 1569 454 compellat
1588 420 1636 447 filii
1657 421 1779 452 nomine,

994 467 1107 496 propter
1118 468 1237 495 aetatem,
1251 469 1279 491 ut
1296 465 1489 492 auctoritatem
1505 465 1627 493 revereri
1644 465 1779 498 videatur,

993 512 1105 541 propter
1118 508 1286 543 dignitatem.

1030 552 1073 578 Vl.
1086 553 1115 580 In
1130 553 1182 580 hoc
1192 561 1301 580 secessu
1317 554 1424 588 accepit
1435 554 1457 570 δ’
1475 562 1489 581 a
1512 560 1606 582 sancto
1627 555 1718 583 Leone
1736 556 1781 583 lit-

995 603 1075 629 teras,
1092 598 1194 632 quibus
1219 599 1341 633 pontifex
1357 607 1479 626 amorem
1505 601 1531 626 in
1545 601 1717 635 gratulando,
1733 609 1781 636 pa-

995 647 1102 669 ternum
1119 643 1247 670 affectum
1258 644 1285 670 in
1299 644 1481 675 exhortando,
1497 646 1687 672 auctoritatem
1700 646 1780 680 202

995 689 1021 715 in
1042 689 1139 715 dandis
1163 690 1298 717 mandatis
1314 691 1443 717 ostendit.
1463 690 1621 717 Gratulatvir
1634 692 1704 718 tria:
1724 692 1781 725 pri-

995 741 1079 766 mum,
1093 734 1235 761 victoriam
1248 735 1282 761 de
1296 735 1458 762 Nestoriana
1472 735 1623 769 impietate,
1635 736 1781 772 Eutychia—

997 787 1031 805 na
1065 780 1186 810 vesania,
1213 780 1292 806 hoste
1318 780 1466 812 Dioscoro;
1485 780 1611 812 alterum,
1641 781 1781 816 dignitatis

994 825 1197 852 restitutionem
1208 828 1214 833 '
1225 825 1335 852 concilii
1361 826 1496 852 sententia
1510 827 1518 836 '
1547 826 1681 853 firmatam
1695 836 1702 859 ;
1726 831 1782 854 ter-

995 868 1075 897 tium.
1089 876 1144 895 sua:
1159 869 1279 904 epistolae
1306 869 1438 897 adversus
1450 871 1671 898 contradicentes
1687 871 1781 898 defen-

960 906 979 932 Β
995 914 1099 941 sionem
1114 915 1170 941 sive
1182 915 1392 949 carpes-itionem.

1031 961 1190 987 Vchcmenti
1204 961 1330 988 oratione
1344 961 1471 988 hortatur
1491 961 1525 988 ad
1551 961 1630 988 ﬁdem
1654 961 1780 996 apertius

995 1007 1023 1033 in
1038 1010 1178 1041 posterum
1201 1006 1386 1041 libentiusque
1400 1006 1590 1041 proﬁtendam,
1604 1013 1684 1040 quam
1701 1005 1782 1032 fecis—

995 1058 1037 1081 set
1054 1054 1187 1080 hactenus
1204 1061 1259 1088 praa
1274 1053 1393 1080 Nestorii
1407 1061 1501 1080 amore
1514 1052 1635 1079 nondum
1650 1051 1782 1078 radicitus

994 1099 1099 1125 evulso.
1118 1098 1211 1133 Neque
1226 1098 1298 1125 enim
1314 1098 1435 1133 pontifex
1459 1102 1518 1125 erat
1539 1097 1658 1128 nescius,
1677 1100 1780 1130 quanta

994 1143 1067 1170 foret
1079 1143 1130 1170 hac
1147 1143 1174 1169 in
1188 1147 1265 1178 parte
1286 1143 1452 1171 Theodoreti
1477 1143 1630 1174 inﬁrmitas.
1644 1150 1780 1178 quamque

994 1193 1087 1223 egeret
1107 1188 1249 1216 roborari:
1267 1196 1351 1223 quare
1374 1188 1407 1216 ad
1421 1188 1448 1215 id
1473 1188 1692 1223 persuadendum
1707 1188 1781 1222 quod

995 1234 1161 1267 consuleret,
1174 1234 1286 1261 adducit
1300 1234 1422 1262 Dioscori
1444 1235 1611 1268 exemplum.
1629 1242 1710 1269 quem
1739 1235 1781 1261 sui

994 1280 1126 1315 Eutychis
1137 1288 1214 1307 amor
1225 1284 1321 1316 egerat
1335 1280 1362 1308 in
1378 1289 1509 1316 princeps.
1529 1290 1538 1307 ‹
1555 1281 1640 1313 Licet,
1657 1280 1781 1315 inquit",

995 1331 1042 1353 tua
1059 1326 1229 1358 fraternitas,
1251 1326 1339 1353 solido
1368 1326 1431 1353 cibo
1447 1326 1565 1357 ﬁrmata,
1593 1326 1636 1353 his
1659 1325 1783 1360 indigere

995 1371 1108 1398 minime
1123 1372 1269 1405 videatur;
1293 1376 1397 1403 tamen,
1413 1376 1453 1404 ut,
1467 1372 1539 1406 quod
1555 1371 1642 1398 nostri
1660 1370 1713 1398 loci
1729 1375 1782 1402 cst,

995 1418 1159 1451 impleamus
1178 1418 1251 1444 circa
1265 1425 1359 1444 vocem
1378 1418 1495 1445 dicentis
1504 1417 1625 1451 Apostoli
1636 1420 1648 1434 ιι
1662 1425 1668 1442 :
1684 1416 1785 1443 Pra’ter

994 1470 1037 1494 ea,
1044 1470 1102 1497 qua:
1109 1463 1269 1489 extrinsecus
1276 1467 1346 1495 sunt,
1355 1463 1485 1489 instantia
1491 1471 1548 1489 mea
1555 1462 1720 1493 quotidiana,
1730 1461 1784 1488 sol-

995 1508 1102 1535 licitudo
1116 1509 1232 1534 omnium
1246 1508 1423 1534 Ecclesiarum
1433 1516 1442 1539 ,'
1451 1508 1509 1542 quis
1523 1508 1687 1540 inﬁrmatur,
1699 1510 1723 1532 et
1737 1513 1783 1540 ego

996 1562 1048 1580 non
1060 1553 1202 1587 inﬁrmor?
1224 1553 1281 1587 quis
1297 1552 1506 1583 scandalizatur,
1524 1555 1548 1578 et
1569 1559 1615 1585 ego
1626 1559 1679 1577 non
1693 1559 1755 1577 uror
1772 1551 1784 1576 .’

994 1598 1046 1625 hoc
1058 1598 1195 1632 pracipue
1213 1597 1339 1632 praasenti
1361 1596 1505 1623 occasione
1527 1595 1665 1622 credimus
1687 1594 1783 1621 admo-

994 1643 1125 1671 nendum.
1139 1643 1222 1669 frater
1236 1642 1406 1673 cliarissimc,
1421 1645 1451 1668 ut
1462 1640 1680 1675 quotiescunque
1691 1639 1784 1667 divina

993 1690 1079 1725 gratia
1095 1689 1313 1719 administrante,
1327 1688 1388 1714 illos
1399 1687 1445 1722 qui
1460 1687 1527 1713 foris
1543 1690 1618 1717 sunt,
1637 1685 1713 1712 fonte
1733 1684 1784 1712 do-

994 1737 1089 1763 ctrina:
1105 1740 1151 1763 aut
1167 1734 1370 1770 submergimus
1384 1738 1430 1760 aut
1446 1740 1605 1767 purgamus,
1622 1732 1650 1758 in
1664 1731 1741 1758 nullo
1749 1731 1784 1758 ab

994 1782 1060 1815 illis,
1071 1789 1139 1816 quas
1152 1781 1271 1815 Spiritus
1282 1779 1368 1807 sancti
1381 1778 1510 1806 divinitas
1526 1778 1554 1804 in
1565 1776 1783 1804 Chalcedonensi

994 1827 1111 1854 concilio
1138 1826 1264 1861 protulit,
1292 1825 1354 1852 ﬁdei
1383 1825 1484 1860 regulis
1512 1822 1682 1854 recedentes,
1712 1822 1785 1849 inter

995 1876 1143 1906 utrumque
1156 1871 1262 1898 hostem
1275 1871 1389 1898 novellae
1408 1869 1529 1905 perﬁdiae
1551 1875 1707 1896 sermonem
1731 1875 1782 1894 no-

995 1922 1081 1945 strum
1098 1925 1160 1943 cum
1180 1917 1255 1944 omni
1270 1916 1377 1943 cautela
1394 1916 1527 1942 libremus
1543 1923 1549 1941 :
1564 1923 1619 1941 non
1630 1915 1697 1949 jam,
1711 1914 1784 1948 quod

995 1963 1080 1990 absitl
1096 1967 1226 1997 tanquam
1239 1962 1273 1989 de
1286 1961 1378 1988 dubiis
1394 1961 1589 1995 disceptantes,
1601 1960 1649 1987 sed
1662 1959 1784 1987 auctori-

995 2013 1050 2035 tate
1065 2015 1181 2039 summa,
1194 2015 1255 2042 qua;
1265 2007 1334 2034 bene
1345 2006 1457 2034 deﬁnita
1469 2010 1542 2037 sunt,
1555 2009 1719 2032 astruentes.
1735 2014 1745 2029 ›

1029 2052 1169 2080 Pontiﬁcis
1195 2052 1286 2079 adhuc
1308 2052 1343 2079 de
1366 2051 1526 2078 inﬁrmitate
1543 2050 1711 2077 Theodoreti
1736 2057 1784 2076 su-

995 2099 1081 2134 spicio
1092 2107 1126 2126 ex
1141 2099 1186 2125 his
1201 2105 1311 2125 rursum
1325 2097 1497 2124 manifestius
1522 2099 1636 2130 apparet
1649 2103 1656 2122 :
1677 2104 1686 2120 ι
1705 2094 1784 2122 Unde

996 2149 1049 2176 hoc
1061 2154 1172 2182 quoque
1191 2155 1242 2174 nos
1259 2151 1353 2174 contra
1377 2146 1472 2173 hostes
1485 2145 1614 2173 Ecclesia:
1640 2143 1784 2179 providere

996 2194 1161 2230 condignum
1175 2198 1226 2225 est,
1249 2199 1280 2220 ut
1298 2193 1339 2220 eis
1362 2192 1465 2219 nullam
1491 2189 1677 2219 calumniandi
1702 2197 1783 2216 occa-

997 2241 1112 2271 sionem,
1133 2238 1206 2273 qnod
1219 2238 1252 2265 ad
1265 2245 1314 2264 nos
1327 2238 1435 2266 attinet.
1454 2236 1565 2271 penitus
1580 2234 1783 2269 relinquamus;

997 2293 1048 2312 nec
1073 2291 1193 2319 unquam
1217 2287 1312 2310 contra
1341 2281 1519 2309 Nestorianos
1538 2284 1586 2307 aut
1601 2279 1785 2315 Eutychianos

996 2334 1117 2364 agentes,
1134 2328 1228 2355 alteris
1239 2335 1334 2355 eorum
1347 2327 1488 2353 videamur
1505 2329 1579 2360 terga
1593 2325 1724 2351 vertisse:
1737 2323 1784 2350 sed

997 2379 1126 2409 utrosque
1140 2374 1240 2401 Christi
1254 2373 1348 2399 hostes
1367 2379 1444 2406 aequa
1461 2372 1538 2398 lance
1563 2370 1681 2397 vitemus
1703 2374 1785 2403 atque

997 2419 1175 2450 damnemus;
1194 2418 1230 2444 ita
1245 2422 1276 2444 ut
1290 2425 1348 2449 eos,
1361 2416 1471 2451 quoties
1489 2415 1658 2442 audientium
1672 2418 1786 2449 quanta-

998 2465 1065 2491 libet
1081 2463 1292 2498 poscitutilitas,
1311 2470 1373 2489 cum
1392 2461 1567 2497 dogmatibus
1583 2467 1679 2487 eorum
1703 2459 1785 2494 digno

998 2510 1169 2537 anathemate
1186 2508 1390 2544 promptissime
1412 2512 1494 2541 atque
1510 2505 1715 2534 evidentissimc
1744 2504 1784 2531 fe-

1000 2557 1101 2583 riamus
1115 2565 1121 2582 :
1144 2563 1178 2582 ne
1201 2555 1223 2582 si
1239 2556 1291 2582 hoc
1303 2563 1318 2581 a
1336 2554 1415 2582 nobis
1432 2557 1480 2580 aut
1495 2553 1641 2580 obscurius
1671 2550 1729 2577 ﬁeri
1745 2551 1785 2576 vi-

993 2601 1090 2628 deatur
1108 2606 1155 2627 aut
1171 2600 1286 2631 tardius,
1301 2604 1413 2634 putetur
1426 2598 1552 2625 invitum.
1563 2595 1641 2629 Quod
1660 2594 1784 2630 quamvis

994 2646 1165 2680 prudentiam
1188 2649 1262 2672 tuam
1277 2652 1321 2671 res
1334 2644 1391 2678 ipsa
1404 2642 1553 2670 admonere
1566 2638 1691 2670 sufﬁciat,
1709 2646 1784 2666 nunc

997 2698 1086 2719 tamen
1100 2696 1128 2718 et
1154 2691 1341 2725 experimenta
1357 2688 1520 2715 docuerunt.
1545 2685 1598 2713 Sed
1621 2683 1784 2712 benedictus

830 2824 990 2853 SCIlULle
1008 2825 1123 2853 NOTAE.

194 2883 314 2920 "Epist.
329 2886 388 2914 tto.
426 2885 448 2901 δ’
465 2885 551 2920 Epist.
567 2886 650 2914 16.4.:
663 2886 733 2913 Iren.
772 2885 795 2901 δι
811 2885 895 2919 Epist.
916 2886 944 2912 ιθ

1013 2886 1035 2901 ⁸⁸
1050 2885 1153 2920 Αιτιπίι
1180 2884 1250 2916 \id.,
1267 2890 1286 2909 ι.
1304 2882 1347 2913 ιν,
1372 2890 1397 2916 p.
1428 2881 1495 2909 H93
1510 2888 1568 2915 seq.
