4080 6474
495 335 598 401 155

1611 333 1991 394 GARNERII
2029 331 2528 397 DISSEBTATIO
2566 337 2615 397 ἰ.

3653 332 3751 396 156

496 449 640 501 Deus
675 453 886 509 noster,
927 446 1084 516 cujus
1137 442 1473 498 invincibilis
1527 444 1752 507 veritas,
1800 442 1870 496 ab
1915 440 2065 495 omni
2099 444 2142 499 Α
2172 439 2322 495 illum
2359 442 2583 499 heresis
2627 449 2914 497 auctorum
2943 441 3187 511 potentia
3208 440 3557 505 deterritum,
3610 441 3753 497 blas-

493 537 770 592 haereseos
837 536 1049 591 macula
1103 536 1369 590 mundum
1427 543 1500 599 te,
1566 534 1871 589 secundum
1925 532 2073 588 sedis

495 627 808 698 apostolicae
822 625 1053 697 judicia,
1075 625 1493 689 demonstravit,
1522 625 1608 679 cui
1643 624 1861 694 dignam
1908 622 2072 677 retri-

496 719 634 774 bues
647 735 746 789 pro
775 728 855 773 tot
886 718 1170 773 laboribus
1192 718 1445 789 gratiam,
1471 720 1516 774 si
1552 720 1716 774 talem
1742 727 1815 781 te,
1854 716 2070 786 qualem

494 810 852 880 probavimus
882 825 945 863 ac
962 809 1282 879 probamus,
1311 826 1409 880 pro
1437 810 1769 865 universalis
1816 809 2073 864 Ecclesia:

496 899 812 955 defensione
839 901 1166 956 servaveris.
1197 922 1214 953 ι

563 993 636 1048 Ut
671 992 947 1048 efﬁcacius
1006 1009 1175 1063 porro
1212 993 1354 1049 foret
1404 994 1540 1049 tanti
1574 1003 1793 1065 tamque
1838 993 2075 1049 amantis

495 1085 695 1140 medici
743 1086 1073 1151 remedium,
1113 1087 1272 1157 203
1322 1086 1535 1142 addidit
1575 1087 1916 1150 mandatum,
1961 1101 2072 1156 quo

497 1176 1151 1247 Theodoretumjuberet
1185 1177 1484 1233 identidem
1519 1177 1587 1233 ad
1624 1178 1811 1233 sedem
1847 1187 2071 1246 aposto-

496 1264 654 1320 licam
682 1264 910 1330 referre,
939 1282 1048 1336 quo
1069 1274 1213 1321 statu
1237 1267 1418 1322 forent
1443 1284 1532 1323 res
1566 1268 1847 1333 Ecclesiae,
1874 1283 2073 1338 quam-

494 1372 602 1426 que
628 1356 745 1426 ipse
777 1365 1002 1412 navaret
1040 1373 1264 1428 operam
1310 1359 1680 1429 exstirpandis
1715 1358 2073 1415 Nestoriano-

493 1465 615 1505 rum
635 1457 693 1505 et
722 1450 1190 1522 Eutychianorum
1216 1453 1482 1523 reliquiis.
1511 1453 1778 1508 Latebant
1801 1453 2070 1523 siquidem

494 1540 551 1594 in
577 1542 946 1607 monasteriis,
982 1545 1459 1614 erumpebantque
1502 1544 1756 1608 subinde,
1786 1543 2073 1600 monachis

494 1631 563 1686 ad
603 1634 868 1702 populum
896 1636 1375 1699 concionantibus,
1409 1652 1549 1706 quos
1572 1636 1735 1692 silere
1760 1635 1919 1707 jubet
1935 1636 2069 1701 Leo,

493 1724 740 1792 quandiu
799 1741 908 1780 non
955 1726 1160 1781 fuerint
1207 1728 1274 1782 ad
1312 1729 1761 1800 presbyterorum
1818 1726 2070 1783 ordinem

491 1815 692 1869 evecﬁ.

566 1905 676 1959 VII.
716 1905 866 1960 Haec'
893 1905 1067 1961 sancti
1116 1906 1395 1977 pontiﬁcis
1444 1908 1757 1967 exhortatio
1801 1909 1952 1975 fecit,
1987 1918 2069 1977 ut,

488 2009 658 2064 quam
715 1995 1101 2051 Theodoretus
1157 1998 1380 2053 silentio
1432 1999 1774 2056 obruendam
1818 2000 2069 2071 putabat,

489 2086 558 2139 de
610 2086 987 2143 incarnatione
1032 2091 1392 2159 quaestionem
1434 2099 1696 2147 tractaret
1731 2092 2068 2164 diligentius,

490 2176 616 2230 data
639 2178 927 2233 occasione
962 2179 1126 2244 Aetii,
1164 2180 1463 2252 ederetque
1489 2199 1602 2239 sua:
1635 2183 1761 2239 ﬁdei
1782 2184 2068 2255 publicum

488 2267 905 2325 documentum.
963 2271 1098 2325 Nam
1130 2287 1239 2342 quo
1285 2282 1533 2345 tempore
1568 2275 1950 2331 ereticarum
1988 2276 2072 2347 fa-

488 2356 739 2411 bularum
764 2358 923 2414 libris
954 2361 1199 2430 quinque
1220 2364 1617 2433 componendis
1634 2380 1856 2435 operam
1882 2366 2067 2431 dabat,

489 2457 586 2502 aut
610 2462 804 2503 recens
853 2465 994 2519 opus
1026 2450 1356 2518 absolverat,
1401 2454 1824 2509 archidiaconus
1856 2455 2066 2520 Aetius,

488 2547 550 2592 ut
584 2538 871 2595 hominum
908 2541 1049 2597 fama
1100 2553 1237 2608 erat,
1276 2560 1480 2599 novum
1520 2545 1781 2615 quiddam
1836 2547 1891 2600 in
1927 2548 2067 2601 urbe

484 2645 656 2685 ausus
675 2639 760 2686 est
780 2632 1066 2702 proferre;
1095 2636 1241 2704 quod
1266 2644 1324 2690 ut
1359 2638 1633 2693 refellere!
1664 2638 2064 2704 'l'hcodoretus,

487 2719 687 2774 silendi
715 2723 1057 2791 propositum
1085 2725 1236 2779 velut
1273 2726 1601 2798 injuriosum
1645 2728 1891 2793 Christo,
1950 2739 2069 2783 tan-

487 2811 661 2880 tisper
692 2811 1084 2868 inﬁectendum
1120 2825 1272 2871 ratus
1292 2826 1396 2872 est.

559 2901 691 2956 Rem
731 2903 804 2957 ita
836 2904 952 2972 ipse
971 2913 1162 2961 narrat
1183 2906 1266 2961 “z
1307 2927 1324 2959 ι
1357 2908 1649 2979 Postquam
1676 2918 1869 2966 contra
1897 2927 2065 2967 evan-

483 2993 714 3063 gelicam
772 2994 937 3050 ﬁdem
988 3012 1077 3052 res
1122 3012 1293 3053 novas
1345 2999 1555 3054 moveri
1591 2999 1781 3065 didici,
1818 3001 2064 3070 periculo

479 3099 672 3140 carere
719 3085 999 3142 silentium
1029 3104 1140 3143 non
1181 3090 1460 3146 existimo.
1498 3092 1714 3147 Etenim
1741 3093 1786 3148 si
1846 3095 2061 3149 mortali

2174 532 2450 602 phemiam
2504 533 2789 605 indulgere
2841 534 3095 605 tempori.
3154 534 3445 604 Postquam
3473 544 3655 588 autem
3683 535 3749 599 is,

2174 621 2267 690 qui
2293 622 2723 693 blasphematur,
2754 624 3063 694 increpavit
3090 632 3282 678 ventos
3307 635 3363 678 et
3392 640 3560 687 mare,
3577 626 3750 695 jacta-

2176 712 2352 781 tisque
2385 712 2651 768 Ecclesiis
2682 718 2698 734 ‘
2746 715 3201 785 tranquillitatem
3246 713 3438 777 dedit,
3495 723 3552 769 et
3607 724 3751 769 terra

2176 805 2423 875 marique
2454 806 2832 875 apostolorum
2889 807 3095 875 ubique
3143 806 3523 876 promulgatur
3553 805 3752 875 praedi-

2177 896 2351 961 catio;
2387 912 2618 967 ecquem
2663 899 2842 952 locum
2887 898 3052 953 habet
3105 897 3491 966 blasphemia?
3535 897 3752 954 Etenim

2172 1003 2277 1043 nec
2305 988 2417 1053 isti,
2453 989 2550 1058 qui
2602 1004 2769 1043 unam
2807 990 2989 1045 carnis
3034 988 3450 1059 divinitatisque
3502 997 3751 1043 naturam

2172 1095 2433 1149 perverse
2478 1079 2641 1152 ΞΜ
2672 1097 2821 1135 nunc
2861 1080 3257 1136 ecclesiaSticis
3292 1079 3642 1151 dogmatibus
3670 1080 3751 1134 in-

2174 1178 2384 1236 serunt,
2413 1170 2695 1226 Christum
2729 1172 3021 1226 Dominum
3071 1171 3283 1225 laudari
3336 1178 3554 1235 vetant;
3587 1178 3752 1240 atque

2174 1263 2282 1319 hoc
2311 1262 2471 1318 facile
2497 1271 2582 1317 est
2625 1278 2691 1318 ex
2740 1263 2829 1327 iis,
2872 1264 2968 1333 qui
3010 1262 3165 1317 illinc
3200 1262 3509 1327 redierunt,
3549 1278 3752 1333 cogno-

2174 1371 2328 1412 scere
2362 1373 2375 1409 :
2409 1355 2704 1426 oportebat
2723 1363 2909 1410 autem
2933 1355 3109 1418 illum,
3140 1354 3235 1424 qui
3271 1353 3453 1409 ordini
3495 1364 3749 1423 praeesset

2172 1448 2572 1513 ecclesiastico,
2600 1447 2842 1502 divinam
2865 1463 3028 1503 nosse
3062 1447 3426 1516 Scripturam,
3451 1466 3469 1497 ι
3500 1455 3609 1500 etc.

2243 1540 2469 1595 Mentita
2491 1547 2577 1595 est
2613 1539 2901 1595 hominum
2938 1539 3081 1593 fama
3106 1538 3175 1594 de
3200 1537 3360 1593 Aetio
3392 1537 3513 1590 viro
3560 1544 3751 1587 caum-

2171 1631 2292 1686 licze
2345 1630 2494 1695 ﬁdei,
2541 1639 2602 1685 ut
2650 1637 2871 1686 sanctus
2912 1629 3024 1684 Leo
3072 1629 3318 1698 loquitur
3345 1628 3410 1682 ³⁷.
3459 1627 3553 1681 llle
3601 1626 3750 1678 enim

2173 1729 2400 1790 propter
2416 1720 2763 1776 sanctitatem
2791 1727 2849 1775 et
2871 1718 2998 1775 ﬁdei
3051 1718 3447 1789 integritatem,
3499 1732 3530 1771 a
3558 1728 3754 1771 sancto

2102 1807 2146 1864 Β
2175 1811 2418 1869 Sisinnio
2449 1811 2684 1882 primum
2726 1811 2780 1865 in
2817 1812 3025 1866 clerum
3067 1809 3340 1879 ascriptus
3389 1815 3474 1862 est
3501 1849 3516 1871 ,
3550 1806 3752 1861 deinde

2172 1921 2204 1960 a
2240 1913 2434 1961 sancto
2454 1904 2651 1960 Proclo
2697 1904 2878 1959 factus
2900 1904 3189 1967 diaconus,
3213 1910 3402 1972 postea
3434 1916 3463 1955 a
3491 1899 3753 1955 Flaviano

2172 2004 2412 2068 martyre
2434 2011 2580 2052 unus
2600 1994 2940 2050 notariorum
2975 1994 3029 2048 in
3053 2009 3216 2048 causa
3243 1992 3509 2064 Eutychis
3545 1991 3755 2046 consti-

2173 2095 2360 2143 tutus:
2392 2102 2519 2142 mox
2559 2087 2616 2141 in
2644 2085 3079 2143 Chalcedonensi
3132 2084 3393 2149 concilio,
3420 2100 3546 2138 cum
3602 2090 3753 2139 esset

2170 2180 2513 2236 notariorum
2535 2178 2905 2250 primicerius,
2943 2192 3059 2233 rem
3082 2176 3368 2233 catholicae
3392 2175 3516 2231 ﬁdei
3548 2175 3751 2230 adver—

2171 2287 2265 2327 sus
2288 2272 2609 2327 Dioscorum
2643 2268 2888 2325 studiose
2922 2269 3219 2339 promovit,
3270 2276 3326 2322 et
3353 2267 3524 2322 sancti
3550 2266 3755 2321 Leonis

2169 2362 2462 2432 epistolam
2522 2377 2632 2416 non
2659 2367 2872 2415 tantum
2905 2359 3158 2429 exposuit
3201 2357 3601 2416 dubitantibus,
3648 2356 3749 2410 scd

2169 2455 2336 2509 etiam
2386 2442 2652 2507 adversus
2730 2451 3116 2521 impugnantcs
3165 2448 3431 2503 defendit.
3499 2446 3751 2515 Denique

2170 2551 2488 2598 constanter
2511 2541 2830 2597 adversatus
2860 2548 2944 2595 est
2990 2538 3330 2595 Nestorianis
3353 2537 3519 2592 simul
3556 2545 3612 2592 et
3632 2537 3751 2590 Eu-

2172 2633 2484 2704 tychianis;
2524 2631 2620 2686 sed
2655 2629 3014 2702 Eutycbianis
3040 2629 3295 2692 maxime,
3324 2644 3464 2698 quos
3488 2626 3753 2682 Ecclesia:

2166 2723 2786 2793 Constantinopolitame
2825 2722 3077 2777 insidiari
3111 2721 3343 2777 sentiret
3372 2738 3384 2772 :
3436 2728 3603 2790 atque
3627 2719 3752 2774 haec

2167 2832 2331 2873 causa
2351 2815 2582 2883 exstitit,
2639 2830 2740 2869 cur
2759 2812 3034 2877 Anatolio,
3068 2811 3206 2867 foris
3248 2810 3549 2874 catholico,
3596 2809 3754 2863 intus

2166 2910 2531 2983 Eutychiano,
2567 2909 2778 2963 invisus
2803 2906 3001 2971 fuerit;
3032 2921 3139 2960 cur
3178 2904 3309 2959 item
3351 2918 3451 2973 per
3504 2900 3750 2972 speciem

2167 3000 2401 3056 honoris
2418 3014 2530 3055 non
2561 3006 2673 3052 tam
2701 2997 2759 3052 in
2780 2996 3168 3068 presbyterum
3196 3004 3419 3050 creatus
3440 2993 3532 3057 sit,
3573 3008 3747 3063 quam

2167 3090 2237 3147 de
2268 3088 2645 3145 archidiaconi
2679 3087 2854 3159 gradu
2893 3087 3175 3158 dejectus;
3209 3101 3308 3139 cur
3344 3084 3529 3139 ablata
3574 3083 3752 3138 tutius

483 3189 614 3245 rege
650 3164 851 3249 injuria
886 3195 987 3250 per
1021 3182 1237 3251 aliquos
1269 3182 1486 3248 aﬂ‘ecto,
1522 3201 1634 3239 non
1677 3184 1744 3240 iis
1776 3185 1941 3241 modo
1966 3186 2063 3255 qui

2168 3176 2429 3234 Ecclesia;
2501 3153 3130 3244 Constantinopolitanae
3229 3171 3706 3227 administratione
3730 3209 3750 3236 ,

483 3264 742 3337 injuriam
780 3269 1049 3335 fecerunt,
1076 3273 1172 3328 sed
1195 3274 1261 3330 iis
1292 3275 1457 3331 etiam
1481 3277 1576 3346 qui
1607 3284 1910 3348 praesentes
1938 3294 2064 3334 cum

2165 3269 2543 3326 cmmeterium
2580 3266 2989 3338 procurandum
3030 3265 3338 3335 acceperit;
3370 3279 3470 3320 cur
3504 3263 3750 3333 denique

482 3368 691 3424 essent,
743 3361 1041 3433 injuriosos
1087 3367 1315 3422 minime
1386 3369 1733 3440 repulerunt,
1784 3370 2066 3442 impendet

2167 3362 2485 3434 dispensatio
2542 3363 2698 3415 totius
2738 3375 2914 3415 causa:
2953 3368 3003 3413 et
3061 3374 3205 3413 cura:
3259 3356 3624 3412 ecclesiastica:
3688 3358 3751 3411 in

483 3451 828 3520 periculum;
856 3470 1019 3525 quam
1057 3472 1275 3527 poenam
1305 3475 1416 3515 non
1449 3461 1650 3516 merito
1688 3461 2062 3527 sustinebunt,
2116 3508 2123 3513 _
2163 3453 2432 3509 Andream
2486 3452 2942 3522 Eutychianiuam
2987 3459 3201 3521 repente
3248 3448 3516 3505 translata
3560 3450 3650 3504 sit.
3683 3449 3748 3503 Id

481 3542 579 3611 qui
607 3543 788 3601 illatas
808 3545 865 3601 in
891 3546 1061 3602 Deum
1086 3558 1143 3603 et
1164 3549 1505 3608 Salvatorem
1531 3563 1782 3608 nostrum
1808 3555 2064 3625 blasphe-
2164 3545 2418 3615 (ἰυθτίιιιτ
2443 3544 2486 3576 ⁸⁸
2511 3544 2656 3614 θρυά
2698 3543 3085 3613 ίῐηρετθῑθτθῐη
3136 3541 3470 3597 Μιλτοίθηυῐη
3504 3540 3746 3597 PulChe'

482 3635 623 3690 mias
668 3644 1025 3694 contemnere
1061 3655 1170 3695 non
1210 3642 1505 3698 dubitant?
1554 3643 1655 3699 Hic
1682 3660 1771 3700 me
1805 3646 1970 3702 timor
2002 3648 2058 3702 in

481 3742 723 3796 praesens
749 3728 990 3784 scribere
1021 3732 1309 3801 compulit,
1362 3743 1418 3789 et
1439 3734 1844 3802 demonstrare,
1875 3753 1998 3808 qua
2030 3754 2059 3794 a

480 3816 765 3872 nonnullis
794 3817 1042 3873 innovari
1073 3822 1329 3891 cognovi.
1355 3823 1507 3878 Multi
1538 3824 1710 3890 enim,
1745 3836 1807 3881 ut
1835 3829 2060 3898 quidam

479 3904 772 3972 affirmant,
817 3908 875 3963 in
930 3910 1069 3965 urbe
1123 3913 1354 3983 jactant,
1388 3914 1534 3982 quod
1572 3916 1910 3989 presbyteris
1934 3921 2060 3990 qui-

479 3995 711 4052 busdam
738 4001 1052 4066 orantibus,
1087 4012 1144 4058 et
1174 4005 1412 4059 orationi
1439 4006 1662 4062 solitum
1700 4008 1863 4064 ﬁnem
1886 4026 2060 4081 appo-

478 4087 761 4154 nentibus,
787 4088 1234 4160 dicentibusque,
1253 4091 1378 4147 aliis
1398 4094 1645 4163 quidem,
1676 4097 1806 4167 quia
1839 4106 1891 4152 te
1914 4098 2060 4152 decet

476 4178 650 4250 gloria
680 4189 730 4234 et
759 4179 1028 4237 Christum
1053 4190 1224 4247 tuum,
1256 4192 1304 4237 et
1329 4195 1570 4241 sanctum
1586 4196 1737 4243 tuum
1756 4187 2058 4259 Spiritum;

477 4270 599 4326 aliis
615 4287 766 4334 vero,
797 4275 974 4343 gratia
1006 4282 1055 4327 et
1078 4275 1401 4345 benignitate
1430 4275 1626 4333 Christi
1670 4280 1768 4343 tui,
1801 4296 1921 4333 cum
1955 4296 2058 4351 quo

2163 3638 2415 3707 riamquc
2442 3638 2741 3706 Augustam
2790 3634 2902 3689 Leo
2932 3634 3198 3703 pontifex,
3227 3634 3429 3691 litteris
3467 3650 3532 3690 ea
3581 3634 3649 3689 de
3682 3651 3746 3689 re

2162 3728 2412 3800 Opilione
2437 3728 2662 3782 consule
2689 3724 3039 3794 conscriptis.

2233 3821 2369 3876 Vill.
2394 3820 2596 3874 Verum
2618 3816 3118 3888 quomodocunque
3159 3817 3378 3872 tandem
3405 3815 3549 3871 Aetii
3576 3831 3747 3871 causa

2161 3929 2222 3969 se
2254 3910 2529 3974 habuerit,
2565 3908 2915 3964 occasionem
2946 3916 3099 3963 certe
3122 3906 3473 3962 Theodoreto
3500 3907 3744 3976 aperuit.

2161 4005 2230 4060 ad
2263 4003 2425 4058 ﬁdem
2478 4017 2633 4056 suam
2665 4000 2735 4055 de
2775 3998 3153 4054 incarnatione
3195 3998 3356 4053 Verbi
3410 3997 3745 4063 testandam,

2160 4097 2477 4165 librumque
2498 4093 2774 4149 edendum
2802 4110 2814 4146 :
2844 4090 3077 4161 (utinam
3098 4090 3311 4161 integer
3329 4089 3397 4144 ad
3422 4105 3526 4145 nos
3546 4105 3746 4160 perve-

2159 4186 2416 4258 nisset!)
2451 4200 2582 4257 quo,
2629 4183 2902 4239 mandatis
2950 4183 3153 4239 summi
3226 4181 3509 4253 pontiﬁcis
3571 4182 3746 4237 obse-

2160 4291 2342 4345 cutus,
2363 4278 2745 4336 Nestorianam
2773 4276 3134 4346 impietatem,
3157 4274 3546 4344 vesaniamque
3568 4273 3748 4345 Euty-

476 4370 529 4414 te
544 4362 688 4415 decet
714 4361 889 4433 gloria
921 4380 1040 4418 cum
1066 4373 1249 4419 sancto
1276 4373 1364 4420 tuo
1393 4365 1636 4439 Spiritu;
1663 4369 1939 4425 mandarit
1973 4386 2060 4426 sa-
2161 4374 2419 4430 chianam
2447 4372 2530 4427 sic
2561 4366 2883 4433 declinavit,
2918 4376 2981 4422 ut
3006 4366 3207 4430 media,
3252 4364 3306 4419 id
3332 4372 3438 4428 est,
3471 4364 3744 4420 catholica

478 4453 861 4523 pientissimus
884 4456 1330 4524 archidiaconus,
1354 4475 1465 4515 non
1490 4469 1750 4530 oportere
1773 4461 2056 4517 Christum
2092 4502 2138 4558 D
2159 4465 2248 4520 via
2278 4463 2541 4519 incedens
2564 4463 2791 4518 doceret
2811 4460 3084 4531 exemplo,
3110 4458 3387 4515 neminem
3407 4472 3616 4520 errare,
3645 4473 3744 4527 qm

476 4544 685 4609 dicere,
711 4545 807 4613 sed
861 4547 1217 4619 Uuigenitum
1247 4551 1594 4622 gloriﬁcare;
1629 4551 1776 4622 quod
1811 4552 2059 4623 quidem,
2093 4544 2134 4558 ”
2162 4556 2444 4611 Christum
2487 4571 2584 4611 ore
2601 4555 2749 4611 Petri
2777 4555 3097 4625 loquentem
3143 4559 3430 4622 sequatur.
3499 4569 3513 4600 ι
3546 4550 3743 4613 Nemo.

478 4637 523 4691 si
547 4653 737 4691 verum
763 4648 871 4705 est,
894 4655 1114 4697 omnem
1137 4652 1362 4713 superat
1385 4643 1611 4699 modum
1638 4643 1956 4713 impietatis.
2000 4663 2018 4695 ι
2162 4648 2365 4719 inquit,
2389 4648 2557 4703 alium
2584 4646 2897 4717 quempiam
2923 4645 3090 4701 stulte
3115 4652 3271 4715 putet
3291 4641 3574 4698 Christum
3597 4657 3741 4703 esse.

546 4729 887 4799 lmpietatem
939 4733 1213 4803 ejusmodi
1286 4734 1542 4790 confutat
1588 4735 1875 4805 pluribus,
1933 4736 2065 4790 hinc
2162 4755 2326 4812 quam
2368 4740 2564 4794 Filium
2600 4738 2987 4809 unigenitum;
3023 4750 3205 4805 neque
3249 4749 3352 4788 nos
3383 4733 3748 4803 sapientiores

482 4837 717 4877 exorsus
744 4840 758 4876 :
803 4841 822 4875 ι
861 4823 971 4879 Aut
998 4825 1139 4881 duos
1167 4826 1223 4880 in
1253 4825 1422 4880 Filios
1449 4825 1649 4880 dividit
1674 4840 1843 4880 unum
1872 4826 2063 4880 Domi-
2164 4831 2404 4902 Spiritus
2429 4831 2603 4902 gratia
2628 4829 3007 4885 existimemus
3036 4841 3178 4890 esse,
3208 4824 3305 4881 sed
3333 4839 3589 4895 magnum
3638 4825 3743 4878 Pe-

474 4928 608 4967 num
641 4922 891 4968 nostrum
915 4916 1101 4971 Iesum
1124 4916 1430 4979 Christum,
1457 4925 1514 4970 et
1535 4917 1890 4987 Unigenitum
1922 4906 2061 4987 rqui-

2167 4933 2310 4979 trum
2350 4922 2638 4978 audiamus
2664 4922 2990 4976 clamantem
3019 4937 3032 4973 :
3071 4918 3146 4973 Tu
3200 4934 3252 4971 es
3287 4916 3543 4977 Christus.
3576 4913 3744 4969 Filius

474 5004 600 5060 dem
647 5006 951 5083 legitimum
992 5018 1151 5079 putat
1205 5023 1328 5063 esse
1358 5008 1556 5063 Filium
1611 5019 1668 5065 et
1722 5010 2054 5073 naturalem.
2159 5015 2440 5071 Deiviui".
2474 5013 2778 5069 Audiamus
2830 5019 2889 5065 et
2933 5010 3213 5065 Christum
3261 5008 3555 5064 Dominum
3604 5024 3743 5061 eun-

471 5095 750 5152 Christum
778 5114 916 5153 vero
945 5099 1265 5169 adoptivum
1309 5109 1368 5154 et
1393 5101 1625 5156 nothum
1656 5142 1670 5164 ,
1725 5118 1790 5159 ac
1823 5102 2058 5174 proinde
2159 5108 2455 5166 fessionem
2489 5107 2633 5161 hanc
2659 5104 3077 5159 conﬁrmantem
3111 5121 3122 5157 :
3153 5100 3326 5172 Super
3357 5102 3494 5156 hanc
3534 5108 3745 5171 petram

469 5188 760 5259 indignum
795 5188 1196 5260 gloriﬁcatione
1231 5207 1246 5257 ;
1282 5200 1378 5246 aut
1427 5191 1851 5251 insolescentem
1905 5209 2058 5251 nunc
2160 5198 2432 5268 aediﬁcabo
2467 5195 2757 5250 Ecclesium
2790 5210 2985 5257 meum,
3017 5202 3064 5246 et
3096 5201 3262 5263 porta:
3295 5192 3455 5261 inferi
3476 5207 3578 5245 non
3603 5206 3743 5260 prrs-

474 5281 705 5336 hteresin
733 5281 984 5337 stabilire
1010 5292 1261 5339 conatur.
1283 5285 1360 5342 Ac
1388 5285 1636 5356 quidem,
1671 5288 1716 5341 si
1759 5287 1879 5342 dira
1913 5297 2054 5343 tem-
2157 5287 2406 5343 valebunt
2460 5286 2711 5338 adversus
2766 5299 2883 5336 eam
2907 5292 2953 5334 P.
3035 5280 3248 5337 Idcirco
3303 5279 3745 5350 sapientissimus

474 5383 656 5441 pestas
678 5372 1044 5438 incumberet,
1083 5377 1460 5446 suspicaretur
1498 5379 1730 5436 fortasse
1755 5379 2052 5451 quispiam,
2158 5379 2382 5443 Paulus,
2413 5396 2430 5427 ι
2463 5384 2572 5430 etc.
2627 5374 2797 5430 Paulo
2832 5385 2959 5430 ante
3006 5373 3240 5439 dixerat,
3279 5372 3426 5428 unde
3458 5372 3742 5429 videretur

538 5535 572 5573 Ρ
605 5527 797 5582 Matth.
827 5543 929 5580 ivi.
963 5528 1044 5583 16.
1124 5541 1150 5581 P
1179 5531 1311 5588 ibid.
1342 5533 1424 5587 -l8.

1807 5644 2127 5702 SCIIULZII
2170 5643 2400 5699 ΝΟΤΑΞ.

548 5749 598 5784 ⁸⁸
627 5750 824 5821 Inquit.
878 5751 1021 5811 Loco
1055 5756 1237 5813 citato.
1320 5764 1360 5790 "“
1390 5761 1560 5831 Epist.
1607 5764 1719 5817 liti.
1800 5761 1844 5794 ³⁷
1872 5761 2045 5830 Epist.
2082 5761 2169 5815 57.
2245 5759 2288 5792 ⁸⁸
2315 5759 2460 5814 Loco
2489 5758 2582 5812 cit.
2661 5757 2701 5787 θ’
2731 5757 2902 5827 Epist.
2942 5756 3059 5811 HG.
