4080 6528
277 385 386 451 157

1470 399 1834 463 HISTORIA
1867 405 2358 468 THEODORETI
2370 457 2380 468 .

3481 406 3580 472 158

271 509 612 566 retractare,
649 517 772 572 qua:
809 503 1069 559 acerbius
1096 504 1165 560 ad
1195 505 1474 562 decimum
1503 509 1691 582 Cyrilli
1719 523 1885 583 caput
1915 522 1957 574 Α
1989 518 2235 586 Augusto
2254 517 2322 583 ",
2369 517 2462 587 qui
2493 531 2720 588 regnare
2755 517 2920 586 coepit
2948 531 3096 570 anno
3123 517 3255 580 £57;
3295 517 3440 572 unde
3467 521 3582 572 col-

273 590 414 648 olim
459 591 738 648 eﬂ'uderat
773 613 786 648 :
833 593 1092 651 Christus
1139 599 1446 667 appellatus
1476 613 1580 667 est,
1615 611 1877 674 tanquam

277 683 496 755 Spiritu
519 699 718 740 sancto
737 687 1049 743 secundum
1079 689 1360 746 hominem
1380 703 1600 760 unctus,
1627 705 1682 751 et
1699 697 1878 753 factus

277 776 532 845 pontifex
559 785 752 833 noster
777 787 834 834 et
871 780 1180 849 apostolus,
1215 783 1377 854 205
1403 795 1460 840 et
1495 787 1786 856 propheta,
1823 799 1878 845 et

279 881 394 922 rex.
463 868 645 924 Moses
712 871 862 924 enim
915 871 1138 927 divinus
1187 874 1348 946 longe
1404 887 1534 932 ante
1567 879 1873 936 clamabat:

281 956 604 1028 PrOphetam
631 960 772 1013 vobis
793 961 1070 1015 suscitabit
1097 961 1356 1018 Dominus
1381 965 1522 1021 Deus
1544 967 1605 1021 de
1622 969 1877 1038 fratribus

283 1051 487 1114 uestris,
521 1051 660 1102 sicut
677 1066 760 1103 me
783 1059 830 1103 ιι.
855 1049 925 1104 Et
947 1049 1169 1107 divinus
1197 1053 1369 1108 David
1403 1056 1737 1112 vociferatus
1769 1069 1872 1122 est,

283 1139 748 1196 dicenszlnravit
779 1141 1064 1206 Dominus,
1117 1151 1166 1197 et
1223 1161 1330 1198 non
1377 1148 1644 1216 paenitebit
1699 1166 1816 1204 eum
1854 1170 1872 1205 .-

283 1231 356 1284 Τιι
393 1247 448 1283 es
497 1231 748 1286 sacerdos
821 1235 878 1286 in
932 1242 1216 1301 veternum,
1278 1239 1567 1292 secundum
1635 1242 1875 1297 ordinem

279 1323 686 1378 Melchisedcc'.
739 1325 1157 1398 Coniirmatque
1227 1331 1576 1400 prophetiam
1655 1334 1876 1392 divinus

274 1417 594 1485 Apostolus,
668 1426 726 1472 et
771 1418 975 1475 iterum
1001 1423 1078 1476 ait
1137 1440 1150 1477 :
1203 1423 1466 1479 Habentes
1529 1443 1654 1498 ergo
1699 1433 1874 1500 ponti-

273 1507 430 1576 ﬁcem
469 1527 744 1581 magnum,
780 1514 873 1582 qui
922 1519 1222 1584 penetrauit
1261 1519 1436 1582 cwlos,
1466 1519 1646 1574 Iesum
1677 1520 1873 1578 Filium

279 1601 404 1666 Dei,
443 1611 708 1658 teneamus
745 1606 1134 1675 confessionem
1157 1615 1200 1662 ι.

357 1694 447 1750 I-X.
477 1697 626 1752 Hune
653 1697 908 1753 laborem
933 1699 1325 1770 excepitalius,
1357 1715 1583 1774 rogante
1615 1707 1870 1780 Hypatio,

283 1785 598 1856 mterisque
633 1788 1024 1855 familiaribus,
1069 1793 1300 1858 veritis,
1361 1811 1430 1850 ne
1475 1813 1601 1853 cum
1652 1799 1872 1857 infirmo

1980 608 2071 680 ligi
2099 619 2300 678 potest,
2349 625 2529 680 neque
2573 610 2761 664 statim
2797 608 3091 664 aconcilio
3132 607 3574 664 Chalcedonensi

1981 700 2204 764 obiisse,
2233 702 2378 771 quod
2404 701 2582 756 visum
2613 709 2696 755 est
2730 699 3044 764 Sirmondo,
3064 714 3242 768 neque
3269 707 3396 768 post
3423 698 3576 752 initia

1981 790 2184 844 Leonis
2203 789 2552 860 imperatoris
2581 789 2941 858 superfuisse,
2969 787 3117 857 quod
3147 787 3271 841 aliis
3290 785 3581 856 placitum.

1981 882 2132 936 Facit
2173 881 2444 936 adversus
2469 880 2822 936 Sirmondum
2849 881 2902 934 id
2934 880 3122 944 etiam,
3147 879 3294 948 quod
3325 877 3580 932 Theodo-

1981 979 2134 1025 retus
2179 971 2346 1024 fuerit
2379 971 2562 1026 adhuc
2603 969 2658 1023 in
2705 969 2847 1024 vivis
2875 969 2964 1024 die
2993 969 3060 1022 10
3095 968 3244 1024 Junii
3281 967 3412 1022 anni
3443 967 3574 1032 455,

1979 1079 2089 1132 quo
2119 1073 2364 1132 tempore
2407 1063 2622 1116 litteras
2677 1060 2746 1114 ad
2797 1077 2922 1116 eum
2964 1069 3188 1115 sanctus
3225 1059 3338 1114 Leo
3384 1058 3574 1116 dedit:

1978 1153 2110 1209 facit
2155 1163 2349 1209 contra
2399 1155 2558 1220 alios,
2605 1153 2754 1225 quod
2803 1152 2872 1207 de
2909 1151 3260 1206 Theodoreto
3297 1151 3447 1205 nulla
3481 1150 3574 1206 fiat

1979 1247 2186 1300 mentio
2215 1253 2339 1316 post
2370 1246 2568 1300 initum
2597 1263 2627 1300 a
2665 1245 2850 1299 Leone
2881 1242 3196 1312 imperium.

2049 1338 2112 1392 II.
2153 1337 2421 1396 Meminit.
2461 1338 2668 1402 fateor,
2709 1333 3044 1390 Theodoreti
3089 1333 3440 1387 Marcellinus
3481 1348 3576 1387 co-

1975 1443 2093 1481 mes
2122 1427 2190 1480 ad
2222 1441 2424 1480 annum
2455 1426 2660 1482 Christi
2707 1425 2830 1488 466,
2863 1423 3046 1478 Leone
3081 1422 3298 1476 seniore
3339 1438 3396 1476 ιιι
3442 1438 3572 1476 con—

1977 1521 2114 1586 sule,
2131 1521 2246 1575 ind.
2264 1538 2344 1576 iv:
2365 1539 2384 1571 ι
2401 1520 2804 1582 Theodoretus,
2825 1517 3022 1587 inquit,
3042 1517 3332 1585 cpiscopus
3351 1526 3576 1572 sanctus

1974 1615 2099 1686 Cyri
2127 1613 2385 1676 civitatis,
2415 1612 2636 1682 scripsit
2668 1611 2736 1666 de
2781 1609 3158 1662 incarnatione
3205 1607 3421 1660 Domini
3473 1607 3570 1660 ad-

1974 1724 2170 1763 versus
2190 1708 2474 1779 Eutychen
2497 1715 2552 1760 et
2579 1705 2901 1759 Dioscorum
2915 1701 3296 1756 Alexandrinae
3317 1700 3574 1754 Ecclesia:

1975 1799 2316 1868 episc0pum,
2332 1799 2426 1869 qui
2451 1799 2746 1851 humanam
2761 1796 2814 1850 in
2832 1795 3054 1851 Christo
3071 1809 3290 1848 carnem
3315 1801 3532 1862 negant.
3549 1811 3564 1842 ι

279 1875 562 1948 fractoque
585 1881 746 1935 annis
775 1889 832 1936 et
857 1883 1020 1938 malis
1045 1883 1381 1941 Theodoreti
1405 1903 1658 1959 corpore,
1693 1893 1869 1948 inter-
1905 1863 1946 1918 Β
1976 1863 2082 1944 Sed
2103 1863 2327 1959 apertus
2351 1863 2437 1944 est
2462 1889 2530 1943 de
2581 1897 2826 1958 tempore
2865 1902 3022 1942 error
3067 1885 3365 1940 Marcellini
3399 1902 3412 1937 :
3442 1900 3570 1938 nam

278 1968 384 2024 iret
415 1971 616 2026 eximia
647 1973 702 2027 in
769 1974 1122 2033 elucidandis
1149 1978 1453 2049 Scriptum
1478 1983 1751 2040 abstrusis
1787 1987 1870 2041 lo-

273 2061 372 2125 cis,
411 2079 522 2132 qua
543 2065 806 2134 pollebat,
848 2067 1120 2124 doctrina.
1164 2091 1182 2122 ι
1217 2070 1450 2142 Scripsit
1477 2075 1645 2145 igitur
1679 2078 1869 2148 expla-

271 2151 558 2206 nationem
613 2154 808 2222 (verba
851 2167 986 2212 sunt
1032 2159 1305 2231 Photii“)
1344 2163 1399 2216 in
1443 2162 1866 2235 Octateuehum,

268 2257 388 2310 qua:
427 2243 852 2316 inscriptionem
905 2261 1072 2306 nacta
1106 2263 1192 2309 est
1241 2256 1394 2325 operi
1448 2270 1865 2329 congruentem,

267 2331 322 2387 in
353 2335 596 2392 obscura
640 2347 700 2394 et
729 2341 984 2398 abstrusa
1037 2344 1337 2417 Scriptura;
1365 2350 1483 2404 loca
1519 2353 1613 2406 :in
1667 2355 1870 2423 quibus

265 2435 390 2480 sunt
424 2437 484 2482 et
518 2430 590 2484 ad
637 2431 813 2488 libros
843 2433 1076 2506 Regum,
1105 2439 1244 2492 etin
1281 2439 1718 2512 Paralipomena.
1749 2447 1866 2502 Uli-

263 2516 534 2575 lissimum
565 2533 755 2577 autem
781 2525 837 2580 in
873 2527 1070 2596 primis
1103 2529 1209 2585 hoc
1241 2546 1400 2602 opus,
1435 2554 1452 2584 ι
1490 2543 1599 2590 etc.

343 2609 582 2665 Miretur
607 2629 742 2668 vero
779 2615 1058 2687 quiSpiam
1080 2660 1094 2682 ,
1133 2619 1414 2676 hominem
1441 2631 1866 2698 septuagenario

260 2708 550 2777 majorem,
579 2709 806 2766 infirmo
835 2727 1090 2784 corpore,
1136 2715 1438 2788 fractisque
1469 2720 1704 2785 viribus,
1743 2734 1865 2780 tan-

261 2809 373 2853 tum
407 2816 574 2869 opus,
613 2810 766 2858 tanta
801 2807 853 2859 vi
890 2809 1113 2874 mentis,
1151 2818 1261 2864 tam
1295 2825 1464 2880 parvo
1491 2821 1734 2883 tempore
1765 2817 1864 2871 ab—

269 2891 510 2946 solvisse.
557 2891 670 2948 Sed
697 2895 902 2950 mirum
944 2899 1116 2970 magis
1137 2909 1242 2966 est,
1275 2901 1614 2974 dignumque
1637 2916 1864 2976 prepter

270 2981 410 3050 quod
443 2983 729 3040 immensae
760 2987 858 3042 Dei
885 2989 1212 3061 benignitati
1246 2994 1439 3050 laudes
1467 2999 1733 3066 rependat
1757 2999 1862 3055 Ec-

265 3073 418 3128 clesia
445 3075 786 3134 Theodoreti
831 3079 1118 3138 laboribus
1143 3085 1356 3152 fruens,
1397 3089 1545 3157 quod
1583 3091 1862 3147 scribendi

259 3163 413 3219 simul
441 3173 502 3221 et
532 3167 766 3223 vivendi
795 3169 958 3226 finem
987 3173 1180 3230 fecerit
1208 3175 1353 3231 inter
1386 3179 1577 3235 laudes
1621 3181 1860 3237 incredi-

255 3257 377 3313 bilis
401 3260 838 3330 misericordize,
865 3281 974 3336 qua
1016 3267 1163 3325 Deus
1195 3269 1477 3327 Manassen
1502 3255 1859 3347 castigatione

251 3351 316 3406 ad
353 3353 659 3408 meliorem
701 3353 914 3426 frugem
958 3361 1260 3430 compulit;
1315 3364 1570 3435 quodque
1608 3383 1762 3422 suam
1801 3370 1858 3425 in

249 3444 502 3503 Hanasse
539 3448 768 3504 videtur
791 3451 1154 3511 adumbrasse
1191 3467 1417 3522 sortem,
1467 3460 1858 3534 sincerumque

248 3540 408 3594 animi
475 3555 709 3596 sensu
767 3546 1126 3613 expressisse.
1188 3548 1280 3604 Sic
1341 3551 1490 3605 enim
1541 3555 1854 3610 scribit“:

255 3648 270 3679 ι
296 3629 430 3685 Luit
483 3647 684 3702 pcenas
725 3635 1024 3706 impietatis
1077 3639 1353 3698 Manasses
1387 3661 1400 3696 :
1435 3645 1667 3702 traditus
1708 3651 1856 3704 enim

244 3733 322 3777 est
365 3725 497 3796 regi
533 3725 888 3798 Assyriorum
935 3730 1267 3804 vinctusque
1296 3733 1350 3788 in
1395 3735 1729 3809 Babylonem
1756 3741 1856 3796 ab-

241 3815 488 3882 ductus;
529 3818 630 3874 sed
661 3818 794 3874 huic
820 3829 1002 3877 tamen
1045 3825 1438 3882 misericordiae
1482 3828 1663 3886 fontes
1693 3833 1854 3888 abvs-

241 3921 331 3962 sus
359 3906 740 3978 benignitatis
763 3910 1050 3981 impertiit.
1073 3913 1358 3985 Postquam
1389 3919 1549 3984 enim,
1570 3921 1666 3985 ait,
1691 3893 1856 3978 coan-

238 4006 496 4067 gustatus
515 4007 594 4054 est
619 3998 914 4067 Mansisses,
951 4005 1124 4059 oravit
1161 4005 1448 4061 Dominum
1485 4009 1652 4065 Deum
1677 4031 1853 4080 suum,

237 4100 287 4144 et
315 4091 654 4147 humiliatus
687 4100 762 4147 est
799 4093 956 4148 ualde
999 4113 1180 4151 coram
1223 4097 1332 4152 Deo
1365 4109 1581 4170 patrum
1613 4121 1853 4173 suorum,

235 4193 280 4237 et
310 4183 649 4256 deprecatus
694 4193 771 4239 est
813 4203 954 4256 eum,
995 4197 1046 4242 et
1077 4192 1347 4246 exaudivit
1393 4211 1568 4248 vocem
1600 4197 1733 4267 ejus,
1773 4215 1858 4251 re-

233 4275 506 4348 duxith
541 4293 666 4330 eum
717 4277 1145 4351 Hierosolymam
1191 4283 1248 4336 in
1282 4301 1504 4356 regnum
1551 4305 1738 4352 suum,
1806 4299 1854 4344 et

233 4369 492 4439 cognovit
534 4368 810 4425 Manasses
859 4373 1000 4443 quod
1039 4373 1295 4429 Dominus
1347 4380 1458 4448 ipse
1495 4387 1629 4432 esset
1669 4380 1853 4447 Deus;

232 4455 426 4530 usque'
468 4459 617 4516 adeo
681 4462 999 4520 volentibus
1066 4465 1295 4535 prodest
1343 4468 1635 4542 castigatio
1676 4488 1690 4525 :
1732 4489 1854 4543 qua:

1974 1995 2100 2034 cum
2148 1981 2438 2044 Gennadii,
2496 1979 2906 2034 Theodoretum
2951 1977 3225 2032 tradentis
3283 1975 3570 2045 scripsisse

1973 2083 2163 2128 contra
2185 2073 2467 2144 Eutychen
2497 2080 2554 2126 et
2573 2073 2915 2134 Dioscorum,
2943 2079 2999 2124 et
3020 2069 3122 2124 sub
3149 2069 3330 2122 Leone
3349 2068 3568 2120 seniore

1973 2173 2270 2230 mortuum,
2309 2165 2474 2220 verba
2502 2164 2844 2219 exseriberet
2869 2206 2882 2229 ,
2931 2163 3195 2232 temporis
3221 2160 3564 2214 indciinitam

1970 2261 2154 2308 notam
2180 2253 2247 2308 de
2283 2254 2461 2308 media
2491 2263 2644 2324 parte
2669 2254 2884 2322 imperii
2921 2253 3123 2308 Leonis
3157 2252 3559 2321 interpretatus

1969 2351 2073 2410 est,
2113 2347 2166 2400 in
2193 2362 2303 2416 quo
2331 2348 2532 2402 mirum
2565 2357 2834 2416 quantum
2864 2345 3264 2410 hallucinatur;
3291 2343 3568 2413 siquidem

1971 2439 2286 2502 Eranistes,
2321 2438 2415 2508 qui
2446 2429 2636 2492 contra
2663 2436 2948 2508 Eutychen
2971 2447 3026 2491 ct
3061 2435 3386 2490 Dioscorum
3431 2434 3576 2491 scri-

1969 2542 2098 2603 ptus
2125 2531 2326 2586 dicitur
2357 2547 2388 2584 a
2436 2528 2740 2593 Cennadio,
2769 2527 2976 2598 prodiit
3005 2527 3058 2580 in
3089 2527 3267 2580 lucem
3298 2532 3426 2579 ante
3461 2540 3563 2578 an-

1969 2640 2102 2679 num
2131 2623 2254 2687 146,
2307 2633 2367 2675 ιιι
2405 2621 2460 2675 in
2491 2621 2816 2676 recensione
2863 2618 3104 2688 Operum
3153 2616 3444 2672 manifesta
3483 2631 3568 2671 ra-

1968 2717 2116 2770 tione
2142 2713 2436 2770 conﬁcitur
2451 2713 2520 2766 ⁸³.

2035 2807 2122 2862 Ill.
2159 2805 2486 2860 Theodorus
2525 2803 2726 2858 Lector
2762 2801 2820 2856 in
2857 2791 3222 2857 Collectaneis
3247 2800 3292 2831 5‘
3322 2798 3438 2851 haec
3471 2798 3567 2851 ha-

1967 2900 2054 2954 bet
2091 2916 2103 2952 :
2143 2918 2160 2950 c
2200 2899 2408 2955 Urnam
2456 2895 2842 2950 'I‘heodoretus
2893 2908 3090 2963 magno
3129 2891 3336 2947 Jacobo
3371 2889 3438 2943 ad
3475 2905 3563 2943 se-

1966 2991 2244 3061 pulturam
2281 2988 2528 3059 paravit;
2559 2987 2740 3057 ipsum
2761 2993 2946 3040 autem
2975 2983 3385 3038 Theodoretum
3411 2982 3566 3051 prius

1965 3081 2100 3135 mori
2119 3079 2382 3150 contigit:
2409 3079 2466 3133 in
2485 3077 2680 3134 eadem
2711 3085 2891 3132 tamen
2923 3083 2980 3128 et
3002 3077 3118 3144 ipse
3143 3091 3374 3144 magnus
3402 3074 3564 3128 Jaco-

1967 3175 2069 3228 bus
2101 3171 2420 3227 reconditus
2438 3179 2542 3226 est.
2582 3189 2600 3220 ι
2657 3169 2788 3224 Inde
2817 3175 2998 3238 potest
3025 3183 3136 3220 non
3160 3165 3396 3220 obscure
3427 3180 3530 3220 con

1964 3264 2112 3319 cludi
2150 3271 2386 3333 tempus,
2415 3278 2526 3331 quo
2543 3261 2926 3316 Theodoretus
2955 3257 3218 3314 decessit.
3244 3257 3378 3311 Nam
3405 3256 3560 3310 Jaco-

1962 3357 2068 3411 bus
2100 3355 2191 3410 ille
2229 3355 2655 3424 thaumaturgus
2704 3352 2927 3407 vivebat
2961 3351 3144 3405 adhuc
3177 3364 3323 3403 anno
3361 3347 3566 3404 Leonis

1961 3443 2315 3515 imperatoris
2359 3443 2628 3506 secundo,
2669 3442 2762 3512 qui
2805 3441 3011 3496 Christi
3047 3439 3172 3504 458,
3201 3440 3244 3493 si
3277 3454 3384 3508 qua
3416 3437 3552 3492 iides

1960 3538 2196 3607 Evagrio
2225 3538 2311 3590 ηε
2353 3551 2534 3606 neque
2573 3536 2669 3590 diu
2711 3544 2994 3604 superstes
3020 3547 3141 3588 esse
3173 3531 3386 3601 potuit,
3435 3545 3562 3584 cum

1960 3629 2100 3682 foret
2128 3644 2192 3681 ea
2234 3634 2562 3696 tempestate
2587 3624 2884 3680 admodum
2916 3639 3106 3688 senex,
3157 3633 3213 3676 et
3250 3635 3565 3691 nonagena-

1959 3719 2077 3773 rius
2112 3719 2329 3781 saltem,
2361 3727 2455 3772 aut
2496 3717 2664 3771 etiam
2701 3717 2905 3786 major;
2943 3719 3150 3784 quippe
3182 3714 3276 3783 qui
3303 3713 3416 3782 jam
3442 3727 3560 3765 ma»

1959 3814 2048 3884 gni
2077 3813 2220 3866 foret
2253 3810 2494 3865 nominis
2525 3816 2753 3879 propter
2800 3807 3172 3877 prodigiosum
3214 3805 3342 3859 vitae
3382 3803 3555 3858 ratio—

1957 3917 2108 3968 nem,
2146 3902 2372 3973 quando
2435 3901 2608 3955 Isauri
2647 3900 2891 3954 latrones
2937 3899 3095 3967 plura
3144 3896 3384 3952 Orientis
3431 3896 3552 3949 loca

1958 3994 2280 4067 depopulati
2312 4004 2444 4048 sunt
2462 3993 2532 4058 ⁵⁸,
2561 3990 2710 4062 quod
2743 3991 2976 4060 contigit
2997 4005 3142 4043 anno
3168 3987 3290 4042 101.
3323 3986 3378 4040 Si
3407 3986 3558 4040 enim

1957 4097 2094 4145 tunc
2139 4095 2379 4157 ponatur
2421 4092 2588 4138 natus
2607 4097 2784 4136 annos
2819 4081 2908 4144 55,
2933 4095 3056 4150 quze
3089 4089 3272 4132 tamen
3295 4087 3429 4132 tetas
3469 4076 3562 4130 vix

1957 4185 2111 4232 tanto
2137 4173 2349 4230 nomini
2377 4189 2476 4243 par
2501 4171 2692 4234 fuerit,
2727 4169 2996 4224 dicendus
3031 4175 3116 4222 est
3146 4166 3560 4236 nonagesimum

1955 4283 2162 4323 annum
2206 4265 2530 4326 excessisse,
2561 4272 2692 4318 tunc
2721 4277 2846 4317 cum
2888 4259 2958 4315 ab
3003 4261 3342 4328 imperatore
3375 4257 3559 4311 Leone

1954 4357 2154 4413 litteris
2179 4356 2250 4411 de
2295 4364 2444 4410 tomo
2465 4352 2910 4410 Chalcedonensi
2959 4349 3291 4406 sententiam
3338 4357 3561 4420 rogatus

1954 4458 2058 4504 est.
2081 4447 2218 4514 Quis
2241 4462 2376 4502 vero
2400 4445 2590 4501 credat
2617 4441 2958 4514 superfuisse
2985 4443 3075 4496 vel
3120 4455 3329 4512 paucos
3359 4456 3558 4504 annos,

228 4552 380 4608 enim
413 4568 669 4624 regnans
693 4569 806 4610 non
832 4534 1199 4624 habuitfhggc
1229 4561 1475 4618 serviens
1489 4534 1765 4620 ξηηίηηίιξ
1793 4586 1810 4617 ,
1885 4565 1926 4619 ο
1955 4557 2082 4597 cum
2111 4547 2170 4596 et
2217 4539 2406 4596 senior
2451 4547 2601 4594 esset
2641 4537 2874 4607 reliquis
2905 4536 3029 4590 aliis
3064 4534 3362 4590 admodum
3395 4543 3558 4590 aetate

825 4670 842 4690 ’
871 4668 1100 4728 CAPUT
1135 4671 1277 4728 XIII.

227 4756 274 4812 Ι.
661 4759 924 4842 anticipat
942 4769 1170 4842 tempus,
1205 4781 1306 4842 quo
1323 4765 1672 4842 Theodoretus
1687 4769 1842 4842 obiit.

299 4827 369 4900 II.
381 4829 591 4900 Diﬂ'ert
617 4827 764 4883 ultra
778 4827 994 4886 modum
1016 4827 1358 4890 Marcellinus
1373 4853 1560 4892 comes.
1577 4839 1667 4893 III.
1685 4839 1846 4894 Theo-

295 4897 689 4980 dorus’Lector
720 4901 917 4980 innuit.
938 4903 1024 4980 IV.
1055 4902 1194 4959 Obiit
1217 4923 1359 4980 anno
1388 4909 1514 4980 158.
1547 4909 1613 4963 ν.
1644 4910 1847 4980 Defun-

293 4977 416 5024 ctus
457 4971 520 5024 in
569 4985 702 5040 pace
751 4971 1008 5028 Ecclesia
1068 4978 1347 5032 asseritur.
1387 4975 1476 5033 Vl.
1527 4971 1848 5036 Assertionis

297 5047 640 5112 argumenta
667 5043 1038 5140 scptcm.(VII.
1069 5045 1324 5118 Elogium
1352 5048 1606 5118 defuncti.

795 5153 942 5206 Anno
969 5153 1152 5208 Christi
1187 5159 1298 5208 458.

299 5261 480 5332 206
507 5259 552 5314 l.
581 5259 706 5328 Quo
733 5269 986 5333 tempore
1015 5263 1404 5322 Theodoretus
1427 5267 1648 5341 obierit,
1685 5285 1848 5324 nemo

233 5351 470 5408 deﬁnite
511 5351 699 5408 tradit.
736 5352 1058 5411 Gennadius
1081 5357 1405 5413 defunctum
1431 5359 1508 5414 ait
1535 5361 1638 5416 sub
1663 5359 1848 5418 Leone

303 5515 335 5557 ιι
355 5507 529 5564 Deut.
557 5523 710 5578 xvm,
737 5509 828 5566 15.
912 5521 932 5549 τ
965 5511 1106 5568 Psal.
1132 5529 1239 5579 clx,
1265 5514 1318 5569 «1.
1399 5527 1418 5554 ε
1455 5515 1622 5572 IIebr.
1644 5534 1737 5576 vu.
1768 5519 1857 5572 2|.

1959 4632 2260 4704 provectis,
2289 4645 2524 4701 quorum
2560 4629 2950 4684 Theodoretus
2965 4627 3228 4696 deinceps
3249 4627 3388 4681 vitas
3426 4633 3560 4681 scri-

1953 4725 2099 4794 psit;
2136 4732 2192 4778 et
2219 4739 2340 4778 eam
2372 4722 2500 4777 vitae
2533 4721 2803 4775 rationem
2837 4728 3073 4782 teneret,
3101 4735 3265 4788 quam
3299 4718 3556 4773 Theodo-

1954 4825 2128 4879 retus,
2149 4815 2278 4870 licet
2301 4813 2554 4870 oculatus
2587 4811 2764 4878 testis,
2795 4811 2888 4867 vix
2919 4819 3146 4882 propter
3169 4811 3332 4881 207
3371 4811 3555 4864 incre-

1953 4907 2278 4962 dibilitatem
2325 4921 2552 4960 narrare
2586 4921 2755 4960 ausus
2801 4911 2923 4970 est;
2969 4913 3027 4959 et
3065 4903 3318 4973 corporis
3361 4902 3554 4958 habitu

1947 4996 2160 5050 morbis
2213 4994 2489 5050 obnoxius
2547 4993 2708 5058 foret,
2761 5001 2820 5048 et
2867 4993 3121 5049 decimus
3179 4993 3376 5048 tertius
3423 4993 3552 5048 vita:

1944 5087 2312 5159 septenarius,
2353 5086 2450 5156 qui
2503 5086 2752 5142 omnium
2811 5085 3048 5140 maxime
3092 5083 3307 5150 letifer,
3361 5082 3416 5137 in
3451 5099 3552 5138 an-

1945 5196 2076 5235 num
2105 5179 2523 5250 nonagesimum
2549 5179 2788 5249 primum
2811 5177 3110 5232 inciderit?

2017 5269 2106 5324 IV.
2145 5269 2272 5324 Haec
2303 5278 2484 5324 autem
2516 5271 2702 5325 omnia
2733 5270 2778 5324 si
2805 5277 2956 5324 recte
2992 5281 3052 5323 se
3078 5267 3304 5330 habent,
3344 5265 3548 5333 proba—

1947 5363 2186 5432 biliaque
2226 5372 2375 5428 sunt,
2411 5363 2712 5418 ostendunt
2740 5361 3186 5428 Theodoretum,
3214 5357 3310 5427 qui
3343 5357 3550 5411 Jacobo

1942 5521 1960 5554 ι
1995 5517 2161 5574 Hebr.
2200 5536 2272 5586 ιν,
2319 5521 2403 5574 14.
2483 5531 2508 5558 ιι
2541 5518 2584 5572 II
2617 5517 2792 5572 Paral.
2829 5531 3018 5582 χχχιιι,
3051 5513 3139 5582 12,
3171 5514 3240 5569 15

1601 5651 1922 5709 SCHULZII
1963 5651 2196 5710 ΝΟΤᾸΞ.

324 5755 526 5834 "Cod.
558 5763 715 5834 ξιιμ
769 5763 812 5834 ⁸)
847 5761 988 5834 Yide
1019 5779 1206 5834 supra,
1248 5774 1285 5818 t.
1321 5765 1362 5825 l,
1397 5783 1450 5834 p.
1485 5767 1610 5821 599.

1691 5768 1733 5798 ⁸²
1769 5766 1843 5819 De
1877 5767 2060 5836 script.
2090 5765 2241 5828 eccl.,
2279 5781 2326 5820 c.
2611 5764 2674 5836 Ut
2707 5765 2782 5822 in,
2817 5773 2922 5818 etc.
2950 5763 3070 5818 Vid.
3107 5763 3244 5836 infra
3303 5759 3438 5816 diss.
3472 5755 3529 5824 2,

249 5836 372 5900 up.
411 5835 464 5898 6,
493 5833 519 5904 ξ
551 5835 597 5890 1.
683 5833 728 5866 ’θ
759 5831 1007 5900 Collect.,
1047 5831 1142 5890 lib.
1177 5851 1213 5889 ι.
1295 5837 1339 5867 ⁵⁸
1367 5831 1485 5891 Lib.
1525 5854 1558 5890 ιι
1593 5838 1753 5900 Hist,
1791 5854 1862 5905 eaq

1967 5831 1994 5890 ’ξ
2074 5837 2118 5868 ⁵⁵
2153 5836 2272 5892 Vid.
2311 5842 2349 5888 ι.
2383 5835 2472 5901 III,
2523 5833 2692 5905 Ilelig.
2751 5837 2896 5902 hist,
2949 5851 3067 5904 cap.
3129 5833 3214 5884 2|.
