4080 6470
535 334 633 400 159

1665 336 2044 398 GARNERII
2087 338 2586 398 DISSERTATIO
2626 339 2676 400 Ι.

3711 339 3807 408 Ῑὸῢ

527 452 595 505 ad
639 451 956 521 sepulcrum
1009 449 1243 519 praeivit,
1295 449 1441 504 diem
1494 457 1804 503 extremum
1850 447 2114 503 clausisse
2148 456 2186 507 Α
2219 463 2329 517 qua
2362 448 2746 503 Theodoretus
2809 460 2945 498 urna
2981 447 3164 504 condi.
3212 448 3317 505 Istc
3360 465 3496 518 quos
3543 450 3609 504 ad
3659 451 3815 506 ﬁdem

527 557 641 610 quo
675 557 821 596 anno
849 540 982 604 Leo,
1013 541 1106 610 qui
1141 540 1344 595 dicitur
1368 539 1585 602 Senior,
1620 539 1914 609 imperium
1937 554 2126 609 capes-

529 635 680 696 sivit,
715 645 810 687 aut
837 631 1018 702 potius
1041 633 1084 663 ⁸⁷
1139 641 1436 701 sequente,
1467 633 1563 702 qui
1609 631 1714 686 fuit
1756 631 1964 686 Christi
1998 632 2121 686 458.

604 725 665 780 ν.
717 725 776 778 1η
819 740 954 794 pace
987 724 1249 779 Ecclesia:
1277 724 1585 779 decessisse
1626 724 1694 778 de
1724 725 1839 778 vita
1887 724 2125 793 probant

530 818 880 887 amplissimae
903 833 932 870 a
978 817 1262 871 veteribus
1298 818 1614 886 sanctisque
1651 816 2021 885 scriptoribus
2068 818 2123 870 in

529 907 708 976 ipsum
738 913 862 976 post
896 911 1127 960 mortem
1167 916 1440 976 congestas
1480 905 1690 960 laudes.
1729 905 1939 960 Summi
1975 915 2124 960 certe

528 999 818 1070 pontiﬁces
843 1000 1074 1071 Vigilius
1098 1001 1165 1064 ⁸⁸,
1187 1000 1440 1071 Pelagius
1467 1000 1508 1063 l,
1545 1000 1796 1069 Pelagius
1822 999 1889 1063 ll,
1913 998 2121 1069 Grego.

529 1091 646 1146 rius
672 1091 899 1163 Magnus
920 1101 976 1147 et
1011 1092 1127 1157 alii,
1170 1091 1537 1146 venerabilem
1563 1099 1728 1160 atque
1753 1091 2120 1145 orthodoxum

528 1181 739 1246 dicunt,
784 1181 1220 1252 defunctumque
1282 1183 1334 1236 in
1366 1182 1754 1236 communione
1798 1181 2124 1235 universalis

527 1275 790 1330 Ecclesiae
823 1283 1118 1330 testantur.

590 1367 711 1438 lpsa
755 1369 920 1421 etiam
947 1369 1136 1438 quinta
1171 1367 1433 1438 synodus,
1469 1367 1572 1421 etsi
1617 1365 1905 1420 erroribus
1938 1365 2120 1419 Theo-

525 1459 703 1515 doreti
728 1463 984 1531 graviter,
1019 1469 1080 1515 ut
1106 1477 1200 1530 par
1221 1475 1360 1526 erat,
1387 1460 1619 1522 infensa,
1650 1474 1898 1529 persona:
1933 1466 2122 1512 tamen

527 1551 764 1605 detraxit
791 1551 951 1614 nihil,
986 1551 1094 1604 imo
1127 1550 1192 1605 ad
1221 1559 1456 1604 mortem
1497 1565 1671 1619 usque
1714 1565 1822 1602 non
1863 1561 2119 1617 perman-

529 1655 664 1695 SIsse
691 1639 746 1694 in
776 1641 861 1703 iis,
891 1657 1012 1709 qua:
1046 1639 1355 1694 damnanda
1383 1639 1616 1708 putavit,
1643 1645 1832 1706 aperte
1858 1635 2057 1689 innuit.

599 1730 739 1785 Sunt
777 1739 831 1784 et
863 1732 966 1785 alia
1010 1731 1332 1802 gravissima
1367 1730 1423 1784 in
1455 1730 1597 1783 hanc
1635 1744 1752 1782 rem
1783 1727 2116 1790 testimonia,

2229 537 2589 593 convertebat
2639 554 2706 594 ex
2755 537 3051 610 gentibus,
3096 537 3323 605 Judaeis,
3395 541 3689 606 haereticis,
3755 543 3817 598 ad

2229 626 2640 683 Theodoretum
2690 627 2982 692 mittebat,
3038 627 3430 684 benedictione
3468 639 3528 686 et
3569 630 3816 688 doctrina

2228 717 2658 773 conﬁrmandos.

2298 812 2574 868 Noluisset
2601 813 2792 882 procul
2809 813 2982 868 dubio
3009 829 3140 868 suos
3161 814 3379 872 cineres
3401 817 3644 872 haeretici
3667 817 3817 872 cine-

2229 900 2384 956 ribus
2420 901 2639 955 misceri
2683 902 2942 966 Jacobus,
2979 904 3218 959 eximius
3249 905 3339 961 ille
3381 906 3508 962 ﬁdei
3539 907 3822 965 catholica:

2225 990 2504 1056 defensor,
2548 992 2644 1062 qui
2693 1001 2920 1062 propter
2981 993 3296 1050 doctrinam
3350 1012 3477 1052 cum
3532 999 3826 1059 sanctitats

2225 1084 2598 1152 conjunctam,
2648 1082 2715 1137 de
2762 1083 2957 1155 synodi
3007 1083 3479 1141 Chalcedonensis
3514 1088 3808 1144 retinendit

2225 1171 2645 1227 deﬁnitionibus
2693 1174 2762 1227 ab
2815 1175 3147 1242 imperatore
3176 1190 3276 1244 per
3318 1175 3531 1232 litteras
3578 1193 3812 1249 rogatus,

2226 1276 2352 1314 cum
2391 1261 2663 1316 universis
2722 1278 2863 1332 pene
2901 1263 3058 1317 orbis
3105 1265 3438 1333 praesulibus
3493 1267 3819 1321 sententiam

2225 1353 2409 1407 dixit:
2442 1353 2708 1408 noluisset
2759 1355 2966 1424 pariter
3002 1355 3250 1410 mortalis
3305 1356 3396 1410 ille
3456 1358 3684 1427 angelus
3735 1358 3821 1414 Si-

2224 1462 2411 1512 meon,
2443 1463 2608 1517 quam
2655 1447 2861 1525 ubique
2907 1455 3180 1502 terrarum
3228 1449 3589 1519 promovebat
3632 1450 3821 1516 ﬁdem,

2225 1541 2616 1595 communione
2634 1555 2761 1594 cum
2793 1541 3054 1596 haeretico
3081 1541 3352 1612 polluere.

2299 1631 2540 1702 Uterque
2589 1640 2684 1686 aut
2731 1631 3144 1687 Theodoretum
3192 1634 3348 1688 novit
3395 1633 3626 1690 sincerae
3670 1634 3819 1697 ﬁdei,

2225 1730 2321 1777 aut
2345 1734 2405 1779 ut
2449 1723 2604 1779 ﬁeret
2641 1734 2770 1780 ante
2815 1724 3052 1788 obitum,
3080 1740 3192 1796 quo
3218 1726 3412 1782 ambos
3441 1729 3748 1798 praecessit,
3794 1747 3823 1784 a

527 1838 648 1892 qua:
673 1824 802 1892 quia
840 1823 984 1878 inter
1012 1823 1305 1893 legendum
1343 1822 1546 1892 sepius
1569 1828 1890 1883 occurrunt,
1917 1818 2119 1888 sigilla—
2150 1816 2191 1870 Β
2222 1815 2334 1869 Deo
2390 1816 2632 1871 obtinuit
2662 1835 2674 1870 :
2703 1817 2991 1888 utriusque
3045 1827 3197 1875 certe
3249 1835 3462 1890 preces,
3517 1837 3640 1876 cum
3694 1823 3825 1878 vita:

528 1916 623 1968 tim
670 1915 927 1986 persequi
969 1931 1079 1970 non
1101 1925 1188 1970 est
1219 1931 1361 1986 opus
1389 1933 1402 1968 :
1429 1913 1580 1969 sileri
1611 1923 1790 1967 tamen
1818 1926 1929 1966 non
1955 1910 2119 1965 debet

523 2004 752 2060 Joannis
797 2005 1081 2061 Euchaitae
1122 2006 1385 2076 elogium.
1423 2005 1652 2060 Vivebat
1704 2004 1793 2057 ille
1832 2003 1936 2056 sub
1975 2000 2119 2056 Con-

525 2097 767 2151 srantino
807 2097 1191 2161 monomacho,
1239 2097 1851 2165 ecclesiasticorumque
1889 2095 2121 2165 scripto-

525 2203 645 2241 rum
687 2189 938 2243 encomia
990 2189 1212 2258 scripsit
1258 2189 1510 2243 versibus
1551 2188 1825 2242 iambicis.
1877 2186 2016 2242 Cum
2049 2185 2120 2240 ad

527 2277 934 2334 Theodoretum
961 2281 1225 2344 venisset,
1274 2281 1391 2336 haec
1412 2280 1632 2344 Cecinit,
1673 2295 1795 2348 qua:
1834 2279 1905 2334 de
1931 2280 2120 2337 Greco

438 2384 443 2388 ·
526 2385 684 2424 versa
711 2368 839 2425 sunt
862 2387 893 2426 a
932 2371 1228 2426 Sirmondo
1257 2413 1270 2425 .

526 2517 572 2589 '_"
605 2515 795 2589 θος-ξοδ
823 2519 1105 2588 magistros
1143 2518 1332 2572 litteris
1363 2519 1488 2572 dum
1521 2533 1833 2589 prosequor,

524 2587 654 2640 Jure
685 2587 1025 2642 Theodoritus
1045 2590 1184 2641 inter
1215 2590 1304 2642 hos
1334 2587 1622 2643 censendus
1664 2587 1762 2651 est,

530 2656 744 2728 ininus
784 2674 842 2710 ut
866 2660 964 2721 vir,
1005 2667 1054 2711 et
1084 2659 1334 2728 magister
1361 2661 1616 2728 optimus,

532 2724 678 2778 Fidei
709 2728 1012 2781 orthodoxa:
1033 2745 1125 2780 ceu
1151 2724 1403 2783 columna
1425 2728 1704 2784 immobilis
1729 2746 1752 2784 τε

527 2796 722 2869 Quodsi
752 2814 1038 2867 parumper
1063 2808 1202 2852 sort:
1230 2799 1463 2869 quadam
1500 2809 1668 2854 motus
1703 2811 1804 2866 est,

525 2867 692 2920 Homo
730 2877 884 2921 erat:
915 2871 1077 2939 quies
1108 2867 1283 2933 homo,
1318 2885 1382 2923 ne
1411 2871 1610 2924 crimen
1631 2871 1853 2942 inferas,
1880 2888 2025 2928 cave.

592 3020 679 3073 Vl.
727 3023 743 3041 ⁴
775 3020 843 3075 Ει
865 3037 996 3075 vero
1026 3022 1119 3076 Dei
1153 3022 1485 3093 benignitas,
1519 3039 1642 3094 qua:
1680 3025 1734 3080 in
1763 3043 1956 3085 omnes
1980 3029 2117 3084 libe-

457 3111 465 3118 '
520 3111 651 3166 ralis
673 3123 777 3176 est,
804 3114 858 3166 in
886 3113 1296 3169 Thcodoretum
1331 3131 1471 3185 pene
1499 3118 1646 3187 justa
1675 3118 1778 3174 fuit
1804 3137 1816 3173 :
1840 3136 1946 3190 qua
1966 3123 2113 3176 enim

521 3208 754 3271 ratione,
786 3207 829 3260 si
855 3207 983 3260 licet
1016 3208 1088 3261 ita
1115 3207 1287 3277 loqui,
1312 3209 1531 3264 sivisset
1560 3211 1614 3265 in
1646 3221 1914 3267 aeternum
1936 3214 2112 3268 inter-

517 3293 656 3347 itum
683 3310 843 3348 ruere
883 3296 1060 3349 virum
1095 3313 1194 3365 pcr
1225 3305 1304 3350 tot
1332 3299 1593 3353 miracula
1621 3300 1882 3356 donatum
1923 3302 2114 3356 Eccle-

518 3387 633 3449 sire,
670 3393 819 3439 tanta
850 3401 1070 3454 passum
1105 3404 1204 3457 pro
1230 3389 1335 3444 ﬁde
1358 3391 1426 3444 ab
1461 3391 1756 3454 btercticis,
1787 3402 1868 3447 tot
1899 3393 2117 3446 virtuti-

520 3475 625 3529 bus
659 3474 960 3545 insignem,
1004 3492 1188 3531 rerum
1219 3479 1586 3534 humanarum
1639 3481 1778 3535 adeo
1807 3481 2118 3550 despicien—

521 3570 651 3626 tem,
681 3568 788 3616 tam
822 3563 1176 3619 laudabiliter
1205 3583 1432 3623 munere
1461 3570 1704 3639 episcopi
1742 3571 2114 3640 perfunctum,

519 3670 685 3724 quem
717 3655 1050 3710 sanctissimi
1079 3659 1282 3728 quique
1319 3675 1427 3715 non
1452 3663 1745 3716 coluerunt
1766 3671 2000 3720 tantum.
2021 3663 2116 3715 sed

519 3747 686 3800 etiam
733 3747 994 3816 singulari
1056 3750 1300 3805 amicitia
1368 3752 1720 3817 dilexerunt;
1781 3768 1890 3805 uno
1947 3753 2118 3806 verbo

519 3841 782 3896 eximium
815 3857 922 3895 non
960 3842 1253 3896 Orientalis
1277 3843 1460 3909 modo,
1493 3844 1586 3897 sed
1627 3843 1900 3897 universae
1932 3843 2117 3898 Eccle-

519 3933 613 3988 siae
650 3933 857 3988 lumen.
882 3933 980 3987 Vix
1021 3949 1122 4004 ego
1158 3935 1491 3989 crediderim
1537 3941 1751 4002 spretas
1780 3949 1811 3987 a
1845 3935 1957 3988 Deo
1994 3949 2121 4003 pre-

523 4041 638 4087 ces,
685 4040 823 4095 quas
855 4025 1047 4094 procul
1086 4025 1257 4079 dubio
1295 4025 1535 4080 incensis
1566 4025 1767 4080 studiis
1802 4041 1904 4095 pro
1938 4025 2121 4080 Theo-

517 4117 713 4172 doreto
746 4117 1069 4172 obtulerunt
1102 4117 1461 4172 admirabiles
1519 4117 1596 4171 illi
1638 4118 1936 4183 monachi,
1997 4118 2116 4173 sive

517 4223 757 4271 quorum
801 4209 964 4262 vitam
997 4208 1350 4279 conscripsit,
1384 4222 1687 4279 precesque
1725 4209 1975 4279 expetiit,
2002 4211 2119 4264 vel-

519 4301 601 4355 uti
647 4315 746 4369 pro
785 4299 1070 4364 mercede;
1107 4301 1224 4355 sive
1256 4314 1491 4369 quorum
1531 4301 1782 4355 oratione
1823 4308 1986 4355 natus
2011 4309 2116 4364 est,

517 4394 794 4461 altusque,
827 4401 883 4446 et
902 4392 971 4446 ad
1001 4402 1217 4446 aetatem
1250 4391 1456 4446 divinis
1481 4391 1647 4460 208
1678 4391 1963 4461 obsequiis
1996 4392 2117 4448 ido-

2228 1906 2388 1960 taedio
2411 1915 2468 1961 ct
2500 1907 2804 1978 emigrandi
2834 1909 3136 1978 cupiditate
3171 1920 3476 1975 teneretur,
3500 1912 3684 1968 verbis
3706 1928 3824 1983 pm-

2226 1999 2474 2054 nitentia:
2509 2001 2848 2070 plenissimis
2871 2005 3122 2072 expetiit.

2297 2092 2579 2162 Ejusmodi
2619 2101 2768 2158 sunt,
2800 2111 2922 2165 quae
2947 2097 3138 2152 Jacobi
3177 2097 3421 2168 elogium
3449 2098 3776 2153 claudunt“
3805 2116 3820 2152 :

2234 2199 2252 2233 «
2289 2181 2514 2238 Pietatis
2538 2183 2872 2238 athletarum
2904 2187 3236 2256 agonOtheta
3265 2187 3429 2242 ﬁnem
3469 2188 3602 2243 huic
3641 2197 3824 2244 certa-

2227 2275 2472 2330 minibus
2511 2275 2738 2347 dignum
2767 2277 2994 2343 tribuat,
3019 2287 3098 2344 ut,
3129 2279 3279 2348 quod
3320 2291 3573 2351 superest
3601 2297 3822 2346 cursus,

2227 2372 2398 2440 priori
2424 2373 2751 2436 consentiat,
2783 2372 3069 2443 victorque
3100 2373 3319 2430 tandem
3352 2375 3420 2430 ad
3459 2385 3661 2429 metam
3693 2392 3825 2446 per-

2226 2462 2431 2526 veniat,
2455 2472 2513 2518 et
2543 2463 2919 2520 inﬁrmitatem
2969 2476 3212 2522 nostram
3244 2467 3367 2537 ejus
3395 2454 3655 2537 precibus
3685 2483 3826 2522 con-

2228 2549 2428 2616 ﬁrmet,
2457 2559 2518 2606 ut
2559 2555 2904 2610 corroborati
2946 2557 3147 2611 multas
3171 2557 3356 2614 clades
3389 2566 3605 2612 nostras
3640 2573 3827 2612 resar-

2225 2642 2455 2705 ciamus,
2484 2651 2540 2696 et
2564 2660 2630 2698 ex
2653 2645 2754 2699 hac
2783 2645 2892 2700 vita
2917 2648 3158 2702 victores
3186 2648 3538 2703 excedamus.
3565 2668 3583 2699 ι

2297 2731 2437 2789 Sunt
2466 2743 2522 2788 et
2564 2735 2666 2790 ista
2723 2737 2776 2790 in
2825 2739 3005 2809 elogio
3037 2739 3312 2795 Simeonis
3349 2758 3408 2794 τι
3448 2740 3723 2796 Caeterum
3771 2743 3830 2804 in

2226 2824 2311 2878 his
2327 2824 2458 2879 dum
2489 2837 2762 2891 versatur,
2795 2838 2960 2899 atque
2982 2831 3097 2886 haec
3123 2831 3304 2886 omnia
3337 2841 3580 2902 praestat,
3607 2843 3830 2888 sancta-

2225 2933 2348 2970 rum
2386 2917 2548 2973 simul
2575 2919 2951 2976 Ecclesiarum
2995 2923 3399 2993 providentiam
3433 2939 3542 2978 non
3574 2926 3830 2996 negligit,

2224 3023 2372 3063 nunc
2415 3025 2665 3080 pugnans
2705 3021 2898 3068 contra
2936 3015 3224 3084 gentilium
3269 3015 3645 3084 impietatem,
3674 3033 3833 3074 nunc

2221 3099 2539 3154 Judmorum
2574 3102 2832 3172 frangens
2874 3105 3300 3169 contumaciam,
3331 3123 3478 3162 nunc
3523 3108 3826 3163 haeretico-

2221 3207 2340 3244 rum
2371 3201 2578 3246 turmas
2624 3194 2939 3265 proﬁigans,
2977 3205 3140 3266 atque
3183 3199 3458 3253 interdum
3491 3199 3558 3254 ad
3588 3201 3804 3270 impera

2221 3288 2394 3333 torem
2415 3279 2483 3334 de
2509 3281 2596 3336 his
2627 3282 2839 3339 litteras
2863 3285 3108 3351 mittens,
3144 3288 3423 3342 interdum
3453 3291 3722 3360 praesides
3758 3292 3831 3345 ad

2218 3372 2465 3427 divinum
2502 3376 2680 3430 zelum
2705 3377 2984 3442 excitans,
3021 3379 3170 3450 ipsos
3194 3381 3361 3436 etiam
3403 3383 3684 3438 interdum
3716 3384 3831 3439 Ec-

2219 3465 2512 3520 clesiarum
2561 3477 2812 3536 pastores
2861 3469 3191 3535 admonens,
3221 3482 3281 3526 ut
3323 3489 3549 3544 gregum
3593 3490 3832 3529 suorum

2221 3557 2480 3627 majorem
2510 3574 2698 3614 curam
2730 3570 2942 3630 gerant.
2977 3581 2995 3614 ›
3043 3561 3110 3615 Ει
3140 3572 3330 3632 postea
3364 3583 3377 3618 :
3421 3584 3439 3615 ι
3470 3565 3583 3636 Ego
3606 3582 3744 3621 vero
3771 3577 3833 3621 et

2220 3648 2399 3718 ipsum
2437 3651 2677 3720 propriis
2715 3652 3064 3707 orationibus
3109 3654 3357 3725 adjutum
3406 3657 3462 3710 in
3494 3657 3656 3711 bonis
3705 3657 3838 3714 lSllS

2221 3739 2507 3795 laboribus
2548 3756 2906 3810 perseverare
2936 3743 3123 3812 cupio.
3177 3753 3235 3797 et
3273 3745 3445 3798 Deum
3478 3761 3596 3808 oro,
3642 3761 3836 3801 meam

2221 3832 2397 3903 ipsius
2419 3833 2592 3887 vitam
2616 3834 2842 3904 corrigi,
2882 3844 3047 3903 atque
3075 3835 3142 3890 ad
3165 3837 3540 3908 evangelicam
3568 3854 3835 3894 normam

2221 3923 2406 3994 dirigi.
2458 3943 2475 3974 ι

2294 4015 2488 4072 Tantis
2527 4018 2776 4087 patronis
2807 4018 2935 4072 addi
2986 4029 3218 4089 possunt
3266 4019 3504 4076 Joannes
3554 4025 3838 4093 Bapvsta,

2222 4107 2397 4162 sancti
2423 4107 2679 4177 apostoli,
2708 4115 2763 4163 et
2799 4109 2988 4180 inclyti
3030 4119 3319 4182 martyres,
3361 4112 3563 4181 quibus
3607 4131 3840 4168 lllt‘nlo-

2222 4198 2334 4252 rias
2371 4199 2572 4264 erexit,
2601 4200 2808 4270 quique
2850 4200 3185 4270 singularem
3217 4202 3522 4271 laboranti,
3551 4205 3681 4260 dum
3727 4225 3843 4278 pro

2223 4290 2328 4347 ﬁde
2359 4302 2617 4357 certaret,
2646 4307 2808 4362 opem
2833 4293 3099 4348 tulerunt.

2296 4381 2435 4437 Addi
2459 4382 2622 4436 etiam
2657 4390 2838 4451 potest
2865 4383 3134 4436 immensa
3156 4395 3460 4452 pauperum
3493 4385 3840 4449 multitudo,

519 4497 678 4536 "eam
710 4493 1025 4552 provectus,
1062 4497 1302 4553 quorum
1354 4498 1413 4538 se
1461 4492 1518 4538 ει
1543 4499 1647 4553 ope
1679 4484 1970 4538 haereticos
2016 4485 2115 4538 do-
2151 4525 2197 4579 Β
2224 4489 2388 4544 quam
2416 4489 2625 4543 pauper
2651 4473 2768 4542 ipse
2799 4472 2993 4539 factus,
3023 4476 3138 4530 suis
3163 4484 3220 4530 et
3245 4475 3505 4530 Ecclesia:
3533 4477 3696 4532 bonis
3724 4493 3845 4549 pa-

521 4573 745 4637 muisse,
780 4583 836 4628 et
859 4575 1257 4630 consuetudine
1291 4577 1359 4630 ad
1378 4574 1709 4630 sanctiorem
1735 4576 1904 4630 vitam
1931 4577 2120 4632 incen-

522 4680 644 4719 sum
674 4680 816 4729 esse,
853 4665 1041 4720 tradit.

595 4754 704 4810 Hos
727 4755 872 4811 inter
895 4757 1129 4813 eximios
1161 4759 1258 4814 Dei
1296 4769 1352 4814 et
1380 4758 1713 4812 Theodoreti
1745 4759 1952 4813 amicos
1979 4757 2120 4812 emi-

523 4856 761 4902 cuerunt
815 4849 947 4912 duo,
998 4850 1067 4904 de
1097 4850 1301 4920 quibus
1347 4849 1606 4904 dubitare
1659 4863 1824 4902 nemo
1878 4847 2122 4917 prudens

523 4953 710 5009 queat,
745 4941 877 5010 quin
913 4941 1264 4996 Tlieodoreto
1304 4955 1524 4995 omnem
1560 4954 1720 5008 opem
1750 4940 2002 5002 tulerint,
2035 4939 2128 4994 Ja-

523 5035 716 5097 cobus,
776 5035 844 5088 de
885 5047 996 5104 quo
1033 5033 1262 5095 dictum,
1305 5042 1362 5086 et
1408 5030 1631 5086 Simeon
1688 5047 1946 5102 magnum
1974 5033 2127 5088 orbis

529 5126 877 5186 miraculum,
931 5124 1095 5177 ambo
1143 5123 1431 5192 stupenda:
1485 5123 1829 5186 sanctitatis,
1873 5124 2126 5178 thauma-

530 5217 676 5288 turgi
727 5218 912 5279 ambo,
939 5225 996 5269 et
1031 5216 1328 5286 singularis
1370 5216 1516 5285 apud
1561 5217 1733 5270 Deum
1781 5217 1987 5287 gratiae.
2030 5219 2127 5272 llle

531 5308 585 5359 in
635 5305 841 5359 amoris
885 5303 1180 5372 singularis
1217 5305 1640 5368 monimentum,
1677 5307 1852 5360 voluit
1906 5307 2121 5370 eadem,

603 5457 624 5479 ν
659 5446 677 5498 1
713 5444 856 5498 Tim.
879 5458 916 5506 ι,
946 5442 1032 5507 13,
1064 5444 1150 5498 14.

2226 4566 2326 4621 vit.
2358 4565 2645 4631 Quomodo
2671 4566 2816 4620 cnim
2847 4567 3281 4623 misericordiam
3321 4586 3431 4623 non
3461 4569 3531 4624 sit
3558 4582 3841 4628 consecu-

2229 4668 2318 4714 tus
2342 4677 2372 4714 a
2400 4661 2564 4730 209
2584 4661 2696 4714 Deo
2713 4660 2880 4715 homo
2907 4667 3016 4715 tam
3045 4661 3268 4731 profuse
3292 4663 3653 4718 misericors?
3683 4681 3848 4734 prae-

2230 4753 2417 4808 sertim
2453 4767 2576 4808 cum
2619 4754 2866 4825 Apostoli
2887 4756 3058 4810 verba
3109 4769 3376 4824 usurpare
3401 4763 3622 4825 posset,
3658 4750 3846 4813 Blas-

2231 4848 2447 4917 phemus
2464 4845 2538 4917 {ui
2563 4847 2640 4916 (in
2665 4846 2992 4917 Christum),
3026 4856 3326 4918 persecutor
3360 4849 3581 4916 (sanan
3605 4853 3846 4923 synodi)

2228 4947 2277 4992 et
2310 4939 2723 4993 contumeliosus
2758 4940 2835 5009 (in
2859 4939 3175 5010 Cyrillum),
3209 4941 3304 4993 sed.
3325 4942 3581 5011 ignorans
3616 4943 3714 5011 feci
3781 4946 3850 4999 iu

2227 5030 2619 5094 incredulitate,
2653 5031 2772 5086 zelo
2817 5047 2928 5101 prae
2970 5029 3184 5086 fervore
3233 5039 3473 5086 mentem
3506 5043 3849 5091 emovente.

2230 5122 2692 5192 Superabundavit
2720 5130 2898 5176 autem
2913 5124 3092 5193 gratia
3114 5123 3328 5176 Domini
3365 5128 3535 5176 nostri
3563 5142 3682 5177 cum
3715 5126 3854 5192 ﬁde

2229 5223 2276 5267 et
2306 5213 2600 5277 dilectione,
2642 5231 2759 5284 qui:
2781 5225 2856 5268 est
2884 5219 2941 5268 in
2967 5213 3179 5270 Christo
3217 5215 3346 5269 Jrsu
3363 5225 3414 5271 '.

2304 5305 2414 5358 Vll.
2455 5305 2755 5370 Permitte,
2793 5305 3025 5372 Lector,
3065 5315 3126 5361 ut
3182 5308 3302 5360 loco
3347 5305 3509 5377 elogii
3560 5308 3852 5366 defuncto

1876 5517 2197 5574 SCllULZII
2237 5514 2471 5572 NOTIE.

603 5656 661 5728 ιζ
685 5651 790 5728 ,εζητ
851 5653 1202 5728 potiusLVid.
1247 5657 1406 5720 infra,
1442 5658 1573 5712 diss.
1606 5659 1660 5720 2,
1698 5660 1767 5713 (κ’
1795 5660 1838 5713 l.
1936 5660 1980 5711 Ι.

533 5723 576 5753 ⁸⁸
623 5722 968 5797 Epigramma
996 5725 1154 5797 illud
1206 5728 1478 5797 integrum
1531 5738 1707 5783 exstat
1748 5722 1937 5782 eme
1982 5737 2036 5781 et
2074 5729 2264 5782 Latine
2303 5729 2357 5782 in
2395 5728 2806 5797 Prolegomenis
2839 5727 2927 5781 ad.
2965 5737 3002 5780 ιι
3052 5726 3068 5779 l
3107 5725 3239 5780 edit.
3267 5722 3518 5779 ‘nostraz.

551 5798 592 5847 t.
632 5783 892 5858 nifmsz.
932 5794 1098 5867 relig.,
1143 5814 1262 5866 cap.
1296 5783 1385 5852 e‘i.
1464 5800 1504 5830 οι
1542 5799 1664 5852 Vid.
1704 5799 1862 5863 ibid.,
1907 5813 2022 5867 cap.
2051 5799 2140 5852 es.

2060 5659 2103 5689 ⁸⁸
2132 5658 2185 5712 1η
2215 5658 2535 5720 constituto,
2573 5657 2624 5710 in
2667 5656 2902 5711 Profess.
2943 5656 3089 5719 ﬁdei,
3126 5654 3180 5709 in
3230 5664 3390 5724 epist.
3421 5656 3473 5715 5,
3501 5655 3580 5705 Ad
3619 5653 3716 5704 i-‘li-
3752 5675 3843 5707 νυ.

3598 5726 3641 5753 ⁸⁴⁹
3694 5724 3838 5781 ῖίιΙε
