4080 6452
556 358 657 421 163

553 475 800 546 tyrannis
832 474 1150 545 religionem
1183 473 1484 527 ementita:
1525 474 1850 528 llenoticum
1893 477 2127 530 Zenonis
2159 489 2198 542 Α

555 567 952 624 discordiarum
1009 566 1380 630 incentivum;
1428 565 1750 635 patriarcha:
1802 570 1985 637 plures
2031 584 2128 637 pro

555 663 781 716 libidine
809 663 1117 731 principum
1155 663 1388 716 subinde
1417 668 1433 684 ⁹
1461 663 1722 732 depositi;
1757 667 1972 720 femina:
1994 676 2126 726 tres.

556 754 813 815 Ariadna,
845 753 1078 806 Zenonis
1107 762 1161 807 et
1197 753 1503 816 Theodora,
1538 756 1853 809 uxoriorum
1894 756 2124 824 impera-

558 853 736 897 torum
769 845 1081 915 agitatrices
1128 848 1282 914 quasi
1338 846 1526 910 furiae;
1560 845 1989 916 Origenistarutn
2016 864 2131 902 m0-

557 937 857 990 nachorum
889 937 1156 988 tumultus
1185 936 1236 989 in
1262 938 1567 996 Palaastina,
1592 947 1700 991 etc.
1731 938 1864 1000 :his,
1884 939 2126 1007 inquam,

557 1030 962 1098 praetermissis,
1000 1033 1257 1100 prosequi
1293 1041 1528 1100 oportet,
1561 1049 1682 1102 quae
1711 1044 1839 1086 sunt
1873 1033 2127 1087 Theodo-

558 1121 699 1174 reti:
730 1131 785 1174 et
836 1121 966 1173 illud
1024 1121 1316 1190 imprimis,
1349 1123 1493 1190 quod
1550 1134 1710 1176 antea
1752 1123 1958 1178 dictum
2022 1133 2126 1187 est,

556 1227 719 1280 quam
744 1221 892 1266 arcte
932 1214 1223 1282 conjuncta
1248 1215 1422 1283 ipsius
1451 1223 1505 1267 et
1527 1225 1730 1269 sancta:
1750 1215 1941 1286 synodi
1967 1231 2129 1269 causa

557 1303 895 1372 populariter
923 1304 1128 1358 credita
1170 1305 1260 1358 sit.

627 1393 716 1447 ΙΙΙ.
753 1393 856 1460 Qui
900 1404 1084 1464 partes
1127 1396 1388 1465 Eutychis
1431 1397 1820 1465 sequebantur,
1869 1398 2132 1452 adversus

554 1483 997 1539 Chalcedonensc
1012 1486 1303 1540 concilium
1324 1487 1492 1540 multa
1519 1488 1871 1557 objiciebant,
1899 1489 1994 1543 sed
2020 1488 2131 1542 duo

558 1577 812 1640 maxime,
842 1578 978 1630 clam
1022 1594 1213 1640 unum.
1241 1578 1416 1647 palam
1461 1579 1726 1643 alterum;
1757 1581 1918 1633 ambo
1947 1596 2044 1650 per
2073 1597 2130 1635 se

559 1667 778 1735 quidem
806 1667 1096 1727 levissima.
1130 1669 1310 1736 gravis
1344 1678 1522 1721 tamen
1550 1671 1809 1724 momenti
1837 1671 1980 1740 apud
2015 1673 2133 1725 vul-

558 1774 658 1828 gus
696 1758 845 1812 falsis
871 1758 1226 1826 opinionibus
1254 1769 1601 1829 occupatum.

1680 360 1723 413 (ἶ
1737 359 2056 418 ΔΒΝΕΗΠ
2096 357 2590 419 DISSERTATIO
2629 358 2678 418 Ι.

3706 361 3801 426 itii

2301 477 2387 530 lV.
2422 475 2547 530 llaac
2571 484 2623 530 et
2646 475 2750 528 alia
2774 475 2913 528 clam
2943 474 3044 537 illi,
3071 475 3246 544 palam
3274 491 3403 530 vero
3431 478 3794 546 querebantur

2233 567 2354 620 tria.
2412 567 2674 629 Primum,
2739 580 2847 618 non
2892 573 3102 619 tantum
3155 567 3437 620 restitutos
3502 583 3531 622 a
3595 573 3802 639 synodo

2231 655 2637 711 Theodoretum
2682 664 2737 710 et
2800 655 2950 710 Ibam
3009 655 3194 725 Cyrilli
3241 655 3666 712 criminatores:
3706 661 3801 713 sed

2229 747 2394 800 etiam
2443 747 2666 816 scripta,
2691 747 2894 815 quibus
2932 755 3156 801 sanctus
3188 747 3314 801 ﬁdei
3355 747 3611 803 defensor
3639 767 3802 804 accu-

2230 839 2457 894 sabatur
2495 839 2742 904 hazresis,
2776 840 2974 909 partim
3006 839 3192 903 tacite,
3235 840 3434 908 partim
3487 851 3674 909 aperte
3703 857 3802 911 ap-

2229 929 2456 999 probata
2489 945 2633 984 esse.
2677 930 2946 991 Alterum,
2993 928 3303 982 damnatam
3344 928 3514 984 fuisse
3543 931 3803 1001 Eutychis

2229 1023 2579 1085 sententiam,
2646 1022 2917 1076 laudatam
2992 1020 3352 1076 Orientalium
3415 1022 3611 1086 ﬁdem;
3677 1039 3802 1078 cum

2234 1121 2414 1166 tamen
2463 1129 2565 1167 nec
2617 1113 2707 1167 illa
2762 1128 2791 1167 a
2840 1111 3131 1166 duodecim
3162 1113 3435 1182 capitulis,
3469 1128 3571 1166 nec
3629 1113 3731 1166 ista
3773 1127 3805 1167 a

2232 1204 2468 1257 Nestorii
2518 1204 2777 1274 opinione
2823 1203 3088 1258 differret.
3121 1204 3487 1267 Postremum,
3518 1203 3802 1275 Cyrillum,

2230 1292 2330 1344 etsi
2366 1293 2547 1347 verbis
2585 1292 2903 1348 honoriﬁcis
2930 1293 3236 1362 appelletur
3266 1292 3321 1346 in
3361 1292 3590 1362 synodo,
3626 1293 3807 1361 reipsa

2235 1390 2414 1438 tamen
2438 1383 2612 1453 rejici,
2638 1384 3007 1454 pietatemque
3031 1384 3089 1438 in
3120 1399 3187 1438 eo
3217 1384 3541 1439 catholicam
3567 1386 3809 1454 proscri-

2232 1472 2322 1538 bi;
2358 1474 2801 1544 quandoquidem
2826 1475 3058 1528 duarum
3083 1473 3285 1529 Christi
3319 1484 3642 1530 naturarum
3677 1491 3828 1545 pro--

2232 1573 2564 1631 pugnatores
2597 1563 3049 1626 restituebantur,
3087 1561 3409 1618 defensores
3453 1562 3620 1616 unius
3665 1564 3807 1634 deji-

2233 1655 2539 1708 ciebantur.

2311 1748 2368 1799 ν.
2397 1748 2586 1802 Istiuec
2622 1755 3044 1816 quantacunque
3074 1747 3179 1802 fuit
3207 1747 3451 1818 querela.
3485 1763 3592 1801 non
3624 1747 3810 1801 minus

627 1850 776 1904 Clam
813 1850 1196 1913 mussitabant,
1243 1867 1352 1904 non
1401 1867 1520 1904 esse
1555 1861 1803 1905 coactum
1839 1853 1932 1906 Dei
1973 1863 2130 1918 nutu,

2235 1839 2472 1894 habebat
2497 1837 2807 1902 calumniar,
2836 1853 3000 1908 quam
3025 1839 3244 1893 invidiae
3274 1857 3286 1892 :
3313 1839 3593 1893 nitebatur
3625 1847 3807 1893 tamen

556 1941 652 1996 sed
675 1942 789 1996 sola
817 1941 981 1995 unius
1015 1941 1231 1996 feminze
1277 1942 1464 1996 ulcisci
1510 1942 1820 2012 appetentis
1859 1943 2132 2012 impoten-

557 2033 628 2087 tia
658 2051 671 2084 :
700 2032 1030 2086 Marcianum
1067 2033 1323 2101 Augustze
1359 2033 1512 2086 uxori
1549 2033 1866 2087 famulatum
1901 2050 2045 2098 esse,
2073 2045 2134 2089 ut

555 2123 665 2179 dati
711 2124 924 2193 imperii
958 2123 1286 2178 beneﬁcium
1323 2125 1609 2187 redderet;
1646 2126 1983 2180 Pulcheriam
2011 2143 2132 2180 mu-

555 2213 710 2267 liebri
743 2214 1024 2268 iracundia
1063 2215 1229 2268 ultam
1291 2216 1451 2269 amici
1489 2219 1571 2270 sui
1611 2217 1846 2270 Flaviani
1885 2218 2130 2288 injurias,

554 2314 610 2358 et
635 2305 834 2373 proditi
863 2305 924 2358 de
949 2305 1252 2360 ordinanda
1276 2307 1582 2361 diaconissa
1615 2308 1915 2377 imperialis
1935 2312 2131 2366 secreti

555 2393 728 2448 vicem
769 2393 1106 2462 rependisse,
1161 2404 1217 2448 ut
1267 2404 1644 2464 recuperatam
1685 2397 2000 2451 dominandi
2037 2415 2133 2467 po-

556 2492 810 2540 testatem
851 2492 1192 2548 ostentaret,
1255 2484 1445 2540 fratris
1502 2487 1650 2556 jussa
1695 2487 1862 2555 jussis
1911 2498 2130 2544 contra-

555 2573 674 2636 riis,
719 2572 860 2625 facta
920 2571 1079 2624 factis
1141 2571 1448 2627 rescidisse.
1506 2574 1724 2638 Indixit,
1787 2577 2128 2644 inquiebant,

555 2659 902 2714 Theodosius
949 2660 1244 2715 concilium
1283 2661 1509 2715 sororia:
1551 2663 1830 2717 servitutis
1863 2665 2042 2730 liber;
2077 2676 2132 2720 et

552 2765 681 2806 ecce
704 2750 1015 2814 Pulcheria,
1043 2751 1215 2805 fratre
1239 2752 1326 2804 vix
1359 2751 1639 2813 defuncto,
1668 2753 1814 2807 aliud
1834 2757 2000 2825 cogit,
2023 2773 2132 2826 quo

556 2840 708 2910 prius
738 2840 890 2894 velut
912 2841 1261 2894 latrocinium
1281 2842 1679 2910 proscribatur.
1702 2843 1920 2897 Miserat
1949 2845 2130 2898 Theo-

553 2929 741 2985 dosius
784 2931 852 2984 ad
898 2931 1194 2985 concilium
1236 2931 1548 3000 cognitores
1583 2933 1742 2996 duos,
1790 2951 2026 3002 quorum
2066 2937 2129 2989 li-

553 3021 678 3077 dem
711 3031 968 3091 expertus
993 3030 1131 3084 erat,
1158 3021 1432 3090 Elpidium
1462 3024 1740 3085 comitem,
1765 3034 1818 3077 et.
1843 3025 2130 3094 Eulogium

554 3113 875 3180 tribunum;
904 3113 1026 3168 illos
1065 3113 1252 3168 statim
1285 3114 1573 3168 Pulchcria
1600 3116 1654 3168 in
1684 3115 1933 3171 ordinem
1969 3118 2129 3172 reda-

552 3214 674 3260 ctos
693 3205 856 3274 ejecit
886 3205 1030 3258 aula.
1069 3203 1443 3273 Chrysaphius
1482 3221 1597 3259 rem
1645 3208 1864 3261 concilii
1906 3225 2127 3277 promo-

554 3303 730 3357 verat,
769 3293 882 3348 imo
923 3301 980 3348 et
1028 3293 1344 3362 publicam;
1388 3309 1488 3347 suo
1522 3296 1785 3365 sanguine
1825 3299 2136 3366 parentavit

555 3383 850 3440 Theodosii
889 3383 1168 3440 manibus.
1201 3385 1446 3441 Iusserat
1470 3386 1813 3444 Theodosius
1843 3390 2133 3460 przrsidere

556 3475 800 3530 Flaviani
840 3475 1054 3546 judicio
1093 3476 1414 3530 Dioscorum
1444 3493 1567 3532 cum
1603 3479 1866 3534 Juvenale
1896 3492 1950 3533 et
1992 3481 2134 3532 Tha-

555 3564 740 3630 lassio,
793 3568 992 3636 spretis
1050 3567 1309 3622 Ecclesia:
1377 3569 1634 3624 Romanis
1690 3572 1908 3640 legatis;
1962 3573 2136 3626 voluit

555 3656 847 3711 Pulcheria
877 3657 1083 3725 legatos
1115 3657 1261 3712 sedis
1301 3661 1613 3728 apostolica:
1646 3676 1878 3731 praeesse
1902 3663 2132 3732 judicio,

554 3745 703 3815 quod
747 3745 815 3800 de
872 3746 1151 3810 Dioscoro,
1186 3747 1447 3802 Juvenale
1477 3757 1534 3804 et
1583 3749 1866 3804 Thalassio
1921 3752 2131 3807 institui

550 3834 733 3905 jussit.
790 3835 1126 3889 Firmaverat
1160 3836 1500 3892 Theodosius
1546 3838 1744 3892 edictis
1785 3841 2004 3894 concilii
2048 3843 2130 3895 sui

555 3926 922 3992 sententiam;
977 3926 1156 3980 edicta
1211 3927 1411 3982 edictis
1455 3929 1616 3996 212
1668 3932 1960 3986 contrariis
2003 3933 2132 3986 Pul-

554 4014 741 4070 cheria
763 4016 1065 4086 abrogavit.
1093 4017 1292 4086 Ephesi
1321 4017 1607 4072 absolutus
1628 4017 1806 4073 fuerat
1826 4020 2129 4091 Eutyches;

552 4105 899 4162 Chalcedone
977 4107 1290 4163 damnatur.
1358 4109 1558 4178 Ephesi
1627 4110 1936 4176 Flavianus,
2006 4129 2131 4166 cum

555 4194 729 4264 iniqui
757 4196 973 4265 judicii,
1001 4205 1114 4251 tum
1145 4197 1372 4252 haeresis
1409 4214 1440 4252 a
1473 4199 1740 4256 Dioscoro
1767 4201 2134 4259 damnationis

552 4288 880 4341 sententiam
930 4290 1164 4354 tulerat;
1191 4289 1440 4345 eamdem
1478 4291 1671 4347 iisdem
1707 4294 1776 4348 de
1820 4297 2002 4350 causis
2033 4313 2130 4366 pa-

554 4377 688 4430 titur
715 4376 1063 4434 Chalcedone
1091 4381 1406 4435 Dioscorus.
1441 4382 1858 4437 Damnationem
1891 4386 2130 4441 Flaviani

551 4481 845 4524 consecuta
867 4481 985 4527 erat
1019 4472 1274 4542 dejectio,
1301 4474 1613 4545 deportatio
1636 4484 1690 4530 et
1726 4491 1876 4532 mors
1901 4495 1914 4541 ;
1941 4479 2132 4548 dejici-

552 4567 644 4613 tur
671 4559 986 4627 Dioscorus,
1033 4564 1278 4636 Gangras
1316 4567 1372 4620 in
1404 4567 1658 4622 exsilium
1701 4570 1932 4638 rapitur,
1977 4586 2133 4624 exse-
2165 4559 2184 4584 "

551 4659 738 4706 cratus
762 4651 1036 4722 Eutyches
1061 4670 1128 4709 eo
1157 4656 1397 4726 ejicitur,
1433 4673 1544 4727 quo
1567 4673 1731 4712 nemo
1760 4660 1928 4714 novit.
1959 4660 2130 4732 Chry-

550 4741 777 4810 saphius
818 4743 1084 4814 obsequio
1130 4756 1409 4802 meruerat
1449 4749 1518 4802 ab
1553 4749 1886 4818 imperatore
1937 4751 2126 4822 diligi;

551 4840 688 4886 nutu
730 4834 1032 4891 Pulcheriae
1063 4837 1358 4893 occiditur.
1393 4838 1714 4894 Prohibitus
1745 4839 1925 4894 fuerat
1954 4842 2132 4897 Theo-

549 4922 777 4978 doretus
828 4925 1020 4980 adesse
1067 4928 1276 4998 synodo
1333 4929 1645 4998 Ephesinze,
1681 4931 1754 4984 ob
1796 4931 2032 5001 scriptos
2075 4935 2129 4988 in

547 5013 810 5087 Cyrillum
841 5015 1114 5087 ﬁdemque
1146 5019 1348 5083 libros;
1387 5021 1576 5088 jussus
1604 5030 1688 5074 est
1729 5022 1920 5076 adesse
1968 5023 2132 5079 Chal-

548 5106 868 5171 cedonensi,
897 5118 953 5161 et
980 5108 1122 5163 inter
1152 5109 1343 5163 Patres
1365 5109 1676 5174 considere,
1701 5111 1864 5165 etiam
1899 5122 2022 5168 ante
2048 5114 2132 5167 di-

543 5196 846 5268 judicatam
873 5213 1116 5260 causam,
1153 5199 1318 5253 etiam
1377 5201 1738 5254 irretractatis
1780 5203 1953 5265 libris,
1993 5221 2131 5273 quos

549 5285 788 5345 siluisse.
841 5287 1176 5356 approbasse
1227 5288 1350 5342 fuit.
1413 5289 1669 5343 Ecclesi:e
1721 5292 1998 5362 Bcrytcusi
2041 5297 2132 5364 jus

550 5378 869 5446 metropolis
928 5379 1199 5434 tribuerat
1246 5381 1590 5435 Theodosius
1631 5403 1644 5444 ;
1686 5385 1969 5455 abrogavit
2027 5404 2124 5457 per

551 5466 818 5538 synodum
847 5484 999 5524 suam
1035 5472 1342 5526 Pulchcria.

2235 1929 2566 1985 Theodoreti
2596 1929 2884 1983 sententia.
2910 1930 3202 1984 Asserebat
3222 1930 3313 1985 ille
3335 1931 3378 1962 ⁸⁸
3405 1930 3654 1985 eamdem
3687 1945 3808 1986 esse

2233 2022 2617 2086 Orientalium,
2641 2037 2762 2090 qua:
2795 2021 3055 2085 Nestorii,
3088 2021 3519 2086 confessionem;
3556 2021 3809 2077 eamdem

2233 2113 2439 2183 pariter
2463 2112 2675 2183 Cyrilli,
2704 2127 2828 2166 cum
2865 2127 2965 2180 pax
2991 2112 3126 2166 inita
3143 2121 3246 2174 est,
3278 2127 3400 2181 quae
3419 2111 3807 2176 Orientalium,

2234 2202 2396 2256 ﬁdem
2444 2219 2457 2255 :
2499 2211 2664 2272 atque
2724 2203 2798 2255 ita
2859 2201 3099 2270 jactabat
3151 2200 3435 2272 Cyrillum,
3494 2204 3629 2256 tunc
3680 2218 3810 2258 cum

2231 2293 2592 2349 Orientalium
2634 2292 2794 2347 ﬁdem
2855 2294 3145 2363 reciperet,
3193 2309 3482 2350 revocasse
3521 2311 3642 2364 quae
3680 2305 3811 2352 ante

2233 2385 2498 2440 docuerat
2529 2387 2584 2439 in
2614 2385 2906 2455 capitibus.
2934 2386 3200 2449 Addebat,
3231 2386 3408 2456 ipsum
3437 2388 3493 2441 in
3535 2389 3810 2458 capitibus

2232 2478 2380 2532 aliud
2412 2493 2692 2546 nunquam
2725 2478 2999 2542 docuisse,
3033 2494 3196 2548 quam
3227 2479 3374 2548 quod
3407 2489 3502 2534 aut
3524 2479 3811 2549 Apollina-
3842 2523 3852 2535 .

2233 2569 2349 2623 rius
2377 2569 2529 2634 olim,
2565 2578 2661 2625 aut
2714 2580 2844 2625 tunc
2889 2571 3182 2642 Eutyches.
3235 2571 3526 2626 Nitebatur
3554 2573 3598 2604 ⁶⁹
3639 2573 3810 2626 etiam

2232 2659 2456 2726 querela
2481 2658 2598 2712 haec
2630 2660 2909 2713 communi
2935 2661 3180 2714 omnium
3205 2659 3465 2729 opinione
3488 2660 3808 2723 scientiam,

2233 2750 2500 2804 Eranistae
2557 2751 2802 2821 dialogos
2853 2750 3200 2821 imperatoris
3258 2750 3517 2804 mandato
3573 2749 3814 2807 ﬂammis

2233 2840 2464 2894 traditos
2498 2841 2666 2896 fuisse
2686 2843 2754 2906 ",
2785 2841 2931 2911 quod
2975 2840 3160 2912 Cyrilli
3203 2849 3260 2894 et
3305 2840 3588 2911 Eutychis,
3624 2841 3812 2896 tacitis

2232 2932 2455 3001 quidem
2495 2932 2831 2997 nominibus,
2868 2933 2962 2988 sed
3000 2932 3168 2987 certis
3189 2932 3549 3002 argumentis,
3574 2947 3808 2986 consen-

2232 3022 2442 3075 sionem
2483 3021 2778 3076 ostendere
2819 3021 3187 3075 moliebantur

2303 3112 2392 3165 Vl.
2438 3112 2560 3167 Haec
2589 3128 2713 3166 cum
2746 3112 3078 3182 importune,
3117 3127 3447 3181 quocunque
3478 3121 3729 3181 tempore
3757 3120 3814 3166 et

2233 3218 2563 3272 quocunque
2602 3203 2724 3256 loco
2758 3204 2827 3256 ab
2850 3204 3206 3274 Eutychianis
3229 3204 3682 3266 obtruderentur,
3705 3217 3813 3256 an-

2235 3295 2421 3348 diendi
2470 3294 2868 3350 consuetudine
2917 3294 3117 3349 factum
3157 3304 3272 3357 est,
3311 3305 3392 3359 ut,
3443 3294 3590 3363 quod
3641 3292 3810 3347 tradit

2234 3384 2526 3440 Facundus
2553 3389 2618 3451 τί,
2655 3387 2994 3458 populariter
3023 3386 3363 3449 crederetur,
3393 3387 3536 3440 inter
3568 3383 3810 3439 Nestorii

2233 3483 2289 3529 et
2330 3475 2596 3546 Eutychis
2639 3475 2970 3534 doctrinam.
2999 3475 3104 3529 hoc
3135 3485 3239 3538 est.
3277 3476 3419 3529 inter
3454 3474 3686 3528 duarum
3714 3490 3813 3528 na-

2232 3577 2481 3622 turarum
2514 3576 2569 3620 et
2597 3567 2760 3621 unius
2783 3567 3204 3629 confessionem,
3222 3567 3464 3621 medium
3489 3565 3649 3635 213
3670 3565 3810 3618 nihil

2231 3674 2390 3722 esse;
2442 3668 2606 3726 atque
2669 3659 2741 3711 ita
2800 3659 2902 3712 hac
2963 3659 3017 3711 in
3086 3658 3441 3712 contentione
3505 3657 3814 3726 quemlibet

2232 3757 2328 3802 aut
2373 3749 2726 3803 Nestorianas
2771 3757 2959 3818 partes
3009 3747 3165 3816 sequi
3211 3747 3435 3811 debere,
3496 3743 3590 3800 aut
3635 3746 3813 3815 Euty-

2231 3840 2479 3894 chianas.

2304 3933 2428 3988 [hec
2449 3933 2637 4002 opinio
2669 3931 3068 3987 incredibiliter
3099 3930 3315 3984 inhaasit
3340 3929 3665 3998 populorum
3689 3929 3818 3982 ani-

2233 4025 2360 4087 mis,
2407 4025 2523 4080 sive
2567 4025 2621 4078 id
2658 4023 2841 4078 eflecit
2868 4039 3027 4078 error
3060 4022 3283 4085 mentis,
3307 4021 3423 4076 sive
3452 4020 3683 4074 affectus
3707 4035 3814 4074 vo-

2232 4117 2458 4172 luntatis
2485 4133 2497 4170 :
2525 4127 2685 4186 atque
2711 4117 2835 4172 inde
2864 4116 3130 4187 originem
3161 4114 3317 4168 duxit
3336 4113 3529 4184 ingens
3559 4111 3814 4182 quasdam

2233 4210 2404 4265 totius
2447 4211 2597 4264 orbis
2636 4209 2954 4272 commotio,
2991 4224 3113 4280 qua:
3157 4209 3247 4262 vix
3285 4205 3580 4276 aliquando
3622 4204 3814 4260 sedata

2231 4310 2336 4356 est.

2308 4395 2324 4412 ‘
2349 4392 2460 4446 νη.
2499 4391 2636 4444 Dum
2686 4398 2980 4460 agerentur
3031 4389 3298 4444 luctuosae
3343 4387 3468 4450 illae,
3505 4402 3643 4457 quas
3679 4401 3814 4456 per-

2189 4482 2581 4579 ‘strinximus,
2620 4480 2920 4551 tragtedize,
2953 4489 3008 4534 ct
3047 4479 3404 4534 occidentalis
3438 4479 3664 4547 insuper
3702 4478 3814 4531 Ec-

2235 4573 2401 4627 clesia
2435 4572 2756 4626 orientalem
2779 4571 2977 4626 Acacio
3005 4571 3276 4626 addictam
3303 4569 3687 4625 communione
3713 4584 3818 4623 sua

2234 4664 2556 4724 abstineret,
2586 4674 2680 4716 aut
2720 4678 2829 4716 non
2865 4661 3208 4716 audiebatur
3219 4659 3551 4714 Theodoreti
3585 4673 3814 4721 nomen.

2233 4772 2346 4826 pra:
2377 4755 2528 4809 orbis
2562 4756 2798 4810 tumultu
2830 4772 2844 4820 ;
2873 4763 2969 4809 aut
3001 4754 3045 4808 si
3083 4753 3430 4814 audiebatur,
3455 4749 3602 4820 quod
3629 4752 3818 4804 credi-

2233 4846 2417 4907 bilius,
2464 4846 2593 4914 quid
2637 4862 2704 4900 eo
2762 4845 2954 4908 ﬁeret,
3008 4843 3289 4899 memoriae
3335 4855 3499 4896 nemo
3535 4839 3817 4895 tradidit:

2232 4937 2432 5008 conjici
2478 4946 2659 4992 tamen
2703 4948 2985 5007 utcunque
3037 4945 3218 5007 potest
3240 4953 3309 4991 ex
3341 4944 3590 4990 veterum
3616 4949 3822 4987 monu—

2232 5029 2454 5092 mentis,
2506 5046 2630 5100 qute
2681 5039 3000 5099 supersunt,
3044 5041 3102 5085 et
3141 5027 3358 5083 duobus
3401 5025 3705 5096 praesertim
3748 5041 3821 5079 ex

2233 5119 2506 5180 conciliis,
2565 5120 2712 5188 quod
2780 5130 3074 5190 utrumque
3117 5118 3438 5173 Anastasius
3491 5117 3817 5185 imperator.

2232 5210 2431 5279 partim
2459 5210 2954 5280 Constantinopoli,
2986 5212 3186 5281 partim
3218 5209 3422 5263 Sidone
3446 5208 3500 5260 in
3527 5205 3820 5260 Palaestina

2232 5300 2479 5368 coegisse
2514 5301 2719 5354 dicitur
2745 5319 2758 5354 :
2784 5303 3009 5356 alterius
3039 5301 3224 5355 Victor
3262 5298 3630 5361 Tunonensis,
3679 5297 3824 5351 alte-

2232 5390 2346 5442 rius
2365 5391 2629 5462 Evagrius
2659 5393 2929 5453 meminit,

2305 5480 2380 5533 De
2431 5481 2617 5550 priore
2676 5483 2748 5536 ita
2793 5473 3043 5536 Victor"
3077 5502 3089 5536 :
3125 5501 3142 5533 ς
3179 5482 3357 5536 Gibbo
3390 5481 3453 5536 ν.
3491 5480 3552 5535 C.
3587 5479 3818 5536 consule

1857 5602 2173 5664 SCliliLZII
2213 5611 2448 5667 NOTAE.

619 5693 664 5728 ⁸⁸
691 5689 811 5746 Vid.
840 5693 1000 5760 epist.
1041 5695 1106 5749 ad
1152 5695 1470 5753 llimcrium.

546 5760 646 5818 lib.
675 5762 779 5814 Pro
807 5763 968 5816 tribus
994 5767 1150 5833 rajn't.
1231 5769 1274 5802 τ’
1318 5769 1455 5824 Vict.
1496 5769 1711 5823 Tunon.
1755 5760 1810 5822 in
1841 5771 2085 5826 Chronic.

1549 5700 1593 5731 "
1629 5701 1765 5776 Vid._
1797 5712 1936 5776 pa_rt.
1993 5719 2050 5776 in
2081 5719 2236 5758 conc.
2272 5704 2532 5762 Chalcrd.
2563 5721 2685 5776 cap.
2719 5707 2800 5761 10.

2907 5710 2950 5741 '°
2986 5709 3120 5767 Vide
3147 5727 3333 5782 supra,
3366 5727 3417 5782 p.
3460 5707 3582 5769 164.
3613 5776 3616 5778 γ
3664 5712 3706 5742 ⁷⁸
3746 5707 3812 5766 In
