4080 6484
329 507 664 564 Anastasius
720 505 1042 578 imperator,

329 601 642 655 Philoxeno
696 598 1112 668 liierapolitano
1173 599 1541 668 praesulibus,
1609 598 1926 653 Constanti-

329 691 584 762 nOpolim
661 691 934 762 synodum
1013 701 1340 762 congregat,
1414 701 1470 746 et
1537 699 1728 746 contra
1801 690 1928 743 Dio-

331 786 534 840 dorum
613 783 966 848 Tarsensem,
1029 785 1384 839 Theodorum
1457 784 1924 854 Mopsuestenum,

329 893 458 933 cum
509 877 756 946 scriptis,
827 877 1227 930 Theodoritum
1293 876 1447 948 Cyri,
1531 877 1680 931 Ibam
1753 877 1926 932 Edes-

331 987 550 1034 senum,
591 969 892 1030 Andream,
921 969 1492 1042 Entherium,Cyrum
1549 980 1605 1024 et
1657 969 1924 1024 Joannem

333 1061 656 1130 episcopos,
703 1069 1044 1128 ceterosque
1082 1061 1239 1125 alios,
1276 1061 1370 1130 qui
1437 1061 1492 1114 in
1539 1059 1760 1116 Christo
1789 1061 1926 1115 duas

335 1151 714 1222 praedicabant
783 1159 1032 1216 naturas,
1087 1152 1332 1223 duasque
1399 1153 1635 1216 formas,
1695 1163 1752 1208 et
1829 1155 1921 1224 qui

333 1261 440 1298 non
514 1243 918 1299 confiterentur
985 1261 1158 1298 unum
1237 1244 1306 1299 de
1391 1245 1660 1300 Trinitate
1747 1246 1927 1300 cruci-

333 1337 526 1400 ﬁxum,
564 1352 674 1390 una
712 1351 838 1389 cum
891 1335 1074 1390 Leone
1116 1335 1376 1407 episc0po
1423 1337 1690 1401 Romano,
1722 1346 1778 1390 et
1807 1339 1926 1408 ejus

329 1439 516 1492 tumo,
555 1437 726 1498 atque
778 1425 1218 1483 Chalcedonensi
1275 1431 1483 1482 svnodo
1543 1429 1744 1483 inferre
1792 1443 1924 1483 ana-

329 1523 520 1577 thema
551 1521 854 1591 persuasit.
893 1539 912 1571 ›
1268 1571 1293 1594 ³

406 1613 490 1666 Ex
532 1611 640 1666 illis
693 1618 824 1665 octo
872 1609 1150 1681 episcOpis
1205 1609 1416 1680 priores
1461 1627 1555 1664 sex
1608 1610 1722 1664 noti
1773 1617 1923 1674 sunt,

341 1704 675 1774 posteriores
701 1703 816 1758 duo
857 1705 1059 1774 partim
1095 1719 1162 1758 ex
1191 1703 1527 1758 Theodoreti
1563 1701 1811 1772 epistolis
1839 1701 1925 1756 in-

339 1806 652 1860 notescunt,
683 1798 884 1866 partim
917 1813 984 1852 ex
1023 1796 1163 1851 actis
1201 1797 1422 1851 concilii
1461 1795 1755 1866 Ephesini;
1797 1810 1923 1849 nam

1529 391 1892 452 HISTORIA
1932 391 2446 456 THEODURET].

1125 505 1384 562 Flaviano
1454 507 1799 562 Antiocheno
1878 515 1933 560 et
1965 515 2006 565 Α
2039 507 2307 578 integrata
2347 510 2616 577 pravitate
2651 512 2971 566 Anastasius
3011 511 3266 565 infamem
3300 521 3353 566 ct
3383 511 3622 568 irriden-

3522 399 3624 466 166

2036 600 2158 652 dam
2191 601 2459 671 synodum
2489 602 2631 671 apud
2663 603 2920 657 Sidoncm
2945 603 3247 668 civitatem,
3283 620 3416 656 Lxxx
3451 603 3624 659 ferme

2035 689 2374 758 perfidorum
2415 693 2689 762 episcopis
2735 694 3097 764 congregatis,
3127 695 3392 750 adversus
3429 695 3623 750 ortho-

2035 781 2302 836 doxorum
2337 783 2626 854 episcopos
2675 785 2792 838 fieri
2839 787 3148 856 imperavit.
3192 787 3482 842 Flavianus
3515 789 3624 844 At»

2037 869 2253 928 tiochize
2295 875 2602 931 catholicus
2643 879 2984 947 patriarcha,
3028 890 3082 934 et
3123 883 3362 937 Joannes
3407 883 3623 936 Pallen-

2035 965 2176 1020 sium
2203 969 2393 1038 oppidi
2425 971 2691 1040 pontifex,
2725 974 2982 1041 quoniam
3023 973 3170 1028 hunc
3210 983 3412 1030 coitum
3446 975 3620 1030 sacri-

2031 1057 2213 1129 legum
2242 1061 2582 1128 refellernnt,
2616 1065 2669 1118 in
2698 1067 3002 1130 castellum,
3033 1067 3177 1137 quod
3207 1067 3365 1125 Petra
3394 1068 3618 1132 dicitur,

2031 1153 2252 1208 exsules
2285 1154 2436 1210 missi
2466 1167 2612 1210 sunt.
2645 1157 2724 1211 lbi
2757 1157 3045 1214 Flavianus
3076 1159 3357 1215 confessor
3389 1159 3617 1224 Christi,

2033 1242 2090 1298 in
2131 1245 2364 1300 Domino
2392 1249 2665 1318 requievit
2695 1268 2705 1302 :
2739 1250 3004 1305 Joannem
3040 1252 3289 1306 Justinus
3319 1251 3618 1323 Augustus,

2034 1349 2159 1388 mox
2199 1335 2498 1405 imperator
2530 1337 2724 1405 factus,
2763 1342 3059 1395 revocavit.
3103 1361 3120 1392 ι

2103 1427 2308 1481 Verum
2347 1429 2618 1484 Palaestini
2667 1433 2919 1488 monachi
2965 1434 3018 1487 in
3058 1433 3257 1488 litteris
3295 1433 3360 1488 ad
3398 1435 3622 1506 Alcyso—

2033 1535 2158 1574 nem
2191 1537 2306 1574 rem
2337 1523 2664 1592 explicatius
2693 1536 2923 1581 narrant
2955 1545 2967 1581 :
3005 1527 3048 1583 si
3079 1537 3281 1590 tamen,
3305 1536 3367 1582 ut
3394 1529 3621 1598 quibus-

2033 1606 2158 1660 dam
2191 1609 2430 1674 videtur,
2468 1627 2537 1666 eo
2577 1615 2875 1684 pertinent,
2913 1632 3034 1686 quae
3065 1617 3132 1671 de
3159 1616 3365 1672 Xenaia
3410 1627 3465 1672 et
3498 1619 3622 1673 Fla-

2033 1699 2195 1756 viano
2234 1701 2579 1760 Antiocheno
2612 1708 2873 1777 episcopo
2889 1708 3156 1766 referunt.
3193 1729 3211 1760 ι
3249 1709 3507 1774 Xenaias,
3539 1711 3624 1765 in—

2034 1793 2234 1863 quiunt
2266 1797 2331 1860 ",
2369 1798 2556 1852 nescio
2605 1815 2714 1868 quo
2762 1799 3014 1865 consilio,
3056 1817 3159 1856 nec.
3201 1817 3308 1872 qua
3351 1801 3418 1856 de
3459 1818 3623 1858 causa

335 1892 392 1946 in
424 1891 564 1946 actis
585 1890 765 1963 Cyrus
785 1891 994 1945 dicitur
1015 1890 1498 1960 Marcopolitanus,
1527 1889 1766 1944 Joannes
1791 1889 1930 1945 Ger-
1963 1877 2004 1932 Β
2033 1895 2317 1958 susceptas
2340 1889 2608 1945 adversus
2643 1891 2962 1946 Flavianum
2997 1893 3309 1949 inimicitias
3333 1910 3618 1962 exercens,

333 1985 698 2040 manieiensis
739 1984 1054 2054 episcopus.
1084 1983 1166 2038 Ad
1209 1991 1506 2052 utrumque
1549 1981 1930 2037 Theodoretus

325 2079 600 2150 epistolas
645 2077 810 2143 fecit;
863 2075 930 2130 ad
977 2075 1182 2146 Cyrum
1233 2073 1508 2128 decimam
1563 2071 1814 2137 tertiam,
1861 2073 1928 2128 ad

325 2171 600 2227 Joannem
637 2169 998 2224 centesimam
1039 2167 1359 2222 vicesimam
1399 2167 1668 2236 quintam,
1697 2175 1755 2220 et
1802 2181 1931 2218 cen-

329 2261 586 2316 tesimam
623 2259 944 2316 vicesimam
978 2264 1252 2328 quartam.

398 2351 524 2405 Erit
557 2349 815 2412 fortasse,
848 2348 942 2417 qui
971 2353 1194 2401 moneat
1226 2360 1334 2399 non
1367 2359 1487 2400 esse
1517 2345 1636 2398 sine
1666 2344 1928 2397 observa-

327 2443 480 2497 tione
511 2438 988 2510 praztereundum,
1031 2437 1178 2507 quod
1218 2435 1287 2490 de
1324 2435 1543 2490 Andrea
1574 2445 1628 2489 et
1661 2435 1930 2489 Eutherio

325 2531 599 2589 scribitur
625 2549 640 2584 :
669 2531 798 2586 inde
828 2530 980 2585 enim
1005 2529 1186 2583 lucem
1219 2529 1470 2598 accipere
1497 2527 1642 2597 quod
1673 2526 1927 2591 traditur,

325 2637 444 2682 tum
473 2641 506 2680 a
541 2625 886 2696 Theophane
920 2623 976 2678 in
1014 2623 1492 2694 Chronographia,
1523 2621 1794 2680 Andream
1833 2621 1931 2676 Sa-

324 2727 682 2774 mosatenum
728 2732 761 2771 a
803 2717 1066 2772 Dioscoro
1105 2715 1307 2786 Ephesi
1345 2713 1656 2783 depositum
1703 2731 1715 2765 :
1750 2722 1863 2766 tum
1897 2729 1928 2767 a

325 2810 620 2866 monachis
664 2809 972 2864 Palaestinae
1009 2808 1064 2862 in
1111 2806 1357 2877 Epistula
1397 2805 1464 2860 ad
1503 2805 1828 2876 Alcysonem
1859 2804 1928 2858 de

331 2919 560 2958 numero
599 2901 1018 2971 episcoporum,
1051 2915 1190 2970 quos
1220 2896 1546 2968 Eutycliiani
1581 2895 1928 2949 anathemate

337 3009 626 3065 percussos
659 2994 888 3047 vellent.
919 2993 1124 3048 Verum
1160 2990 1368 3044 fallitur
1406 2989 1594 3044 Victor
1623 3001 1775 3040 more
1803 2999 1925 3048 suo,

331 3103 432 3144 nec
480 3087 856 3156 Theophanes
903 3083 1219 3138 audiendus
1263 3091 1375 3145 est,
1427 3081 1672 3148 ﬁdesque
1717 3087 1926 3132 temere

325 3178 618 3234 monachis
646 3176 964 3231 adhibenda
993 3193 1007 3228 :
1033 3190 1137 3229 nec
1171 3174 1320 3228 enim
1349 3181 1446 3226 aut
1475 3171 1568 3226 ille
1599 3178 1695 3224 aut
1723 3170 1812 3224 isti
1838 3185 1927 3224 sa-

2033 1985 2298 2047 pral'extu
2335 1987 2513 2034 tamen
2542 1981 2687 2046 fidei,
2721 1989 2778 2035 ut
2805 1982 3054 2052 plerique
3081 1991 3327 2046 narrant,
3357 1984 3623 2038 adversus

2032 2085 2159 2124 eum
2208 2075 2572 2138 commoveri,
2631 2089 2870 2144 eumque
2921 2085 3178 2145 tanquam
3233 2077 3619 2132 Nestorianum

2032 2160 2354 2214 calumniari
2404 2163 2590 2232 coepit.
2628 2163 2734 2218 Sed
2780 2181 2904 2220 cum
2955 2167 3043 2220 ille
3087 2166 3398 2223 Nestorium
3435 2169 3620 2236 simul,
3667 2206 3670 2208 η

2031 2251 2261 2321 ejusque
2293 2256 2610 2323 opinionem
2641 2272 2742 2311 suo
2767 2259 3115 2314 anathemate
3155 2259 3488 2327 damnasset,
3515 2261 3621 2316 Xe-

2032 2343 2186 2396 naias
2218 2345 2410 2399 relicto
2435 2345 2688 2400 Nestorio
2712 2349 2778 2402 ad
2805 2349 3103 2405 Diodorum
3138 2361 3508 2424 transgressus
3523 2367 3624 2414 est.

2031 2441 2084 2487 et
2112 2434 2178 2488 ad
2206 2435 2558 2491 Theodorum
2593 2449 2649 2493 et
2671 2440 2948 2496 Theodori
2961 2451 3096 2508 tum,
3125 2443 3272 2498 Ibam
3305 2459 3368 2500 ac
3394 2443 3618 2518 Cyrum,

2030 2535 2087 2596 et
2125 2525 2451 2581 Eutherium
2503 2545 2568 2585 ac
2616 2531 2906 2596 Joannem,
2944 2535 3190 2605 aliosque
3233 2535 3421 2591 nescio
3457 2553 3616 2607 quos,

2031 2630 2134 2669 nec
2193 2616 2340 2671 unde
2398 2619 2694 2686 collectos,
2746 2637 2812 2676 ex
2867 2624 3070 2694 quibus
3122 2625 3342 2696 quidam
3382 2624 3619 2682 Nestorii

2031 2707 2228 2778 dogma
2274 2726 2463 2765 revera
2508 2713 2681 2767 secuti
2725 2713 2960 2778 fuerant,
2987 2717 3207 2786 quidam
3245 2735 3377 2774 vero
3407 2735 3530 2776 cum
3564 2721 3620 2776 in

2029 2801 2399 2869 suspicionem
2440 2803 2560 2874 ejus
2589 2805 2666 2859 rei
2699 2806 2997 2872 venissent,
3031 2818 3220 2879 postea
3250 2811 3392 2867 idem
3422 2813 3618 2884 dogma

2029 2903 2130 2944 suo
2163 2891 2513 2946 anathemate
2546 2893 2960 2962 damnaverant,
2991 2905 3045 2951 et
3077 2899 3132 2952 in
3173 2899 3429 2956 Ecclesia:
3469 2918 3624 2956 com-

2029 2981 2292 3036 munione
2334 2993 2638 3039 extremum
2680 2985 2824 3040 diem
2868 2988 3200 3044 clauserant.
3246 2988 3373 3054 Hos,
3415 2993 3618 3063 inquit.

2030 3088 2208 3127 omnes
2254 3074 2558 3128 Nestor-iani
2607 3077 2866 3148 dogmatis
2921 3089 3208 3136 assertores
3249 3085 3351 3138 nisi
3397 3087 3622 3140 anathe-

2029 3167 2385 3229 matizaveris,
2397 3167 2746 3223 Nestoriamts
2760 3188 2831 3234 es,
2849 3173 2966 3225 licet
2981 3173 3168 3227 millies
3181 3175 3479 3231 Nestorium
3499 3195 3618 3232 cum

323 3271 392 3325 tis
423 3270 723 3325 historiam
760 3275 1037 3323 noverunt
1075 3265 1384 3329 hominum,
1415 3277 1555 3334 quos
1578 3269 1922 3316 memorant:
1954 3241 1997 3300 (ἶ
2031 3257 2272 3311 doctrina
2311 3261 2475 3330 ipsius
2510 3263 2946 3318 anathematizrs.
2973 3265 3205 3336 Scriptis
3237 3271 3250 3286 '
3277 3269 3442 3323 etiam
3473 3269 3620 3324 litte-

320 3379 520 3434 nempc
549 3369 684 3416 ante
708 3359 981 3431 synodum
1018 3357 1395 3413 latrocinalem
1417 3356 1530 3409 vita
1553 3361 1924 3418 excesserant,

319 3465 414 3510 aut
453 3463 614 3510 certe
657 3453 978 3523 episcopatu
1023 3449 1272 3505 Andreas
1309 3457 1367 3503 et
1400 3447 1700 3501 Eutherius
1743 3463 1754 3500 :
1799 3460 1926 3499 nam

321 3545 589 3600 Rusticus
627 3543 866 3598 Andreae
913 3555 1200 3596 successor
1239 3539 1384 3593 inter
1429 3537 1717 3606 episc0pos
1758 3536 1930 3590 latro-

319 3639 450 3692 cinii
497 3644 768 3691 censetur
799 3635 866 3696 ",
928 3643 984 3688 et
1035 3631 1256 3687 Patricii
1317 3631 1628 3701 Tyanorum
1677 3627 1927 3698 praesulis

319 3729 470 3784 vices
503 3729 563 3781 in
595 3726 798 3781 eodem
831 3723 1125 3780 latrocinio
1155 3721 1321 3793 21!.
1351 3720 1662 3792 Anthymus
1697 3721 1924 3792 presby-

323 3833 404 3876 ter
435 3820 634 3892 gessit.
683 3817 816 3872 Inde
855 3817 1066 3886 pariter
1109 3814 1501 3877 emcndantur,
1533 3813 1628 3883 qui
1674 3829 1772 3882 pro
1810 3813 1925 3868 Eu-

321 3913 504 3966 therio
533 3909 880 3965 Eucherium
921 3917 1014 3962 aut
1055 3905 1437 3961 Eleutherium
1457 3945 1470 3969 ,
1497 3919 1599 3974 pro
1622 3902 1764 3975 Cyro
1789 3903 1924 3970 Qui-

319 4017 440 4056 rum
465 4009 572 4056 aut
593 3999 863 4072 Cyrillum
887 4001 1096 4070 legunt.

413 4091 536 4148 Cur
593 4100 783 4146 autem
853 4091 1098 4145 Diodoro
1155 4091 1483 4146 Theodorus
1535 4093 1920 4162 conjungatur,

317 4185 621 4239 Theodoro
667 4181 1056 4237 Theodoretus
1099 4189 1157 4236 et
1207 4181 1364 4246 ibas,
1417 4182 1639 4252 utrique
1676 4181 1924 4235 Andreas

317 4288 374 4333 et
401 4277 734 4340 Eutherius,
771 4277 1032 4330 omnibus
1057 4273 1240 4347 Cyrus
1274 4284 1330 4329 et
1370 4275 1628 4338 Joannes,
1667 4289 1829 4328 causa
1866 4275 1922 4327 in

319 4377 582 4437 promptu
625 4377 712 4421 cst
755 4384 768 4419 :
813 4381 940 4419 nam
994 4365 1266 4419 Diodorus
1317 4365 1668 4420 Theodorum
1710 4365 1918 4427 docuit,

321 4467 625 4526 utrumque
669 4455 1054 4510 Theodoretus
1097 4463 1154 4510 et
1201 4455 1326 4510 [bas
1377 4455 1773 4520 defenderunt,
1813 4454 1921 4508 An-

317 4549 479 4604 dreas
533 4557 594 4602 et
653 4547 955 4603 Eutherius
1013 4548 1279 4602 adversus
1331 4547 1596 4619 Cyrillum
1645 4548 1918 4602 virulenta
1953 4582 1996 4636 ι)

317 4641 522 4710 scripta
573 4639 892 4694 ediderunt.
941 4639 1120 4710 Cyrus
1173 4649 1229 4693 et
1284 4639 1524 4696 Joannes
1583 4638 1918 4694 Theodoreti

313 4739 504 4802 partes
571 4731 846 4785 acerrime
899 4745 1278 4802 propugnasse
1335 4731 1699 4801 perhibentur
1752 4748 1764 4784 :
1805 4730 1917 4783 imo

311 4824 602 4879 societatis
639 4837 767 4877 cum
813 4822 1068 4877 Nestorio
1113 4823 1431 4892 suspicione
1477 4823 1717 4877 Joannes
1759 4823 1917 4876 labo-

311 4915 488 4979 ravit,
539 4929 778 4983 eamque
825 4913 899 4968 ob
937 4929 1054 4968 rem
1095 4913 1152 4968 in
1205 4914 1442 4969 concilio
1475 4911 1914 4970 Chalcedonensi

309 5008 499 5078 jussus
531 5014 622 5062 est
647 5003 906 5061 Nestorio
935 5006 1226 5060 anathema
1251 5005 1436 5061 dicere
1464 5006 1529 5059 τι.

381 5097 523 5154 Vill.
559 5098 640 5152 De
679 5097 856 5152 altero
889 5097 1126 5152 concilio
1168 5107 1263 5152 aut
1294 5096 1583 5152 latrocinio
1615 5095 1819 5166 potius,
1857 5095 1913 5150 in

311 5203 422 5261 quo
475 5187 822 5243 mentionem
887 5185 1224 5242 Theodoreti
1287 5187 1488 5242 factam
1553 5187 1910 5257 scripsimus,

310 5279 574 5350 quodque
625 5287 880 5334 coactum
935 5278 1171 5349 legimus
1217 5278 1288 5334 ab
1343 5278 1662 5342 Anastasio,
1709 5277 1912 5332 Sidone

313 5369 368 5422 in
405 5367 702 5424 Palaestina
741 5381 891 5422 anno
923 5366 1130 5422 Christi
1161 5367 1287 5432 512,
1316 5367 1588 5422 Anastasii
1615 5366 1706 5434 22,
1741 5367 1912 5422 Paulo

313 5465 366 5512 et
383 5457 646 5514 ﬂuciano
664 5471 838 5522 coss.,
871 5458 990 5512 haec
1019 5459 1186 5514 tradit
1211 5457 1559 5514 Marcellinus
1583 5458 1630 5489 τ’
1659 5473 1674 5511 :
1717 5477 1734 5508 ‹
1767 5455 1914 5512 Red-

2031 3347 2108 3403 ris
2131 3348 2196 3402 ad
2225 3347 2466 3406 fautores
2493 3351 2738 3406 Dioscori
2773 3362 2827 3407 et
2859 3354 3142 3426 Eutychis,
3176 3373 3272 3413 eos
3301 3361 3616 3424 concitavit,

2029 3439 2266 3496 suadens
2307 3443 2408 3506 eis,
2451 3451 2511 3496 ut
2555 3443 2658 3498 sibi
2699 3443 2963 3501 adversus
3003 3447 3319 3504 Flavianum
3362 3451 3622 3521 praesidio

2028 3539 2236 3596 essent,
2273 3532 2435 3604 215
2485 3536 2878 3608 exigerentque
2920 3539 2988 3593 ab
3025 3555 3113 3601 eo,
3149 3557 3260 3596 non
3301 3543 3522 3612 quidem
3559 3555 3620 3598 ut

2029 3619 2202 3689 ipsam
2231 3623 2523 3692 synodum,
2548 3623 2641 3678 sed
2677 3634 2736 3679 ut
2765 3643 2857 3680 eas
2884 3627 3145 3684 duntaxat
3173 3647 3458 3700 personas.
3481 3649 3618 3704 quas

2028 3725 2193 3783 supra
2213 3716 2511 3780 nominavi,
2542 3719 2889 3774 anathemate
2914 3721 3202 3778 damnaret
3227 3742 3239 3778 :
3263 3727 3466 3795 quibus
3489 3744 3616 3784 cum

2027 3805 2320 3861 Flavianus
2343 3807 2635 3878 episcopus
2656 3809 2748 3864 diu
2773 3813 3117 3884 multumque
3151 3818 3465 3884 restitisset,
3499 3821 3620 3874 alii-

2026 3913 2133 3967 que
2161 3915 2354 3954 rursus
2386 3916 2510 3954 cum
2549 3901 2754 3956 Xenaia
2796 3903 3060 3959 adversus
3091 3906 3240 3959 illum
3284 3908 3616 3964 insurrexis-

2027 3999 2181 4054 sent,
2229 3992 2524 4045 Eleusinius
2579 3993 2790 4048 scilicet
2853 3995 3075 4063 quidam
3127 3995 3485 4066 Cappadocia:
3531 4015 3617 4054 se-

2026 4081 2221 4135 cunda:
2249 4081 2563 4150 cpiscopus,
2589 4081 2772 4136 Nicias
2794 4081 3078 4137 Laodicea:
3102 4099 3223 4153 quae
3243 4096 3328 4139 est
3353 4085 3407 4140 in
3435 4087 3610 4158 Syria.

2026 4183 2081 4228 et
2108 4189 2172 4228 ex
2205 4173 2327 4228 aliis
2357 4174 2494 4228 locis
2529 4175 2644 4237 alii,
2681 4191 2914 4244 quorum
2956 4175 3067 4230 odii
3105 4177 3370 4232 adversus
3403 4179 3614 4234 Flavia-

2024 4283 2156 4320 num
2185 4281 2435 4336 quamam
2459 4279 2637 4321 causaa
2667 4267 2891 4333 fuerint,
2917 4267 3064 4322 haud
3099 4278 3348 4324 nostrum
3376 4279 3479 4338 est,
3515 4271 3612 4326 sed

2024 4357 2256 4413 aliorum
2292 4374 2606 4429 exponere:
2647 4359 2866 4416 tandem
2911 4361 3033 4418 illos
3065 4361 3170 4416 hoc
3208 4361 3355 4417 facto
3393 4364 3613 4434 quietu-

2025 4469 2116 4505 ros
2151 4451 2468 4514 arbitratus,
2501 4453 2667 4506 cessit
2710 4453 2928 4508 illorum
2965 4456 3338 4522 contentioni;
3375 4473 3610 4527 cumque

2025 4543 2369 4612 supradictas
2393 4559 2655 4613 personas
2675 4546 2880 4614 scripto
2902 4545 3436 4612 anathematizasset,
3456 4547 3612 4602 libel-

2026 4635 2137 4687 lum
2169 4649 2330 4688 suum
2360 4634 2426 4687 ad
2459 4633 2848 4703 imperatorem
2879 4635 3028 4689 misit
3054 4653 3065 4686 :
3095 4650 3218 4689 nam
3251 4643 3306 4690 et
3339 4637 3486 4692 hunc
3517 4639 3606 4692 ad-

2025 4741 2218 4781 versus
2264 4727 2582 4780 Flavianum
2610 4767 2623 4788 ,
2675 4735 2932 4797 tanquam
2979 4727 3292 4782 Nestoriani
3341 4729 3612 4799 dogmatis

2024 4828 2508 4888 propugnatorem,
2550 4829 2980 4873 commoverant.
3032 4819 3138 4874 Sed
3187 4835 3364 4890 neque
3402 4819 3506 4874 hac
3551 4837 3610 4875 re

2023 4919 2316 4968 contentus
2348 4909 2584 4965 Xenaias
2625 4911 2806 4982 exegit
2852 4911 3051 4966 iterum
3087 4929 3117 4967 a
3159 4913 3438 4978 Flaviano,
3468 4923 3524 4969 ut
3555 4925 3613 4972 ct

2020 5001 2289 5072 synodum
2317 5001 2512 5070 ipsam,
2542 5007 2598 5055 et
2631 5017 2727 5054 eos
2761 4999 2855 5070 qui
2889 5001 3026 5055 duas
3056 5011 3282 5058 naturas
3306 5003 3362 5059 in
3389 5001 3611 5058 Christo

2021 5093 2490 5163 praedicaverant.
2548 5093 2774 5148 alteram
2827 5095 3042 5158 carnis,
3091 5095 3320 5148 alteram
3367 5093 3608 5156 deitatis,

2021 5185 2356 5240 anathemati
2385 5185 2699 5256 subjiceret.
2731 5205 2748 5236 ι

2091 5275 2182 5330 lx.
2213 5273 2363 5345 Opus
2384 5275 2486 5330 fuit
2515 5283 2623 5330 tam
2648 5274 2860 5346 prolixo
2887 5273 3224 5336 testimonio,
3259 5271 3456 5340 partim
3479 5273 3610 5342 quia

2021 5367 2308 5422 historiam
2326 5369 2551 5438 exponit
2573 5365 2794 5422 aliunde
2811 5365 3124 5430 obscuram,
3144 5365 3342 5434 partim
3355 5363 3423 5420 ad
3446 5366 3611 5422 intel-

2019 5459 2322 5532 ligendum,
2346 5477 2452 5531 qua
2487 5459 2574 5514 via
2601 5458 2840 5513 solerent
2863 5455 3214 5528 Eutychiani,
3243 5469 3386 5529 quos
3429 5457 3612 5516 abdu-

1669 5622 1987 5682 SCHULZII
2027 5621 2257 5680 NOTAE.

375 5759 422 5790 "
453 5755 576 5812 Vid.
609 5757 734 5816 Act.
761 5769 930 5814 conc.
965 5753 1223 5813 Chalced.

302 5845 424 5900 cap.
475 5827 562 5884 34.

1306 5755 1346 5787 ⁷⁵
1375 5755 1496 5812 Vid.
1529 5755 1660 5812 Acta
1695 5774 1854 5814 conc.
1887 5757 2149 5814 Chalced.
2181 5765 2288 5813 aet.
2321 5759 2372 5812 8.
2453 5759 2496 5789 ⁷⁸
2523 5757 2580 5812 1η
2615 5757 2862 5812 Chronic.
2945 5756 2988 5788 τε
3013 5755 3136 5811 Vid.
3159 5757 3353 5830 Evagr.
3393 5756 3492 5814 lib.
3527 5773 3606 5820 m.
