4080 6466
523 355 621 418 ιδτ
1655 351 2037 410 GARNERII
2079 351 2128 410 D

2190 352 2579 414 SSERTATIO
2617 353 2666 415 Ι.
3701 348 3801 412 168

518 481 648 520 cere
677 462 924 518 vellenta
954 461 1080 522 ﬁde,
1117 475 1212 513 eos
1233 459 1299 512 ad
1336 457 1854 512 condemnationem
1889 457 2110 512 concilii
2145 465 2180 513 Α
2215 459 2544 524 calumnias,
2577 469 2743 529 atque
2775 458 2844 512 ab
2896 457 3091 513 iisdem
3137 457 3381 520 defendi,
3420 472 3447 509 a
3486 456 3684 525 quibus
3718 459 3803 510 vel

522 552 990 612 Chalcedonensis
1018 565 1234 621 cogere.
1262 549 1540 604 Jubebant
1570 550 1810 618 primum
1861 549 2113 603 Nestorio
2219 550 2393 603 sancti
2432 550 2635 606 Leonis
2667 552 2968 621 apostolica
3005 549 3168 615 ﬁdes,
3207 548 3291 603 vel
3323 548 3583 604 Ecclesiae
3612 549 3803 604 catho»

525 645 815 702 anathema
838 645 1043 705 dicere,
1071 650 1185 694 tum
1209 639 1448 694 Nestorii
1489 638 1818 702 fautoribus,
1843 652 1964 691 mox
1993 637 2110 691 fau-
2218 640 2336 694 lica
2391 640 2642 695 deﬁnitio
2692 641 2974 696 miraculis
3029 649 3373 711 propugnata
3431 649 3534 693 est.
3578 638 3802 702 Verum,

525 747 709 792 torum
739 735 1148 805 receptoribus,
1185 742 1243 788 et
1287 732 1508 787 tandem
1547 732 1784 786 concilio
1816 731 2116 785 Chalcedo-
2216 734 2477 801 quoniam
2534 734 2748 795 animi,
2812 743 3100 804 postquam
3163 732 3549 787 vehementius
3637 735 3804 788 semel

523 828 706 892 nensi,
732 826 1078 894 duarumque
1116 832 1438 878 naturarum
1475 822 1875 893 pugnatoribus
1920 839 1934 875 :
1987 838 2113 875 nam
2217 825 2477 878 commoti
2505 835 2654 889 sunt,
2686 825 2777 879 vix
2825 841 2883 880 se
2929 825 3217 880 continent
3246 825 3387 878 intra
3423 822 3660 880 rationis
3687 840 3806 877 mo-

523 920 618 976 ubi
659 919 827 974 semel
864 918 1158 972 damnatus
1200 917 1381 972 fuerat
1430 916 1736 978 Nestorius,
1769 915 1918 985 quod
1951 930 2115 968 nemo
2217 915 2370 980 dum,
2406 917 2500 971 sed
2538 918 2746 986 impetu
2796 917 2911 987 rapi
2928 917 3117 971 solent
3156 915 3373 986 longius
3398 931 3562 985 quam
3589 914 3670 969 fas
3694 916 3802 967 sit:

524 1012 828 1070 catholicus
866 1010 1155 1072 renucbat,
1185 1009 1427 1079 proclive
1455 1017 1574 1062 erat
1601 1023 1698 1061 eos
1728 1006 1936 1076 pariter
1955 1004 2114 1060 dam-
2217 1007 2449 1078 contigit
2493 1019 2551 1063 ut
2595 1009 2854 1080 Cyrensis
2876 1009 3058 1062 clerus
3085 1007 3432 1077 populusque
3459 1006 3808 1061 scinderetur

523 1121 677 1168 nare,
703 1105 795 1176 qui
847 1104 930 1157 vel
980 1102 1367 1156 Nestorianum
1394 1099 1714 1153 docuissent
1742 1114 2010 1160 errorem,
2055 1105 2117 1151 ut
2218 1100 2271 1154 in
2303 1110 2505 1170 partes,
2537 1102 2681 1165 aliis,
2717 1102 2935 1171 opinor,
2972 1101 3355 1170 sequentibus,
3383 1099 3508 1154 aliis
3548 1097 3808 1169 fugienti-

523 1197 796 1252 Diodorus
820 1203 874 1249 et
919 1193 1280 1256 Theodorus;
1316 1192 1400 1245 vel
1433 1198 1712 1244 errantem
1752 1190 2116 1244 nihilominus
2219 1192 2322 1248 bus
2365 1193 2616 1264 Sergium
2652 1196 2997 1264 episcopum,
3031 1208 3194 1261 quem
3229 1191 3467 1247 Severus
3508 1190 3810 1244 Antioche-

522 1289 856 1346 laudassent,
899 1293 958 1339 ut
1004 1284 1386 1339 Theodoretus
1422 1292 1478 1336 et
1518 1282 1659 1346 ibas,
1685 1281 1881 1352 Cyrus,
1909 1281 2117 1336 Euthe—
2218 1302 2324 1340 nus
2367 1286 2836 1357 Eutychianorum
2873 1284 3305 1355 perditissimus,
3343 1291 3401 1338 et
3453 1283 3537 1340 sui
3566 1282 3810 1340 nominis

526 1382 643 1435 rius
688 1389 746 1436 et
793 1379 1036 1434 Joannes
1086 1375 1575 1432 Germaniciensis.
1634 1375 1940 1429 Anathema
1983 1389 2116 1428 vero
2219 1387 2389 1433 sectae
2428 1387 2623 1432 auctor
2671 1378 3043 1433 ordinaverat.
3073 1375 3314 1446 Contigit
3343 1375 3510 1430 etiam
3541 1377 3556 1394 ⁶
3594 1382 3654 1430 ut
3684 1388 3812 1444 pars

526 1478 815 1542 postquam
855 1469 909 1522 in
949 1482 1046 1522 eos
1093 1467 1374 1521 incussum
1406 1475 1545 1530 erat,
1584 1465 1809 1520 retineri
1839 1466 1963 1536 jure
2006 1481 2115 1520 non
2220 1470 2394 1539 major
2419 1469 2800 1538 imprudenter
2845 1483 2904 1522 se
2953 1467 3298 1526 Nestorianis
3330 1465 3663 1536 quibusdam
3693 1473 3808 1517 tum

526 1568 765 1633 poterat,
792 1559 1090 1630 quominus
1113 1558 1421 1630 pertineret
1456 1557 1523 1612 ad
1549 1556 1721 1626 ipsam
1746 1573 1966 1627 quoque
1987 1573 2115 1612 san-
2219 1561 2525 1625 monachis,
2564 1570 2678 1615 tum
2711 1560 2946 1624 clericis,
2978 1559 3312 1629 adjunxerit.

527 1665 672 1711 ctam
703 1655 996 1726 synodum,
1037 1653 1240 1722 quippe
1290 1666 1413 1721 quae
1461 1649 1714 1704 homines
1742 1649 1938 1719 dignos
1981 1665 2114 1704 ana-
2291 1653 2568 1708 lncaulam
2613 1653 3025 1707 multitudinem
3053 1651 3394 1720 impulerunt
3428 1647 3540 1703 duo
3579 1647 3636 1704 in
3688 1662 3812 1716 spe-

535 1747 797 1811 themate,
838 1754 1066 1818 prepter
1097 1742 1326 1797 haeresis
1360 1742 1702 1807 societatem,
1735 1757 1833 1795 sua
1865 1757 2114 1796 commu-
2154 1807 2191 1818 ﬁ
2221 1745 2362 1800 ciem
2396 1746 2665 1800 honesta:
2692 1744 3028 1799 Theodoreti
3061 1743 3328 1806 studittm,
3351 1756 3515 1811 quem
3541 1738 3814 1810 Cyrenses

527 1833 695 1888 Ilione
721 1807 983 1888 doni-asse]
1005 1832 1155 1887 velut
1175 1831 1509 1886 CalIIOIiCOSo
2154 1807 2192 1858 Β
2223 1856 2364 1910 pene
2388 1839 2716 1902 adorabant,
2739 1847 2793 1893 et
2833 1837 3023 1892 odium
3052 1807 3501 1898 Severianorum,
3541 1807 3813 1904 aquibus

597 1918 668 1983 Ut
693 1935 782 1981 est
805 1926 964 1981 istius
994 1924 1187 1997 synodi
1233 1924 1532 1980 admodum
1560 1925 1795 1980 obscura
1827 1925 2112 1990 memoria,
2224 1932 2460 1986 duarum
2519 1941 2841 1986 naturarum
2882 1938 3186 1986 assertores
3245 1929 3366 1983 dira
3431 1943 3610 1998 nuper
3663 1924 3810 1995 passi

526 2017 601 2074 ita
629 2018 802 2088 ipsius
832 2019 1046 2088 singula
1086 2034 1228 2089 aegre
1256 2018 1590 2088 colliguntur
1621 2033 1686 2072 ex
1707 2025 1958 2072 veterum
2002 2033 2118 2070 mo-
2222 2034 2400 2079 ειιςιηι,
2449 2025 2748 2094 Utriusque
2816 2023 3126 2078 affectionis
3183 2021 3502 2077 communio
3546 2019 3812 2076 suadebat

525 2111 810 2166 nimentis.
859 2111 1197 2166 Convenisse
1255 2111 1535 2182 octoginta
1577 2110 1750 2165 ferme
1805 2110 2114 2180 episeOpos,
2223 2117 2381 2172 facile
2435 2133 2632 2186 puram
2682 2132 2805 2172 esse
2860 2115 3088 2171 sceleris
3137 2115 3281 2172 hanc
3336 2114 3813 2182 societatem,qua

528 2202 697 2256 tradit
749 2202 1075 2256 Theodorus
1125 2201 1370 2256 Lector:
1415 2203 1625 2257 indicat
1675 2202 1978 2272 praefuisse,
2023 2214 2116 2256 aut
2223 2207 2427 2261 bellum
2460 2214 2750 2276 gereretur
2782 2206 2940 2276 quasi
2969 2221 3208 2268 sacrum,
3238 2212 3296 2259 et
3341 2219 3663 2260 communes
3715 2203 3814 2258 ho—

527 2293 720 2348 saltem
748 2293 1120 2364 principatum
1143 2293 1248 2348 sibi
1285 2309 1572 2364 arrogasse
1604 2292 1979 2348 Cotherieium
2002 2293 2118 2348 Cte-
2223 2307 2336 2353 stes
2359 2296 2768 2368 frangerentur,
2794 2296 3085 2366 utriusque
3131 2304 3345 2356 natura:
3384 2294 3614 2350 haeresis
3642 2294 3813 2350 elide-

527 2402 696 2442 sareae
746 2385 1144 2457 Cappadociae,
1184 2398 1240 2442 et
1290 2386 1558 2442 Xenaiam
1605 2402 1701 2441 seu
1753 2387 2114 2442 Philoxenum
2224 2401 2396 2445 retur.

527 2478 837 2548 Hierapolis
868 2479 1192 2544 antistitem,
1225 2479 1373 2548 quod
1424 2480 1622 2535 rationi
1666 2489 1975 2549 temporum
2015 2479 2114 2533 ad-
2297 2482 2362 2536 ll.
2384 2482 2647 2553 Cyrensis
2675 2481 2842 2552 igitur
2875 2479 3134 2534 Ecclesiae
3155 2477 3342 2534 clerici
3377 2475 3512 2539 duo,
3536 2475 3812 2531 Androni-

525 2581 780 2627 versatur
815 2589 828 2625 :
863 2571 1054 2626 ambos
1077 2571 1372 2642 perhibent
1400 2571 1568 2627 fuisse
1603 2572 1887 2626 hominum
1911 2571 2118 2640 impro-
2224 2589 2324 2629 cus
2374 2575 2662 2644 presbyter
2701 2589 2766 2628 ac
2797 2573 3076 2635 defensor,
3116 2579 3173 2626 et
3207 2568 3478 2638 Georgius
3522 2567 3812 2631 diaconus,

527 2662 804 2726 bissimos,
830 2662 1060 2718 idoneos
1101 2663 1251 2732 impii
1299 2663 1647 2732 imperatoris
1690 2663 1992 2726 ministros,
2022 2679 2116 2732 pa-
2224 2676 2478 2721 auctores
2518 2666 2742 2719 fuerunt
2776 2663 3138 2726 multitudini,
3169 2671 3231 2717 ut
3271 2660 3706 2731 aggrederentur
3741 2658 3818 2712 fa—

527 2769 616 2808 res
638 2753 1038 2824 Aeephalorum
1065 2753 1375 2825 signiferos,
1400 2755 1588 2810 hostes
1627 2755 1773 2819 ﬁdei,
1798 2764 2115 2811 sanctorum
2224 2757 2382 2811 ciuus
2418 2758 2660 2813 audacim
2694 2757 3095 2826 plenissimum.
3129 2753 3210 2808 Ad
3241 2753 3558 2810 audendum
3584 2752 3816 2822 juvabat

527 2847 888 2911 victimarios,
928 2855 984 2902 et
1016 2863 1156 2918 pene
1187 2847 1476 2903 carniﬁces
1513 2867 1527 2902 :
1569 2849 1865 2918 perhibent
1908 2849 2117 2919 pariter
2224 2850 2470 2905 conditio
2525 2866 2733 2905 rerum.
2785 2849 3024 2906 Severus
3063 2849 3210 2903 enim
3239 2847 3308 2903 ab
3356 2847 3690 2916 imperatore
3721 2844 3818 2900 Ju-

527 2939 838 3009 suppositas
854 2937 1176 2993 orthodoxis
1205 2938 1600 3003 confessiones,
1621 2940 1918 3010 omniaque
1950 2940 2117 2995 modo
2225 2941 2368 2998 stino
2398 2943 2692 2998 Antiochia
2728 2943 2938 3012 eiectus
2969 2941 3182 3012 fugerat
3217 2938 3636 3002 Alexandriam;
3675 2937 3818 2990 Pau-

526 3044 627 3100 per
663 3029 797 3096 vim,
837 3029 1001 3084 modo
1029 3028 1334 3104 perdolum
1358 3039 1598 3100 peracta.
1622 3029 1762 3095 Quid
1795 3030 2007 3084 multa?
2037 3031 2118 3085 Ex
2224 3035 2311 3090 lus
2343 3034 2578 3090 duarum
2607 3042 2930 3089 naturarum
2967 3042 3210 3088 assertor
3237 3032 3292 3088 in
3330 3031 3512 3086 locum
3553 3029 3817 3100 fugientis

527 3121 632 3177 hac
661 3121 871 3193 synodo
922 3121 1067 3191 pulsi
1120 3120 1377 3175 feruntur
1426 3121 1651 3176 sedibus
1695 3121 1811 3176 suis
1857 3121 2118 3177 catholici
2149 3173 2189 3197 η
2224 3128 2384 3197 217
2410 3135 2762 3181 successerat
2804 3144 2814 3178 :
2853 3125 2980 3179 inde
3029 3124 3230 3180 afﬂicta
3257 3123 3480 3191 quidem
3515 3129 3600 3178 est
3647 3120 3820 3192 Euty-

526 3215 810 3285 prmsules,
845 3212 1133 3282 exsiliique
1159 3213 1420 3266 aerumnis
1445 3213 1642 3282 partim
1677 3212 1885 3275 amicti,
1917 3214 2118 3282 partim
2149 3211 2190 3232 ν
2224 3219 2548 3274 chianorum
2610 3217 2795 3280 factio,
2833 3232 2944 3270 non
2994 3225 3177 3271 tamen
3211 3223 3516 3285 prostrata;
3569 3211 3818 3266 animum

529 3303 828 3373 absumpti,
867 3311 928 3356 ut
961 3301 1225 3355 admirari
1252 3310 1505 3372 oporteat
1529 3317 1728 3357 arcana
1754 3302 1955 3357 divinae
1981 3318 2115 3372 pro-
2224 3311 2371 3364 enim
2433 3325 2611 3379 nuper
2657 3309 2816 3378 quasi
2881 3307 3172 3379 tyrannide
3227 3307 3435 3364 elatum
3491 3303 3821 3360 continebat

527 3395 786 3450 videmiae
815 3393 1066 3458 consilia,
1113 3392 1280 3448 trium
1316 3393 1680 3464 capitulorum
1709 3394 2118 3450 damnationem
2227 3403 2414 3472 potius
2448 3417 2613 3471 quam
2643 3401 2978 3470 deponebat.

524 3488 636 3559 iam
672 3487 801 3541 inde
825 3485 1124 3540 πιοηθηῑῖεο
2297 3493 2383 3546 Ill.
2449 3493 2520 3548 U‘t
2578 3491 2799 3546 afflictis
2838 3491 3171 3546 insultarent
3215 3488 3426 3554 clerici,
3479 3502 3618 3558 quos
3679 3486 3818 3551 dixi,

602 3579 768 3649 216
796 3575 868 3631 X.
896 3577 1097 3631 Narrat
1117 3576 1443 3631 Theodorus
1476 3576 1678 3632 Lector
1703 3577 1772 3642 ⁷⁷,
1804 3576 1970 3631 Helia:
1991 3576 2120 3632 Hie-

2224 3583 2558 3639 Theodoreti
2587 3583 2880 3654 imaginem
2909 3583 3099 3638 currui
3130 3583 3444 3652 impositam
3476 3579 3823 3650 triumphan-

529 3670 930 3740 rosolymorum
968 3667 1232 3739 episcopo
1269 3669 1598 3738 praecepisse
1638 3670 1993 3724 Anastasium
2020 3670 2123 3724 im-
2227 3678 2295 3732 tis
2325 3691 2478 3731 more
2515 3677 2570 3730 in
2600 3676 2881 3731 civitatem
2917 3675 3313 3739 introducunt;
3347 3671 3722 3729 circumfusus
3737 3679 3825 3728 est.

530 3769 864 3832 peratorem,
893 3769 953 3815 ut
981 3761 1251 3833 synodum
1280 3763 1689 3832 episcoporum,
1734 3762 1828 3830 qui
1860 3761 1964 3815 sub
2003 3761 2123 3831 ipso
2224 3765 2494 3835 plaudens
2517 3765 2775 3835 populus,
2801 3771 2859 3819 et
2899 3772 3232 3834 personante
3259 3763 3504 3834 epinieio
3525 3803 3539 3828 ,
3567 3760 3826 3832 procedit

529 3863 709 3915 erant,
743 3851 1047 3922 colligeret,
1090 3859 1147 3904 et
1169 3859 1424 3921 quartam
1477 3851 1745 3923 synodum
1791 3850 2119 3906 damnaret:
2225 3863 2422 3928 p‘ompa
2469 3857 2537 3911 ad
2577 3857 2866 3927 templum,
2919 3871 3132 3926 suoque
3181 3855 3383 3910 throno
3434 3854 3826 3910 Theodoretus

531 3941 740 3996 Heliam
766 3957 898 3995 vero
933 3941 1204 4012 synodum
1251 3957 1363 3996 non
1395 3956 1778 4013 congregasse.
1805 3941 1898 3996 sed
1944 3942 2122 3996 solum
2224 3950 2565 4016 restituitur;
2599 3949 2914 4004 celebratur
2937 3950 3158 4020 synaxis
3185 3961 3341 4002 sacra
3372 3946 3428 4000 in
3459 3943 3819 4008 Theodoreti,

531 4032 849 4103 imperatori
890 4033 1110 4089 dedisse
1155 4033 1391 4099 litteras,
1443 4033 1648 4104 quibus
1694 4032 2014 4088 Nestorium
2068 4043 2126 4089 et
2225 4041 2586 4112 Diodorique,
2628 4051 2684 4096 et
2713 4041 2992 4096 Theodori
3017 4041 3320 4106 honorem;
3350 4039 3459 4096 imo
3488 4047 3548 4094 et
3576 4038 3822 4094 Nestorii

531 4127 838 4198 Eutychen,
881 4127 1181 4183 Diodorum
1208 4129 1342 4185 item
1379 4138 1437 4182 et
1471 4126 1825 4182 Theodorum
1855 4128 1978 4198 (nec
2016 4127 2123 4182 du~
2224 4134 2482 4205 martyris
2535 4134 2596 4187 lit
2653 4133 2944 4198 memoria;
2992 4140 3254 4202 Operatur
3300 4131 3495 4194 sacris,
3528 4128 3677 4198 quod
3731 4129 3822 4184 in-

531 4219 682 4273 bium
704 4219 840 4289 quin
862 4227 1197 4275 memoratos
1218 4221 1402 4290 alios),
1436 4219 1609 4289 ipsam
1649 4236 1869 4291 quoque
1890 4221 2124 4277 Chalce-
2223 4239 2394 4279 nuere
2426 4225 2648 4279 videtur
2667 4225 2870 4279 Justini
2911 4223 3146 4285 sanctio,
3188 4223 3424 4291 ipsemet
3453 4220 3681 4290 Sergius
3700 4221 3824 4290 epi-

529 4312 829 4368 donensem
869 4313 1140 4384 synodum
1191 4314 1498 4370 damnaret.
1528 4311 1799 4383 Opinatur
1853 4313 2125 4368 Baronius
2223 4329 2444 4385 seopus.
2471 4314 2612 4379 Quid
2638 4313 2785 4367 enim
2810 4329 2920 4366 non
2945 4311 3089 4366 ausit
3120 4310 3402 4381 popularis
3423 4309 3665 4371 vesania,
3691 4325 3821 4363 cum

531 4403 588 4458 id
621 4404 886 4474 scriptum
909 4421 939 4459 a
967 4406 1259 4461 Theodoro
1283 4406 1352 4460 de
1374 4405 1531 4461 Helia
1555 4421 1656 4475 per
1694 4421 1942 4460 errorem
1973 4424 1986 4460 :
2024 4406 2122 4461 sed
2224 4405 2382 4460 furor
2409 4404 2732 4473 religionem
2759 4403 3097 4458 ementitur?

531 4497 872 4567 argumentis
901 4499 1014 4552 suis
1033 4513 1145 4553 non
1170 4495 1357 4564 efIicit,
1384 4504 1444 4552 ut
1468 4497 1570 4568 ipsi
1595 4512 1788 4551 omnes
1811 4497 2120 4552 assentian-
2155 4527 2199 4581 θ
2299 4496 2387 4549 lV.
2426 4495 2560 4548 Tam
2613 4495 2869 4564 projectae
2915 4493 3184 4558 audacite,
3216 4500 3487 4562 tantaeque
3521 4490 3825 4560 impietatis

534 4597 644 4644 tur.
2229 4586 2444 4640 novitas
2464 4587 2761 4640 commovit
2789 4587 3008 4651 merito,
3030 4602 3140 4640 non
3173 4592 3384 4640 tantum
3411 4584 3634 4655 Cyrum,
3659 4583 3826 4654 cujus

1163 4702 1390 4759 CAPUT
1427 4702 1542 4758 xv.
2224 4679 2278 4732 in
2311 4677 2488 4732 oculis
2532 4694 2620 4733 res
2650 4680 2932 4749 agebatur,
2985 4678 3080 4733 sed
3115 4679 3301 4742 etiam,
3331 4678 3473 4734 fama
3533 4678 3822 4748 vulgante,

532 4795 575 4850 Ι.
613 4793 1112 4871 Conversiofefutn
1149 4796 1459 4871 Theodoreti
1489 4797 1564 4871 Δοι)
1607 4794 1892 4871 tum_uftum
1925 4794 2125 4871 Cyren-
2224 4778 2413 4871 t°lam_
2437 4770 2884 4871 Ευρδτξηεδίδηξν
2918 4772 3090 4871 quin}.
3113 4771 3413 4871 Provinfim
3443 4778 3678 4871 ρεξτε-ξεί
3710 4768 3821 4871 (ἷξ-

600 4883 728 4949 sent.
762 4867 828 4930 ll,
855 4867 1250 4949 llllmlnducitur
1285 4867 1449 4948 ipsius
1483 4866 1664 4949 imago
1694 4861 2124 4949 Cyrumutft'um:
2223 4879 2318 4918 rus
2361 4880 2372 4915 :
2402 4862 2511 4918 imo
2534 4873 2589 4919 et
2629 4864 2802 4934 ipsam
2832 4862 3206 4927 Antiochiam,
3238 4861 3538 4920 Orientalis
3562 4861 3824 4916 dimcesis

601 4939 688 5006 phi
719 4953 901 5026 ζηοζορε.Ι
921 4937 1003 4991 Fit
1051 4939 1267 5026 synaas‘is
1319 4936 1610 5026 'injipsius,
1641 4936 1750 5026 into
1793 4945 1841 5018 et
1888 4936 2122 5026 [lyesto‘rii

2229 4955 2462 5026 primam
2504 4955 2714 5020 sedem,
2747 4964 2914 5026 atque
2944 4955 3110 5011 etiam
3136 4954 3692 5024 Constantinopolim,
3717 4952 3827 5010 im-

602 5009 855 5078 martyrio
883 5006 1152 5061 honorent.
1186 5007 1271 5061 Ν.
1310 5006 1440 5060 Inde
1477 5009 1755 5060 commotio
1797 5008 1852 5060 in
1885 5006 2116 5061 Oriente.
2230 5006 2462 5059 "'27"
2506 5006 2581 5010 "‘

603 5078 646 5118 ν
706 5078 1000 5118 'mnprnlnr
1037 5077 1387 5118 iuhplinnm'ri
1417 5076 1481 5118 (In
1508 5093 1563 5118 rp.
1603 5077 1663 5118 Vl
1720 5076 1952 5118 Inm'rhu
1976 5095 2122 5118 ηηιν-
2229 5063 2367 5116 pem
2396 5056 2581 5118 caput.

603 5078 666 5132 ν.
700 5076 1000 5148 Imperator
1024 5077 1387 5148 jubetinquiﬁ
1417 5076 1481 5129 de
1508 5093 1580 5130 re.
1603 5077 1679 5130 Vl.
1714 5076 1952 5130 Incertus
1975 5095 2122 5147 qua:-

598 5135 796 5201 ationis'
844 5135 1074 5200 eventus.
1151 5135 1274 5200 νη]
1319 5147 1538 5217 Tempus
1611 5155 1744 5200 acta:
1829 5135 2116 5216 tragm’dia’.

2299 5137 2403 5203 Qui
2453 5137 2653 5210 Cyrum
2692 5137 3027 5202 incolebant,
3068 5136 3395 5208 Eutychiani
3453 5135 3827 5194 communiter

787 5217 934 5272 Unde
976 5219 1354 5272 monachorum
1401 5216 1583 5288 religio
1625 5233 1752 5288 erga
1798 5217 2116 5272 Nestorium.
2229 5240 2396 5300 atque
2444 5230 2714 5286 Catholici
2752 5241 3090 5286 curaverunt,
3121 5246 3151 5284 a
3181 5229 3473 5288 defensore
3500 5235 3653 5298 ses“
3690 5244 3829 5284 eo"-

939 5305 1017 5354 ΑῙ)
1041 5316 1171 5353 ³⁰¹¹⁰
1194 5302 1374 5354 Christi
1400 5305 1492 5354 5'8
1520 5306 1578 5354 ad
1604 5306 1712 5354 527-
2235 5321 2346 5385 fici,
2371 5337 2493 5392 quae
2526 5321 2592 5376 ad
2628 5321 2918 5392 praesidem
2961 5323 3265 5394 provincias
3295 5322 3672 5378 mitterentur.
3707 5320 3828 5376 Eu-

606 5403 647 5457 l.
685 5403 962 5469 Hactenus
988 5403 1280 5462 honestum
1312 5403 1495 5462 fuerat
1523 5405 1594 5460 ab
1627 5405 1694 5460 iis
1721 5407 1908 5461 vexari
1945 5405 2124 5460 Theo-
2235 5410 2474 5480 tychiani
2510 5412 2862 5482 singulariter
2895 5414 2963 5472 ad
3003 5415 3300 5486 primatem
3340 5411 3832 5484 Hierapolitanum

535 5493 714 5549 doreti
745 5508 968 5561 nomen,
999 5512 1236 5566 quorum
1270 5499 1522 5568 impietas
1552 5507 1681 5554 nota
1720 5508 1867 5556 esset
1901 5518 1912 5552 :
1946 5499 2123 5554 fuerat
2232 5501 2300 5554 de
2326 5516 2384 5555 re
2412 5509 2522 5556 tota
2555 5503 2883 5558 retulerunt.
2923 5505 2975 5559 Is
3004 5516 3122 5560 erat
3160 5505 3400 5566 Xenaias
3423 5519 3518 5558 seu
3559 5502 3825 5557 Philoxe-

536 5592 594 5639 et
630 5585 952 5655 gloriosum,
981 5603 1302 5646 communes
1352 5591 1462 5661 pali
1511 5607 1636 5646 eum
1677 5601 1864 5646 saneta
1913 5591 2124 5661 synodo
2231 5608 2338 5650 nus
2354 5595 2757 5663 Aeephalorum
2784 5597 3176 5666 nequissimus.
3205 5595 3463 5651 Confecta
3503 5602 3631 5650 sunt
3653 5593 3824 5648 etiam

1881 5727 2202 5787 SCHULZII
2244 5727 2477 5786 NOTE.

609 5818 653 5853 "
683 5820 804 5878 Lib.
833 5837 870 5878 tt
891 5822 1025 5880 Hist.
1054 5821 1231 5878 coclea.
