4080 6470
363 356 479 421 16)

1564 366 1926 427 HISTORIA
1964 370 2474 438 THEODORETI.

3545 385 3646 449 ῙΤΟ

288 482 300 526 ‘.
361 479 680 536 Antiochiae
703 489 880 553 gesta,
907 481 1114 535 auditis
1141 478 1410 535 militibus
1430 478 1498 534 de
1527 479 1693 535 tertio
1729 495 1959 534 numero

2076 490 2309 554 :onsulc,
2337 491 2404 544 ad
2450 490 2693 547 Orientis
2724 493 3038 564 prtefectum
3075 495 3248 550 Sacra
3285 496 3642 554 scriberetur.

360 572 879 638 Stabilisiauorum,
925 575 1020 644 qui
1074 573 1203 644 Cyri
1247 573 1499 636 aderant,
1527 572 1658 626 dum
1708 579 1963 642 ageretur

359 666 591 733 fabula;
621 669 832 738 perlata
891 677 1022 722 sunt
1068 667 1124 721 in
1171 666 1366 723 urbem
1418 667 1623 738 regiam
1653 672 1709 720 et
1763 664 1880 719 haec
1905 676 1963 718 et

362 759 462 814 illa
495 776 511 812 :
547 759 774 815 additur
797 759 1176 828 Euphratesia:
1209 759 1505 829 provinciae
1554 758 1960 828 episcoporum,

360 853 658 923 ipsiusque
677 852 854 923 Sergii
878 853 1119 918 libellus,
1142 867 1252 922 quo
1273 851 1559 907 Nestorius
1587 851 1782 904 damna
1792 858 1960 911 retur,

355 955 422 999 et
452 954 701 1015 quatuor
720 944 1087 999 conciliorum
1115 943 1253 998 fides
1281 943 1630 1013 probaretur.

441 1037 504 1092 V.
539 1036 811 1092 Perlectis
843 1036 1122 1100 omnibus,
1158 1034 1460 1105 imperator
1489 1031 1750 1103 praefecto
1771 1029 1966 1084 Orien-

365 1129 443 1184 tis
475 1129 574 1183 dat
604 1127 922 1198 inquirendi
964 1127 1303 1191 mandatum,
1331 1133 1389 1180 et
1418 1124 1550 1178 illud
1590 1123 1812 1192 quidem
1842 1137 1966 1174 ver-

365 1224 479 1287 bis,
517 1231 581 1277 ut
613 1237 714 1291 par
745 1229 884 1282 erat,
914 1219 1042 1274 fidei
1075 1219 1260 1274 studio
1286 1217 1526 1273 incensis
1561 1215 1623 1267 ⁷⁸.
1670 1235 1685 1264 ι
1721 1214 1797 1268 Ne
1832 1211 1968 1268 emi-

365 1315 566 1370 nentia
588 1324 683 1367 tua
721 1321 969 1368 nostram
1010 1311 1391 1366 tantummodo
1423 1311 1614 1364 timeat
1636 1305 1967 1376 indignatio-

357 1422 525 1470 nem,
567 1405 668 1460 sed
700 1405 868 1460 etiam
915 1403 1014 1458 Dei
1062 1404 1237 1469 iram;
1269 1419 1380 1457 non
1408 1402 1554 1473 piget
1597 1414 1700 1454 nos
1739 1397 1970 1467 etiura-

369 1505 623 1553 mentum
655 1497 707 1552 ei
754 1495 1044 1566 imponere
1086 1495 1142 1550 in
1179 1493 1401 1550 nomine
1431 1492 1649 1548 Domini
1688 1498 1744 1544 et
1785 1487 1970 1542 Salva-

374 1589 520 1642 toris
542 1587 752 1644 Christi
780 1587 877 1641 Dei
913 1586 1110 1650 nostri,
1136 1585 1208 1640 ad
1237 1601 1401 1656 quem
1423 1585 1552 1638 talia
1579 1581 1877 1653 pertinent,
1911 1585 1971 1629 ut

381 1683 556 1752 ipsam
578 1681 871 1737 veritatem
905 1679 1152 1748 undique
1182 1679 1470 1748 requiras:
1506 1685 1560 1732 et
1588 1674 1862 1746 siquidem
1889 1670 1971 1724 in-

379 1776 675 1830 veniantur
712 1773 919 1829 milites
948 1789 1046 1844 per
1072 1773 1254 1828 omnia
1279 1772 1412 1826 falsa
1455 1770 1677 1832 dixisse,
1705 1777 1760 1823 et
1789 1775 1968 1834 nequc

369 1882 478 1936 pro
526 1867 789 1936 imagine,
820 1880 1004 1934 neque
1055 1880 1154 1934 pro
1200 1863 1522 1918 collectione
1568 1875 1696 1916 vera
1736 1858 1959 1920 dixisse,

369 1968 489 2008 non
525 1962 741 2008 tantum
771 1968 866 2017 ea,
898 1968 1020 2022 quae
1059 1951 1114 2004 in
1151 1951 1466 2006 Nestorium
1497 1950 1831 2012 referuntur,
1864 1949 1960 2002 sed

367 2047 550 2102 etiam
579 2046 693 2111 illa,
726 2062 847 2114 quae
871 2045 927 2098 in
953 2043 1368 2098 Theodoretum
1393 2051 1449 2097 et
1498 2042 1850 2098 Theodorum
1902 2059 1964 2095 ac

366 2136 706 2201 Diodorum,
744 2152 872 2190 mox
920 2135 1222 2190 fortissimo
1262 2151 1495 2190 numero
1539 2135 1854 2204 eiiciantur,
1909 2133 1962 2185 in

361 2244 488 2298 quo
518 2228 763 2283 militare
802 2235 1128 2288 noscuntur,
1152 2234 1208 2281 et
1253 2226 1514 2281 omnibus
1542 2225 1832 2280 tormentis
1874 2239 1967 2278 eo-

368 2336 500 2375 rum
523 2335 762 2390 corpora
794 2319 1134 2374 crucientur.
1164 2317 1222 2373 Si
1250 2325 1433 2373 autem
1457 2317 1747 2372 veritatem
1774 2317 1828 2372 in
1852 2317 1968 2371 suis

368 2409 828 2479 depositionibus
863 2409 1126 2474 dixerint,
1170 2408 1285 2463 sive
1308 2424 1410 2478 pro
1437 2408 1693 2478 imagine,
1720 2409 1833 2463 sive
1867 2423 1967 2478 pro

362 2501 709 2559 collectione
738 2503 826 2557 vel
855 2501 1122 2565 Nestorii,
1152 2501 1240 2556 vel
1268 2501 1504 2555 aliorum
1528 2500 1714 2566 trium,
1747 2500 1816 2554 de
1848 2515 1970 2553 om-

365 2594 546 2649 nibus
580 2592 744 2648 nobis
787 2607 1041 2663 suggere,
1077 2599 1139 2646 ut
1173 2607 1508 2662 cognoscere
1536 2591 1809 2662 possimus
1851 2605 1966 2654 eos,

368 2685 476 2756 qui
510 2686 566 2739 in
620 2701 811 2740 veram
838 2695 894 2739 et
933 2684 1362 2748 immaculatam,
1389 2701 1553 2754 quam
1583 2693 1642 2738 et
1685 2699 1787 2738 nos
1834 2683 1970 2738 coli-

371 2792 526 2840 mus,
586 2775 753 2830 fidem
798 2782 1190 2845 peccaverunt.
1233 2774 1311 2828 Nc
1349 2773 1482 2844 quid
1528 2784 1715 2829 autem
1761 2790 1828 2829 ex
1862 2773 1969 2835 his,

372 2885 501 2940 qua:
521 2884 555 2923 a
583 2868 747 2922 nobis
778 2867 918 2922 lecta
960 2873 1110 2930 sunt,
1137 2873 1288 2920 tuam
1323 2867 1762 2937 magnitudinem
1807 2865 1976 2936 218

381 2959 582 3023 lateat,
626 2957 897 3028 iussimus
930 2956 1124 3011 eadem
1161 2965 1341 3027 gesta,
1380 2971 1505 3026 quae
1549 2955 1679 3026 Cyri
1725 2955 1973 3010 confecta

379 3058 532 3112 sunt,
570 3057 631 3103 et
671 3047 743 3102 ad
791 3063 892 3102 nos
931 3047 1134 3110 relata,
1163 3062 1267 3102 nec
1294 3063 1405 3103 non
1451 3046 1718 3116 rescripta
1757 3061 1970 3110 eorum,

2136 581 2269 635 Vill.
2309 583 2425 638 Non
2465 585 2604 649 erit,
2642 585 2856 655 Opinor,
2907 587 3148 642 alienum
3190 603 3217 642 a
3249 589 3369 644 loco
3408 592 3644 662 aperire,

2067 675 2211 728 unde
2239 685 2356 730 orta
2383 677 2452 731 sit
2487 679 2880 734 monachorum
2909 678 3271 735 Orientalium
3305 699 3431 754 erga
3455 684 3647 739 Nesm-

2067 767 2208 821 rium
2258 769 2471 839 religio,
2531 787 2637 839 qua
2697 771 3146 841 improbissimus
3191 772 3397 828 Christi
3447 775 3642 840 hostis,

2065 861 2219 927 quasi
2260 871 2467 933 martyr
2501 863 2648 926 fidei,
2675 871 2729 918 et
2767 865 2948 919 cultus
2983 867 3054 920 sit
3078 866 3205 920 olim
3229 908 3242 931 ,
3269 875 3324 919 et
3343 869 3645 923 etiamnum

2067 952 2289 1015 colatur
2309 954 2668 1019 ab-Ecclesia,
2687 957 2774 1010 eui
2803 973 3002 1012 nomen
3037 958 3184 1012 fecit.

2147 1044 2226 1098 Es
2246 1061 2356 1116 quo
2395 1046 2611 1118 imperii
2636 1048 2795 1103 sedes
2812 1048 3103 1104 Antiochia
3128 1049 3446 1121 Byzantium
3473 1060 3653 1105 trans-

2068 1135 2175 1191 lata
2205 1147 2308 1203 est,
2346 1139 2577 1209 perfecit
2611 1141 2826 1196 artibus
2853 1141 2970 1194 suis
3002 1143 3158 1198 urbis
3186 1142 3348 1213 regiae
3384 1145 3613 1198 antistes
3633 1184 3647 1206 ,

2070 1234 2129 1279 ut
2159 1227 2503 1283 Antiocheno
2554 1231 2773 1299 prmiret
2801 1246 2813 1282 :
2858 1229 2983 1284 inde
3009 1237 3136 1283 nata
3162 1230 3391 1285 Asianos
3421 1231 3562 1285 inter
3595 1239 3650 1284 et

2065 1316 2376 1374 Orientales
2409 1318 2630 1374 invidia:
2673 1321 2832 1390 plena
2861 1320 3139 1376 aemulatio
3169 1333 3184 1368 :
3213 1319 3340 1374 inde
3367 1319 3652 1390 episcopo-

2069 1429 2192 1468 rum
2228 1415 2393 1469 etiam
2430 1416 2482 1470 in
2523 1415 2792 1478 conciliis,
2826 1422 2882 1471 et
2909 1417 3153 1485 ipsorum
3189 1429 3408 1484 quoque
3432 1423 3649 1470 saneto-

2071 1519 2191 1556 rum
2238 1505 2633 1559 monachorum
2678 1504 2938 1574 frequens
2976 1503 3170 1559 scissio
3203 1521 3216 1556 :
3264 1504 3388 1559 inde
3415 1503 3650 1559 Asiano-

2070 1610 2193 1647 rum
2237 1603 2358 1649 orta
2406 1594 2837 1665 impatientia,si
2882 1593 3102 1664 quando
3149 1609 3215 1647 ex
3256 1591 3650 1657 Orientalibus,

2071 1687 2374 1757 praesertim
2397 1687 2701 1750 monachis,
2729 1685 3396 1756 Constat‘itinopolitanum
3419 1685 3474 1739 in
3499 1685 3654 1739 thro-

2072 1793 2204 1832 num
2241 1778 2442 1848 aliquis
2484 1778 2815 1833 eveheretur
2845 1793 2858 1829 :
2893 1777 3018 1832 inde
3049 1792 3161 1833 non
3199 1776 3425 1830 minima
3457 1790 3649 1841 causa,

2070 1887 2170 1926 cur
2189 1871 2614 1943 Chrysostomus
2647 1871 2869 1941 indigna
2910 1870 3146 1940 plurima
3187 1883 3380 1939 passus
3404 1867 3498 1932 sit,
3519 1876 3575 1921 et
3618 1883 3650 1922 ι

2066 1963 2182 2017 suis
2205 1963 2442 2029 clericis,
2468 1971 2524 2019 et
2549 1963 2618 2016 ab
2644 1962 2797 2017 urbis
2812 1962 3114 2016 monachis.

2161 2055 2541 2110 Antiochenus
2567 2063 2686 2109 erat
2713 2054 3036 2120 Nestorius;
3065 2053 3121 2107 in
3151 2053 3414 2122 Euprepii
3453 2067 3647 2106 mona-

2069 2148 2239 2204 sterio
2273 2148 2578 2202 sanctitatis
2619 2147 2936 2218 opinionem
2977 2145 3308 2215 collegerat;
3336 2144 3568 2200 ﬂorebat
3593 2145 3648 2199 in

2068 2239 2409 2294 Antiochena
2435 2238 2701 2304 Ecclesia,
2724 2254 2848 2292 cum
2867 2234 3490 2305 Constantinopolitanae
3514 2251 3652 2305 pra-

2070 2329 2248 2384 fectus
2283 2337 2396 2395 est;
2436 2328 2490 2382 id
2529 2343 2707 2398 neque
2748 2326 3003 2382 monachi
3051 2340 3231 2396 neque
3276 2324 3462 2379 clerici
3498 2325 3653 2379 urbis

2072 2420 2236 2492 regiae
2285 2435 2443 2490 aequo
2487 2419 2672 2473 animo
2713 2419 2981 2482 tulerunt,
3015 2417 3168 2470 velut
3207 2415 3293 2470 sui
3333 2422 3653 2485 contemptu

2072 2511 2298 2576 factum;
2326 2509 2786 2565 dissimulandum
2816 2518 2995 2562 tamen
3019 2506 3124 2560 fuit
3148 2514 3376 2575 propter
3397 2505 3648 2559 volunta-

2074 2610 2182 2655 tem
2205 2600 2493 2671 principis,
2509 2608 2565 2654 et
2591 2599 2936 2654 cohibendus
2957 2596 3303 2661 livor,donec
3320 2594 3547 2649 ultionis
3566 2610 3657 2649 oc-

2075 2693 2224 2748 casio
2237 2708 2297 2748 se
2314 2693 2490 2748 daret.
2509 2692 2711 2747 Verum
2733 2690 2824 2744 ubi
2850 2689 3086 2759 primum
3105 2685 3392 2741 Nestorius
3413 2683 3660 2754 prodidit

2076 2783 2350 2848 hmresim,
2397 2784 2509 2854 iam
2543 2799 2654 2837 non
2697 2797 2759 2836 se
2788 2779 3064 2835 continuit
3095 2777 3492 2832 monachorum
3527 2775 3662 2829 affe-

2077 2884 2220 2941 ctus,
2247 2877 2413 2946 219
2448 2875 2543 2930 sed
2580 2873 2768 2928 divino
2807 2871 3072 2926 instinctu
3121 2876 3430 2923 commotus
3474 2865 3661 2935 erupit

2079 2971 2134 3024 in
2165 2979 2409 3041 apertam
2459 2967 2887 3023 dissensionem.
2924 2962 3110 3018 vaiit
3143 2960 3434 3016 Nestorius
3476 2959 3530 3011 in
3565 2958 3657 3012 ad-

2077 3069 2402 3115 versantes:
2438 3057 2628 3112 libello
2655 3056 2734 3110 illi
2766 3053 3048 3125 petierunt
3075 3051 3146 3105 ab
3181 3049 3514 3118 imperatore
3539 3047 3658 3119 cogi

375 3156 504 3213 φη
539 3139 855 3195 Αηίίοάιίίε
898 3141 1148 3195 εοηίθοιέι
1206 3147 1356 3203 sum:
1393 3139 1494 3192 tibi
1541 3138 1862 3202 transmitti,
1914 3147 1976 3193 ιιι
2003 3163 2050 3224 C
2083 3150 2400 3215 concilium,
2431 3165 2541 3219 quo
2578 3146 2806 3202 haeresis
2847 3145 3206 3200 damnaretur
3237 3159 3249 3194 :
3280 3155 3395 3194 rem
3443 3154 3666 3210 promo-

374 3241 507 3305 post
546 3233 799 3288 confecta
845 3234 1052 3296 omnia,
1085 3247 1206 3302 qua:
1246 3231 1533 3302 iussimus,
1578 3230 1780 3286 iterum
1815 3230 1978 3285 nobis

377 3323 752 3378 remittantur
781 3322 922 3392 ipsa,
953 3338 1078 3392 qua:
1115 3322 1171 3375 in
1215 3321 1358 3392 Cyro
1381 3320 1632 3375 confecta
1671 3328 1800 3375 sunt
1833 3339 1845 3374 :
1876 3336 1977 3391 pro

377 3416 489 3470 hac
523 3415 734 3470 etenim
767 3430 935 3469 causa
961 3414 1364 3468 destinavimus
1391 3413 1657 3468 Thomam
1688 3414 1967 3468 devotissi-

375 3524 538 3565 mum
575 3515 830 3577 agentem
861 3507 916 3559 in
954 3506 1121 3560 rebus
1148 3512 1205 3560 et
1247 3505 1627 3574 subadjuvam.
1670 3503 1866 3558 Latum
1903 3519 1976 3557 vn

377 3600 518 3659 Idus
559 3598 814 3670 Augusti,
845 3595 1348 3666 Constantinopoli,
1385 3595 1613 3648 Rustico
1655 3594 1718 3648 Υ.
1745 3593 1805 3648 C.
1846 3608 1978 3647 con-

376 3693 526 3748 sule.
565 3710 584 3743 ι

455 3785 550 3838 Vl.
582 3782 727 3850 Quid
763 3790 1124 3838 consecutum
1160 3781 1252 3845 sit,
1282 3790 1377 3834 aut
1417 3795 1580 3850 quam
1634 3779 1825 3834 tulerit
1879 3778 1978 3834 Ju-

378 3875 590 3940 stinus,
624 3874 854 3944 perlatis
883 3873 951 3928 ad
1004 3887 1064 3928 se
1109 3871 1298 3942 gestis,
1329 3872 1681 3936 sententiam,
1730 3870 1978 3939 ignotum

381 3976 473 4021 est
497 3983 511 4019 :
541 3965 808 4020 credibile
844 3973 1048 4028 tamen,
1077 3970 1174 4016 aut
1199 3977 1416 4016 causam
1451 3970 1572 4016 arte
1596 3961 1818 4030 politica
1840 3975 1976 4014 con-

382 4059 648 4128 sopitam,
672 4073 744 4112 ne
761 4057 890 4126 quis
910 4055 1265 4125 inquisitione
1295 4069 1423 4108 reus
1447 4054 1976 4124 deprehenderetur,

382 4164 554 4218 quem
585 4147 889 4202 innocuum
915 4144 1088 4200 videri
1113 4145 1409 4209 intererat;
1439 4151 1536 4196 aut
1561 4143 1976 4212 inquisitionem

381 4240 558 4310 gestis
593 4256 705 4293 non
731 4238 1030 4293 admodum
1059 4237 1403 4291 consensisse
1434 4254 1448 4290 :
1493 4252 1676 4304 neque
1712 4236 1860 4290 enim
1883 4235 1980 4290 Ju-

383 4333 668 4386 stinianus
720 4331 1020 4400 imperator
1047 4328 1394 4398 neglexisset,
1420 4343 1522 4397 pro
1553 4342 1654 4382 suo
1680 4328 1849 4382 trium
1883 4342 1977 4381 ca-

385 4421 697 4492 pitulorum
735 4420 884 4484 odio,
917 4418 963 4473 si
1006 4419 1139 4488 quid
1181 4418 1436 4473 acerbius
1481 4417 1784 4473 indicatum
1809 4426 1988 4486 esset,

2079 3243 2159 3296 vit
2187 3242 2413 3306 acriter,
2447 3249 2609 3309 atque
2639 3236 2804 3291 etiam
2847 3234 3077 3306 perfecit
3111 3230 3436 3295 Dalmatius,
3473 3244 3664 3284 mona-

2080 3335 2308 3391 chorum
2356 3331 2513 3386 urbis
2555 3329 2831 3384 exat-chus
2861 3344 2875 3380 :
2910 3325 3155 3381 Orientis
3178 3340 3210 3379 e
3246 3322 3522 3378 contrario
3546 3337 3664 3375 mo-

2080 3427 2242 3482 nachi
2275 3424 2504 3495 Ephesi,
2530 3437 2640 3492 quo
2665 3419 3066 3483 confluxerant,
3088 3431 3213 3472 cum
3238 3417 3430 3471 Patres
3456 3429 3662 3470 conve-

2079 3521 2285 3582 nirent,
2315 3533 2418 3588 pro
2466 3515 2725 3570 Nestorio
2778 3527 2879 3568 suo
2930 3509 3247 3565 tumultuati
3294 3515 3443 3573 sunt,
3492 3514 3545 3561 et
3587 3505 3663 3560 ita

2079 3613 2323 3683 quidem,
2349 3620 2411 3665 ut
2434 3609 2523 3664 vix
2549 3604 2981 3676 comprimendis
3015 3617 3175 3673 pares
3200 3609 3388 3656 essent
3408 3615 3533 3654 cum
3562 3599 3664 3652 mi-

2079 3705 2268 3759 litibus
2293 3702 2542 3757 comites.
2571 3699 2853 3770 Deiectum
2885 3695 3197 3751 Nestorium
3229 3692 3572 3747 reduxerunt
3594 3689 3662 3744 ad

2080 3795 2344 3866 Euprepii
2383 3791 2820 3848 monasterium:
2854 3788 2910 3842 in
2939 3787 3043 3841 hoc
3085 3787 3176 3840 ille
3217 3794 3390 3838 annos
3426 3791 3666 3852 quatuor

2081 3890 2321 3958 integros
2344 3884 2544 3956 exegit,
2561 3883 2689 3937 inde
2713 3879 2956 3935 Orientis
2981 3875 3314 3930 monasteria
3336 3873 3662 3937 sollicitans,

2080 3991 2244 4050 atque
2271 3979 2438 4032 etiam
2481 3990 2608 4029 suas
2639 3974 2694 4028 in
2732 3980 2918 4042 partes
2945 3969 3244 4023 abducens.
3277 3963 3522 4018 Fallendi
3571 3979 3665 4018 ars

2078 4075 2218 4131 erat,
2252 4065 2336 4120 vel
2365 4080 2496 4127 una,
2535 4063 2621 4116 vel
2642 4058 3041 4120 efﬁcacissima,
3075 4054 3318 4124 pietatis,
3355 4054 3660 4122 patientiae,

2080 4172 2266 4212 rerum
2295 4157 2662 4208 humanarum
2715 4148 3089 4218 despicientiae
3120 4160 3183 4199 ac
3208 4144 3551 4215 pmnitentia:
3584 4145 3663 4199 af-

2079 4249 2277 4305 fectata
2319 4244 2552 4317 species.

2151 4339 2194 4393 E
2247 4333 2584 4391 monasterio
2628 4331 2950 4402 deportatus
3002 4327 3058 4381 in
3114 4325 3326 4390 Oasim,
3360 4338 3665 4396 perpessus

2081 4439 2165 4487 est
2202 4445 2323 4500 qua:
2366 4427 2458 4482 vix
2511 4437 2751 4495 unquam
2800 4419 3205 4493 generosissimi
3249 4429 3517 4489 martyres
3555 4433 3666 4471 :ea

387 4512 445 4567 id
470 4512 540 4567 ad
567 4511 764 4583 synodi
790 4512 981 4566 Patres
1005 4511 1400 4574 transmittere,
1423 4525 1550 4564 cum
1577 4510 1768 4565 charta
1797 4510 1979 4566 Sacra}
2009 4506 2053 4563 D
2089 4514 2516 4576 lamentabimer
2543 4515 2685 4570 mala
2710 4511 2986 4582 exposuit,
3010 4525 3117 4580 qua
3157 4507 3399 4578 pollebat
3424 4515 3540 4561 arte
3577 4507 3667 4560 di-

385 4620 420 4659 a
454 4605 679 4661 Justino
703 4602 954 4672 scriptae,
983 4617 1147 4672 quam
1172 4617 1206 4656 e
1242 4601 1465 4658 scriniis
1509 4601 1760 4672 diligenti
1795 4601 1981 4657 studio

386 4696 561 4750 eruit.

462 4788 578 4844 ΥΠ.
613 4788 742 4842 Haec
783 4802 950 4858 porro
977 4787 1092 4842 sive
1137 4787 1425 4858 tragcedia,
1450 4787 1567 4844 sive
1620 4788 1825 4852 fabula,
1853 4789 1982 4861 Cyri

389 4889 514 4936 acta
541 4888 628 4934 est
648 4895 794 4933 anno
829 4878 1036 4933 Christi
1059 4877 1162 4933 519
1179 4885 1438 4944 exeunte,
1463 4879 1611 4949 quod
1637 4880 1982 4947 credibilius,

389 4982 490 5027 aut
511 4971 906 5040 consequentis
937 4970 1114 5036 initio,
1137 4985 1248 5040 quo
1280 4986 1426 5026 anno
1446 4971 1704 5027 Rusticus
1725 4973 1978 5027 consula-

390 5073 509 5117 tum
551 5062 727 5132 gessit
776 5079 788 5114 :
829 5075 1011 5130 neque
1049 5061 1198 5115 enim
1246 5062 1429 5131 potuit
1471 5078 1636 5118 causa
1673 5071 1752 5118 tot
1789 5065 1976 5134 gestis,

391 5166 586 5224 totque
630 5152 893 5222 precibus
931 5159 988 5206 et
1032 5152 1236 5208 libellis
1261 5155 1276 5172 ‘
1324 5152 1612 5220 instructa,
1643 5154 1797 5209 brevi
1843 5165 1981 5211 tem-

391 5265 550 5319 pore,
584 5255 682 5302 aut
718 5246 1254 5318 Constantinopolim
1297 5247 1487 5303 venire
1519 5247 1664 5321 Cyro
1693 5256 1799 5303 tam
1847 5265 1980 5320 pro-

387 5353 480 5398 cul
515 5345 794 5406 distante,
820 5351 917 5397 aut
953 5341 1010 5395 in
1035 5341 1161 5396 aula
1192 5341 1430 5412 negotiis
1466 5349 1690 5412 propter
1720 5341 1980 5396 Vitaliani

320 5487 338 5510 ε
387 5435 642 5490 cunsulis
671 5432 964 5489 factionem
993 5441 1049 5486 et
1084 5447 1300 5496 necem,
1332 5447 1455 5502 qua:
1484 5448 1670 5488 mense
1700 5433 1848 5488 Julio
1890 5449 1983 5488 ac-

304 5519 317 5529 ’
393 5526 550 5590 cidit,
571 5522 1140 5594 impedita,cognosci,
1161 5531 1222 5577 ut
1245 5539 1316 5576 vn
1338 5523 1465 5578 ldus
1481 5523 1734 5594 Augusti,
1749 5525 1979 5580 Rustico

2079 4612 2280 4669 cendi:
2317 4608 2660 4664 miserabiles
2715 4605 2933 4659 litteras
2975 4601 3129 4656 dedit
3178 4599 3246 4653 ad
3287 4597 3666 4653 Theodosium

2081 4707 2494 4777 imperatorem,
2517 4707 2573 4755 et
2589 4697 2656 4753 ad
2674 4694 2966 4768 pra-sidem
2989 4691 3310 4755 Thebaidis,
3337 4705 3475 4760 quas
3498 4689 3666 4744 etiam

2082 4798 2386 4851 amicorum
2439 4789 2745 4846 ministerio
2787 4802 2886 4858 per
2908 4783 3152 4840 Orientis
3191 4781 3452 4836 mandras
3481 4780 3666 4852 spargi

2084 4890 2314 4946 curabat
2363 4904 2379 4940 :
2440 4882 2778 4955 querebatur
2831 4895 2890 4936 se
2936 4877 3128 4933 exsilio
3178 4875 3404 4930 duriora
3449 4873 3586 4944 pali,
3633 4889 3667 4928 a

2087 4978 2368 5036 Blemmiis
2419 4976 2683 5047 primum,
2740 4971 2868 5028 Oasi
2918 4979 3151 5033 vastata,
3198 4968 3252 5022 in
3291 4965 3666 5036 captivitatem

2089 5072 2386 5126 abductum
2404 5109 2420 5130 ,
2445 5081 2571 5121 mox
2590 5063 2896 5119 Nomadum
2926 5071 3077 5116 metu
3102 5059 3390 5114 dimissum
3412 5057 3666 5124 Panope-

2087 5159 2180 5212 lim
2207 5156 2444 5217 venisse,
2485 5152 2611 5208 inde
2654 5149 3073 5220 Elephantinam
3118 5155 3385 5217 raptatum
3417 5159 3447 5197 a
3473 5143 3666 5198 militi-

2090 5249 2216 5314 bus,
2250 5257 2366 5301 tum
2397 5245 2686 5301 reductum
2712 5240 3054 5310 Panopolim,
3079 5237 3430 5307 postmodum
3470 5232 3667 5288 detru-

2081 5355 2206 5396 sum
2233 5340 2285 5395 in
2315 5339 2555 5392 vicinum
2586 5331 2878 5400 Panopolis
2911 5329 3118 5391 locum,
3148 5324 3386 5395 denique
3424 5322 3480 5379 in
3501 5341 3666 5396 quar-

2089 5443 2205 5488 tum
2242 5429 2498 5486 exsilium
2541 5425 2800 5496 eiectum,
2845 5435 2971 5475 cum
3023 5433 3134 5473 uno
3162 5417 3458 5472 damnatus
3494 5423 3664 5472 esset.

2156 5523 2328 5576 Tanta
2360 5517 2704 5574 miseriarum
2757 5509 3111 5576 permaxima
3159 5517 3270 5564 tam
3316 5507 3571 5565 ﬂebiliter
3595 5506 3664 5561 ab

1799 5678 2114 5736 SCHULZII
2154 5675 2383 5733 ΝΟΤᾹῖ.

465 5800 510 5826 7Q

545 5817 670 5873 Vid.
709 5814 902 5886 synodi
931 5832 981 5876 v,
1016 5815 1194 5868 collat.
1224 5813 1278 5868 8.

646 5909 920 5970 l’n'noc.
968 5907 1084 5966 (is.
1133 5902 1451 5968 LXXXIV.
