4080 6468
495 358 593 427 l7!

1632 350 2010 412 GARNERII
2048 350 2546 411 DISSERTATIO
2584 351 2610 410 Ι
2621 396 2633 409 .

3665 352 3770 418 172

488 467 948 542 eloquentissimo
998 463 1203 520 misero
1258 462 1502 531 exposita
1523 501 1537 525 ,
1599 476 1631 515 a
1683 459 2084 530 potentissimis
2111 465 2159 523 Α
2186 459 2377 530 Opinio
2417 458 2488 515 de
2522 459 2815 515 sanctitate
2841 458 3080 516 Nestorii
3102 500 3116 526 ,
3173 469 3235 515 ut
3271 459 3598 517 saeculorum
3630 463 3772 520 duo-

492 560 805 619 fautoribus
836 555 1187 627 ampliﬁcata,
1215 569 1244 607 a
1295 552 1428 607 viris
1479 551 1535 605 in
1582 552 1822 622 speciem
1874 550 2081 608 sanctis

494 652 749 715 laudata,
805 648 1017 703 inflexit
1085 644 1306 701 tandem
1386 643 1736 713 imperatoris
1797 643 2078 709 animum;

494 757 666 814 quare
705 739 956 811 permisit
1001 737 1280 791 hominem
1323 735 1394 789 ab
1419 734 1617 790 exsilio
1652 735 1836 791 redire
1858 736 1903 767 "
1938 752 1950 787 :
1984 733 2080 790 sed

492 834 669 898 senio,
700 830 1112 888 calamitatibus
1158 836 1215 884 et
1258 827 1523 883 mrumnis
1574 827 1629 882 in
1666 827 1753 881 via
1797 826 2084 882 confectus

481 932 597 989 est,
637 923 749 978 Deo
782 921 1081 976 damnante
1117 919 1480 991 irreligiosam
1529 918 1826 974 Theodosii
1863 918 2082 975 miseri-

494 1013 760 1069 cordiam.

570 1106 695 1161 Haec
731 1119 857 1159 cum
918 1104 975 1157 in
1002 1101 1130 1158 Oasi
1173 1100 1462 1157 Nestorius
1494 1110 1798 1172 pateretur,
1839 1117 1870 1157 a
1907 1100 2090 1156 Theo-

494 1195 691 1255 doreto
716 1195 772 1249 in
819 1192 1049 1250 Oriente
1090 1190 1495 1264 praedicabatur
1514 1192 1667 1247 velut
1704 1191 2088 1248 sanctissimus

493 1287 621 1344 ﬁdei
654 1286 936 1350 defensor,
980 1303 998 1337 ι
1032 1285 1126 1356 qui
1156 1284 1297 1339 nihil
1326 1293 1529 1355 praeter
1552 1299 1739 1338 sanam
1778 1282 2087 1339 doctrinam

493 1380 743 1436 novisset
783 1387 841 1434 et
867 1377 1178 1443 docuisset;
1218 1375 1315 1447 qui
1344 1391 1456 1446 prae
1485 1373 1689 1447 Cyrillo
1718 1375 1985 1431 innocens
2007 1375 2090 1431 fo-

492 1478 599 1536 ret,
633 1477 693 1525 et
721 1467 887 1523 morti
914 1475 1097 1523 tamen
1138 1466 1487 1533 traderetur;
1530 1481 1696 1536 quem
1733 1466 1869 1522 socii
1903 1475 2089 1537 pasto-

491 1575 584 1617 res
629 1558 857 1615 calamis
899 1556 1268 1624 occidissent;
1321 1572 1486 1627 quem
1526 1557 1726 1612 [adure
1777 1573 1889 1611 non
1939 1557 2090 1613 aliud

488 1651 658 1717 foret,
684 1665 851 1722 quam
886 1650 1148 1727 pietatem
1182 1648 1357 1719 ipsam
1378 1647 1612 1704 violare.
1638 1668 1658 1700 ι

562 1742 1051 1814 Exaggerabantur
1101 1740 1378 1812 ejusmodi
1411 1741 1604 1797 laudes
1652 1756 1684 1795 a
1745 1741 1869 1796 viro
1918 1741 2090 1797 totius

489 1833 738 1892 Orientis
769 1834 1247 1904 eloquentissimo,
1277 1842 1335 1888 et
1376 1833 1435 1888 in
1478 1833 1839 1890 concionibus
1877 1834 2080 1905 palam,
2120 1827 2159 1880 Β

488 1935 548 1982 et
590 1927 647 1981 in
672 1925 1063 1996 congressibus
1090 1925 1235 1996 apud
1268 1924 1651 1981 sanctissimos
1680 1940 1932 1997 quosque
1960 1940 2082 1980 mo-

488 2018 721 2077 nachos.
761 2017 1000 2089 Cyrillus
1037 2026 1231 2074 contra
1274 2018 1566 2075 dicebatur
1590 2019 1636 2095 '°_
1671 2036 1691 2070 ι
1728 2017 1785 2072 in
1825 2016 2083 2089 blasphe-

488 2123 609 2164 mas
652 2122 717 2163 ac
747 2107 947 2178 impias
978 2122 1145 2163 voces
1183 2108 1434 2178 erupisse
1456 2147 1471 2174 ,
1527 2122 1817 2164 revocasse
1871 2107 2081 2163 dudum

484 2200 819 2256 exstinctam
868 2198 1196 2269 Apollinarii
1251 2200 1474 2255 inanem
1520 2198 1685 2255 simul
1743 2206 1801 2254 et
1855 2198 2079 2270 impiam

482 2292 804 2348 doctrinam
825 2330 840 2358 ,
869 2291 1179 2348 aulicorum
1214 2293 1447 2363 gratiam
1477 2306 1771 2346 munerum
1802 2291 2078 2361 pollicita-

486 2383 641 2440 tione
690 2383 1014 2448 redemisse,
1061 2383 1116 2438 in
1163 2383 1400 2439 concilio
1448 2383 1587 2439 nihil
1624 2399 1737 2438 non
1773 2383 2081 2438 Memnonis

478 2492 593 2549 ope
629 2494 729 2548 per
772 2477 884 2534 vim
912 2476 1111 2548 egisse,
1143 2476 1435 2548 episcopos
1463 2477 1530 2532 ad
1564 2476 1940 2532 damnandum
1968 2475 2078 2530 Ne-

480 2568 725 2623 storium
760 2568 900 2623 alios
935 2582 1070 2623 auro
1099 2566 1349 2631 traxisse,
1389 2567 1529 2622 alios
1557 2574 1708 2621 metu
1750 2565 2013 2637 coegisse.
2050 2583 2072 2615 ι

573 2660 739 2731 220
766 2659 893 2714 Haec
917 2668 975 2713 et
998 2659 1103 2714 alia
1135 2675 1262 2714 cum
1292 2658 1489 2715 callide
1518 2669 1930 2729 spargerentur,
1960 2672 2081 2714 cre-

488 2751 765 2808 debantur
790 2749 971 2814 facile,
992 2750 1298 2821 praesertim
1328 2749 1399 2805 ab
1430 2750 1517 2814 iis,
1544 2751 1637 2819 qui
1666 2749 2078 2805 Theodoretum

486 2842 883 2914 suspiciebant,
917 2842 1070 2896 velut
1120 2841 1375 2896 doctrina
1413 2855 1741 2911 morumque
1789 2840 2078 2896 sanctitate

482 2934 626 2989 nulli
657 2933 962 2989 secundum
995 2950 1007 2985 :
1037 2933 1417 3003 suspiciebant
1442 2948 1576 2989 vero
1613 2932 1962 2989 anachoreta:
1996 2933 2077 2988 illi

481 3023 696 3090 eximii,
731 3038 800 3079 ex
853 3038 1091 3093 quorum
1144 3030 1283 3078 nutu
1317 3022 1635 3093 pendebant
1678 3024 2077 3079 monachorum

486 3114 819 3179 voluntates,
861 3114 1307 3184 populorumque
1326 3114 1556 3185 judicia.
1588 3113 1919 3185 Opinionem
1960 3124 2079 3171 tan-

2185 550 2367 606 decim
2384 549 2540 621 lapsu
2557 565 2667 604 non
2684 548 2990 618 efﬂuxerit;
3017 552 3130 606 imo
3145 550 3357 621 plures,
3370 566 3512 622 quos
3524 566 3775 610 recenset

2187 641 2243 697 in
2263 640 2634 713 suoCatalogo
2650 642 3018 708 Hebed-Jesu,
3031 642 3410 700 defensionem
3419 645 3542 715 ejus
3553 643 3775 717 Syriaco

2185 732 2512 802 scripserint
2535 751 2549 787 :
2576 749 2684 789 una
2703 742 2856 790 certe
2877 733 3242 791 Orientalium
3265 735 3776 802 Ecclesiarum,no-

2185 824 2316 880 stris
2346 824 2651 880 etiamnum
2683 827 3030 897 temporibus
3049 867 3064 893 ,
3103 828 3226 899 ejus
3252 827 3478 883 nomine
3509 828 3775 901 gloriatur

2184 915 2413 985 ejusque
2455 915 2799 983 doctrinam,
2850 918 2980 973 licet
3014 918 3367 989 aliquatenus
3389 925 3772 989 temperatam,

2186 1004 2460 1077 sequitur.

2785 1099 3010 1157 CAPUT
3050 1101 3189 1157 XVI.

2187 1208 2230 1267 Ι.
2266 1208 2449 1290 βιαίῳ
2478 1228 2656 1290 rerum
2693 1213 2995 1290 imperante
3039 1214 3475 1290 Iustinianolll.‘
3490 1217 3575 1290 Ad
3603 1218 3776 1290 ipsum

2262 1282 3282 1372 !t99‘512‘?E995“?ittf‘WEPbl’Pe
3312 1286 3404 1342 ιιιο
3437 1285 3576 1372 Qui!
3608 1282 3776 1372 έρετέε

2259 1352 2380 1428 cum
2429 1352 2699 1428 Theodoro
2748 1354 3021 1428 Augusta.
3044 1355 3132 1428 1V.
3170 1353 3328 1428 Origo
3374 1352 3680 1428 quastionis
3710 1361 3781 1414 de

2263 1423 2428 1478 tribus
2475 1423 2746 1493 capitulis.
2785 1422 2850 1479 γξ
2904 1422 3132 1479 Collatia
3185 1422 3328 1480 intZ’r
3378 1422 3673 1484 Catholicae
3726 1440 3777 1486 et

2261 1493 2594 1558 Severianus,
2622 1495 2710 1548 ubi
2742 1502 2920 1548 actum
2944 1495 3008 1547 de
3031 1495 3370 1551 Theodoreto.
3392 1498 3480 1552 Vl.
3504 1498 3777 1556 Theodoro

2263 1565 2401 1634 favet
2431 1563 2758 1629 Seuerianis,
2788 1574 2837 1618 et
2879 1565 3099 1620 molitur
3142 1568 3201 1621 in
3249 1583 3484 1623 errorem
3527 1570 3779 1625 inducere

2263 1633 2430 1711 totam
2451 1633 3041 1711 Ecclesiam_.!ll_._Qute
3068 1637 3390 1711 fueritﬁlll‘.
3421 1638 3487 1711 Et
3513 1643 3776 1711 quomodo

2263 1706 2537 1778 dominata
2572 1704 2834 1778 orbi._l_X._
2858 1704 2977 1760 Vult
3005 1704 3246 1778 omnibus
3266 1704 3555 1778 majoribus
3574 1713 3777 1765 thronis

2262 1791 2383 1830 suos
2412 1777 2699 1847 imponere.
2720 1774 3371 1848 X.Contantinopolitana:
3396 1777 3644 1834 Ecclesiae
3664 1781 3780 1835 An-

2265 1847 2489 1900 thimum
2542 1845 2785 1914 prie/icit.
2847 1845 2939 1901 XI.
3010 1848 3163 1903 Hunc
3217 1850 3485 1914 Αθαναία
3541 1850 3775 1905 abdicat.

2323 1864 2489 1900 imum
2542 1864 2785 1903 manca.
2850 1864 2939 1901 Kl.
3010 1864 3163 1903 nunc
3217 1864 3485 1903 Adaaetus
3541 1864 3775 1903 andicat.

2265 1859 2489 1900 (nimum
2530 1859 2785 1970 frte/tat.
2850 1859 2939 1901 Μ.
3010 1859 3163 1903 nunc
3217 1859 3485 1920 Agapctus
3541 1859 3775 1905 abdicat.

2261 1915 2381 1991 Xll.
2414 1916 2525 1988 Vigi
2550 1918 2661 1991 iam
2688 1926 3166 1991 auro__co_rri_tptunt
3201 1922 3462 1991 tentat‘in
3479 1921 3621 1991 _sede
3645 1938 3777 1991 apo-

2259 1986 2448 2061 stolica
2474 1985 2766 2061 collocare.
2791 1985 2939 2061 ﬁll].
2972 1985 3096 2041 Ideo
3137 1989 3291 2059 jubet
3321 1989 3438 2061 ejici
3467 1985 3774 2061 Siloerium,

2259 2059 2351 2128 qui
2385 2057 2596 2112 tandem
2623 2058 2849 2128 miseriis
2880 2057 3219 2128 consumptus
3249 2057 3495 2114 moritur.
3512 2059 3651 2115 XIV.
3692 2061 3778 2115 Vi-

2259 2126 2420 2198 gilius
2458 2143 2522 2182 ea:
2547 2131 2757 2182 intruso
2786 2126 2849 2195 ﬁt
2880 2126 2929 2180 le
2965 2126 3145 2183 itimns
3184 2131 3440 2199 pontifex.
3472 2130 3587 2185 XV.
3622 2130 3776 2185 Alias

2261 2199 2492 2265 majores
2517 2198 2780 2253 Ecclesios
2798 2146 2962 2265 22f
2977 2212 3165 2265 regunt
3186 2198 3462 2255 Catholici.
3484 2200 3776 2256 XVlJ’an-

2261 2199 2492 2269 majores
2517 2198 2780 2280 Ecclesios
2798 2198 2956 2266 221
2977 2212 3165 2280 regunt
3186 2198 3462 2255 Catholici.
3484 2200 3779 2283 XVI..Pan-

2263 2267 2346 2323 lus
2392 2267 2789 2341 Alexandrinas
2818 2269 3115 2341 deponitur.
3157 2267 3320 2324 XVII.
3366 2271 3404 2325 Α
3455 2271 3777 2341 depositione

2261 2348 2525 2393 reuertens
2552 2337 2800 2411 Pelagius
2832 2338 3043 2411 adducit
3070 2341 3357 2411 monachos,
3374 2341 3435 2395 de
3464 2337 3775 2411 Oﬁgenistis

2292 2420 2553 2480 uesturos,
2569 2417 2619 2480 et
2637 2407 2701 2462 de
2717 2408 2983 2480 Theodoro
3000 2407 3313 2479 Cappadoce
3324 2410 3530 2480 Pelagii
3558 2407 3776 2467 amulo.

2308 2480 2446 2535 Vlll.
2498 2478 2757 2551 Pelagius
2794 2478 3027 2551 incendit
3086 2478 3475 2551 imperatorem
3522 2483 3778 2536 adversus

2256 2549 2602 2621 Origenistas.
2636 2536 2782 2604 VXlX.
2837 2536 3181 2621 Damnantui"
3231 2549 3338 2617 illi,
3385 2549 3572 2607 silente
3612 2551 3778 2606 Theo-

2257 2619 2405 2685 doro,
2431 2621 2522 2674 sed
2548 2621 2831 2673 vindictam
2857 2619 3164 2673 meditante.

2582 2732 2657 2783 Ab
2681 2746 2810 2781 anno
2841 2729 3022 2783 Christi
3046 2733 3137 2783 527
3162 2733 3220 2783 ad
3247 2732 3330 2784 5H
3348 2768 3364 2785 .

2254 2838 2307 2890 1.
2335 2836 2537 2908 Sopita:
2567 2837 2742 2893 videri
2785 2847 3086 2909 potuerunt
3108 2838 3164 2894 in
3192 2837 3350 2911 Syria
3373 2838 3570 2904 turbae,
3597 2854 3779 2910 quan-

2164 2932 2279 2986 .diu
2310 2930 2565 2988 Justinus
2599 2931 2898 3002 imperium
2940 2931 3197 2996 retinuit,
3239 2931 3340 2989 sed
3380 2933 3567 2988 statim
3607 2941 3778 3004 atque

2185 3024 2320 3080 illud
2354 3023 2668 3080 Iustiniano
2702 3024 2953 3090 tradidit,
2986 3032 3213 3095 repente
3235 3025 3633 3080 tumultuatum
3664 3034 3778 3089 est,

2184 3132 2363 3188 eoque
2390 3117 2779 3173 vehementius
2815 3116 3076 3172 commoti
3108 3116 3300 3183 animi,
3330 3131 3442 3189 quo
3467 3117 3594 3187 plus
3633 3115 3784 3174 acri-

478 3214 599 3263 tam
660 3205 995 3261 conciliabat
1047 3206 1401 3261 Theodoreto
1450 3206 1715 3279 frequens
1757 3215 2076 3263 sanctorum
2105 3196 2147 3255 C
2184 3207 2382 3263 moniae
2427 3205 2732 3277 compressi
2777 3207 3138 3278 collegerant,
3162 3222 3383 3278 quoque
3411 3209 3780 3278 opportunior

483 3300 761 3373 ejusmodi
804 3300 1085 3365 salutatio,
1114 3303 1260 3368 vitae,
1284 3318 1448 3372 quam
1482 3310 1729 3375 agerent,
1762 3302 2076 3366 admiratio,

485 3392 592 3465 piae
645 3392 934 3466 cujusdam
985 3391 1208 3447 invidiae
1253 3394 1438 3464 plena,
1489 3393 1768 3465 colloquia
1806 3394 1878 3449 de
1910 3393 2081 3448 rebus

485 3482 692 3539 divinis
715 3482 927 3539 fervida
946 3498 1011 3539 ac
1031 3498 1174 3554 pene
1190 3483 1465 3550 ardentia,
1487 3500 1718 3555 precum
1738 3482 2074 3554 imploratio,

472 3575 721 3647 etquod
750 3576 841 3631 vel
888 3591 1120 3646 superos
1160 3583 1378 3647 tangat,
1414 3577 1726 3647 conscripta
1770 3575 2078 3631 viventium

482 3684 710 3740 quoque
753 3667 1011 3733 historia,
1041 3672 1058 3689 '
1089 3678 1147 3725 et
1171 3650 1396 3741 quidem
1431 3668 1731 3742 ejusmodi,
1770 3684 1893 3738 quae
1935 3683 2077 3739 prae-

471 3759 636 3814 »clara
655 3767 995 3830 exaggerata
1028 3759 1251 3817 virtutis
1279 3760 1533 3830 exempla
1564 3758 1864 3814 verborum
1894 3758 2077 3828 splen-

470 3849 623 3906 dore
652 3850 979 3917 illustraret,
1011 3865 1076 3907 ac
1094 3866 1237 3921 pene
1274 3859 1541 3921 aequaret.

557 3942 699 3997 Hinc
735 3951 926 3997 exorta
966 3942 1363 3998 monachorum
1398 3941 1751 3996 orientalium
1788 3939 1843 3996 in
1875 3940 2075 3996 Nesth

474 4028 631 4084 ‘rium
663 4030 984 4099 propensio,
1014 4030 1315 4101 opinioque
1360 4038 1531 4097 tanta,
1564 4038 1626 4084 ut
1664 4031 1910 4087 defuncti
1945 4032 2076 4087 reli-

470 4120 644 4191 quias
671 4120 925 4176 nonnulli
955 4119 1362 4191 conquisierint
1405 4119 1475 4175 ad
1521 4121 1755 4176 cultum.
1789 4120 1954 4177 Certe
1979 4138 2075 4178 eo-

482 4227 606 4267 rum
640 4223 708 4268 ex
738 4228 972 4268 numero
1002 4213 1250 4277 fuerunt,
1279 4212 1373 4282 qui
1414 4214 1756 4286 tumultuose
1788 4214 1959 4270 semel
1991 4222 2073 4269 at-

478 4320 589 4374 que
610 4304 814 4359 iterum
845 4305 903 4359 in
932 4304 1169 4360 concilio
1193 4302 1651 4370 Chalcedonensi,
1683 4320 1866 4361 coram
1893 4306 2071 4376 impe-

479 4404 664 4450 ratore
713 4395 990 4451 Marciano
1047 4394 1451 4465 Pulcheriaque
1505 4397 1775 4468 Augusta,
1812 4398 2071 4454 Patribus

474 4487 770 4542 anathema
794 4487 1230 4543 inclamantihus
1257 4487 1537 4553 Nestorio,
1565 4490 1957 4558 reclamarunt,
1980 4495 2066 4549 vi-

476 4591 602 4632 rum
627 4577 1039 4633 sanctissimum
1084 4577 1432 4632 anathemate
1472 4580 1717 4648 percelli.
1751 4601 1768 4632 c
1808 4582 1866 4636 ld
1896 4590 2067 4638 testa—

474 4677 592 4735 tur,
622 4669 903 4726 referente
928 4668 1170 4740 Evagrio
1193 4669 1260 4732 ⁸¹,
1291 4669 1619 4726 Eustathius
1643 4672 1942 4743 episcopus
1968 4672 2071 4728 Be-

475 4758 585 4831 ryti
608 4760 663 4813 in
708 4758 935 4824 litteris,
971 4774 1110 4830 quas
1144 4758 1213 4813 ad
1243 4758 1512 4814 Joannem
1537 4761 1882 4832 episcopum,
1913 4774 1970 4818 et
1996 4762 2064 4818 ad

475 4851 712 4908 alterum
735 4852 1005 4909 Joannem
1038 4851 1424 4921 presbyterum
1460 4851 1529 4907 de
1566 4854 1737 4909 rebus
1774 4855 1831 4909 in
1853 4854 2067 4927 synodo

475 4941 649 5013 gestis
686 4940 929 5012 scripsit.
972 4940 1364 5006 Occurrentes,
1407 4942 1608 5014 inquit,
1636 4944 1823 5000 denuo
1880 4946 1917 5001 ii
1967 4948 2062 5019 qui

473 5033 714 5090 Nestorii
739 5034 1002 5105 reliquias
1038 5036 1412 5104 postulabant,
1443 5047 1633 5093 contra
1672 5042 1941 5112 synodum
1968 5058 2067 5099 vo-

476 5125 693 5182 ciferati
720 5134 888 5182 sunt:
927 5125 1044 5191 Qua
1076 5127 1140 5180 de
1174 5144 1338 5184 causa
1366 5129 1469 5184 viri
1512 5132 1686 5186 sancti
1719 5134 2062 5190 anathemate

476 5219 851 5274 damnantur?
882 5218 1022 5273 adeo
1053 5227 1115 5274 ut
1161 5220 1464 5293 imperator
1503 5222 1881 5295 indignatione
1909 5243 2061 5283 com-

472 5321 661 5367 motus
685 5310 1082 5381 prelictoribus
1105 5313 1224 5370 suis
1255 5315 1619 5384 mandaverit,
1651 5326 1712 5374 ut
1739 5333 1836 5375 eos
1864 5319 2060 5390 procul

468 5405 836 5474 expellerent.
876 5422 895 5456 ι

476 5529 484 5544 .
546 5494 681 5550 Tam
705 5495 816 5550 alte
838 5510 1002 5565 porro
1026 5497 1231 5556 insedit
1253 5501 1619 5571 quorumdam
1644 5506 1844 5562 animis
1868 5506 2061 5562 isthaec

2182 3299 2298 3355 visa
2320 3308 2408 3355 est
2440 3299 2684 3355 motibus
2714 3300 2995 3356 successio
3042 3300 3380 3372 principum.
3413 3299 3776 3358 Justinianus

2180 3390 2329 3445 enim
2355 3389 2684 3460 jampridem
2706 3390 2970 3446 audiebat
2987 3391 3297 3448 acerrimus
3322 3392 3515 3463 synodi
3539 3392 3776 3450 Chalce-

2180 3479 2463 3545 donensis,
2494 3495 2801 3551 eorumque
2827 3480 2989 3543 adeo,
3018 3496 3159 3551 quos
3184 3482 3428 3554 synodus
3447 3484 3775 3553 recepisset,

2181 3569 2460 3637 defensor,
2487 3572 2634 3627 unde
2657 3580 2714 3627 et
2742 3571 3018 3644 Synoditar
3044 3589 3248 3630 nomen
3282 3574 3424 3630 vela
3451 3574 3659 3646 populo
3680 3589 3778 3631 ac-

2178 3663 2622 3731 ceptaverat,vel
2675 3662 2722 3719 si
2763 3663 3045 3720 credimus
3092 3665 3349 3737 Evagrio,
3396 3654 3794 3724 all‘ectaverat:

2246 3753 2313 3809 ll.
2346 3753 2504 3811 Tunc
2534 3755 2704 3827 igitur
2731 3755 2880 3812 vires
2917 3766 3362 3830 resumpserunt,
3384 3760 3478 3829 qui
3511 3760 3772 3817 Theodo-

2177 3847 2280 3904 reti
2339 3855 2544 3919 partes,
2578 3849 2786 3919 quique
2820 3850 3058 3906 Nestorii
3103 3851 3482 3922 sequebantur
3519 3852 3770 3910 :eaadem

2175 3942 2326 3996 enim
2353 3950 2485 3998 tunc
2501 3943 2759 4010 creditae;
2781 3943 3056 4014 siquidem
3087 3945 3395 4001 invaluerat
3418 3947 3586 4001 stulta
3614 3963 3774 4018 qua-

2176 4034 2326 4096 dam,
2366 4035 2482 4090 sive
2526 4042 2869 4105 temporum,
2912 4036 3028 4092 sive
3066 4037 3397 4107 populorum
3442 4037 3771 4101 credulitas,

2174 4134 2478 4197 utrumque
2500 4127 2785 4181 communi
2821 4127 3028 4182 invidia
3063 4128 3318 4184 laborare
3347 4146 3361 4183 :
3391 4137 3556 4199 atque
3588 4128 3645 4183 id
3669 4129 3776 4184 fuit

2176 4218 2233 4274 in
2262 4233 2448 4284 causa,
2470 4233 2571 4273 cur
2597 4227 2822 4273 sanctus
2848 4219 3061 4274 Sahhas
3081 4220 3149 4284 η,
3187 4236 3315 4274 cum
3337 4221 3613 4291 legatione
3638 4222 3774 4278 Hie-

2166 4309 2548 4381 «rosolymitaui
2599 4310 2863 4365 antistitis
2893 4310 2960 4365 ad
2989 4310 3362 4367 Justinianum
3420 4313 3771 4384 fungeretur,

2174 4409 2466 4471 postquam
2495 4402 2746 4455 exoravit
2773 4400 3218 4459 Christianorum
3259 4418 3483 4459 causam
3502 4445 3516 4469 ,
3543 4413 3774 4476 propter

2174 4508 2340 4562 quam
2374 4502 2623 4557 verterat,
2652 4493 2903 4564 iramque
2934 4494 3284 4564 imperatoris
3309 4496 3365 4550 in
3390 4495 3773 4554 Samaritanos

2177 4585 2472 4647 convertit,
2495 4600 2621 4640 mox
2641 4586 2782 4651 Arii,
2799 4587 3037 4642 Nestorii
3066 4598 3125 4643 et
3143 4588 3398 4660 Origenis
3416 4597 3596 4645 sectas
3615 4606 3771 4647 com—

2176 4674 2338 4744 primi
2365 4676 2729 4745 postulaverit
2769 4678 3108 4733 ineluctabili
3136 4679 3373 4749 quadam
3410 4695 3638 4751 precum
3670 4697 3770 4753 pou

2176 4767 2385 4822 tentia:
2414 4784 2540 4823 nam
2573 4768 2753 4825 fuerat
2772 4768 2964 4825 divino
2994 4771 3259 4826 instinctu
3292 4780 3487 4842 pactus
3516 4772 3639 4829 fore
3680 4782 3763 4832 ut.

2174 4858 2220 4913 si
2252 4859 2599 4916 Justinianus
2643 4860 2699 4915 id
2724 4862 3094 4931 praestitisset,
3125 4862 3401 4927 Siciliam,
3446 4864 3679 4921 Romam
3711 4877 3772 4922 et

2171 4949 2559 5022 Carthaginem
2580 4968 2681 5024 pro
2708 4958 2966 5015 mercede
2989 4960 3286 5031 reciperet.

2251 5042 2340 5098 lll.
2386 5042 2630 5115 Contigit
2675 5060 2809 5102 vero
2842 5047 2949 5103 hac
2990 5050 3047 5104 in
3095 5051 3370 5122 legatione
3410 5053 3592 5123 quod,
3630 5055 3766 5125 quia

2168 5133 2411 5204 pertinet
2439 5134 2508 5189 ad
2535 5137 2776 5193 nobilem
2810 5141 2977 5196 trium
2999 5142 3369 5214 capitulorum
3398 5144 3767 5219 impugnatri-

2162 5242 2311 5293 cem,
2354 5226 2560 5284 referre
2590 5245 2703 5285 non
2734 5241 2823 5287 est
2858 5234 3099 5291 alienum
3129 5251 3160 5290 a
3210 5235 3356 5292 loco.
3385 5235 3523 5292 Cum
3548 5237 3770 5293 Sabbas

2168 5318 2230 5374 in
2252 5321 2457 5392 palatio
2476 5332 2813 5391 versaretur,
2837 5325 3157 5398 eﬂlagitavit
3177 5325 3470 5383 Theodora
3491 5326 3767 5397 Augusta,

2158 5423 2232 5468 ut
2255 5430 2419 5485 quam
2451 5417 2720 5474 hactenus
2750 5418 2954 5475 frustra
2979 5428 3270 5490 optaverat
3315 5420 3531 5490 prolem
3568 5420 3673 5477 sibi
3726 5424 3760 5479 ὲ

2167 5506 2282 5563 Deo
2314 5507 2455 5574 dari,
2486 5510 2745 5578 precibus
2785 5512 2872 5567 vir
2903 5520 3127 5568 sanctus
3167 5510 3445 5568 obtineret
3476 5528 3492 5565 :
3536 5516 3763 5585 negavit

1821 5659 2136 5717 SCIIL‘Lle
2174 5662 2404 5720 ΝΟΤᾸΞ.

545 5747 588 5836 Ῐθ
611 5748 833 5836 {ivngi},
865 5749 1023 5836 Elis!"
1049 5750 1147 5836 lib‘.
1176 5766 1308 5805 χχιι.
1385 5750 1431 5785 ⁸⁰
1460 5751 1637 5822 Epist.
1662 5751 1729 5808 ad
1752 5752 1945 5808 Joann.
1979 5751 2236 5809 Antioch.
2315 5755 2356 5789 ⁸⁸
2390 5755 2511 5811 Lib.
2540 5773 2600 5827 ιι,
2636 5774 2757 5829 cap.
2797 5760 2850 5816 2.
2929 5761 2973 5794 “
3004 5759 3192 5834 Cyrill.
3218 5759 3428 5836 in‘Vita
3445 5758 3503 5817 S.
3529 5755 3744 5819 Sabim:

472 5833 596 5888 cap.
622 5818 711 5889 94,
734 5818 831 5878 die
863 5820 898 5877 5
924 5820 1179 5877 Decemb.
