4080 6492
367 413 481 481 173

1570 408 1932 471 HISTORIA
1967 408 2475 473 THEODORETI.

3541 421 3643 488 i7!

364 528 467 586 ille
493 540 555 582 se
577 524 875 591 facturum,
917 544 936 583 ς
982 540 1053 581 ne
1082 525 1252 599 (quod
1283 524 1479 581 amicis
1513 526 1825 596 importune
1870 538 1961 577 ro-
1991 528 2035 583 Α
2066 522 2375 581 Theodosia
2397 536 2453 582 et
2476 525 2741 583 Curesina
2764 528 2830 585 ad
2868 528 3129 602 Cyprum.
3151 530 3347 587 Mirum
3379 550 3512 591 vero
3540 553 3645 608 pro

363 619 631 692 gantibus
652 618 911 690 privatim
935 620 1202 691 aperuit),
1230 620 1275 676 si
1295 618 1517 691 quidem
1549 618 1787 673 fructum
1816 633 1883 673 ex
1900 632 1965 672 ea

360 713 461 769 edi
491 714 639 768 Deus
667 711 900 777 sineret,
931 711 1049 782 ipse
1090 726 1310 783 quoque
1336 719 1581 784 gustaret
1618 711 1807 767 Severi
1835 710 1967 781 dog-

364 814 542 869 mata,
585 812 639 859 et
668 802 981 859 deteriores
1006 818 1172 873 quam
1216 803 1368 873 prius
1404 803 1474 857 ab
1528 803 1849 867 Anastasio,
1880 811 1967 855 tu-

364 897 607 961 multus,
641 896 738 950 Dei
768 895 1172 949 conturbarent
1194 895 1499 951 Ecclesiam
1525 896 1590 949 ⁸⁸.
1637 914 1654 946 ι

456 985 549 1040 IV.
581 984 825 1039 Fovebat
869 983 1088 1039 scilicet
1141 984 1385 1055 Augusta
1436 983 1835 1054 Accphalorum
1884 998 1969 1039 se-

365 1086 547 1141 ctam,
580 1074 890 1147 synodique
934 1075 1113 1129 hostis
1142 1084 1282 1139 erat,
1312 1075 1427 1129 sive
1460 1074 1535 1129 ita
1568 1074 1748 1145 reipsa
1793 1073 1964 1129 senti-

2068 614 2273 672 Severo
2318 634 2589 690 pugnasse
2626 620 3059 692 Euphratenses,
3105 640 3340 696 quorum
3379 625 3646 685 hactenus

2066 706 2246 763 fuerat
2272 708 2327 763 in
2354 709 2762 766 Theodoretu'm
2795 715 3048 783 pertinax
3086 732 3279 771 amor:
3325 720 3419 773 sed
3463 721 3644 777 studia

2066 801 2411 870 temporibus
2432 803 2632 858 mutari
2660 820 2769 860 non
2802 806 3047 862 insolens
3071 817 3173 865 est.

2140 891 2222 946 Ex
2255 892 2547 949 duodecim
2584 911 2752 966 porro
2782 899 3071 954 recensitis
3098 902 3373 972 episcopis
3397 902 3643 960 Catholi-

2071 1000 2164 1040 eos
2208 1000 2304 1041 sex
2336 985 2635 1057 imperator
2673 1000 3002 1057 vocaverat;
3034 992 3126 1046 alii
3155 993 3366 1047 dudum
3414 995 3469 1049 in
3508 995 3646 1051 urbe

2069 1079 2217 1148 regia
2244 1078 2620 1145 morabantur,
2666 1080 2800 1146 suis,
2837 1084 3057 1153 opinor,
3082 1084 3291 1154 expulsi
3324 1101 3355 1140 a
3393 1087 3648 1156 plebibus

365 1177 493 1234 ret,
544 1166 694 1237 quod
740 1177 940 1223 eventa
988 1167 1328 1231 docuerunt,
1372 1167 1508 1231 sive,
1542 1166 1689 1237 quod
1728 1165 1967 1236 politicis
2063 1178 2295 1240 propter
2333 1170 2590 1226 lueresin.
2617 1171 2789 1242 Opem
2842 1174 2922 1228 illi
2964 1175 3224 1244 precibus
3255 1177 3649 1235 efﬁcacissimis

368 1268 514 1315 tunc
546 1257 867 1322 videbatur,
899 1256 1179 1312 divisisset
1205 1271 1330 1311 cum
1380 1256 1578 1310 marito
1621 1263 1796 1310 tctum
1838 1254 1967 1308 reli-

359 1350 558 1423 gionis
584 1348 962 1420 principatum
981 1388 995 1413 ,
1023 1355 1086 1402 ut
1120 1347 1239 1417 ipsa
1274 1348 1385 1403 dux
1420 1346 1844 1417 Acephalorum,
1873 1345 1970 1401 Ju-

364 1442 651 1499 slinianus
682 1438 1080 1512 Synoditarum
1115 1439 1287 1504 foret,
1317 1449 1482 1508 atque
1516 1440 1590 1493 ita
1629 1438 1791 1493 ambo
1816 1452 1970 1492 com-

368 1531 677 1587 municatis
698 1530 947 1586 consiliis
968 1544 1066 1584 sua
1088 1544 1188 1599 pro
1211 1538 1452 1600 tempore
1476 1540 1531 1583 et
1552 1532 1670 1584 loco
1696 1540 1968 1584 momenta

374 1624 628 1695 partibus
650 1624 1011 1678 alternarent.

460 1714 633 1773 Silere
671 1731 787 1771 non
824 1731 1053 1786 possum
1087 1715 1233 1787 quod
1258 1714 1497 1786 Cyrillus
1526 1713 1825 1769 Monachus
1856 1716 1870 1733 ‘
1893 1713 1970 1768 le-

372 1808 617 1880 gationis
658 1807 902 1879 scriptor
941 1807 1132 1874 tradit,
1172 1808 1303 1863 dum
1337 1822 1531 1863 causas
1572 1806 1837 1877 inquirit,
1871 1821 1972 1859 cur

365 1862 711 1970 322mm
741 1862 1134 1970 imperatorem
1164 1862 1374 1957 Eabbas
1394 1862 1970 1969 Nestoriiatque'Ori-
2001 1862 2048 1921 n

367 1992 534 2063 genis
552 1992 905 2047 meminerit:
932 1991 1063 2047 facit
1088 1992 1236 2047 enim
1257 1992 1327 2047 ad
1358 1991 1539 2047 lucem
1570 1992 1815 2047 historiae
1840 1990 1971 2045 alle-

369 2084 632 2139 rendam.
681 2103 700 2136 ‹
734 2084 998 2150 Nestorii,
1029 2084 1211 2155 inquit
1245 2085 1312 2151 ⁸⁵,
1352 2096 1409 2140 et
1447 2083 1702 2156 Origenis
1745 2084 1971 2139 haeresis

364 2177 579 2231 morbo
629 2176 791 2231 multi
841 2176 1100 2231 monachi
1140 2175 1503 2241 laborabant,
1551 2184 1610 2232 et
1662 2174 1969 2230 timendum

364 2275 496 2322 erat
534 2282 607 2321 ne
648 2265 790 2320 alios
816 2266 1161 2321 attraherent
1191 2266 1260 2321 ad
1306 2266 1578 2321 malorum
1602 2266 1922 2322 societatem
1953 2282 1967 2318 :

366 2373 503 2413 nam
541 2372 670 2412 cum
693 2356 923 2427 quidam
954 2371 1134 2426 nuper
1160 2357 1547 2411 convenissent
1574 2355 1830 2411 monachi
1865 2355 1971 2426 By-

367 2450 648 2513 xantium,
678 2448 785 2503 visi
812 2457 943 2503 sunt
976 2448 1147 2519 aliqui
1182 2458 1369 2505 tenere
1407 2448 1659 2520 dogmata
1693 2447 1971 2504 Theodori

365 2540 766 2612 Mopsuestia,
812 2540 905 2595 alii
963 2548 1149 2596 autem
1210 2539 1483 2611 Origenis.
1526 2539 1828 2603 Leontius.
1876 2538 1971 2611 qui

362 2638 494 2686 crat
545 2630 667 2699 ipse
705 2643 930 2699 quoque
983 2629 1321 2695 monachus,
1359 2644 1565 2701 genere
1592 2629 1967 2701 Byzantinus,

365 2737 523 2776 unus
552 2737 621 2776 ex
642 2720 734 2785 iis,
760 2721 854 2791 qui
891 2736 1020 2776 cum
1043 2720 1242 2776 Nonne
1267 2721 1499 2792 ingressi
1530 2719 1752 2777 fuerant
1775 2737 1971 2777 novam

366 2812 638 2878 Lauram,
668 2827 812 2883 quos
842 2821 1133 2883 postquam
1180 2813 1437 2884 cognovit
1473 2828 1704 2884 magnus
1740 2812 1969 2875 Sabbas,

374 2924 411 2962 a
431 2922 664 2962 suorum
695 2904 885 2961 statim
911 2905 1124 2977 expulit
1141 2906 1586 2971 conversatione,
1616 2925 1634 2958 ι
1671 2914 1780 2961 etc.

454 2997 528 3052 Ex
563 2996 656 3051 his
696 3003 952 3065 apertum
992 3004 1081 3050 est
1109 2996 1223 3067 jam
1264 2994 1393 3051 inde
1427 3011 1457 3050 a
1482 2993 1682 3051 Justini
1713 2996 1974 3065 tempori-

378 3090 484 3147 bus
505 3087 995 3160 Constantinopoli
1027 3087 1172 3142 rixas
1207 3086 1377 3143 fuisse
1409 3096 1587 3143 motas
1605 3070 1761 3142 inter
1790 3086 1974 3141 Theo—

2068 1261 2363 1317 Justiniani
2408 1262 2800 1333 implorabant,
2830 1265 3125 1334 sponsione
3173 1267 3432 1323 nimirum
3484 1270 3645 1336 facta,

2070 1361 2165 1419 ut,
2218 1354 2265 1409 si
2312 1353 2381 1409 de
2428 1355 2545 1409 suis
2580 1356 2981 1425 quaestionibus
3039 1356 3393 1425 docerentur,
3442 1370 3650 1417 sancta:

2070 1442 2281 1514 synodo
2321 1444 2726 1500 consentirent.
2754 1444 3088 1504 Conditione
3125 1460 3371 1522 accepta,
3411 1452 3649 1524 impera—

2071 1539 2159 1586 tor
2194 1531 2381 1588 doceri
2407 1549 2502 1589 eos
2533 1535 2728 1601 voluit,
2757 1536 2943 1592 habita
2979 1540 3282 1597 collatione
3306 1557 3433 1597 cum
3454 1545 3649 1600 erudi-

2072 1622 2301 1680 tissimis
2332 1625 2669 1698 quibusque,
2698 1643 2807 1683 non
2829 1645 3028 1701 magno
3050 1641 3233 1689 tamen
3252 1650 3432 1705 operte
3451 1637 3649 1707 pretio;

2070 1726 2362 1786 propterea
2399 1718 2547 1787 quod
2585 1719 2860 1789 Augusta,
2888 1730 2943 1776 et
2990 1723 3109 1794 ipsa
3146 1726 3462 1795 Severiana,
3487 1731 3649 1803 223

2073 1808 2212 1862 clam
2240 1817 2497 1864 nutantes
2523 1810 2815 1877 retinebat,
2845 1828 2940 1882 spe
2964 1814 3127 1881 facta,
3155 1816 3270 1873 fore
3303 1830 3364 1874 ut
3388 1821 3443 1875 in
3467 1822 3649 1889 sedes,

2076 1900 2227 1954 salvo
2258 1915 2473 1965 errore,
2502 1902 2762 1959 Ecclesiae
2811 1920 2950 1974 pene
2997 1908 3167 1963 totius
3188 1912 3460 1967 sententia
3486 1914 3652 1970 resti-

2073 2000 2382 2048 tuerentur.
2417 1993 2743 2050 Moliebatur
2761 1996 2971 2053 scilicet
2988 1998 3099 2069 jam
3128 2000 3255 2056 inde
3283 2003 3459 2059 audax
3490 2005 3647 2075 quid-

2074 2085 2208 2140 libet
2240 2093 2450 2141 tentare
2486 2088 2704 2153 mulier,
2739 2105 2845 2159 qua
2883 2093 3096 2147 ratione
3136 2105 3321 2163 posset
3350 2098 3655 2169 majoribus

2076 2174 2252 2230 tribus
2313 2174 2559 2242 sedibus,
2605 2176 2886 2243 Romanae,
2918 2177 3541 2255 Constantinopolitanae
3598 2200 3656 2244 et

2074 2265 2489 2333 Alexandrinae,
2546 2267 2799 2325 homines
2860 2285 2974 2325 suae
3031 2270 3286 2331 factionis
3336 2277 3651 2346 prxeticere.

2074 2355 2277 2424 quibus
2336 2356 2709 2413 servientibus
2762 2374 2855 2414 res
2912 2360 3173 2417 Ecclesiae
3213 2363 3440 2433 perinde
3489 2377 3654 2437 atque

2075 2447 2294 2517 imperii
2328 2462 2435 2520 pro
2450 2448 2684 2504 arbitrio
2710 2448 3002 2505 inclinaret
3031 2470 3044 2505 :
3076 2462 3131 2508 et
3159 2452 3212 2508 id
3238 2470 3369 2510 sane
3403 2458 3654 2527 perfece-

2076 2546 2181 2606 rat,
2205 2540 2332 2605 nisi,
2356 2541 2469 2596 Deo
2497 2540 2801 2597 Ecclesiam
2831 2554 3174 2615 protegente,
3199 2547 3525 2604 muliebrem
3550 2550 3655 2605 im-

2075 2631 2404 2702 probitatem
2435 2648 2561 2703 spes
2590 2632 2930 2689 frustrasset.

2146 2722 2234 2777 VI.
2270 2722 2329 2777 1d
2355 2732 2469 2777 tum
2506 2722 2729 2778 demum
2758 2725 2978 2795 planius
3003 2738 3332 2797 exponetur,
3375 2746 3499 2785 cum
3537 2747 3655 2788 nta-

2074 2812 2274 2869 nifeste
2306 2813 2587 2879 claruerit,
2620 2830 2742 2885 quae
2775 2814 2945 2872 fuerit
2984 2818 3219 2885 indoles,
3240 2822 3449 2892 quique
3475 2838 3658 2881 mores

2074 2904 2293 2959 femina:
2353 2912 2600 2959 sanctam
2674 2904 2945 2975 synodum
2994 2906 3500 2966 Cbalcedonensem
3557 2927 3656 2983 per

2075 2996 2221 3050 latus
2274 2994 2607 3050 Theodoreti
2664 2996 3013 3067 aliorumque
3078 2997 3312 3054 duorum
3372 3004 3654 3070 petentis;

2076 3084 2183 3139 hoc
2226 3092 2331 3150 est,
2369 3083 2630 3139 Ecclesiae
2684 3083 2782 3138 toti
2828 3083 3153 3141 facessentis
3193 3086 3463 3143 famosum
3518 3091 3654 3146 illud

372 3184 499 3239 dori
531 3181 911 3255 Mopsuesteni
940 3188 999 3237 et
1028 3177 1285 3252 Origenis
1325 3188 1628 3236 sectatores
1665 3197 1683 3235 :
1720 3188 1969 3251 apertum
1999 3197 2044 3257 ρ
2077 3176 2241 3231 trium
2273 3175 2640 3246 capitulorum
2666 3176 2968 3247 negotium,
2999 3192 3113 3247 quo
3144 3186 3295 3233 totus
3320 3179 3473 3235 orbis
3493 3179 3657 3236 Chri-

369 3279 546 3333 etiam
597 3276 757 3330 initia
786 3281 1038 3330 motuum
1077 3272 1189 3343 jam
1237 3270 1366 3327 inde
1400 3271 1566 3326 ducta
1598 3286 1749 3335 esse,
1778 3280 1839 3324 ut
1872 3271 1975 3324 mi-

372 3386 503 3426 rum
529 3384 646 3425 non
666 3370 760 3433 sit,
788 3376 981 3438 postea
1011 3364 1137 3419 odia
1159 3374 1217 3419 et
1250 3379 1462 3435 pugnas
1486 3364 1631 3417 inter
1654 3362 1972 3417 eorumdem

370 3463 708 3519 defensores
744 3459 1043 3516 exarsisse.

446 3552 586 3619 Quae
623 3549 978 3605 narravimus
1024 3546 1295 3601 hactenus
1341 3542 1409 3599 de
1448 3542 1718 3613 legatione
1758 3540 1973 3606 Sabbae,

368 3644 741 3713 contigerunt
792 3654 940 3695 anno
985 3637 1282 3694 Iustiniani
1322 3637 1387 3700 4,
1434 3634 1638 3690 Christi
1680 3632 1802 3697 550,
1846 3648 1975 3687 cum

372 3731 600 3789 Sabbas
630 3727 1006 3800 nonagenario
1048 3727 1223 3797 major
1259 3732 1427 3789 esset,
1450 3731 1507 3779 et
1534 3734 1717 3779 tamen
1766 3722 1977 3793 aliquot

373 3832 513 3880 ante
537 3822 869 3893 legationem
893 3820 1055 3875 annis
1080 3816 1336 3872 monachi
1355 3816 1565 3888 jurgari
1588 3822 1892 3886 coeperant.

449 3914 522 3969 Ἴ.
568 3912 797 3968 Duobus
842 3918 962 3981 post
1001 3909 1161 3964 annis
1199 3916 1296 3962 aut
1339 3906 1510 3962 ferme
1545 3906 1750 3971 tribus,
1788 3905 1976 3961 habita

374 4015 464 4062 est
498 4002 983 4072 Constantinopoli
1011 4000 1234 4055 collatio
1257 3997 1574 4054 Catholicos
1615 3997 1761 4052 inter
1789 4006 1845 4052 et
1881 3997 1977 4053 Se-

376 4098 667 4157 verianos,
685 4095 742 4148 in
779 4109 888 4163 qua
919 4092 989 4147 de
1010 4090 1362 4145 Theodoreto
1387 4088 1651 4143 nonnulla
1689 4086 1796 4143 fuit
1829 4103 1977 4158 qua:-

375 4191 534 4245 stio:
578 4188 699 4242 haec
726 4186 781 4241 in
826 4184 1051 4256 primis,
1080 4180 1362 4253 quomodo
1391 4179 1741 4236 Chalcedone
1778 4176 1979 4234 dixerit

377 4280 682 4336 anathema
707 4274 986 4339 Nestorio,
1011 4291 1080 4328 an
1106 4290 1172 4330 ex
1202 4273 1412 4337 animo,
1437 4288 1505 4328 an
1542 4272 1973 4337 dissimulanter,

377 4378 439 4425 et
458 4368 637 4424 verbo
658 4375 841 4421 tenus.

454 4459 571 4515 Res
601 4459 659 4513 in
688 4457 841 4512 hunc
866 4455 1093 4510 modum
1134 4462 1287 4525 gesta
1321 4464 1425 4509 est.
1452 4453 1841 4509 Convenerunt
1877 4452 1975 4508 Ju-

2080 3267 2290 3322 stianus
2317 3266 2632 3337 impeditus,
2661 3283 2762 3337 pro
2792 3266 2969 3323 tribus
3001 3267 3322 3326 hominibus
3338 3287 3449 3327 non
3475 3273 3660 3330 minus

2078 3359 2360 3429 pugnavit,
2395 3375 2559 3429 quam
2593 3375 2694 3431 pro
2724 3358 2931 3415 Christi
2966 3360 3094 3417 ﬁde.

2148 3450 2260 3505 VII.
2293 3449 2480 3504 Traxit
2501 3449 2791 3505 Theodora
2822 3450 3144 3521 imperatrix
3181 3452 3449 3524 originem
3482 3470 3552 3510 ex
3574 3455 3661 3510 in-

2080 3542 2220 3597 ﬁmae
2276 3541 2441 3596 sortis
2486 3541 2833 3617 parentibus,
2886 3550 3043 3611 patre
3090 3543 3365 3615 siquidem
3398 3562 3661 3603 ursorum

2079 3633 2279 3688 theatri
2336 3633 2533 3697 altore,
2589 3640 2767 3689 matre
2820 3634 3086 3690 scenica:
3142 3636 3321 3691 caruit
3370 3646 3526 3707 patre
3568 3638 3663 3695 vix

2078 3726 2474 3797 quinquennis,
2526 3725 2763 3796 ideoque
2817 3725 2873 3781 in
2923 3727 3116 3784 matris
3157 3729 3322 3784 domo
3362 3739 3662 3802 egestatem

2078 3833 2239 3890 passa
2270 3826 2355 3873 est
2385 3833 2511 3873 cum
2546 3820 2837 3874 sororibus
2861 3818 3103 3885 duabus,
3134 3836 3299 3891 quam
3336 3832 3399 3877 ut
3423 3823 3659 3895 fugeret,

2080 3913 2264 3967 statim
2296 3918 2461 3980 atque
2506 3922 2607 3980 per
2650 3919 2867 3966 :etatem
2927 3910 3105 3977 licuit,
3150 3913 3417 3982 producta
3467 3925 3551 3970 est
3604 3917 3660 3973 in

2078 4017 2321 4065 scenam,
2380 4002 2476 4057 ubi
2534 4000 2679 4057 inter
2724 4000 2924 4056 mimos
2969 4001 3163 4056 didicit
3198 4017 3457 4073 spernere
3487 4005 3661 4075 pudo-

2080 4109 2195 4149 rem
2241 4093 2307 4148 ⁸⁸.
2362 4090 2520 4148 llunc
2559 4107 2684 4147 cum
2713 4091 2989 4162 posuisset
3015 4092 3070 4146 in
3098 4090 3236 4147 urbe
3260 4092 3430 4163 regia,
3456 4093 3658 4150 Penta-

2078 4185 2221 4255 polis
2256 4183 2598 4255 praefectum,
2629 4184 2788 4256 cujus
2822 4182 3041 4239 libidini
3070 4183 3367 4249 serviebat,
3397 4184 3658 4241 comitata

2078 4284 2163 4331 est
2211 4275 2267 4330 in
2306 4272 2621 4346 Egyptum,
2677 4273 2824 4331 unde
2869 4272 3403 4344 Constantinopolim
3439 4289 3662 4331 reversa

2082 4366 2283 4422 meruit
2309 4366 2455 4422 inter
2488 4365 2862 4421 emboliarias.

2150 4458 2364 4514 Placuit
2387 4466 2517 4513 tunc
2548 4457 2811 4528 temporis
2850 4456 3162 4513 Iustiniano
3201 4456 3524 4528 iuveniliter
3573 4457 3662 4512 in-

377 4550 617 4607 stiniani
655 4548 917 4603 mandato
944 4547 1075 4602 hinc
1103 4554 1158 4601 et
1184 4545 1312 4600 inde
1345 4561 1439 4601 sex
1465 4545 1745 4615 episcopi;
1770 4543 1975 4599 Catho-
2009 4543 2051 4599 D
2081 4547 2337 4613 sanienti,
2369 4548 2465 4603 sed
2492 4555 2552 4602 ut
2577 4548 2750 4602 amica
2784 4547 3045 4618 primum,
3075 4546 3274 4602 deinde
3303 4548 3456 4603 velut
3487 4564 3660 4603 uxor:

380 4647 624 4701 licorum
671 4642 784 4697 dux
819 4649 941 4697 erat
979 4639 1249 4711 Hypatius
1271 4639 1606 4709 Ephesinus,
1648 4639 1978 4695 Severiano-

380 4754 507 4791 rum
547 4734 777 4804 Sergius
816 4731 948 4803 Cyri
971 4732 1284 4801 episcopus.
1312 4730 1543 4801 Hypatio
1584 4730 1813 4786 aderant
1858 4730 1979 4786 Ste-

380 4829 605 4900 phanus
657 4825 946 4888 Seleuciae,
986 4823 1283 4877 Antltimus
1336 4823 1732 4893 Trapezuntis,
1784 4824 1978 4879 Demc-

382 4920 525 4973 trius
554 4916 964 4986 Philipporum,
1004 4915 1245 4970 Joannes
1268 4913 1486 4969 Veznim
1519 4914 1778 4979 civitatis,
1804 4924 1860 4969 et
1886 4916 1975 4969 ln-

380 5006 682 5062 nocentius
730 5004 990 5059 Maronize
1038 5003 1307 5073 episcopi,
1352 5019 1545 5058 omnes
1591 5005 1971 5074 metropolitae.

379 5100 630 5155 Aderant
681 5096 876 5165 Sergio
930 5096 1171 5152 Thomas
1218 5096 1600 5161 Germaniciae,
1640 5098 1975 5153 Philoxcnus

381 5190 664 5252 Doliches,
692 5187 891 5244 Petrus
925 5188 1399 5258 Theodosiopolis,
1431 5189 1669 5245 Joannes
1710 5191 1977 5246 Constan-

381 5279 532 5343 tinte,
559 5276 795 5332 Nonnus
816 5274 1098 5331 Curesinte
1119 5276 1311 5342 urbis;
1341 5293 1554 5344 omnes,
1572 5278 1617 5334 si
1640 5279 1781 5335 forte
1806 5281 1974 5337 Joan-

382 5384 511 5425 nem
546 5366 819 5436 excipias,
858 5366 1134 5421 minorum
1168 5366 1456 5423 civitatum
1483 5371 1837 5442 episcopi,ex
1863 5373 1977 5429 Eu-

380 5463 669 5534 phratesia
714 5469 775 5516 et
818 5459 1047 5531 Cypro:
1087 5459 1265 5532 Cyrus
1304 5461 1489 5525 enim,
1530 5461 1878 5520 Germanieia
1921 5476 1979 5522 et

382 5559 613 5615 Doliche
646 5556 717 5614 ad
751 5554 1179 5627 Euphratesiam
1226 5557 1509 5627 pertinent
1541 5574 1554 5611 :
1588 5556 1971 5624 Constantina,

2080 4656 2206 4696 nam
2244 4640 2551 4711 Euphemia
2606 4640 2868 4711 Augusta,
2920 4639 3123 4695 Justini
3158 4639 3379 4710 conjux,
3417 4639 3664 4710 quandiu

2079 4732 2236 4797 vixit,
2276 4730 2552 4786 indecoris
2582 4731 2791 4800 nuptiis
2822 4729 3037 4785 obstitit
3064 4748 3079 4796 ;
3112 4746 3176 4785 ea
3204 4746 3337 4785 vero
3370 4731 3663 4797 exstincta,

2082 4824 2330 4879 rescissa:
2357 4829 2489 4878 sunt
2524 4823 2695 4894 leges,
2729 4822 2931 4892 quibus
2953 4822 3393 4893 prohibebantur
3420 4823 3661 4893 patricii,

2082 4931 2152 4971 ne
2213 4915 2461 4970 sccnicas
2504 4913 2791 4970 ducerent.
2843 4913 2940 4969 Sic
2985 4914 3275 4970 Theodora
3321 4930 3390 4969 ex
3445 4915 3668 4970 scenica

2081 5007 2257 5062 evasit
2324 5007 2525 5077 conjux
2582 5005 2848 5072 Caesaris,
2911 5022 3039 5061 mox
3088 5007 3366 5077 Augusta,
3425 5005 3665 5075 denique

2083 5099 2273 5154 mundi
2326 5099 2495 5153 totius
2550 5098 2805 5164 domina,
2844 5114 3008 5167 quem
3068 5113 3194 5152 cum
3244 5097 3440 5160 bellis,
3498 5096 3665 5151 czedi-

2082 5190 2207 5256 buS,
2242 5190 2471 5261 rapinis,
2524 5189 2855 5262 ﬂagitiisque
2905 5204 3076 5243 unum
3126 5198 3184 5242 et
3242 5185 3431 5255 viginti
3490 5198 3665 5239 annos

2082 5290 2356 5347 vexasset,
2392 5282 2620 5352 ipsaque
2656 5281 2752 5335 Dei
2778 5279 3040 5349 patientia
3067 5292 3224 5331 versa
3260 5275 3479 5330 tandem
3515 5286 3663 5332 esset

2082 5376 2138 5430 in
2166 5374 2437 5441 nemesin,
2470 5374 2637 5445 periit
2666 5387 2812 5427 anno
2839 5369 2963 5435 548,
2994 5370 3086 5424 lue
3120 5368 3305 5424 cancri
3356 5383 3558 5439 corpus
3596 5368 3663 5423 li-

2082 5465 2367 5523 bidinibus
2401 5466 2663 5522 fredatum
2698 5465 2716 5483 °
2743 5462 3114 5532 depascente;
3155 5468 3321 5529 atque
3354 5459 3503 5514 hunc
3543 5457 3661 5513 exi.

2081 5570 2197 5616 tum
2238 5561 2430 5616 sortita
2465 5568 2549 5615 est
2586 5558 2800 5627 impura
2829 5553 3047 5621 mulier,
3084 5552 3259 5609 hostis
3284 5560 3485 5606 sancite
3514 5550 3663 5604 illius

1754 5712 2077 5771 SCllULZII
2118 5713 2353 5770 NOT/E.

446 5868 491 5900 ⁸⁸
524 5870 747 5943 Ειεςιιη
778 5872 878 5927 lib.
909 5887 967 5925 ιι.
1043 5872 1089 5905 ⁸⁸
1122 5872 1177 5926 in
1211 5872 1332 5929 Vita
1371 5872 1427 5927 S.
1462 5872 1675 5937 Sabbze,
1710 5890 1831 5944 cap.
1861 5876 1950 5940 95.
2024 5876 2069 5911 "
2106 5875 2393 5944 Evagrins,
2437 5875 2749 5939 Liberatus,
3074 5872 3128 5926 in
3156 5871 3289 5926 Hist.
3325 5879 3519 5924 Aman.
