4070 6476
489 382 591 450 175

1611 374 1989 437 GA'RNERII
2027 366 2522 434 DISSER’I‘ATIO
2562 372 2610 430 Ι.

3648 364 3741 434 176

486 496 703 572 synodi,
748 511 911 568 quam
942 492 1284 551 nobilissima
1316 489 1580 562 Augusta,
1613 489 2062 556 sanctissimaque
2096 490 2132 541 Λ
2166 500 2311 547 ειη-(ι,
2358 485 2547 538 statuit
2604 481 2855 537 maximis
2899 481 3157 537 Ecclesiae
3199 481 3425 537 sedibus
3470 481 3745 553 imponere

486 594 640 663 virgo
665 588 954 647 Pulcheria
981 595 1257 658 coegerat.

562 681 778 738 Mulieri
831 679 934 735 fuit
987 677 1205 734 animus
1254 689 1453 748 genere
1496 673 1691 745 major,
1749 669 1846 728 sed
1891 669 2067 725 elatus

488 772 664 845 magis
704 786 869 842 quam
924 769 1196 834 excelsus,
1242 765 1561 823 dominandi
1619 762 1855 834 cupidus
1901 775 2066 830 supra

488 874 715 928 sortem,
764 860 1165 916 incredibiliter
1204 868 1493 929 promptus
1538 854 1810 926 quidlibet
1851 850 2071 920 excogi-

491 967 606 1012 tare
654 964 708 1010 et
767 952 1012 1024 aggredi,
1066 952 1334 1006 infractus
1381 948 1542 1003 malis
1588 955 1646 1001 et
1695 945 1874 1001 audax
1915 942 2068 998 abuti

487 1047 712 1102 fortuna
763 1045 914 1099 velut
957 1043 1254 1113 mancipio.
1289 1043 1393 1096 Par
1428 1040 1614 1095 animo
1645 1037 1948 1108 ingenium,
1980 1052 2070 1089 va-

489 1140 654 1202 frum,
692 1136 1000 1207 multiplex,
1046 1134 1357 1204 versipelle,
1398 1140 1573 1189 totum
1607 1147 1637 1185 a
1660 1139 1856 1186 natura
1887 1127 2073 1182 inimi-

490 1245 615 1285 cum
648 1247 661 1283 :
700 1235 998 1298 utrumque
1025 1226 1320 1297 adjuvahat
1343 1224 1479 1279 mira
1505 1222 1753 1293 quietiam
1778 1218 2070 1290 eloquendi

491 1322 745 1385 facilitas,
800 1336 907 1389 qua
953 1318 1091 1372 nihil
1140 1334 1250 1372 non
1304 1324 1522 1386 poterat
1575 1313 1750 1370 cuivis
1799 1311 2068 1385 suadere:

492 1412 685 1467 aderat
724 1422 780 1465 et
814 1412 1063 1465 liberalis
1090 1408 1246 1478 quasi
1274 1407 1539 1474 avaritia;
1572 1421 1767 1461 aurum
1795 1405 1943 1460 enim
1973 1419 2073 1473 ap-

492 1503 735 1575 petebat,
778 1512 837 1557 ut
877 1502 1187 1558 effunderet
1241 1502 1294 1555 in
1341 1501 1697 1556 consiliorum
1752 1498 2071 1552 ministros:

494 1593 686 1651 aderat
719 1594 927 1665 pariter
963 1609 1053 1647 ars
1094 1591 1361 1647 induendi
1411 1592 1650 1661 speciem
1704 1588 1944 1660 pietatis,
1979 1602 2079 1658 po-

480 1684 800 1756 mendique,
834 1699 936 1756 pro
961 1683 1317 1739 inclinatione
1359 1681 1524 1753 224
1569 1697 1752 1737 rerum
1787 1700 1799 1733 :
1842 1680 1939 1736 sed
1990 1679 2078 1735 his

488 1776 756 1831 omnibus
782 1792 881 1847 per
910 1791 968 1830 se
997 1773 1400 1845 potentissimis
1425 1773 1536 1828 vim
1575 1772 1961 1828 incredibilem
1980 1772 2078 1828 ad-

2168 576 2421 630 homines
2452 573 2707 629 factionis
2737 589 2872 638 sute,
2899 584 2957 627 ut
2980 589 3172 628 eorum
3208 573 3482 629 sententia
3509 582 3745 644 postmo-

2168 667 2298 722 dum
2354 666 2482 721 fidei
2534 663 2948 732 defensionem,
2999 665 3357 721 constitutam
3384 664 3743 731 Chalcedone,

2167 766 2462 815 everteret.

2240 849 2306 905 Χ.
2359 852 2669 923 Epiphanio
2717 852 2884 924 igitur
2915 852 3068 908 urbis
3097 850 3258 922 regiae
3281 852 3540 921 episcopo
3564 843 3750 905 Ambi-

2172 957 2319 996 mum
2339 943 2576 1009 suffecit,
2594 959 2706 998 suae
2723 944 3089 1013 Trapezuntis
3104 943 3365 998 Ecclesiae
3388 942 3746 1004 desertorem,

2171 1034 2365 1090 aulicis
2414 1036 2630 1091 artibus
2685 1036 2932 1105 apprime
2985 1034 3291 1099 eruditum,
3348 1032 3749 1103 Acepbalorum

2172 1128 2497 1196 pessimum,
2545 1136 2602 1183 ct
2637 1127 2728 1183 cui
2780 1136 2993 1182 tantum
3037 1127 3261 1196 pietatis
3304 1126 3358 1180 in
3401 1125 3639 1194 speciem
3685 1124 3751 1179 ad

2173 1218 2473 1274 fallendum
2501 1218 2624 1283 fuit,
2646 1227 2913 1288 quantum
2956 1216 3325 1287 improbitatis
3371 1216 3438 1271 ad
3487 1215 3756 1284 quidlibet

2175 1310 2313 1365 clam
2346 1310 2682 1365 audendum.

2247 1398 2340 1456 XI.
2374 1401 2483 1456 Sua
2512 1410 2694 1455 tamen
2731 1416 2855 1470 spes
2882 1399 3167 1454 mulierem
3194 1397 3421 1453 fefellit:
3461 1413 3585 1452 nam
3612 1413 3759 1453 sum-

2166 1502 2305 1549 mus
2324 1494 2571 1563 pontifex
2593 1494 2870 1564 Agapetus
2892 1493 3121 1548 veniens
3138 1491 3668 1560 Constantinopolim
3690 1490 3756 1555 ",

2179 1598 2363 1639 rerum
2417 1583 2731 1637 ltalicarum
2784 1597 2969 1647 causa,
3024 1582 3338 1636 adulterum
3385 1581 3548 1651 225
3592 1582 3758 1647 hunc,

2179 1674 2556 1745 nequidquam
2603 1674 2891 1730 obnitente
2928 1689 3038 1745 qua
3087 1674 3273 1737 minis,
3327 1689 3433 1744 qua
3484 1673 3758 1743 precibus,

2181 1767 2414 1835 aurique
2444 1765 2724 1821 oblatione
2746 1766 3013 1837 Augusta,
3043 1780 3197 1821 suam
3219 1766 3459 1835 primum
3488 1767 3555 1820 ad
3578 1766 3763 1822 Eccle-

495 1867 662 1923 debat
686 1840 875 1923 formae
898 1840 1233 1938 praestantia,
1257 1874 1518 1937 quantam
1547 1880 1708 1920 nemo
1739 1865 1958 1930 artifex,
1990 1866 2076 1919 vel
2108 1840 2151 1895 Β
2181 1860 2316 1913 siam
2371 1860 2605 1924 remisit,
2666 1869 2783 1915 tum
2836 1860 3059 1931 penitus
3083 1860 3379 1926 abdicavit,
3417 1861 3648 1931 ipsoque
3672 1876 3764 1916 voc

480 1959 752 2028 penicillo
788 1958 971 2028 potuit
1016 1959 1100 2014 vel
1134 1960 1267 2014 uelo
1311 1958 1658 2027 exprimere;
1702 1973 1865 2013 nemo
1901 1967 2073 2023 certe,

494 2049 624 2105 licet
654 2048 966 2120 superbam,
1000 2066 1111 2105 non
1143 2050 1333 2105 coluit.

569 2141 704 2197 Vlll.
734 2140 834 2197 llis
864 2141 1200 2213 adjumentis
1246 2142 1539 2205 instructa,
1597 2142 1794 2196 marito
1842 2139 2079 2211 primum

483 2230 770 2285 dominari
815 2232 1010 2298 voluit,
1060 2247 1172 2302 quo
1226 2230 1439 2286 caeteris
1488 2232 1680 2302 jugum
1731 2231 2079 2300 imponeret:

2179 1953 2325 2008 lente
2342 1953 2673 2019 Justiniano,
2694 1954 2943 2010 Menuam
2958 1955 3139 2009 virum
3160 1956 3441 2010 meliorem
3460 1954 3764 2009 substituit.

2254 2044 2368 2100 XII.
2399 2045 2595 2101 Verum
2617 2062 2781 2117 quam
2804 2045 3419 2117 Constantinopolitanae
3440 2062 3549 2102 non
3567 2047 3764 2117 potuit,

2183 2137 2441 2194 Romanae
2494 2157 2622 2195 mox
2665 2140 2925 2196 Ecclesia:
2973 2139 3280 2209 perniciem
3327 2138 3529 2194 inferre
3578 2139 3765 2194 molita

2182 2237 2285 2283 est.
2320 2227 2562 2299 Agapeto
2586 2229 2756 2295 enim,
2788 2244 2915 2283 cum
2949 2228 3005 2284 in
3047 2243 3116 2283 eo
3150 2235 3315 2293 esset,
3358 2237 3418 2283 ut
3467 2237 3772 2285 revertere-

497 2327 669 2390 utque
733 2327 966 2375 noverat
1010 2329 1287 2376 amantem
1336 2321 1471 2387 otii,
1530 2320 1842 2391 scholaeque
1900 2321 2085 2391 potius
2186 2326 2275 2374 tur
2321 2321 2379 2376 in
2428 2319 2824 2386 Occidentem,
2867 2320 2936 2374 ad
2992 2334 3222 2390 superos
3268 2321 3573 2385 translato,
3619 2321 3769 2392 Vigi-

496 2427 665 2482 quam
710 2428 879 2484 regno
900 2422 1113 2477 natum,
1140 2415 1401 2485 cupidum
1434 2415 1555 2470 auri
1580 2432 1644 2471 ac
1666 2416 1791 2470 vani
1819 2417 2081 2481 nominis,

499 2500 678 2573 ipsum
709 2519 739 2557 a
761 2505 914 2575 regni
933 2507 1084 2563 euris
1110 2506 1179 2560 ad
1208 2522 1296 2562 res
1320 2523 1503 2563 sacras
1527 2507 1841 2564 tractandas
1860 2510 2078 2573 avertit,

497 2595 914 2666 scribendisque
944 2598 1207 2667 applicuit
1244 2598 1479 2669 legibus,
1522 2599 1728 2668 quibus
1770 2608 1826 2654 et
1867 2601 2081 2671 opimas

500 2686 857 2743 haareditates
897 2688 1072 2754 adire,
1118 2698 1177 2745 et
1194 2691 1319 2761 jura
1352 2693 1613 2757 vendere,
1650 2701 1705 2747 et
1740 2693 2082 2762 privatorum

499 2793 633 2848 opes
660 2778 921 2835 invadere
945 2780 1144 2835 liceret
1171 2798 1182 2833 :
1221 2781 1302 2838 sic
1323 2782 1472 2836 enim
1500 2783 1827 2853 suppetebat
1852 2784 2081 2846 aﬂ‘atim,

498 2870 646 2940 quod
678 2870 733 2925 in
759 2871 942 2938 ludos,
971 2872 1269 2943 pensiones
1296 2873 1681 2937 barbarorum,
1714 2874 1934 2929 insanas
1954 2875 2085 2931 sub-

498 2961 852 3028 structiones,
885 2969 941 3017 et
974 2963 1204 3019 bellicos
1232 2973 1487 3034 sumptus
1520 2965 1920 3020 effunderetur.
1955 2965 2085 3029 Cin-

495 3050 577 3105 xit
606 3052 773 3124 igitur
800 3053 1081 3109 hominem
1113 3054 1274 3110 valde
1304 3054 1533 3121 bonum,
1561 3056 1889 3111 clericorum
1910 3057 2082 3128 juris-

2180 2411 2317 2466 lium
2362 2411 2591 2482 Agapcti
2620 2410 3064 2482 apocrisiarium,
3112 2426 3277 2480 quem
3314 2411 3430 2466 sedi
3459 2414 3772 2481 apostolicae

2184 2504 2399 2559 inhiare
2429 2513 2679 2569 noverat,
2715 2504 3004 2574 promissis
3036 2503 3368 2574 aggreditur.
3418 2504 3669 2575 Spondet
3714 2514 3774 2559 ut

2183 2595 2429 2651 Belisarii
2484 2596 2714 2651 Romam
2763 2605 2897 2651 tunc
2942 2597 3184 2651 tenentis
3215 2612 3319 2667 ope
3343 2597 3591 2667 pontifex
3617 2612 3775 2653 crea-

2178 2697 2357 2752 retur,
2378 2688 2423 2743 si
2443 2688 2795 2757 promitteret
2826 2696 3040 2743 tantum
3068 2703 3149 2753 se,
3171 2703 3298 2743 cum
3323 2688 3561 2758 primum
3584 2688 3772 2744 sedem

2185 2782 2541 2850 apostolicam
2562 2791 2909 2851 occupasset,
2937 2790 2993 2836 et
3011 2781 3223 2854 synodo
3238 2782 3350 2836 vim
3367 2782 3774 2849 detracturum,

2183 2879 2240 2923 et
2278 2869 2599 2936 Theodosii,
2633 2871 2903 2935 Anthimi,
2938 2871 3239 2941 Severique
3262 2870 3426 2926 fidem
3449 2873 3655 2929 litteris
3683 2873 3778 2928 fir-

2183 2970 2458 3017 maturum
2486 2980 2499 3016 :
2530 2962 2744 3017 addidit
2770 2962 3056 3032 promissis
3074 2962 3241 3028 dona,
3265 2964 3388 3018 auri
3408 2973 3621 3034 septem
3646 2980 3778 3021 cen-

2186 3054 2393 3107 tenaria
2427 3070 2443 3120 ;
2478 3053 2600 3108 auri
2632 3054 2847 3123 species
2885 3055 3207 3124 perstrinxit
3245 3054 3527 3112 hominem
3545 3072 3775 3112 avarum

494 3143 913 3214 peritorumque
953 3144 1235 3210 satellitio,
1283 3146 1378 3216 qui
1427 3146 1663 3217 scriptos
1711 3164 1741 3202 a
1795 3164 1854 3203 se
1910 3148 2084 3203 libros
2110 3186 2153 3244 C
2182 3145 2339 3216 juxta
2364 3153 2417 3199 et
2447 3144 2821 3199 ambitiosum.
2845 3144 3026 3211 Quare
3058 3145 3188 3201 dato
3211 3146 3582 3217 chirographo
3611 3148 3774 3204 fldem

497 3244 873 3305 supponerent
891 3236 1189 3292 vanissimo
1218 3237 1472 3307 principi.

569 3328 639 3384 Ut
669 3330 835 3384 etiam
858 3331 1093 3387 serviret
1115 3331 1295 3386 mariti
1319 3332 1630 3399 affectibus,
1654 3334 1790 3390 fovit
1814 3336 2081 3391 immensa

498 3419 721 3476 licentia
745 3422 1099 3481 Prasinorum
1130 3424 1575 3497 Venetorumque
1594 3428 2083 3498 amphitheatrales

497 3513 957 3579 concertationes,
988 3529 1222 3584 quarum
1264 3517 1446 3572 studio
1484 3518 2081 3574 insaniebatlustinia-

498 3616 624 3655 nus.
649 3600 720 3656 Ut
741 3601 970 3656 vanitati
993 3602 1358 3671 blandiretur,
1382 3607 1556 3662 suasit
1577 3607 1781 3688 ubique
1809 3617 2082 3662 terrarum

496 3688 848 3746 aedificandas
874 3690 1063 3759 urbes,
1109 3694 1326 3765 aliaque
1368 3711 1538 3767 opera
1589 3698 1832 3767 publica,
1879 3701 2082 3769 quibus

497 3795 701 3836 nomen
766 3795 927 3836 suum
979 3783 1324 3843 Justinianus
1376 3788 1702 3858 imponeret.
1756 3789 1899 3857 Quin
1954 3807 2081 3847 cum

481 3869 643 3927 lbella
682 3872 944 3943 gessisset
969 3871 1208 3930 feliciter
1247 3875 1383 3931 orbe
1415 3885 1531 3931 toto
1562 3892 1663 3947 per
1702 3878 2077 3943 administros,

496 3976 565 4017 ex
596 3962 685 4018 his
721 3963 841 4018 viro
883 3964 1081 4020 stolide
1130 3967 1329 4037 ignavo
1366 3966 1578 4023 aflinxit
1612 3969 1934 4025 inanissima
1976 3985 2080 4024 no—

480 4055 666 4120 mina,
724 4055 1053 4124 Alemanici,
1112 4059 1352 4125 Gothici,
1407 4060 1681 4127 Francici,
1740 4062 2075 4129 Germanici,

493 4145 701 4214 Antici,
726 4149 964 4216 Alanici,
986 4151 1288 4217 Vandalici,
1310 4151 1503 4222 Africi,
1538 4164 1646 4211 etc.

566 4238 663 4297 His
684 4242 915 4298 artibus
950 4243 1216 4300 illudebat
1242 4246 1636 4315 Iustinianum,
1673 4247 1946 4320 simulque
1992 4257 2079 4303 to-

497 4329 609 4385 tius
655 4329 806 4386 orbis
852 4331 1144 4402 imperium
1189 4336 1412 4406 tenebat
1452 4336 1737 4409 tyrannica
1764 4347 2074 4407 potestate:

496 4435 623 4475 nam
647 4420 717 4476 ad
741 4421 1053 4491 arbitrium,
1087 4433 1144 4479 et
1168 4425 1457 4497 praefectos
1485 4428 1809 4498 provinciis,
1837 4438 1893 4484 et
1922 4444 2080 4484 exer-

2188 3236 2503 3306 obstringit,
2554 3244 2611 3291 et
2656 3235 2725 3292 ad
2770 3236 3009 3306 praedam
3060 3238 3249 3293 volat:
3297 3238 3395 3294 sed
3427 3238 3661 3296 Romam
3684 3256 3777 3311 ap-

2188 3327 2383 3397 pulsus
2441 3326 2740 3382 Silverium
2801 3329 3009 3397 reperit
3052 3329 3166 3399 jam
3217 3329 3558 3385 ordinatum.
3592 3333 3780 3388 Monet

2188 3419 2255 3472 de
2282 3433 2343 3471 re
2376 3416 2742 3484 Theodoram,
2782 3416 2941 3487 jubet
2972 3415 3064 3472 illa
3097 3418 3417 3474 Belisarium
3445 3420 3781 3489 proditionis

2188 3510 2518 3566 calumniam
2551 3509 2785 3566 Silverio
2811 3509 3013 3574 facere,
3053 3519 3109 3566 et
3153 3511 3208 3565 in
3252 3512 3508 3567 exsilium
3547 3514 3777 3583 ejicere,

2187 3602 2363 3673 ejecto
2378 3602 2677 3673 subrogare
2693 3602 2971 3673 Vigilium.
2999 3603 3151 3657 Fecit
3170 3604 3436 3673 imperata
3456 3603 3780 3669 Belisarius,

2188 3702 2418 3765 cogente
2464 3694 2741 3750 Antonina
2794 3711 2987 3760 uxore,
3043 3712 3154 3765 qua
3210 3696 3460 3752 ministra
3514 3698 3784 3753 utebatur

2190 3783 2503 3851 Theodora,
2531 3786 2834 3856 redemptis
2867 3785 3269 3843 adulteriorum
3290 3789 3652 3845 excusatione
3675 3790 3785 3844 mi-

2187 3875 2452 3931 nisteriis.

2259 3965 2401 4022 Xlll.
2427 3968 2660 4039 Ejicitur
2686 3984 2820 4041 ergo
2842 3970 3093 4026 Pataram
3121 3972 3175 4026 in
3203 3972 3460 4027 exsilium
3481 3971 3783 4038 Silverius;

2187 4063 2204 4081 ‘
2233 4059 2329 4115 sed
2361 4059 2675 4117 Patarensis
2712 4063 2958 4133 episcopi
3001 4064 3109 4119 viri
3156 4065 3489 4120 sanctissimi
3538 4068 3786 4128 monitu,

2183 4150 2341 4221 jubet
2401 4150 2531 4206 inde
2598 4152 2792 4208 reduci
2848 4154 3185 4225 imperator,
3238 4164 3301 4209 ut
3351 4168 3789 4226 cognosceretur

2186 4243 2375 4299 Romae
2404 4259 2589 4300 causa.
2628 4244 2741 4301 Hac
2787 4253 2971 4302 tamen
3017 4247 3286 4313 inaudita,
3334 4263 3589 4304 summus
3647 4266 3793 4320 pon-

2187 4336 2322 4391 tifex
2357 4336 2552 4408 Vigilio
2580 4337 2842 4393 venditur
2889 4338 3145 4395 ducentis
3189 4341 3310 4395 auri
3364 4340 3567 4410 pondo,
3621 4343 3791 4413 cujus

2184 4426 2443 4483 mandato
2464 4429 2520 4482 in
2551 4428 2786 4484 insulam
2806 4429 3090 4486 Palmariaa
3107 4431 3410 4500 proximam
3427 4431 3789 4503 deportatus,

495 4510 698 4568 citibus
729 4513 918 4581 duces,
974 4523 1031 4570 et
1080 4516 1341 4573 Ecclesiis
1395 4518 1671 4574 antistites
1718 4520 2074 4589 praeficiebat,
2109 4542 2155 4601 υ
2183 4519 2556 4590 ωτιιπιηίειιυθ
2586 4528 2680 4575 aut
2724 4520 2908 4577 inedia
2948 4521 3275 4592 absumptus
3316 4522 3568 4595 martyrii
3622 4540 3792 4580 coro-

495 4618 656 4673 quos,
692 4604 785 4659 ubi
820 4606 1127 4673 colliberet,
1171 4608 1452 4681 redigebat
1481 4608 1539 4662 in
1564 4608 1836 4674 ordinem,
1887 4625 2077 4665 amans

493 4692 702 4749 arbitra
753 4697 920 4751 sortis
958 4697 1171 4753 audire.
1214 4698 1437 4752 Nullum
1470 4698 2079 4771 habuit-obsequentio-

495 4801 611 4841 rem
649 4787 847 4843 ducem
890 4789 1177 4854 Belisario,
1209 4790 1302 4859 qui
1345 4788 1697 4844 serviendum
1730 4790 1947 4847 feminae
1973 4808 2079 4861 pu-

499 4879 651 4944 tavit,
679 4887 740 4935 ut
777 4879 1041 4936 Romanis
1073 4881 1411 4957 exercitibus
1450 4882 1790 4953 imperaret;
1840 4894 1898 4939 et
1924 4901 2079 4940 .vero

493 4971 692 5043 dignus
719 4982 840 5028 erat
858 4980 1011 5029 tanto
1028 4974 1336 5043 dominatu,
1368 4975 1649 5046 gloriaque
1685 4976 1882 5031 bellica
1913 4988 2078 5048 atque

496 5064 753 5132 politica,.
787 5064 896 5119 nisi
952 5064 1244 5120 Antonius:
1285 5066 1527 5137 conjugi,
1578 5066 1911 5125 feminarum
1955 5079 2080 5141 post

493 5154 837 5217 Theodoram
864 5155 1237 5225 nequissimaz,
1257 5157 1554 5228 nupsisset.
1704 5222 1705 5225 η

562 5245 1020 5325 1Χ.λ.ξ1ιῄυειηθ(1ἰ
1045 5245 1249 5323 femina
1273 5263 1404 5325 cum.
1420 5246 1690 5316 potiretur
1713 5265 1919 5319 rerum,
1944 5267 2077 5307 ausa

491 5322 576 5398 est
824 5319 1154 5416 lpbefacmre
1199 5318 1542 5418 Ecclesiam:
1587 5316 2076 5412 cumqueiconce:

487 5412 998 5507 ptpmjamprideau
1038 5412 1331 5511 consilium
1364 5428 1433 5506 de
1459 5429 1814 5507 cpnvcllcnda
1831 5433 2072 5505 synodo,

491 5517 782 5588 tribusque
809 5516 1063 5587 capitulis
1090 5518 1420 5575 damnandis
1448 5522 1613 5576 vellet
1642 5524 1860 5579 tandem
1894 5526 2074 5596 expli-

2182 4624 2309 4663 nam
2341 4610 2574 4680 adeptus
2598 4620 2702 4667 est.

2256 4698 2391 4756 XIV.
2423 4702 2619 4756 Fertur
2651 4704 2881 4775 Vigilius
2907 4706 3127 4761 interim
3156 4706 3396 4773 dedisse,
3418 4723 3560 4778 quas
3582 4719 3793 4779 pactus

2183 4804 2321 4856 erat,
2353 4808 2586 4849 arcanas
2613 4796 2846 4861 litteras,
2878 4806 2954 4853 -ut
2994 4798 3196 4869 pignus
3228 4798 3431 4867 forent,
3470 4810 3569 4856 aut
3611 4803 3801 4857 arrha-

2185 4886 2388 4955 potius,
2442 4886 2590 4951 fidei,
2645 4903 2772 4943 cum
2826 4897 3047 4960 tempus
3072 4891 3301 4956 sineret,
3343 4891 3693 4962 prodenda:
3731 4896 3793 4949 in

2185 4976 2254 5032 iis
2281 4978 2631 5034 Theodorum
2653 4981 2980 5036 nominatim
3003 4992 3170 5053 atque
3192 4982 3606 5039 Theodoretum
3630 4986 3797 5041 ἀθην-

2183 5070 2370 5136 nabat,
2420 5071 2710 5141 ipsumque
2765 5072 3006 5129 Leonem
3058 5075 3335 5145 Magnum,
3384 5084 3549 5146 atque
3609 5078 3795 5131 etiam

2184 5171 2430 5217 sanctam
2464 5164 2754 5234 synodum.

2257 5252 2399 5310 Sunt
2447 5254 2541 5325 qui
2582 5255 2794 5311 litteras
2847 5256 3076 5314 credant
3128 5260 3440 5329 suppositas
3484 5259 3554 5313 ab
3608 5260 3796 5328 Afris,

2174 5345 2381 5417 .Vigilio
2425 5346 2780 5418 impudenter
2804 5348 3036 5405 infensis
3065 5368 3078 5413 ;
3114 5366 3220 5405 nec.
3252 5367 3391 5405 vana
3427 5351 3798 5408 credentium

2184 5439 2322 5495 ﬁdes
2350 5441 2573 5499 videtur
2609 5461 2621 5497 :
2654 5458 2782 5499 nam
2808 5446 2993 5515 primo
3023 5445 3169 5515 apud
3218 5446 3433 5502 nullum
3492 5456 3801 5503 auctorem

2182 5529 2463 5601 leguntur,
2500 5541 2702 5601 praeter
2750 5534 2913 5590 Afros
2964 5534 3108 5591 duos
3153 5535 3554 5603 sollieitaticos,
3610 5536 3801 5595 Liba.

1884 5681 2204 5741 SCHL'LZII
2244 5682 2477 5741 NOTIE.

562 5825 611 5857 "
638 5796 884 5888 Liberat.
923 5806 1108 5901 Brem,
1154 5814 1275 5906 cap.
1309 5835 1370 5889 21
1414 5825 1471 5891 ρι’
1503 5838 1606 5906 9.2;
1640 5841 1832 5896 Anast.
1872 5842 2144 5903 Biblioth.
2181 5856 2233 5905 et
2256 5846 2497 5921 Procop.
