4070 6454
321 447 430 514 171

1517 456 1877 542 HISTORIA
1918 450 2429 519 THEODORETI.

3503 462 3605 528 173

316 571 508 616 ratum
532 568 592 616 et
615 559 899 616 Victorem
927 563 1313 618 Tunoncnsem
1345 583 1357 630 ;
1390 566 1589 620 deinde
1615 567 1762 620 nulla
1789 563 1919 618 alibi
1952 567 1993 622 Α
2027 565 2553 640 Hierosolymorum,
2603 571 2834 638 aliisque
2877 585 2978 639 pro
3014 574 3164 623 more
3193 572 3484 641 episcOpis.
3527 575 3604 626 Ah

317 648 544 719 uspiam
567 647 819 720 ipsarum
839 651 1049 707 mentio
1071 651 1148 717 fit,
1171 662 1535 722 praeterquam
1563 655 1647 708 vel
1676 655 1730 708 in
1764 652 1921 706 libris

320 740 574 796 Facundi
620 739 1059 807 Hermianensis,
1117 744 1332 809 eodem,
1382 761 1490 814 quo
1550 745 1840 799 Liberatus
1869 753 1923 797 ct

321 830 540 908 Victor,
553 831 756 886 morbo
771 820 1097 898 laborantis,
1111 837 1194 890 vel
1220 837 1363 906 apud
1387 839 1735 892 Anastasittm
1757 837 1828 892 Af
1830 853 1920 890 ro-

319 938 454 978 rum
508 911 823 978 mendaciis
871 923 1119 981 illusum.
1169 928 1415 998 Denique
1454 929 1734 998 quomodo
1756 928 1924 983 Justi-

318 1015 552 1076 nianus,
581 1029 711 1068 cum
746 1013 959 1068 fureret
1001 1016 1055 1069 in
1088 1017 1369 1088 Vigilium,
1429 1019 1691 1074 damnare
1743 1021 1922 1088 capita

319 1104 755 1170 detrectantem,
801 1122 902 1160 suo
945 1107 1221 1161 hominem
1265 1110 1651 1180 chimgrapho,
1685 1118 1781 1164 aut
1812 1126 1922 1163 non

320 1195 493 1258 arsit,
554 1204 651 1249 aut
706 1213 816 1251 non
874 1197 1202 1251 infamavit?
1242 1198 1358 1265 Qua
1394 1201 1602 1255 ratione
1635 1200 1925 1254 Theodora

321 1303 442 1342 non
484 1288 752 1341 convenit
787 1303 852 1342 ex
893 1289 1198 1358 syngrapha
1247 1289 1296 1342 id
1328 1299 1606 1359 praestare,
1649 1291 1794 1360 quod
1839 1307 1927 1346 ac-

321 1385 494 1447 cepto
515 1376 700 1446 pretio
733 1385 930 1447 pactus
953 1379 1114 1432 erat?

401 1467 1046 1542 Sedqqnomodocunque
1095 1469 1195 1524 ista
1246 1486 1304 1525 se
1352 1471 1669 1534 habuerint,
1710 1489 1817 1526 non
1858 1473 1926 1527 li-

329 1557 458 1614 ωῑι
477 1558 660 1640 inpia:
683 1557 904 1614 femina:
933 1575 1035 1616 suo
1069 1561 1279 1616 scelere
1305 1562 1396 1615 diu
1434 1562 1540 1616 frui
1574 1581 1590 1616 :
1620 1580 1765 1628 nam,
1807 1580 1930 1634 qua:

342 1649 444 1706 Dei
475 1649 824 1722 providentia
867 1658 953 1706 est
992 1652 1288 1723 singularis
1332 1669 1459 1724 erga
1491 1655 1676 1710 sedem
1713 1667 1930 1725 aposto-

337 1739 761 1806 ﬂg'statim
809 1741 1072 1798 defuncto
1127 1745 1290 1816 226
1341 1743 1610 1809 Silverio,
1674 1746 1927 1817 Vigilius,

2025 661 2111 714 his
2157 671 2280 731 post
2315 663 2588 732 cognitam
2621 677 2838 716 causam
2873 674 3055 717 motus
3095 671 3180 718 est
3218 665 3338 719 loco
3380 665 3602 730 Paulus,

2024 751 2212 805 Zoilus
2240 750 2622 806 Alexandrina:
2654 753 2911 807 Ecclesia:
2942 754 3285 823 praepositus.

2097 843 2259 898 XVII.
2289 845 2516 898 Peracto
2541 846 2760 913 negotio
2797 844 3066 911 Pelagius,
3100 847 3227 900 dum
3279 845 3420 900 Gaza
3460 845 3606 900 Con-

2027 935 2442 1004 stantinopolim
2498 937 2746 989 terrestri
2801 936 2886 988 via
2940 939 3252 1001 revertitur,
3304 939 3497 992 incidit
3553 940 3606 992 iu

2027 1028 2333 1084 Palestinos
2375 1030 2695 1094 monachos,
2742 1031 2835 1101 qui
2885 1033 3098 1086 libellos
3123 1050 3345 1102 precum
3376 1035 3609 1102 impera-

2029 1121 2135 1175 tori
2158 1121 2387 1185 ferrent,
2427 1124 2774 1192 postulaturi,
2824 1134 2883 1178 ut
2929 1124 3363 1194 Origenistarum
3414 1127 3610 1179 tumul—

2032 1213 2304 1267 tuantium
2350 1215 2579 1267 audacia
2638 1215 2969 1268 retineretur
3017 1215 3172 1268 freno
3199 1217 3401 1284 legum,
3446 1223 3502 1269 et
3552 1223 3610 1267 ut

2030 1304 2148 1374 ipsa
2195 1303 2526 1356 tumultuum
2572 1319 2736 1356 causa
2779 1301 3085 1366 tolleretur,
3114 1302 3460 1373 dogmatibus
3493 1301 3612 1357 Ori-

2030 1395 2184 1466 genis
2212 1394 2393 1448 edicto
2419 1395 2569 1464 regio
2596 1395 2936 1464 proscriptis.

2101 1487 2261 1555 227
2315 1485 2516 1540 Didicit
2560 1485 2628 1538 ab
2675 1486 2743 1538 iis
2793 1486 2930 1539 duas
2977 1484 3321 1554 potissimum
3361 1485 3612 1554 Origcnis

2031 1577 2362 1647 qumstiones
2393 1587 2520 1634 tunc
2550 1578 2810 1647 temporis
2831 1579 3174 1632 contentiose
3206 1577 3400 1648 agitari
3429 1595 3442 1640 ;
3475 1578 3614 1630 alte-

2033 1683 2146 1722 ram
2175 1668 2242 1722 dc
2271 1669 2707 1738 prrecxsistcntia
2726 1669 3054 1732 animarum,
3082 1669 3307 1723 alteram
3330 1669 3398 1724 de
3427 1685 3611 1722 rerum

2033 1770 2156 1828 post
2184 1768 2334 1813 certa
2363 1759 2559 1813 saecula
2591 1759 2938 1814 restitutione
2972 1780 2984 1812 :
3020 1761 3086 1813 ad
3123 1761 3221 1815 has
3246 1768 3449 1823 tamen,
3485 1761 3612 1829 quia

332 1835 578 1916 mw
611 1834 832 1890 arcanis
863 1835 1220 1891 ίιῖδῑίηείίδυε
1258 1837 1515 1901 Numine,
1551 1839 1927 1908 episcopatum
1963 1901 2002 1920 ἢ
2035 1851 2291 1904 Patribus
2338 1850 2667 1919 quibusdam
2713 1852 2843 1904 olim
2894 1866 3003 1904 non
3058 1850 3387 1904 videbantur
3428 1852 3607 1920 perni-

330 1941 440 1997 per
489 1925 680 1982 scelus
755 1936 1046 1998 acceptum
1119 1939 1312 1999 sponte
1367 1930 1639 1999 deposuit.
1696 1931 1929 1985 Romani

330 2014 532 2072 clerici
567 2015 777 2072 factum
827 2017 1034 2082 mirati,
1062 2020 1423 2073 mutationem
1458 2019 1693 2074 dexterae
1717 2020 1932 2076 Excelsi

327 2105 644 2186 perfectam
684 2109 886 2165 merito
932 2109 1059 2175 rati,
1110 2111 1165 2164 in
1192 2111 1338 2166 Petri
1368 2112 1629 2166 cathedra
1661 2121 1934 2183 reponunt

329 2197 653 2269 legitimum
675 2199 790 2270 jam
833 2199 1176 2270 pontificem,
1217 2217 1380 2271 quem
1407 2203 1550 2256 Deus
1579 2219 1643 2256 cx
1679 2203 1808 2273 lupo
1841 2220 1933 2274 pa-

329 2299 552 2346 storem
588 2288 832 2345 fecisset.

407 2379 652 2436 Indutns
699 2379 792 2435 ille
836 2381 1042 2436 virtute
1090 2399 1158 2436 ex
1203 2383 1333 2447 alto,
1382 2391 1436 2436 et
1462 2383 1516 2436 in
1549 2384 1716 2438 alium
1744 2400 1934 2439 versus

329 2469 550 2534 virum,
587 2468 645 2523 id
674 2471 808 2540 egit,
841 2470 990 2540 quod
1020 2481 1185 2540 caput
1209 2471 1468 2527 Ecclesia:
1492 2472 1742 2537 decebat,
1773 2473 1931 2528 fidem

331 2559 596 2615 defendit
644 2562 951 2630 apostolico
1002 2562 1206 2624 studio,
1257 2564 1517 2631 stetitque
1573 2579 1672 2632 pro
1724 2567 1934 2636 synodo

333 2657 608 2706 constans
637 2659 694 2706 et
737 2652 1188 2721 imperterritus;
1242 2669 1554 2724 quanquam
1615 2672 1715 2725 pro
1759 2658 1936 2712 tribus

333 2739 603 2809 capitulis
654 2741 874 2796 videtur
910 2759 973 2797 ea
1006 2743 1417 2813 dispensatione
1449 2763 1557 2801 non
1587 2749 1754 2803 semel
1781 2766 1932 2816 usus,

338 2851 450 2905 qua
475 2837 686 2890 Paulus
725 2837 842 2906 ipse
877 2840 1159 2908 apostolus
1197 2841 1492 2910 aliquando
1523 2861 1534 2895 :
1581 2861 1704 2898 nam
1748 2859 1935 2898 amore

347 2927 498 2996 pacis
548 2936 607 2982 et
656 2928 968 2983 animorum
1001 2932 1309 2986 concordiae
1341 2934 1639 2989 retinendae
1672 2952 1833 2990 causa
1869 2935 1936 2988 de

343 3015 528 3090 legum
557 3018 747 3089 rigore
781 3022 1034 3076 nonnihil
1065 3023 1297 3077 remisit.

411 3105 530 3162 XV.
586 3110 778 3165 Rebus
829 3112 1090 3168 Ecclesia:
1144 3114 1401 3168 Romanae
1456 3115 1531 3168 ita
1590 3117 1933 3181 constitutis,

1963 1901 2004 1956 B

2035 1943 2217 2006 CIOStC,
2268 1942 2483 1997 additas
2516 1960 2634 1998 esse
2683 1943 2816 1998 alias
2862 1945 3068 2012 plures,
3099 1943 3504 2012 quaamajorcm
3531 1943 3613 1996 fa-

2035 2027 2225 2088 Cercnt
2283 2035 2492 2088 auctori
2552 2035 2835 2088 invidiam.
2884 2033 3125 2087 Rescivit
3165 2033 3330 2087 etiam
3373 2033 3615 2087 acriores

2035 2136 2259 2196 propter
2285 2127 2385 2180 ista
2413 2125 2664 2197 dogmata
2701 2127 2753 2180 in
2806 2125 3155 2179 monasteriis
3198 2124 3408 2188 turbas,
3449 2140 3610 2192 quam

2036 2217 2090 2270 in
2127 2217 2443 2270 civitatibus
2474 2214 2681 2268 moveri
2709 2233 2723 2280 ;
2748 2215 2911 2284 idque
2939 2231 3007 2268 ex
3039 2229 3105 2268 eo
3139 2212 3280 2278 ﬁeri,
3306 2212 3452 2282 quod
3476 2205 3615 2267 Eva—

2035 2307 2138 2376 grii
2174 2306 2384 2360 Pontici
2410 2316 2464 2360 et
2494 2305 2706 2378 Didymi
2737 2305 3043 2377 presbyteri
3070 2307 3084 2323 '
3117 2321 3304 2375 opera,
3335 2305 3386 2358 in
3414 2306 3616 2375 quibus

2037 2399 2231 2453 lateret
2267 2397 2517 2469 Origcnis
2563 2415 2858 2460 venenum,
2889 2407 3113 2468 propter
3139 2399 3430 2453 asceticam
3453 2399 3616 2454 disci-

2038 2490 2241 2560 plinam
2267 2506 2297 2543 a
2324 2489 2609 2543 monachis
2643 2488 2800 2542 avide
2831 2490 3162 2559 legerentur.

2107 2580 2331 2636 Audivit
2362 2580 2547 2644 simul,
2603 2580 2748 2648 quod
2807 2579 3022 2634 avidius
3071 2580 3308 2650 excepit,
3364 2589 3618 2634 auctores

2038 2673 2374 2727 tumultuum
2413 2671 2468 2725 in
2499 2687 2639 2725 nova
2684 2671 2988 2741 prresertim
3040 2672 3216 2726 Laura
3264 2671 3402 2726 duos
3455 2673 3620 2727 exsti-

2042 2763 2170 2817 tisse
2215 2761 2450 2825 nobiles,
2503 2760 2756 2815 Nonnum
2789 2769 2844 2814 et
2884 2760 3194 2824 Leontium,
3231 2775 3369 2829 quos
3398 2771 3620 2815 sanctus

2040 2852 2249 2907 Sabbas
2299 2868 2418 2906 eam
2445 2852 2516 2906 ob
2553 2867 2774 2907 causam
2801 2851 2926 2904 inde
2949 2850 3292 2920 expulisset;
3329 2851 3474 2920 ipsos
3501 2867 3620 2919 post

2038 2942 2212 2996 sancti
2256 2942 2358 2995 viri
2403 2942 2616 2995 obitum
2651 2940 2881 2994 rediisse
2929 2940 2994 2993 ad
3024 2941 3281 3006 Lauram,
3319 2940 3488 2994 fretos
3517 2956 3619 3009 ope.

1954 3061 1964 3068 -
2040 3032 2316 3086 Theodori
2381 3041 2438 3086 et
2488 3031 2815 3095 Domitiani,
2867 3031 3188 3100 priusquam
3243 3032 3618 3101 episcopatum

2039 3125 2498 3195 adipiscerentur,
2554 3123 2642 3177 ille
2689 3121 3082 3177 Ctesariensem
3103 3120 3481 3191 Cappadociae,
3520 3121 3621 3174 isto

338 3213 471 3268 spes
509 3209 634 3254 erat
689 3201 1054 3258 diuturnioris
1089 3205 1237 3274 pacis
1282 3223 1295 3271 ;
1326 3207 1598 3275 siquidem
1638 3224 1703 3261 ex
1730 3225 1795 3262 ro
1824 3226 1933 3263 uno

2038 3220 2385 3288 Ancyranunt
2435 3216 2655 3271 Galatiae
2685 3234 2697 3282 ;
2733 3225 3027 3286 utrumque
3056 3215 3502 3270 tumultuantium
3530 3232 3622 3285 pa-

337 3290 644 3346 videbatur
693 3293 959 3362 pendere,
1010 3295 1054 3348 si
1109 3295 1428 3352 defensores
1480 3299 1670 3368 synodi
1728 3301 1934 3368 primos

339 3382 518 3436 totius
579 3383 838 3438 Ecclesiae
884 3385 1114 3440 thronos
1159 3386 1464 3456 primisque
1497 3404 1760 3458 suppares
1788 3398 1940 3444 tene-

338 3484 492 3528 rent.
545 3475 791 3531 Tenebat
827 3492 957 3532 vero
987 3478 1292 3533 Romanum
1327 3481 1576 3551 Vigilius,
1629 3481 1939 3538 Constanti-

337 3567 733 3635 nepolitanum
766 3568 1007 3634 Mennas,
1041 3570 1246 3625 Paulus
1271 3572 1723 3639 Alexandrinum,
1753 3575 1940 3630 Antio—

335 3657 590 3710 chenum
626 3658 976 3727 Ephremius,
998 3661 1194 3716 Petrus
1219 3660 1798 3734 Hierosolymitanum,
1827 3664 1938 3738 Ηγ-

339 3748 534 3816 patius
556 3749 916 3818 Ephesinum,
946 3751 1270 3808 Theodorus
1298 3754 1690 3810 Czesariensem
1725 3759 1937 3829 Cappa-

341 3839 545 3902 docia},
569 3855 764 3895 omnes
811 3859 998 3898 revera
1039 3846 1317 3912 catholici,
1356 3857 1554 3916 praeter
1578 3859 1936 3918 postretnum,

345 3932 513 4000 cujus
575 3933 710 3988 lidcs
766 3945 861 3989 aut
911 3936 1081 3990 dubia
1126 3937 1250 3998 fuit.
1302 3940 1939 4009 autforsannulla;sed

343 4022 631 4077 obstinata
659 4025 911 4094 placendi
940 4027 1283 4098 principibus
1315 4031 1568 4088 voluntas
1601 4034 1780 4102 potuit
1818 4049 1941 4090 esse

345 4127 456 4186 pro
500 4116 814 4172 constantia
851 4117 906 4171 in
957 4120 1354 4190 propugnanda
1396 4124 1626 4191 synodo,
1665 4125 1940 4194 siquidem

345 4201 607 4257 addictos
628 4203 731 4273 ipsi
753 4205 976 4260 videbat
998 4208 1298 4280 principes,
1330 4211 1696 4268 Justinianum
1737 4217 1938 4287 rcipsa,

344 4292 769 4349 dissimulanter
795 4295 1163 4354 Theodoram.

420 4385 548 4440 Non
600 4385 794 4441 fuisset
836 4404 1004 4458 porro
1051 4392 1203 4460 pacis
1250 4400 1397 4447 tanta
1452 4410 1576 4466 spes
1623 4397 1797 4462 irrita,
1835 4401 1941 4457 nisi

347 4477 622 4547 Augusta,
649 4478 908 4536 Ecclesia:
931 4479 1094 4548 furia,
1129 4483 1336 4540 intenta
1363 4486 1414 4540 in
1441 4503 1658 4541 omnem
1682 4490 1941 4546 turbandi

347 4570 727 4634 occasionem,
763 4571 1002 4627 oblatam
1043 4575 1389 4646 arripuisset,
1418 4587 1472 4632 et
1503 4594 1569 4632 ex
1599 4579 1834 4636 scintilla
1858 4581 1940 4637 fe-

349 4661 521 4714 cisset
555 4659 750 4730 ingens
782 4662 949 4719 totius
992 4664 1144 4720 orbis
1199 4667 1538 4724 incendium.
1579 4669 1774 4741 Opera:
1814 4689 1946 4747 pre-

353 4752 494 4806 tium
518 4762 604 4806 est
633 4768 768 4816 rem,
825 4769 946 4824 quae
987 4759 1232 4814 omnium
1279 4764 1737 4833 consequentium
1781 4767 1945 4823 cardo

351 4843 479 4907 fuit,
511 4846 680 4914 paulo
711 4846 879 4901 altius
903 4848 1096 4906 ordiri.

423 4932 570 4990 XVI.
629 4934 832 4990 Paulus
866 4937 1091 5006 quidam
1138 4955 1204 4993 ex
1248 4944 1541 5012 prmposito
1573 4943 1947 5002 Tabcnncsio-

357 5033 538 5080 tarum
566 5025 967 5080 monachorum
991 5028 1258 5084 suffectus
1281 5031 1458 5086 fuerat
1483 5033 1538 5086 in
1564 5033 1744 5089 locum
1769 5035 1949 5092 Theo-

355 5116 523 5179 dosii,
565 5131 731 5186 quem
763 5118 880 5172 suis
909 5119 1159 5189 partibus
1188 5122 1469 5178 addictum
1502 5124 1793 5183 Theodora
1825 5128 1950 5184 Ale-

354 5208 646 5262 xandrinae
680 5209 939 5265 Ecclesia:
977 5227 1076 5281 per
1111 5210 1250 5268 fidos
1284 5215 1567 5271 ministros
1602 5218 1942 5288 prtefecerat.

353 5301 614 5356 Nondum
648 5301 738 5355 ille
775 5317 978 5358 annum
1010 5314 1182 5359 totum
1212 5319 1468 5377 exegerat
1506 5310 1558 5363 in
1601 5311 1942 5382 episcopatu,

353 5407 482 5447 cum
541 5394 854 5462 postulatus
908 5402 994 5451 est
1049 5397 1194 5467 apud
1250 5398 1632 5468 imperatorem
1683 5402 1750 5457 de
1799 5403 1946 5460 ccede

355 5484 582 5539 diaconi
614 5504 629 5538 :
664 5501 784 5539 eam
808 5486 879 5541 ob
916 5504 1031 5542 rem
1060 5491 1128 5543 ah
1160 5489 1445 5561 Augustali
1473 5495 1680 5563 cjectus
1712 5495 1948 5550 Alexan-

354 5576 500 5639 dria,
551 5573 755 5630 Gazam
808 5576 1111 5633 Palaestinae
1146 5579 1200 5634 in
1228 5581 1479 5636 exsilium
1501 5584 1654 5637 venit
1685 5602 1697 5637 :
1729 5585 1802 5639 ibi
1826 5586 1947 5656 jus-

353 5683 450 5722 sus
478 5676 565 5721 est
607 5683 829 5723 causam
874 5668 1057 5726 dicere
1087 5686 1272 5726 coram
1309 5672 1591 5742 judicilms
1615 5676 1682 5729 ab
1714 5677 1950 5748 impera-

353 5769 474 5814 tore
498 5759 909 5833 datis,,Pelagio
943 5780 1140 5834 nempe
1186 5765 1365 5836 Vigilii
1390 5767 1763 5838 apocrisiario,
1812 5769 1950 5826 duo-

356 5854 572 5924 busque
632 5855 983 5926 patri-arenis,
1043 5858 1339 5929 Ephremio
1398 5860 1724 5931 Antiochiae,
1784 5861 1947 5922 Petro

1977 4584 2017 4638 D

2042 3318 2262 3364 tronum
2298 3325 2439 3371 esse,
2472 3318 2766 3378 utrumque
2797 3307 3019 3378 Origeni
3053 3308 3296 3378 apprime
3317 3307 3617 3369 addictum,

2042 3409 2340 3466 utrumque
2389 3397 2503 3451 suis
2545 3395 2759 3450 artibus
2784 3405 3027 3450 tentasse
3060 3395 3222 3449 tidem
3255 3395 3606 3448 monasterio-

2043 3505 2188 3553 rum,
2227 3488 2323 3542 scd
2356 3503 2508 3542 novae
2546 3487 2845 3557 praesertim
2875 3486 3090 3550 Laut-te,
3119 3486 3208 3541 cui
3235 3501 3345 3538 sua:
3371 3484 3622 3541 factionis

2041 3579 2319 3634 hominem
2391 3577 2802 3656 prreticiendum
2884 3584 3215 3642 curassent;
3268 3573 3620 3628 Theodorum

2040 3671 2573 3742 Constantinopolim
2601 3670 2818 3725 venisse
2845 3677 2970 3724 ante
3000 3669 3212 3738 aliquot
3246 3682 3438 3729 annos,
3476 3666 3621 3721 suis-

2041 3779 2146 3834 que
2204 3762 2493 3834 praastigiis
2546 3762 2602 3816 in
2648 3761 2878 3832 gratiam
2927 3761 3277 3830 principum,
3339 3759 3622 3828 ipsiusque

2041 3855 2252 3909 Menme
2305 3853 2612 3923 irrepsisse,
2659 3868 2756 3906 sua
2807 3852 3053 3922 potentia
3099 3850 3351 3906 effecisse
3399 3857 3617 3936 postea,

2041 3962 2109 4000 ne
2146 3946 2362 4002 Gelasio
2394 3961 2494 4016 pro
2532 3944 2884 3999 monasteriis
2907 3952 3175 4013 questuro
3197 3951 3414 4012 pateret
3438 3941 3620 3996 aditus

2041 4035 2108 4091 ad
2133 4034 2524 4097 Iustinianum,
2567 4033 2678 4103 jam
2732 4045 2862 4085 vero
2915 4027 3175 4083 Ecclesiae
3224 4027 3544 4083 Cresariensi
3589 4046 3618 4082 a

2042 4127 2235 4181 Menna
2253 4123 2475 4194 quidem
2491 4131 2546 4177 et
2563 4121 2871 4177 Iustiniano
2889 4133 2987 4187 per
3002 4133 3270 4180 errorem,
3289 4133 3319 4170 a
3334 4116 3622 4172 Theodora

2042 4225 2271 4289 propter
2294 4215 2649 4268 consiliorum
2685 4211 3000 4266 societatem
3029 4217 3398 4273 et'cemmune
3428 4209 3623 4278 synodi

2043 4306 2252 4368 odium,
2285 4303 2599 4374 prcefectutn
2649 4317 2768 4356 esse
2801 4319 2812 4354 :
2871 4298 2923 4353 id
2969 4298 3164 4369 jactari
3190 4299 3331 4353 fama
3363 4299 3417 4353 in
3443 4299 3619 4370 Syria.

2045 4394 2208 4465 idque
2245 4410 2385 4463 {egre
2432 4395 2594 4456 ferre,
2645 4399 2916 4463 quotquot
2959 4405 3147 4461 parem
3190 4390 3400 4460 angelis
3455 4389 3625 4445 vitam

2044 4495 2240 4543 asccta:
2281 4486 2565 4539 ducerent.

2115 4577 2303 4634 XVIII.
2331 4576 2411 4630 Ad
2433 4576 2548 4630 haec
2577 4573 2843 4646 gestiebat
2866 4574 3050 4628 animo
3076 4571 3347 4642 Pelagius,
3381 4579 3440 4625 ut
3459 4586 3628 4625 aemu-

2045 4671 2132 4726 lus
2179 4665 2613 4739 quisque‘solet,
2659 4681 2783 4718 cum
2836 4663 3079 4741 occurrit
3123 4663 3341 4720 occasio
3392 4663 3626 4719 faciendi

2046 4759 2361 4816 adversario
2383 4757 2619 4829 negotii:
2653 4755 2886 4827 spondet
2919 4755 3204 4810 monachis
3236 4754 3623 4826 patrocinium.

2046 4868 2147 4909 suo
2176 4861 2424 4922 tempore
2467 4848 2646 4904 audiri
2701 4847 2771 4902 ab
2821 4847 3153 4917 imperatore
3198 4853 3396 4900 curat:
3448 4845 3626 4915 impe-

2045 4951 2216 5006 rator,
2264 4941 2468 4996 furiose
2498 4946 2764 5011 appetens
2787 4939 2980 4993 audire
3013 4938 3320 5008 theologus,
3353 4936 3466 4990 edit
3497 4951 3626 4991 san-

2047 5035 2284 5090 ctionem
2333 5033 2506 5087 instar
2556 5030 2780 5103 grandis
2838 5029 3154 5094 voluminis,
3209 5044 3315 5098 qua
3376 5027 3629 5098 dogmata

2046 5126 2297 5197 Origenis
2342 5124 2588 5195 exponit,
2635 5123 2857 5186 refutat,
2905 5120 3222 5192 proscribit,
3255 5131 3311 5173 et
3341 5115 3486 5186 quod
3520 5115 3627 5170 mi-

2050 5219 2296 5281 rabilius,
2325 5231 2565 5272 canones
2587 5214 2795 5277 condit,
2821 5211 3261 5287 contradicentes
3280 5208 3628 5264 anathemate

2048 5308 2323 5382 percellit,
2380 5307 2538 5379 jubet
2592 5319 2784 5360 omnes
2820 5301 3180 5372 patriarchas,
3221 5299 3627 5370 etiamRoma-

2048 5418 2203 5466 num,
2234 5410 2289 5455 et
2331 5399 2437 5454 sibi
2473 5395 2746 5458 assentiri,
2780 5403 2834 5449 et
2870 5402 3060 5449 coacto
3086 5390 3338 5446 diaeresis
3367 5392 3626 5450 concilio.

2050 5509 2179 5550 suos
2231 5506 2468 5547 canones
2521 5485 2914 5543 subscribere:
2966 5486 3098 5555 quin
3159 5493 3213 5538 ct
3253 5493 3400 5539 vetat
3454 5485 3625 5541 ullum

2049 5585 2262 5654 uspiam
2311 5591 2603 5642 terrarum,
2647 5579 2729 5631 vel
2762 5576 3003 5631 ordinari
3028 5576 3364 5646 episcopum,
3395 5576 3478 5630 vel
3509 5592 3629 5631 mo-

2049 5666 2305 5734 nasteriis
2362 5682 2572 5745 patrem
2616 5670 2840 5741 przctici,
2868 5670 2962 5741 qui
2991 5684 3090 5725 suo
3115 5667 3478 5739 chirographo
3505 5668 3628 5724 edi-

2050 5779 2208 5826 ctum.
2220 5781 2331 5821 non
2350 5762 2668 5834 recepisset.

2122 5858 2263 5917 XIX.
2289 5856 2625 5914 Rcclamavit
2648 5870 2807 5912 netno
2834 5855 3030 5927 palam,
3073 5855 3227 5928 cujus
3265 5861 3408 5912 esset
3441 5850 3622 5924 aliqua
