4070 6460
490 397 597 467 m

1615 395 1991 459 GARNERII
2034 390 2528 460 DISSERTATIO
2568 401 2615 462 Ι.

3642 395 3738 464 180

487 508 548 567 in
599 509 842 566 Ecclesia
867 509 1184 571 auctoritas.
1215 510 1286 566 Ut
1312 509 1458 565 enim
1481 511 1558 566 rei
1590 511 1842 582 gerenda:
1869 509 2064 564 modus
2092 510 2134 566 Δ
2166 510 2379 575 suadet,
2431 513 2738 584 Aeephalos
2782 528 2893 568 nou
2929 523 3037 567 tam
3071 511 3232 568 facile
3257 511 3524 568 debellari
3561 527 3739 585 posse,

487 597 828 672 displiceret,
885 615 973 656 res
1019 610 1200 656 tamen
1242 601 1358 672 ipsa
1410 617 1711 672 paucorum
1760 604 2060 657 intererat:

488 692 759 765 siquidem
794 694 899 746 hoc
918 692 985 748 de
1011 691 1230 764 Origine
1263 693 1469 748 bellum
1503 695 1559 748 in
1580 677 1816 748 desertis
1840 693 2064 764 potissi-

487 800 638 840 mum
679 783 816 839 locis
863 783 1004 838 inter
1050 785 1348 840 monachos
1390 785 1674 856 agebatur.
1720 785 1822 852 Qui
1879 792 2064 838 autem

489 876 629 947 style
655 874 1020 946 imperatoris,
1043 891 1153 945 quo
1180 873 1434 947 Pelagius
1470 877 1748 942 utebatur,
1797 876 2063 947 peteban-

488 974 578 1021 tur
600 965 850 1036 episcopi
872 965 1003 1030 duo,
1049 966 1375 1022 Theodorus
1421 977 1478 1022 et
1530 967 1894 1031 Domitianus,
1943 981 2064 1020 ser-

487 1058 710 1113 viebant
747 1073 846 1128 pro
884 1073 1036 1112 more
1069 1073 1170 1113 suo
1203 1059 1464 1129 tempori,
1491 1058 1753 1128 tacitique
1783 1057 1950 1128 22,8
1976 1072 2064 1111 se-

487 1150 798 1220 quebantur
860 1149 1206 1220 imperatoris
1265 1158 1452 1216 nutus,
1510 1150 1613 1205 etsi
1660 1159 2068 1220 aucuparentur

488 1241 834 1297 occasionem
879 1242 1100 1313 Pelagio
1146 1243 1338 1314 synodi
1372 1241 1620 1297 studioso
1650 1241 1951 1312 reponendi
1980 1239 2063 1294 vi-

489 1344 628 1384 cem.
663 1331 891 1386 Occasio
924 1332 1200 1402 quomodo
1231 1347 1289 1385 se
1317 1331 1552 1396 dederit,
1577 1348 1702 1386 mox
1729 1331 2062 1397 narrabitur,

491 1421 582 1476 ubi
610 1419 679 1476 de
707 1421 918 1478 ratione
947 1423 1210 1493 temporis
1241 1438 1412 1493 pauca
1459 1423 1710 1493 quaedam
1757 1421 1936 1479 obiter
1977 1423 2064 1478 di-

479 1513 757 1567 'xerimus.

563 1601 873 1659 Obscurum
915 1614 1020 1668 est,
1064 1622 1172 1674 quo
1207 1620 1349 1659 anno
1377 1614 1527 1675 gesta
1556 1607 1686 1666 sint,
1716 1623 1838 1675 quae
1869 1607 2065 1660 retuli-

492 1708 636 1760 mus,
685 1711 903 1765 quoque
947 1696 1072 1750 data
1113 1697 1410 1752 Justiniani
1459 1685 1704 1767 Epistola
1738 1698 1838 1768 (sic
1863 1698 2064 1753 librum

492 1787 610 1853 ipse
641 1784 932 1856 nominat).
960 1784 1267 1842 Obscurum
1315 1800 1449 1842 vero
1486 1787 1714 1853 ideirco,
1743 1788 1890 1857 quod
1918 1787 2064 1842 nulla

495 1873 758 1943 temporis
801 1884 952 1941 nota,
999 1883 1094 1930 aut
1132 1876 1188 1931 in
1216 1877 1444 1946 epistola
1467 1877 1840 1950 consignetur,
1874 1887 2065 1936 contra

491 1979 702 2020 morem
755 1964 1066 2032 Sacrarum,
1113 1978 1209 2023 aut
1247 1968 1315 2022 ab
1363 1969 1642 2026 historicis
1681 1970 1784 2026 hac
1831 1969 1887 2024 in
1912 1979 2067 2040 parte

491 2055 786 2112 incuriosis
827 2057 1073 2112 tradatur
1105 2077 1119 2112 :
1169 2059 1340 2114 certis
1364 2069 1547 2114 tamen
1569 2061 1905 2131 argumentis
1933 2076 2068 2114 con-

490 2151 706 2205 clusum
749 2157 834 2204 est
882 2149 938 2204 in
969 2150 1354 2208 dissertatione
1393 2152 1462 2207 de
1497 2154 1689 2222 quinta
1719 2152 1948 2225 synodo,
1980 2151 2070 2206 Li-

490 2238 668 2293 berati
703 2239 986 2295 Breviario
1010 2239 1322 2310 subjuncta,
1382 2241 1521 2296 Zoili
1572 2241 1793 2312 quidem
1842 2241 2067 2296 ordina-

491 2328 697 2385 tionem
727 2347 872 2386 anno
896 2331 1024 2398 540,
1039 2333 1310 2403 judicium
1340 2347 1473 2388 vero
1522 2334 1872 2403 imperatoris
1926 2349 2069 2389 anno

491 2429 757 2490 sequente
807 2423 1126 2495 contigisse.
1178 2424 1315 2480 Nam
1363 2423 1532 2494 quod,
1572 2424 1883 2494 Nicephoro
1927 2425 2071 2480 Con-

491 2513 980 2585 stantinopolitano
1003 2523 1247 2580 auctore,
1288 2531 1321 2570 a
1351 2514 1682 2586 quibusdam
1732 2514 1934 2569 dicitur
1985 2531 2072 2569 se-

492 2613 642 2676 ptem
675 2621 850 2662 annos
884 2616 1096 2662 tantum
1131 2609 1338 2663 sedisse
1394 2608 1600 2672 Zoilus,
1648 2623 1811 2677 quem
1857 2615 2071 2662 constat

493 2711 639 2750 anno
690 2696 786 2750 55f
842 2695 1178 2765 depositum,
1202 2697 1414 2750 minimi
1440 2704 1527 2750 est
1552 2712 1664 2766 prae
1696 2695 1819 2750 aliis
1846 2695 2071 2750 rationi-

493 2785 599 2841 bus
649 2787 942 2841 momenti.
987 2786 1334 2856 Nicephorus
1375 2787 1545 2851 enim,
1598 2797 1658 2842 ut
1695 2785 1764 2842 de
1795 2787 1910 2841 suis
1930 2785 2070 2842 Con-

493 2875 1027 2945 stantinopolitanis,
1047 2875 1224 2946 iisque
1245 2893 1356 2932 sua:
1369 2877 1516 2932 :etati
1536 2876 1914 2942 vicinioribus,
1936 2877 2073 2932 certi

493 2965 703 3036 aliquid
751 2967 1054 3037 scripserit,
1101 2968 1170 3023 de
1218 2969 1344 3024 aliis
1397 2978 1546 3024 certe
1590 2968 1819 3024 aliarum
1856 2967 2071 3024 sedium

493 3058 825 3128 patriarchis
870 3060 1076 3131 ubique
1119 3060 1232 3116 fere
1298 3060 1588 3116 manifeste
1642 3059 1777 3116 falsa
1825 3059 2069 3127 tradidit,

497 3157 558 3205 ut
587 3149 642 3204 in
661 3150 977 3222 praefatione
999 3151 1064 3208 ad
1093 3151 1412 3208 Liberatum
1443 3152 1876 3207 demonstratum
1898 3161 2000 3207 est.

1061 3262 1287 3320 CAPUT
1341 3263 1502 3319 XVII.

501 3355 543 3410 Ι.
574 3354 763 3426 Scribit
791 3358 1081 3426 imperator
1102 3357 1354 3426 adversus
1393 3355 1682 3426 Aceplcalos
1737 3373 1832 3426 pro
1879 3356 2077 3426 synodo

569 3424 997 3482 Chalcedonensi.
1029 3425 1093 3480 ll.
1126 3424 1380 3480 Scribenti
1405 3424 1587 3480 auctor
1635 3435 1712 3480 est
1738 3424 2076 3488 Theodorus,

573 3503 630 3579 ut
656 3498 860 3579 .styolum
885 3497 1270 3579 contignatum
1302 3497 1406 3550 tria
1431 3498 1630 3579 capita,
1657 3496 1841 3579 quibus
1872 3495 2079 3578 favebat

569 3563 840 3637 Pelagius.
885 3565 976 3620 lll.
992 3635 997 3637 Α
1013 3563 1211 3637 Scribit
1236 3563 1543 3637 imperator,
1573 3563 1928 3637 scriptumque
1939 3567 2083 3637 ngf.

570 3583 840 3636 retagms.
886 3583 976 3620 Ill.
1020 3583 1211 3620 acriori
1236 3583 1543 3637 imperator,
1573 3583 1674 3620 sm
1716 3583 1928 3634 rumque
1950 3583 2082 3618 rect-

570 3636 723 3707 piunt
769 3635 1045 3690 orientalis
1083 3637 1292 3707 imperii
1317 3637 1620 3707 antistites.
1659 3583 1745 3691 ὦ.
1783 3632 2082 3707 RejicitVi-

569 3704 727 3776 gilius
775 3723 894 3776 cum
940 3704 1257 3776 occidentali
1308 3706 1568 3772 Ecclesia,
1621 3704 1891 3776 frendente
1923 3704 2084 3758 Theo-

572 3774 727 3828 doro.
758 3776 822 3830 V.
851 3774 1056 3846 Pelagii
1091 3775 1315 3831 Romam
1341 3778 1583 3842 reditus;
1621 3774 1680 3830 eo
1716 3775 1928 3846 absente
1960 3791 2084 3845 pro-

573 3854 678 3900 stat
709 3847 950 3929 edictum
988 3843 1066 3898 'de
1103 3848 1397 3929 recipiendo
1439 3849 1653 3929 scripto.
1700 3845 1788 3900 Vl.
1825 3843 2085 3929 indicitur

573 3914 852 3986 concilium
908 3916 1154 3986 generale
1201 3913 1256 3970 in
1306 3934 1467 3972 causa
1516 3913 1675 3986 trium
1729 3913 2082 3986 capitulorum

573 3983 1397 4057 Constantinopolihabendum.
1457 3985 1567 4040 νη.
1627 3983 1844 4057 Cogitur
1895 4001 1954 4057 eo
1999 3986 2086 4057 ire

575 4056 831 4126 pontifex.
866 4053 1002 4111 Vlll.
1034 4056 1096 4111 In
1127 4060 1211 4112 via
1265 4065 1436 4110 tentat
1473 4053 1776 4126 e/ﬁcerefut
1810 4057 1865 4110 in
1899 4053 2086 4110 Sicilia

575 4126 833 4198 habeatur
869 4126 1118 4198 synodus.
1158 4127 1251 4182 IX.
1285 4126 1793 4198 Constantinopolim
1822 4127 2088 4198 ingressus

575 4196 798 4268 damnat
818 4196 924 4268 eos,
952 4199 1044 4268 qui
1065 4198 1288 4252 edictum
1309 4196 1642 4268 receperant,
1657 4198 1816 4252 etiam
1835 4196 2087 4268 ﬁerinam

577 4266 906 4338 regiarurbis
957 4265 1274 4338 episcopum.
1309 4265 1378 4320 Χ.
1424 4265 1947 4338 Νἱιὶιανντήεοάοζφ
1988 4269 2088 4338 liae

577 4336 849 4406 occasione
871 4336 1177 4392 Anthimum
1201 4353 1466 4402 revocare,
1506 4339 1595 4391 sed
1625 4337 1845 4406 frustra.
1880 4336 1970 4390 Xl.
2005 4336 2091 4390 Vi-

559 4405 766 4478 -g_ilium
798 4409 1089 4478 imperator
1114 4417 1252 4478 metu
1273 4423 1455 4478 cogere
1487 4405 1711 4478 conatur
1734 4407 1802 4459 ad
1830 4407 2089 4478 recipien-

581 4476 727 4546 dum;
741 4476 988 4531 edictum.
1023 4477 1140 4532 ΧΠ.
1167 4476 1509 4532 Ηαὺείειιυηι
1533 4477 1810 4531 concilium
1833 4477 2086 4546 pontifex,

2167 618 2331 673 quam
2381 603 2740 676 Origenistas,
2786 621 2912 659 cum
2951 604 3028 658 illi
3062 605 3116 659 in
3142 603 3461 659 civitatibus
3491 603 3741 660 domina-

2167 706 2381 763 rentur,
2437 699 2528 754 isti
2567 699 2806 754 laterent
2857 699 2910 752 in
2951 699 3123 753 lauris
3165 705 3263 752 aut
3284 697 3571 763 mandris;
3601 695 3739 754 Ace-

2167 786 2358 854 phalos
2417 804 2446 842 a
2495 787 2660 858 229
2719 789 2926 860 synodo
2979 789 3094 858 ipsa
3149 787 3585 844 Chalcedonensi
3633 803 3741 843 non

2166 878 2488 945 abhorrere,
2536 879 2632 935 sed
2690 880 2760 934 ab
2822 880 2890 934 iis
2938 889 3149 934 tantum
3191 879 3530 944 hominibus,
3581 894 3739 948 quos,

2167 967 2416 1023 Nestorio
2451 986 2559 1024 non
2585 971 2799 1026 sincere
2822 971 3055 1042 ejurato,
3091 969 3410 1039 recepisset,
3433 969 3743 1040 quibusque

2168 1058 2420 1127 receptis,
2448 1058 2624 1113 videri
2659 1069 2894 1130 poterat,
2933 1074 3057 1113 cum
3099 1056 3354 1112 Nestorio
3399 1055 3744 1126 aliquatenus

2167 1150 2417 1216 sentire;
2474 1151 2633 1205 unica
2687 1151 2791 1206 bac
2847 1148 3210 1205 confessionis
3257 1146 3442 1218 specie
3475 1147 3744 1217 plurimos

2167 1241 2371 1296 offendi
2402 1284 2415 1304 ,
2473 1243 2678 1314 alioqui
2726 1242 3056 1308 Catholieos,
3104 1251 3162 1296 et
3211 1240 3381 1310 pacis,
3440 1255 3548 1309 qua
3608 1239 3744 1295 fides

2169 1340 2284 1386 tuta
2319 1334 2410 1397 sit,
2445 1333 3066 1388 amantes:Catholieos
3111 1330 3404 1402 ejusmodi,
3447 1329 3592 1384 facto
3637 1329 3744 1386 sibi

2165 1421 2570 1492 Acephalorum
2613 1422 2857 1488 nomine,
2913 1421 3101 1476 testari
3141 1421 3275 1476 satis
3308 1435 3367 1475 se
3410 1435 3591 1490 neque
3628 1419 3743 1474 Eu-

2169 1515 2387 1586 tychen,
2414 1530 2594 1585 neque
2617 1514 2930 1570 Nestorium
2969 1512 3148 1584 sequi,
3209 1520 3374 1582 atque
3416 1511 3490 1566 ita
3524 1519 3746 1582 paratos

2169 1606 2420 1663 assentiri
2454 1607 2662 1679 synodo
2683 1615 2977 1676 utrumque
3009 1603 3290 1660 damnanti
3319 1620 3334 1670 ;
3360 1603 3495 1672 quin
3527 1616 3624 1656 eos
3651 1616 3746 1670 pa-

2169 1699 2274 1753 lam
2307 1713 2620 1754 asseverare
2663 1697 2989 1767 sincereque
3040 1696 3306 1767 profiteri,
3358 1694 3402 1750 si
3449 1691 3746 1767 proscripti

2170 1789 2375 1844 fuerint
2399 1787 2785 1844 haereticorum
2821 1787 3063 1859 magistri
3106 1802 3169 1842 ac
3197 1785 3539 1850 defensores,
3579 1791 3747 1853 atque

2169 1879 2308 1934 adeo
2343 1888 2547 1934 sancta:
2584 1877 2776 1951 synodi
2817 1877 3106 1948 Ephesium
3127 1875 3427 1949 Cyrillique
3448 1874 3749 1932 calumnia-

2169 1978 2335 2036 tores,
2360 1985 2729 2026 consensuros
2756 1983 2815 2024 se
2859 1967 3099 2024 libenter
3138 1967 3195 2022 in
3244 1982 3408 2022 unam
3458 1964 3585 2021 fidei
3629 1963 3746 2018 for-

2168 2079 2360 2119 mam:
2396 2079 2616 2119 causam
2662 2062 2829 2118 trium
2875 2060 3185 2123 hominum.
3234 2059 3400 2115 etiam
3445 2057 3750 2121 bonorum,

2169 2169 2278 2207 non
2331 2168 2452 2208 esse
2502 2151 2659 2216 tanti,
2695 2151 2830 2222 quin
2868 2148 3054 2220 sperni
3079 2149 3252 2220 possit
3277 2163 3389 2218 prae
3413 2145 3564 2201 orbis
3590 2160 3750 2216 pace.

2241 2244 2382 2302 Tres
2407 2246 2551 2311 illos,
2585 2245 2654 2299 de
2684 2243 2889 2315 quibus
2924 2243 3128 2314 agitur,
3168 2257 3280 2295 non
3329 2255 3451 2295 esse
3496 2239 3748 2308 integros

2169 2341 2351 2406 famae,
2384 2353 2488 2394 nec
2521 2337 2818 2393 criminum
2867 2350 3072 2406 puros;
3121 2332 3481 2388 Theodorum
3507 2329 3602 2386 diu
3641 2343 3750 2384 no-

2171 2431 2338 2486 minis
2373 2430 2458 2485 sui
2495 2428 2690 2484 umbra
2718 2427 2920 2484 texisse
2943 2424 3196 2491 infandas
3218 2424 3480 2483 haereses,
3505 2434 3741 2492 quarum

2173 2537 2338 2578 causa
2367 2521 2422 2576 fu
2435 2520 2540 2576 erit
2573 2535 2604 2575 a
2629 2519 2836 2592 Cyrillo
2865 2517 3090 2588 scriptis
3138 2515 3297 2572 libris
3341 2512 3752 2584 reprehensus;

2171 2631 2319 2678 eum,
2355 2615 2486 2668 dum
2517 2613 2750 2676 viveret,
2775 2619 3027 2665 coactum
3077 2605 3386 2662 Antiochia:
3412 2599 3752 2674 palinodiam

2171 2705 2466 2776 aliquando
2492 2718 2714 2767 canere,
2761 2709 2885 2772 post
2910 2707 3141 2754 mortem
3181 2713 3212 2752 a
3262 2694 3434 2751 sacris
3473 2689 3754 2764 diptychis

2181 2805 2516 2869 expunctum
2539 2797 2706 2852 etiam
2730 2811 2759 2850 a
2785 2795 2920 2849 suis.

2245 2889 2656 2946 Theodoretum
2704 2885 3087 2956 Pentalogium
3135 2881 3423 2952 scripsisse
3487 2877 3756 2932 adversus

2175 2981 2510 3054 Ephesinam
2575 2978 2868 3052 synodum,
2907 2976 3177 3048 Cyrillum
3225 2973 3380 3030 velut
3427 2970 3755 3026 htereticum

2175 3071 2505 3136 traduxisse,
2524 3068 2782 3125 laudasse
2849 3065 3166 3124 Nestorium
3198 3072 3457 3133 tanquam
3509 3058 3760 3115 Catholi-

2100 3170 2144 3231 c
2177 3179 2324 3227 eum,
2355 3163 2523 3218 etiam
2546 3169 2670 3232 post
2693 3159 3063 3215 Ecclesiarum
3088 3171 3278 3227 pacem
3321 3172 3333 3208 :
3374 3153 3554 3208 virum
3584 3149 3758 3206 exsti-

2182 3254 2312 3310 tisse
2339 3251 2553 3308 factiosi
2584 3250 2809 3321 ingenii,
2842 3248 2938 3320 qui
2971 3248 3228 3304 debuerit
3257 3243 3610 3318 imperatoris
3640 3257 3763 3298 san-

2181 3346 2363 3400 ctione
2384 3341 2657 3398 eontineri
2683 3339 2825 3412 Cyro
2852 3339 3008 3410 quasi
3043 3352 3286 3401 carcere,
3338 3351 3408 3390 ne
3433 3330 3762 3388 tumultuari

2180 3445 2465 3508 pergeret;
2485 3435 2632 3504 juste
2659 3433 2886 3502 Ephesi,
2907 3431 3036 3485 licet
3064 3429 3132 3484 ab
3154 3429 3380 3500 injuste,
3421 3423 3762 3494 depositum,

2181 3543 2285 3582 nec
2315 3527 2384 3582 ab
2414 3523 2868 3582 Occidentalibus
2903 3522 3221 3577 restitutum
3263 3535 3331 3574 ex
3378 3517 3555 3572 forma
3598 3529 3767 3570 cano-

2182 3634 2351 3674 num:
2408 3617 2754 3674 renuntiasse
2793 3614 3016 3686 quidem
3065 3611 3322 3668 Nestorio
3377 3608 3764 3672 Chalcedone,

2187 3712 2282 3768 sed
2303 3711 2475 3768 vei-bo
2497 3719 2687 3775 tenus;
2711 3709 2922 3780 Syriam
2947 3705 3334 3769 commovisse,
3352 3702 3485 3759 dum
3513 3701 3766 3764 viveret;

2185 3805 2398 3870 orbem,
2439 3811 2565 3874 post
2598 3809 2855 3856 mortem.

2254 3897 2375 3952 Jam
2405 3910 2536 3950 vero
2566 3893 2714 3949 lbam
2752 3890 2973 3963 judiciis
2997 3889 3214 3944 duobus
3262 3883 3598 3956 postulatum
3636 3881 3774 3936 fuis-

2187 4005 2244 4044 se
2289 3987 2358 4042 de
2415 3984 2766 4049 criminibus,
2800 3997 3038 4054 quorum
3087 3978 3330 4050 suspicio
3365 3975 3591 4031 infamia
3648 3982 3774 4038 est;

2189 4077 2728 4150 causamjudicatam
2759 4091 2869 4130 non
2896 4089 3039 4138 esse,
3057 4071 3151 4127 sed
3182 4068 3600 4126 dissimulanter
3623 4081 3777 4121 com-

2192 4169 2460 4240 positam:
2485 4167 2705 4222 Edessae
2735 4163 2978 4220 scholam
3005 4158 3390 4216 Nestorianam
3429 4155 3498 4210 ab
3547 4169 3636 4220 eo,
3667 4168 3778 4223 qua

2191 4262 2298 4315 late
2327 4275 2427 4331 per
2459 4259 2693 4330 populos
2722 4254 2894 4326 pestis
2959 4251 3330 4323 spargeretur,
3365 4246 3454 4302 vel
3503 4255 3780 4316 apertam,

2194 4355 2281 4409 vel
2318 4353 2521 4416 lotam;
2551 4351 2620 4406 ab
2650 4363 2718 4408 eo
2747 4343 3037 4417 Ephesinae
3083 4340 3294 4414 synodo
3339 4348 3644 4408 sanctoque
3669 4336 3779 4406 Cy-

2195 4445 2321 4499 rillo
2350 4443 2556 4498 illatam
2580 4437 2876 4510 injuriam;
2905 4435 3095 4491 eadem
3131 4434 3310 4504 ipsum
3338 4445 3464 4486 cum
3521 4427 3785 4482 Theodo-

583 4520 1001 4618 δῖ
2123 4533 2172 4591 D
2199 4547 2320 4593 reto
2343 4533 2668 4605 pertinacia,
2693 4541 2750 4586 et
2774 4528 3000 4618 ha‘resis
3019 4534 3277 4618 auctores
3331 4520 3637 4577 honorifice
3678 4535 3781 4589 ap-

582 4615 742 4699 salvis
755 4619 1010 4688 personis.
1027 4617 1165 4699 Xlll.
1182 4613 1495 4672 Reluctatur
1511 4617 1811 4672 Facundus.
1830 4613 1968 4670 XIV.
1986 4613 2093 4670 Alii

580 4694 742 4741 etiam
771 4696 1188 4742 commoventur.

913 4799 990 4850 Ab
1009 4812 1137 4851 anno
1161 4801 1338 4852 Christi
1362 4797 1448 4848 531
1487 4798 1554 4849 ad
1581 4798 1688 4847 538.

581 4901 627 4960 Ι.
661 4901 960 4974 Postquam
983 4904 1328 4961 Justinianus
1356 4920 1518 4960 suum
1541 4903 1610 4959 de
1638 4903 1873 4976 Origene
1892 4904 2100 4959 librum

515 4994 586 5050 ab
638 4995 898 5052 omnibus
946 4995 1241 5067 probatum
1281 4995 1545 5063 vidisset,
1601 4995 1783 5052 simile
1834 4995 2100 5068 quiddam

517 5088 818 5146 meditatus
869 5097 956 5144 est
1002 5087 1273 5145 adversus
1325 5087 1654 5158 Acephalos,
1708 5103 1820 5157 quo
1868 5089 2100 5161 perinde

519 5181 752 5249 probato
799 5179 1114 5248 (inirentur,
1166 5191 1229 5238 ut
1284 5179 1511 5251 quidem
1535 5180 1814 5251 sperabat,
1842 5181 2100 5238 Ecclesiae

518 5275 682 5339 bella,
711 5287 1012 5342 omnesque
1045 5273 1104 5327 in
1124 5273 1456 5329 sententiam
1477 5273 1668 5345 synodi
1699 5274 2102 5345 conspirarent.

588 5365 658 5420 ll.
691 5363 831 5420 Cum
861 5371 1010 5419 totus
1036 5363 1092 5418 in
1119 5379 1185 5420 eo
1213 5365 1672 5437 esset,si.mulque
1695 5367 1886 5439 synodi
1915 5367 2104 5423 defen—

521 5455 741 5512 sionem
779 5463 976 5510 contra
1011 5455 1316 5527 Acephalos
1363 5473 1502 5528 pene
1543 5458 1890 5526 absolvisset,
1919 5458 2103 5514 Theo-

523 5547 693 5601 dorus
745 5544 1104 5601 Cmsariensis
1157 5547 1451 5618 episcopus
1499 5548 1925 5605 communicatis
1977 5564 2102 5604 cum

521 5639 768 5708 Augusta
793 5637 1058 5704 consiliis,
1091 5639 1354 5695 utendum
1390 5650 1541 5695 ratus
1559 5649 1643 5696 est
1671 5640 2104 5712 opportunitate,

524 5744 633 5798 qua
664 5727 886 5799 Pelagio
919 5730 1171 5795 diacono,
1199 5731 1466 5803 synodum
1493 5731 1739 5801 apprime
1763 5731 2104 5796 observanti,

526 5833 628 5891 par
651 5816 902 5876 referret.
943 5819 1265 5892 imperatori
1301 5836 1436 5893 ergo
1461 5821 1702 5878 scribere
1731 5819 1945 5877 ardenti
1976 5835 2106 5891 per-

2199 4625 2453 4697 pellasse,
2483 4631 2539 4678 et
2567 4619 2841 4692 sprevisse
2875 4616 3002 4673 fidei
3045 4614 3389 4672 defensores.

2269 4715 2346 4770 Ad
2404 4714 2522 4770 lucc
2571 4725 2794 4768 causam
2843 4706 3036 4780 synodi
3093 4701 3558 4762 Chalcedonensis
3615 4714 3786 4770 posse

2197 4807 2409 4864 facilea
2428 4819 2595 4861 causa
2615 4804 2785 4858 trium
2813 4799 3102 4855 hominum
3161 4793 3410 4867 seiungi;
3452 4792 3600 4847 illam
3653 4790 3788 4846 fidei

2199 4916 2344 4966 esse,
2378 4899 2540 4955 istam
2571 4907 2970 4968 personarum;
3019 4889 3186 4946 fidem
3219 4897 3337 4943 tum
3389 4885 3613 4942 demum
3635 4883 3790 4938 inte-

2200 5008 2356 5066 gram
2393 4987 2628 5054 servari,
2670 5001 2798 5042 cum
2827 4982 3120 5040 anathema
3143 4979 3370 5045 dicitur,
3401 4992 3514 5032 non
3539 4973 3790 5030 homini-

2200 5083 2306 5138 bus
2329 5089 2550 5137 tantum
2579 5075 2814 5133 ha‘resin
2839 5069 3233 5147 professis,sed
3255 5069 3392 5144 ipsis
3417 5069 3586 5125 etiam
3611 5067 3792 5122 haere-

2203 5176 2282 5232 sis
2317 5173 2545 5229 nomine
2567 5168 2860 5241 suSpectis.

2276 5265 2522 5333 Denique
2546 5261 2790 5323 futuram
2818 5258 2961 5313 hanc
3008 5255 3270 5311 omnibus
3313 5249 3799 5322 consequentibus

2206 5357 2422 5415 saculis
2449 5353 2782 5425 singularem
2811 5348 3164 5421 imperatoris
3199 5345 3468 5431 gloriam,
3506 5343 3553 5398 si
3585 5356 3816 5411 repur-,

2204 5461 2386 5525 gassct
2413 5449 2681 5522 synodum
2716 5463 2746 5501 a
2774 5443 3027 5509 maculis,
3070 5458 3209 5513 quas
3257 5435 3615 5494 humanitatis
3667 5434 3798 5525 fato

2207 5524 2605 5604 contraxisset;
2633 5538 2679 5592 si
2717 5536 2964 5592 dedisset
2999 5547 3192 5604 pacem
3215 5528 3474 5586 Ecclesia:
3529 5524 3802 5581 omnibus

2211 5634 2372 5692 bonis
2398 5630 2730 5703 optabilem;
2772 5628 2818 5684 si
2853 5626 3101 5682 omnium
3159 5623 3474 5678 voluntates
3502 5617 3557 5674 in
3617 5630 3798 5669 unam

2211 5726 2404 5790 fidem,
2433 5722 2665 5780 sublatis
2693 5720 3016 5792 opinionum
3061 5715 3328 5778 dissidiis,
3376 5713 3709 5768 adunasset:
3739 5706 3797 5761 id

2214 5818 2283 5876 ab
2313 5818 2646 5889 imperatore.
2665 5815 2837 5870 Deum
2870 5824 3181 5884 reposcere,
3217 5814 3506 5879 postquam
3548 5801 3797 5861 Africam
