4070 6442
349 444 442 513 181

1512 415 1878 500 HISTORIA
1911 435 2422 498 THEODORETI.

3511 429 3612 494 182

345 555 502 627 230
519 561 712 616 totam,
744 547 1102 620 Siciliamque
1127 556 1182 604 et
1211 547 1423 604 Italiam
1457 563 1581 602 cum
1618 548 1791 604 Roma
1830 561 1924 601 ve-
1956 550 1998 605 A
2027 541 2306 612 dorusque
2355 541 2762 612 subripuissent
2801 559 2813 596 :
2865 541 3186 597 metuebant
3241 541 3453 598 scilicet
3501 558 3568 596 ne
3593 583 3610 608 ,

345 655 454 702 tere
476 645 534 698 in
559 642 736 714 ipsius
763 643 1034 697 ditionem
1065 639 1370 710 redegerit:
1401 639 1456 694 id
1493 655 1661 694 unum
1695 638 1926 709 rependi

347 749 504 806 posse
527 750 558 788 a
592 733 848 804 piissimo
883 732 1156 804 principe,
1181 747 1280 802 pro
1327 739 1406 784 tot
1461 730 1710 785 victoriis
1735 746 1765 785 a
1815 730 1928 785 Nu-

345 826 485 881 mine
515 825 768 891 indultis,
804 824 934 878 dare
961 839 1156 892 pacem
1205 823 1490 886 Ecclesiae,
1523 837 1644 891 quae
1697 821 1794 876 Dei
1836 836 1924 877 re-

345 932 504 988 gnum
531 923 642 982 est,
665 931 832 986 quam
885 915 1036 970 Deus
1075 912 1236 970 dedit
1260 912 1408 978 orbi,
1447 912 1598 982 quod
1630 911 1928 968 Justiniani

347 1007 661 1076 imperium.

411 1096 500 1152 lll.
534 1096 634 1150 liis
653 1096 890 1164 aliisque
919 1094 1244 1164 imperator,
1281 1103 1343 1148 ut
1385 1103 1508 1148 erat
1549 1093 1716 1147 homo
1767 1094 1928 1148 valde

345 1189 540 1252 bonus,
573 1202 774 1257 passus
805 1195 892 1242 est
911 1185 1153 1256 primum
1193 1200 1250 1240 se
1308 1185 1552 1238 amoveri
1609 1200 1639 1238 a
1671 1193 1928 1254 suscepto

347 1277 612 1332 adversus
669 1275 984 1345 Acephalos
1033 1290 1232 1345 opere,
1298 1282 1413 1328 tum
1466 1273 1667 1330 deinde
1723 1274 1928 1328 librum

347 1365 620 1421 Theodori
646 1365 834 1421 studio
857 1365 1269 1428 elucubratum,
1315 1379 1417 1420 suo
1467 1366 1690 1419 nomine
1729 1365 1928 1420 inscri-

349 1460 638 1528 psitatque
659 1459 872 1514 edidit:
909 1456 1154 1512 edictum
1179 1465 1394 1527 postea,
1430 1457 1578 1526 quod
1630 1457 1930 1512 voluminis

355 1551 518 1604 instar
539 1551 648 1614 sit,
699 1565 732 1604 a
775 1547 1182 1604 Theodorianis
1237 1549 1603 1619 compositum
1664 1547 1930 1604 adversus

363 1644 454 1697 tria
477 1643 712 1712 capitula
739 1643 949 1696 edidit:
979 1642 1217 1712 denique
1260 1641 1545 1696 mandavit
1570 1640 1776 1710 ubique
1819 1649 1930 1696 ter-

359 1751 550 1798 rarum,
605 1736 678 1790 ab
741 1735 1001 1791 omnibus
1050 1750 1204 1790 suam
1259 1735 1444 1790 edicto
1467 1731 1930 1802 subscriptionem

349 1840 600 1894 supponi.

2029 641 2138 698 qua
2166 628 2381 684 valebat
2401 627 2544 698 apud
2575 629 2965 699 imperatorem
3005 629 3200 700 gratia,
3231 646 3453 701 quoque
3497 631 3615 686 ani-

2029 735 2122 776 mo
2171 729 2292 776 erat
2329 737 2458 792 erga
2492 728 2736 775 sanetam
2785 721 3078 792 synodum,
3127 720 3428 792 praestigias
3486 735 3615 774 suas

2031 811 2378 876 dissolveret,
2413 812 2804 868 etJustiniano
2841 812 3085 876 fraudes,
3111 828 3233 882 quae
3277 813 3380 882 ipsi
3413 810 3606 864 tende-

2031 904 2254 970 bantur,
2289 905 2658 976 factionisque
2689 905 2928 958 infandm
2957 905 3252 958 consilium
3279 904 3545 974 aperiret.

2099 996 2318 1066 Pelagio
2343 997 2516 1066 igitur
2539 997 2730 1066 procul
2773 997 2974 1066 posito,
3027 997 3371 1068 suffectoque
3414 998 3471 1051 in
3496 997 3617 1068 ejus

2031 1087 2212 1142 locum
2247 1087 2548 1158 Stephano,
2581 1089 2805 1144 homine
2831 1089 2982 1158 paris
3029 1090 3252 1159 quidem
3307 1090 3478 1144 studii
3514 1106 3614 1160 pro

2032 1180 2159 1242 fide,
2191 1180 2288 1234 sed
2311 1179 2538 1250 imparis
2559 1180 2614 1234 in
2649 1181 2773 1235 aula
2803 1181 2993 1250 gratia:
3029 1189 3196 1252 atque
3237 1182 3611 1247 auctoritatis,

2032 1272 2278 1340 prostitit
2306 1271 2788 1342 Constantinopoli
2813 1271 3058 1326 edictum
3077 1315 3090 1338 ,
3149 1273 3494 1343 missumque
3543 1275 3612 1329 ad

2032 1381 2229 1420 omnes
2275 1365 2431 1421 orbis
2463 1367 2777 1436 episcopos.
2830 1367 3071 1422 concivit
3115 1384 3258 1430 eam,
3295 1384 3417 1438 quae
3465 1369 3614 1436 dicta

2029 1467 2136 1520 est,
2178 1457 2606 1512 commotionem
2638 1460 2986 1528 animorum.
3035 1459 3160 1514 Hzee
3215 1469 3274 1514 ut
3302 1461 3612 1528 sedaretur,

2033 1552 2444 1606 convocandam
2503 1553 2673 1607 totius
2727 1552 2989 1607 Ecclesia:
3053 1553 3322 1623 synodum
3354 1554 3616 1610 Justinia—

2033 1657 2136 1696 nus
2166 1643 2424 1708 credidit,
2451 1645 2566 1714 ipsa
2589 1655 2916 1715 perurgente
2951 1647 3219 1716 Augusta,
3256 1647 3350 1702 sed
3396 1658 3616 1702 contra-

2033 1734 2117 1790 rio
2146 1737 2403 1792 consilio.
2434 1737 2739 1792 Videbatur
2766 1738 2912 1791 enim
2961 1737 3066 1792 sibi
3099 1753 3295 1793 secura
3345 1741 3611 1804 victoriae,

2037 1827 2180 1880 etde
2199 1828 2408 1899 synodo
2453 1827 2892 1884 Chalcedonensi
2935 1829 3142 1884 certius
3185 1831 3611 1900 triumphatum,

415 1915 473 1970 ιιι
507 1917 642 1970 fecit
675 1917 1001 1986 imperator,
1040 1917 1332 1986 Acephalis
1385 1917 1794 1987 gratulantibus
1819 1918 1928 1972 sibi
1966 1925 2002 1978 Β
2034 1918 2320 1987 siquando
2353 1929 2573 1974 coactos
2602 1921 2656 1974 in
2685 1921 2880 1974 urbem
2911 1920 3116 1990 regiam
3153 1921 3306 1977 orbis
3338 1923 3616 1978 antistites

347 2013 554 2074 partam
579 2006 686 2062 hac
711 2019 830 2062 arte
863 2007 1172 2062 victoriam.
1236 2007 1462 2062 Mennas
1491 2025 1614 2063 cum
1663 2011 1780 2064 suis
1813 2009 1930 2080 epi-

345 2099 522 2169 scopis
547 2099 797 2154 edictum
823 2101 1058 2170 recepit,
1092 2116 1155 2156 ea
1191 2112 1374 2157 tamen
1409 2102 1688 2166 cautione,
1712 2102 1756 2156 si
1777 2118 1930 2157 sum-

340 2207 458 2246 mus
483 2192 738 2261 pontifex
773 2193 1068 2263 probaret:
1098 2193 1190 2248 alii
1233 2203 1345 2250 tres
1378 2192 1678 2249 Orientalis
1707 2193 1928 2263 imperii

337 2285 668 2354 patriarchae
697 2285 958 2339 reluctari
989 2275 1102 2338 nun
1129 2293 1260 2341 sunt
1287 2286 1428 2350 ausi,
1465 2293 1614 2338 metu
1669 2285 1930 2338 amitten-

337 2373 414 2428 da:
436 2373 752 2444 dignitatis,
783 2373 933 2444 quod
969 2375 1276 2445 contigerat
1327 2375 1740 2440 decessoribus,
1779 2374 1936 2446 prin-

337 2465 468 2536 cipis
503 2465 760 2520 animum
787 2465 1074 2520 odendere
1097 2480 1208 2520 non
1237 2466 1450 2522 veritis.

407 2557 500 2612 IV.
531 2557 802 2613 Restabat
833 2573 979 2626 unus
1004 2557 1180 2612 instar
1199 2559 1448 2612 omnium
1497 2573 1750 2612 summus
1793 2571 1937 2626 pon-

338 2647 482 2710 tifex,
510 2664 684 2716 quem
715 2647 1006 2702 Theodoro
1033 2647 1100 2702 ad
1121 2647 1599 2711 consentiendum,
1623 2645 1930 2716 urgendum

338 2739 572 2808 putavit,
603 2739 806 2806 partim
827 2738 1010 2792 uxorii
1043 2738 1413 2807 imperatoris,
1456 2738 1658 2808 partim
1675 2737 1930 2792 Belisarii

337 2829 656 2885 famulantis
708 2831 998 2900 potentia:
1035 2831 1114 2886 sic
1144 2831 1290 2886 enim
1343 2830 1634 2885 videbatur
1695 2829 1928 2886 convelli

344 2936 484 2988 posse
547 2921 810 2977 funditus
860 2921 1332 2978 Chalcedonensis
1391 2919 1662 2993 synodus,
1705 2920 1751 2976 si
1808 2937 1932 2991 quae

339 3015 516 3082 prima:
548 3013 708 3068 sedis
736 3015 1068 3068 auctoritate
1112 3013 1418 3078 nitebatur,
1487 3012 1735 3082 ejusdem
1779 3013 1931 3068 sedis

333 3107 675 3160 auctoritate
703 3105 1015 3160 labefieret.
1073 3105 1181 3170 Sua
1228 3120 1354 3175 spes
1391 3103 1654 3158 feminam
1697 3103 1924 3158 fefellit:

331 3211 450 3250 nam
481 3196 752 3267 Vigilius,
789 3197 804 3216 ‘
835 3195 1038 3251 Leonis
1057 3197 1233 3268 Magni
1288 3204 1510 3266 sumpto
1551 3196 1769 3266 Spiritu,
1805 3196 1928 3252 edi-

2035 2008 2263 2064 haberet
2285 2012 2338 2066 in
2379 2027 2476 2066 sua
2509 2019 2801 2082 potestate.

2113 2100 2196 2155 VI.
2225 2101 2494 2156 lndieitur
2523 2119 2656 2174 ergo
2685 2105 2929 2176 synodus
2951 2105 3482 2176 Constantinopolim
3533 2109 3610 2175 ⁸⁸;

2031 2200 2261 2246 vocatur
2309 2194 2424 2262 ipse
2474 2193 2706 2265 Vigilius
2768 2211 2868 2266 pro
2914 2211 3066 2251 more
3119 2213 3220 2266 per
3267 2197 3617 2268 imperatoris

2034 2279 2258 2336 Sacram
2285 2302 2295 2336 :
2324 2283 2418 2338 sed
2442 2284 2606 2338 datur
2629 2285 2789 2340 simul
2815 2302 2844 2340 a
2876 2285 3166 2340 Theodora
3216 2288 3354 2342 clam
3383 2289 3615 2342 manda-

2033 2382 2145 2429 tum
2176 2375 2242 2429 ad
2272 2376 2624 2438 Belisarium.
2657 2393 2768 2448 quo
2791 2378 3109 2449 pontificem
3159 2382 3347 2435 venire
3395 2389 3615 2452 cegeret

2029 2467 2116 2520 vel
2143 2467 2397 2522 invitum.

2103 2557 2214 2612 γη.
2247 2559 2450 2612 Verum
2479 2559 2573 2612 diu
2601 2575 2658 2613 se
2697 2559 2940 2629 pontifex
2975 2563 3257 2618 excusavit
3301 2563 3465 2618 allato
3494 2579 3613 2620 ma-

2025 2647 2210 2718 jorum
2261 2649 2534 2718 exemplo,
2583 2651 2679 2719 qui
2725 2666 2906 2720 neque
2954 2653 3214 2718 Nicaeam,
3264 2640 3440 2710 aecitu
3473 2655 3616 2712 Con-

2032 2736 2281 2802 stantini,
2327 2755 2511 2808 neque
2533 2740 2817 2808 Ephesum
2861 2753 2958 2796 aut
2999 2743 3430 2808 Chalcedonem,
3464 2744 3614 2800 effla-

2031 2829 2336 2900 gitantibus
2361 2831 2490 2886 licet
2521 2831 2836 2892 Theodosio
2881 2835 3104 2906 juniore
3127 2846 3184 2891 et
3226 2837 3494 2892 Martiano
3517 2853 3612 2892 ac-

2033 2921 2329 2977 cessissent
2363 2941 2375 2976 :
2405 2924 2669 2978 afferebat
2698 2924 2896 2981 deinde
2927 2927 3056 2992 loci,
3117 2928 3184 2982 ad
3230 2945 3392 2998 quem
3423 2929 3616 2983 condi-

2032 3022 2182 3068 ctum
2213 3021 2352 3079 erat,
2384 3016 2924 3084 incommoditatem;
2953 3019 3200 3083 alterius,
3227 3029 3356 3089 puta
3387 3022 3610 3084 Sicilia,

2031 3108 2499 3176 Opportunitatcm
2543 3109 2702 3180 longe
2738 3111 3031 3180 majorem;
3067 3127 3135 3167 eo
3184 3113 3431 3182 undique
3465 3113 3606 3172 faci-

2031 3198 2140 3254 lius
2160 3200 2422 3256 advenire
2457 3202 2648 3257 Patres
2675 3219 2857 3273 posse,
2895 3207 3232 3276 parihusq'ue
3275 3206 3474 3262 studiis
3513 3205 3618 3262 Oc-

327 3298 472 3342 ctum
491 3287 694 3356 rejeei!
721 3305 736 3353 ;
771 3287 824 3342 id
855 3295 1134 3351 causatus,
1169 3287 1316 3357 quod
1345 3295 1568 3342 sanctus
1592 3287 1722 3342 olim
1741 3286 1928 3343 deces-
1959 3279 2002 3337 C
2037 3292 2316 3349 cidentem
2365 3293 2758 3366 Orientemque
2803 3297 2860 3350 in
2923 3313 3088 3352 unam
3119 3299 3452 3354 sententiam
3479 3313 3614 3353 οοῃ-

317 3393 434 3442 sor,
461 3377 740 3448 religiose
770 3377 1120 3432 retinendam
1164 3378 1312 3432 omni
1338 3393 1407 3432 ex
1426 3385 1582 3447 parte
1621 3377 1891 3449 synodum
1915 3397 1926 3431 :

329 3471 516 3536 «Quia
579 3485 762 3540 neque
811 3469 1078 3540 perfectio
1121 3471 1548 3536 incrementum,
1600 3485 1780 3540 neque
1829 3470 1930 3524 ad-

315 3561 636 3632 iectionem
669 3561 958 3631 plenitudo
993 3561 1192 3632 recipit
1225 3561 1290 3615 ³⁷.
1336 3579 1356 3613 ο

385 3655 612 3711 Secuta
633 3663 719 3709 est
752 3655 838 3710 sui
863 3654 1060 3724 capitis
1088 3655 1402 3724 exemplum
1436 3653 1717 3710 Ecclesia:
1751 3655 1932 3709 sicubi

317 3765 428 3804 non
461 3747 762 3804 serviebat
799 3747 1038 3817 turpiter
1071 3747 1328 3818 principi,
1379 3746 1484 3801 hoc
1513 3753 1620 3810 est,
1675 3748 1730 3801 in
1770 3744 1930 3802 Occi-
1973 3773 1981 3780 -

316 3841 490 3896 dente
515 3847 592 3895 et
625 3840 680 3894 in
707 3839 915 3905 Africa,
948 3840 1044 3896 sed
1071 3839 1382 3910 prmsertim
1433 3839 1486 3893 in
1521 3839 1762 3910 lllyrieo,
1799 3840 1930 3893 Dal-

321 3937 500 3990 matia
531 3950 612 3990 ac
649 3933 864 4000 Galliis,
905 3935 1139 4003 aliisque
1198 3933 1595 3989 remotioribus
1644 3935 1712 3988 ab
1771 3934 1928 3990 Italia

311 4027 676 4099 provinciis:
729 4035 897 4097 atque
953 4027 1082 4082 inde
1141 4023 1248 4082 fuit
1300 4035 1501 4090 metus,
1563 4043 1634 4082 ne
1689 4025 1928 4082 schisma

311 4115 658 4172 llormisdae
684 4117 1030 4187 temporibus
1067 4117 1402 4172 exstinctum
1450 4117 1844 4172 revivisceret:
1877 4127 1934 4172 et

307 4209 562 4278 quidem
601 4216 754 4262 tanto
776 4208 1168 4263 vehementius
1195 4216 1458 4278 tantoque
1483 4208 1824 4277 pertinacius
1849 4207 1934 4262 fu-

309 4313 540 4366 turum,
610 4309 821 4368 quanto
856 4315 1022 4354 causa
1079 4299 1376 4354 videbatur
1419 4300 1728 4365 honestior,
1771 4313 1934 4371 syno-

309 4393 452 4448 dum
493 4393 916 4447 cecumenicam
953 4392 1297 4461 tueri,quam
1331 4392 1596 4446 Acacium
1645 4391 1926 4446 damnare.

385 4485 457 4540 V.
495 4483 640 4537 Haec
675 4483 974 4538 commotio
1023 4484 1272 4553 contigit,
1320 4498 1432 4552 quo
1478 4498 1622 4554 anno
1681 4484 1934 4553 Pelagius

2035 3385 2263 3454 spirare.
2289 3385 2662 3442 Nihilominus
2685 3388 2971 3442 annitente
3000 3389 3276 3443 Antonina
3311 3387 3616 3443 Theodorte

2033 3474 2286 3531 ministra
2309 3477 2608 3533 Belisarius
2635 3478 2951 3548 pontiﬁcem
2979 3495 3048 3535 ex
3080 3479 3234 3536 italia
3277 3479 3428 3536 exire
3468 3495 3618 3536 com-

2035 3565 2196 3636 pulit,
2228 3575 2286 3620 et
2307 3583 2450 3637 pene
2479 3583 2576 3638 per
2611 3568 2721 3622 vim
2757 3570 2940 3640 ejecit.

2107 3657 2243 3712 Vill.
2280 3659 2450 3714 Roma
2503 3659 2689 3728 igitur,
2737 3669 3028 3730 postquam
3073 3679 3102 3717 a
3172 3663 3350 3718 Totila
3401 3663 3616 3734 direpta

2034 3755 2138 3810 est,
2191 3763 2450 3818 egressus
2496 3748 2756 3819 Vigilius,
2819 3749 2909 3804 die
2969 3749 3041 3804 22
3097 3750 3427 3805 Novembris
3471 3767 3618 3805 anno

2037 3839 2141 3894 546
2166 3841 2380 3908 trajecit
2410 3841 2464 3895 in
2495 3840 2760 3905 Siciliam,
2795 3840 2886 3894 ubi
2911 3850 2968 3896 et
2988 3841 3374 3896 ordinationes
3406 3842 3618 3912 aliquot

2035 3943 2226 3984 mense
2255 3928 2544 3982 Decembri
2577 3928 2792 3993 habuit,
2851 3937 2908 3983 et
2935 3929 3266 3998 legationem
3318 3929 3456 3984 Zoili
3489 3929 3618 3985 Ale-

2036 4021 2288 4080 xandrini
2316 4021 2552 4090 excepit,
2588 4031 2644 4076 et
2663 4037 2692 4074 a
2716 4021 2872 4076 Datio
2899 4020 3292 4075 Mediolanensi
3312 4029 3619 4078 conventus

2035 4113 2248 4176 didicit,
2277 4127 2387 4180 quo
2417 4119 2563 4166 statu
2601 4127 2692 4165 res
2719 4111 2848 4165 fidei
2891 4111 3074 4166 forent
3115 4111 3611 4181 Constantinopoli,

2041 4212 2097 4259 et
2123 4203 2191 4256 ab
2233 4203 2383 4258 Afris
2410 4201 2710 4272 Sardisque
2741 4205 2840 4272 per
2873 4202 3082 4272 legatos
3107 4213 3328 4272 rogatus
3353 4209 3458 4266 est,
3487 4218 3617 4272 pro-

2035 4293 2225 4347 videre
2253 4309 2322 4347 ne
2363 4292 2496 4363 quid
2539 4292 2858 4348 detrimenti
2883 4293 3130 4364 synodus
3154 4291 3619 4349 Chalcedonensis

2036 4393 2341 4456 pateretur;
2377 4393 2433 4440 et
2457 4386 2673 4442 litteras
2706 4385 2774 4439 ad
2801 4384 3190 4455 imperatorem
3215 4386 3390 4451 dedit,
3415 4387 3622 4456 quibus

2039 4478 2241 4533 ibidem
2269 4477 2458 4532 haberi
2483 4477 2776 4532 concilium
2813 4475 3104 4547 flagitaret.
3155 4476 3261 4531 Sed
3289 4477 3462 4532 irrita:
3495 4477 3619 4534 foe--

307 4577 612 4634 diaconus
647 4576 880 4630 Romam
903 4575 1086 4630 rediit.
1118 4574 1258 4630 Sunt
1279 4577 1370 4644 qui
1399 4584 1723 4630 revocatum
1768 4591 1800 4630 a
1833 4575 1929 4630 Vi-
1967 4617 2008 4671 Β
2039 4575 2169 4622 runt
2202 4581 2427 4637 preces:
2459 4582 2628 4636 quare
2657 4566 2930 4622 Natalitiis
2960 4565 3115 4621 festis
3152 4569 3410 4636 peractis,
3438 4579 3619 4624 trans-

307 4669 454 4738 gilio
481 4665 754 4728 credant,
779 4672 906 4734 post
929 4665 1173 4719 edictum
1197 4665 1562 4735 publicatum,
1595 4681 1686 4730 ne,
1728 4677 1788 4720 ut
1809 4675 1932 4720 erat

309 4756 622 4826 gratiosus
647 4753 1014 4822 principibus,
1049 4755 1104 4808 in
1127 4769 1320 4811 eorum
1373 4753 1704 4810 sententiam
1735 4771 1932 4811 conce-

309 4847 506 4902 deret.
559 4845 709 4900 Sunt
745 4845 840 4914 qui
870 4845 1167 4915 conjiciant
1197 4861 1228 4900 a
1257 4845 1570 4902 Iustiniano
1610 4848 1926 4910 remissum,

307 4946 376 4992 ut
400 4935 772 5008 periclitanti
811 4935 1000 4990 Romae
1027 4951 1189 5004 opem
1233 4934 1428 5001 ferret,
1457 4935 1604 5006 quod
1635 4946 1691 4992 et
1725 4938 1936 5007 praesti-

315 5029 410 5092 tit,
451 5025 734 5098 pecunia,
765 5041 932 5094 quam
956 5041 1208 5097 magnam
1233 5037 1526 5097 acceperat
1570 5029 1640 5082 ab
1694 5029 1933 5098 impera-

313 5129 470 5182 tore,
527 5130 664 5170 cum
723 5114 1060 5180 discederet,
1117 5115 1184 5170 ad
1235 5115 1525 5172 levandam
1579 5118 1931 5174 obsessorum

313 5208 596 5278 inOpiam
625 5207 848 5262 collata.
882 5205 1068 5278 Longe
1119 5206 1462 5272 credibilius,
1495 5209 1748 5275 rediisse,
1780 5209 1934 5280 prius

313 5315 500 5371 quam
529 5299 788 5354 edictum
818 5299 1090 5354 adversus
1137 5298 1248 5354 tria
1288 5301 1528 5370 capitula
1580 5301 1844 5357 ederetur
1877 5303 1935 5357 in

311 5391 578 5454 lucemrf
605 5390 774 5461 idque
809 5391 1040 5456 factum,
1078 5393 1394 5446 autsummi
1424 5395 1704 5462 pontificis
1741 5395 1933 5459 solius,

313 5491 424 5536 aut
499 5481 690 5535 solius
782 5481 1172 5551 imperatoris,
1226 5491 1321 5536 aut
1373 5485 1666 5552 utriusque
1728 5485 1938 5555 jussio-

309 5589 434 5637 ne,
499 5587 678 5642 quam
743 5571 862 5628 ετιίε
911 5573 1126 5628 artibus
1205 5577 1452 5644 Augusta
1529 5576 1686 5645 231
1760 5575 1938 5630 Theo-

2041 4662 2192 4717 misit
2223 4661 2278 4714 in
2305 4660 2703 4725 continentem,
2744 4659 3002 4730 factoque
3029 4675 3127 4729 per
3153 4660 3432 4716 llelladcm
3453 4670 3622 4732 atque

2039 4753 2317 4826 Illyricum
2351 4753 2570 4817 itinere,
2596 4752 3138 4822 Constantinopolim
3174 4753 3456 4824 ingressus
3512 4762 3616 4820 est,

2042 4845 2132 4900 die
2172 4843 2432 4898 vicesima
2475 4844 2664 4914 quinta
2711 4844 2958 4899 Januarii
2984 4859 3128 4899 anno
3171 4845 3295 4910 547,
3359 4861 3484 4901 cum
3523 4863 3623 4901 ex-

2043 4942 2230 4991 oratus
2255 4934 2446 4992 fuisset
2471 4935 2539 4988 ab
2571 4935 2800 5006 Illyricis
2822 4935 2890 4989 de
2923 4933 3032 4999 via,
3069 4949 3138 4988 ne
3171 4933 3338 4989 trium
3379 4935 3620 5006 capitum

2043 5026 2382 5084 damnationi
2413 5027 2801 5084 assentiretur.

2114 5118 2206 5174 IX.
2235 5119 2305 5175 Ut
2337 5119 2392 5173 in
2421 5119 2564 5174 hanc
2617 5120 2958 5192 Illyricorum
3001 5121 3332 5176 sententiam
3381 5127 3492 5172 tota
3521 5131 3620 5172 vo-

2047 5210 2282 5268 luntatis
2309 5210 2666 5266 inclinatione
2697 5211 3000 5275 ferebatur,
3037 5211 3109 5265 ita
3133 5209 3315 5266 statim
3371 5216 3535 5276 atque
3567 5208 3622 5263 in

2047 5303 2240 5357 urbem
2275 5303 2480 5372 regiam
2514 5302 2685 5367 venit,
2709 5302 2974 5372 judicium
3027 5299 3283 5356 exercuit
3306 5298 3374 5353 de
3403 5297 3620 5365 Menna,

2027 5391 2280 5461 aliisque
2324 5392 2796 5462 subscriptoribus
2823 5391 3100 5461 episcopis
3137 5409 3148 5444 :
3185 5405 3358 5460 quare
3415 5388 3623 5445 factum

2050 5483 2310 5554 Stephani
2329 5484 2668 5555 apocrisiarii
2693 5483 3262 5548 sui,communionem
3282 5481 3444 5552 232
3472 5481 3624 5537 Meu-

2047 5592 2132 5631 na:
2166 5577 2458 5640 exsecrati,
2493 5575 2752 5648 probans,
2779 5575 2930 5632 urbis
2961 5575 3120 5647 regia:
3169 5573 3494 5640 antistitem,
3533 5571 3623 5630 vi-

1712 5737 2030 5795 SCllU-LZII
2071 5735 2300 5794 ΝΟΤᾸΞ.

391 5865 442 5898 ⁸’
481 5869 668 5941 Epist.
709 5871 928 5926 Leonis.
1011 5871 1054 5900 ’⁸⁸
1098 5871 1254 5927 Anno
1283 5873 1406 5940 346,
1447 5873 1549 5929 sub
1580 5871 1814 5930 initium.
