  <div class='ocr_page' id='page_1' title='image "/cluster/home/n/w/nwhite01/storage/ocr_20150623/84:no.5/coo.31924054869858/099.png"; bbox 0 0 4070 6460; ppageno 0'>
   <div class='ocr_carea' id='block_1_1' title="bbox 461 428 563 495">
    <p class='ocr_par' dir='ltr' id='par_1_1' title="bbox 461 428 563 495">
     <span class='ocr_line' id='line_1_1' title="bbox 461 428 563 495; baseline 0.029 -3"><span class='ocrx_word' id='word_1_1' title='bbox 461 428 563 495; x_wconf 69' lang='grc'><strong>183</strong></span> 
     </span>
    </p>
   </div>
   <div class='ocr_carea' id='block_1_2' title="bbox 1589 432 2588 502">
    <p class='ocr_par' dir='ltr' id='par_1_2' title="bbox 1589 432 2588 502">
     <span class='ocr_line' id='line_1_2' title="bbox 1589 432 2588 502; baseline 0.006 -7"><span class='ocrx_word' id='word_1_2' title='bbox 1589 432 1964 496; x_wconf 73' lang='grc' dir='ltr'><strong>ϐᾹΡιΝΕΒΙΙ</strong></span> <span class='ocrx_word' id='word_1_3' title='bbox 2007 434 2499 502; x_wconf 84' lang='lat' dir='ltr'><strong>DISSERTATIO</strong></span> <span class='ocrx_word' id='word_1_4' title='bbox 2538 438 2588 501; x_wconf 87' lang='grc' dir='ltr'><strong>Ι.</strong></span> 
     </span>
    </p>
   </div>
   <div class='ocr_carea' id='block_1_3' title="bbox 3617 435 3719 503">
    <p class='ocr_par' dir='ltr' id='par_1_3' title="bbox 3617 435 3719 503">
     <span class='ocr_line' id='line_1_3' title="bbox 3617 435 3719 503; baseline -0.01 0"><span class='ocrx_word' id='word_1_5' title='bbox 3617 435 3719 503; x_wconf 62' lang='grc'><strong>184</strong></span> 
     </span>
    </p>
   </div>
   <div class='ocr_carea' id='block_1_4' title="bbox 457 543 3716 623">
    <p class='ocr_par' dir='ltr' id='par_1_4' title="bbox 457 543 3716 623">
     <span class='ocr_line' id='line_1_4' title="bbox 457 543 3716 623; baseline 0.002 -22"><span class='ocrx_word' id='word_1_6' title='bbox 457 546 627 601; x_wconf 76' lang='lat' dir='ltr'><strong>dente</strong></span> <span class='ocrx_word' id='word_1_7' title='bbox 655 545 985 615; x_wconf 87' lang='lat' dir='ltr'><strong>imperatore</strong></span> <span class='ocrx_word' id='word_1_8' title='bbox 1030 552 1086 599; x_wconf 89' lang='lat' dir='ltr'><strong>et</strong></span> <span class='ocrx_word' id='word_1_9' title='bbox 1115 543 1486 614; x_wconf 84' lang='lat' dir='ltr'><strong>nequidquam</strong></span> <span class='ocrx_word' id='word_1_10' title='bbox 1517 546 1808 603; x_wconf 76' lang='lat' dir='ltr'><strong>obnitente</strong></span> <span class='ocrx_word' id='word_1_11' title='bbox 1855 546 2037 603; x_wconf 80' lang='lat' dir='ltr'><strong>&#39;I‘beo-</strong></span> <span class='ocrx_word' id='word_1_12' title='bbox 2068 551 2112 609; x_wconf 80' lang='grc' dir='ltr'><strong>Δ</strong></span> <span class='ocrx_word' id='word_1_13' title='bbox 2141 564 2230 607; x_wconf 88' lang='lat' dir='ltr'><strong>sas</strong></span> <span class='ocrx_word' id='word_1_14' title='bbox 2254 560 2315 606; x_wconf 92' lang='lat' dir='ltr'><strong>ut</strong></span> <span class='ocrx_word' id='word_1_15' title='bbox 2340 552 2692 623; x_wconf 79' lang='lat' dir='ltr'><strong>produceret,</strong></span> <span class='ocrx_word' id='word_1_16' title='bbox 2733 550 2907 605; x_wconf 88' lang='lat' dir='ltr'><strong>videri</strong></span> <span class='ocrx_word' id='word_1_17' title='bbox 2960 558 3145 621; x_wconf 85' lang='lat' dir='ltr'><strong>potest</strong></span> <span class='ocrx_word' id='word_1_18' title='bbox 3205 547 3377 607; x_wconf 84' lang='lat' dir='ltr'><strong>libros</strong></span> <span class='ocrx_word' id='word_1_19' title='bbox 3421 550 3716 608; x_wconf 78' lang='lat' dir='ltr'><strong>duodecim</strong></span> 
     </span>
    </p>
   </div>
   <div class='ocr_carea' id='block_1_5' title="bbox 460 632 2039 708">
    <p class='ocr_par' dir='ltr' id='par_1_5' title="bbox 460 632 2039 708">
     <span class='ocr_line' id='line_1_5' title="bbox 460 632 2039 708; baseline 0 -17"><span class='ocrx_word' id='word_1_20' title='bbox 460 635 620 701; x_wconf 89' lang='lat' dir='ltr'><strong>dora,</strong></span> <span class='ocrx_word' id='word_1_21' title='bbox 647 634 820 689; x_wconf 86' lang='lat' dir='ltr'><strong>sacris</strong></span> <span class='ocrx_word' id='word_1_22' title='bbox 866 633 1166 699; x_wconf 89' lang='lat' dir='ltr'><strong>abstinuit;</strong></span> <span class='ocrx_word' id='word_1_23' title='bbox 1223 632 1434 688; x_wconf 86' lang='lat' dir='ltr'><strong>Zoilum</strong></span> <span class='ocrx_word' id='word_1_24' title='bbox 1480 634 1696 708; x_wconf 62' lang='lat' dir='ltr'><strong>Egypti</strong></span> <span class='ocrx_word' id='word_1_25' title='bbox 1728 636 2039 707; x_wconf 74' lang='lat' dir='ltr'><strong>primatem,</strong></span> 
     </span>
    </p>
   </div>
   <div class='ocr_carea' id='block_1_6' title="bbox 452 720 2041 796">
    <p class='ocr_par' dir='ltr' id='par_1_6' title="bbox 452 720 2041 796">
     <span class='ocr_line' id='line_1_6' title="bbox 452 720 2041 796; baseline 0.001 -19"><span class='ocrx_word' id='word_1_26' title='bbox 452 723 618 793; x_wconf 14' lang='lat' dir='ltr'><strong>equod</strong></span> <span class='ocrx_word' id='word_1_27' title='bbox 651 722 1007 794; x_wconf 69' lang='lat' dir='ltr'><strong>approbasset</strong></span> <span class='ocrx_word' id='word_1_28' title='bbox 1055 720 1320 787; x_wconf 89' lang='lat' dir='ltr'><strong>edictum,</strong></span> <span class='ocrx_word' id='word_1_29' title='bbox 1370 724 1608 793; x_wconf 78' lang='lat' dir='ltr'><strong>graviter</strong></span> <span class='ocrx_word' id='word_1_30' title='bbox 1671 724 2041 796; x_wconf 83' lang='lat' dir='ltr'><strong>objurgatum,</strong></span> 
     </span>
    </p>
   </div>
   <div class='ocr_carea' id='block_1_7' title="bbox 462 812 2044 885">
    <p class='ocr_par' dir='ltr' id='par_1_7' title="bbox 462 812 2044 885">
     <span class='ocr_line' id='line_1_7' title="bbox 462 812 2044 885; baseline 0.003 -18"><span class='ocrx_word' id='word_1_31' title='bbox 462 814 531 869; x_wconf 86' lang='lat' dir='ltr'><strong>ad</strong></span> <span class='ocrx_word' id='word_1_32' title='bbox 562 813 939 885; x_wconf 71' lang='lat' dir='ltr'><strong>paenitentiam</strong></span> <span class='ocrx_word' id='word_1_33' title='bbox 972 812 1187 883; x_wconf 81' lang='lat' dir='ltr'><strong>adegit;</strong></span> <span class='ocrx_word' id='word_1_34' title='bbox 1215 812 1504 884; x_wconf 79' lang='lat' dir='ltr'><strong>dignisque</strong></span> <span class='ocrx_word' id='word_1_35' title='bbox 1533 830 1750 869; x_wconf 91' lang='lat' dir='ltr'><strong>summo</strong></span> <span class='ocrx_word' id='word_1_36' title='bbox 1785 815 2044 885; x_wconf 80' lang='lat' dir='ltr'><strong>pontifice</strong></span> 
     </span>
    </p>
   </div>
   <div class='ocr_carea' id='block_1_8' title="bbox 466 904 2044 979">
    <p class='ocr_par' dir='ltr' id='par_1_8' title="bbox 466 904 2044 979">
     <span class='ocr_line' id='line_1_8' title="bbox 466 904 2044 979; baseline 0.001 -17"><span class='ocrx_word' id='word_1_37' title='bbox 466 904 666 962; x_wconf 77' lang='lat' dir='ltr'><strong>studiis</strong></span> <span class='ocrx_word' id='word_1_38' title='bbox 718 919 938 959; x_wconf 86' lang='lat' dir='ltr'><strong>rursum</strong></span> <span class='ocrx_word' id='word_1_39' title='bbox 982 904 1302 967; x_wconf 83' lang='lat' dir='ltr'><strong>contendit,</strong></span> <span class='ocrx_word' id='word_1_40' title='bbox 1346 915 1403 960; x_wconf 85' lang='lat' dir='ltr'><strong>ut</strong></span> <span class='ocrx_word' id='word_1_41' title='bbox 1453 906 1506 960; x_wconf 91' lang='lat' dir='ltr'><strong>in</strong></span> <span class='ocrx_word' id='word_1_42' title='bbox 1563 906 1749 961; x_wconf 83' lang='lat' dir='ltr'><strong>Sicilia</strong></span> <span class='ocrx_word' id='word_1_43' title='bbox 1800 906 2044 979; x_wconf 88' lang='lat' dir='ltr'><strong>synodus</strong></span> 
     </span>
    </p>
   </div>
   <div class='ocr_carea' id='block_1_9' title="bbox 465 995 2042 1067">
    <p class='ocr_par' dir='ltr' id='par_1_9' title="bbox 465 995 2042 1067">
     <span class='ocr_line' id='line_1_9' title="bbox 465 995 2042 1067; baseline 0.002 -17"><span class='ocrx_word' id='word_1_44' title='bbox 465 1006 793 1067; x_wconf 75' lang='lat' dir='ltr'><strong>cogeretur:</strong></span> <span class='ocrx_word' id='word_1_45' title='bbox 833 1011 936 1060; x_wconf 84' lang='lat' dir='ltr'><strong>ne,</strong></span> <span class='ocrx_word' id='word_1_46' title='bbox 1002 995 1149 1067; x_wconf 90' lang='lat' dir='ltr'><strong>quod</strong></span> <span class='ocrx_word' id='word_1_47' title='bbox 1200 997 1381 1065; x_wconf 85' lang='lat' dir='ltr'><strong>reipsa</strong></span> <span class='ocrx_word' id='word_1_48' title='bbox 1426 997 1630 1061; x_wconf 84' lang='lat' dir='ltr'><strong>evenit,</strong></span> <span class='ocrx_word' id='word_1_49' title='bbox 1687 997 2042 1053; x_wconf 74' lang='lat' dir='ltr'><strong>Orientalium</strong></span> 
     </span>
    </p>
   </div>
   <div class='ocr_carea' id='block_1_10' title="bbox 465 1086 2042 1159">
    <p class='ocr_par' dir='ltr' id='par_1_10' title="bbox 465 1086 2042 1159">
     <span class='ocr_line' id='line_1_10' title="bbox 465 1086 2042 1159; baseline 0.002 -16"><span class='ocrx_word' id='word_1_50' title='bbox 465 1086 743 1143; x_wconf 84' lang='lat' dir='ltr'><strong>serviliter</strong></span> <span class='ocrx_word' id='word_1_51' title='bbox 776 1087 1123 1142; x_wconf 70' lang='lat' dir='ltr'><strong>adulantium</strong></span> <span class='ocrx_word' id='word_1_52' title='bbox 1158 1089 1398 1159; x_wconf 82' lang='lat' dir='ltr'><strong>principi</strong></span> <span class='ocrx_word' id='word_1_53' title='bbox 1424 1088 1743 1154; x_wconf 86' lang='lat' dir='ltr'><strong>multitudo,</strong></span> <span class='ocrx_word' id='word_1_54' title='bbox 1770 1088 2042 1146; x_wconf 84' lang='lat' dir='ltr'><strong>Occiden-</strong></span> 
     </span>
    </p>
   </div>
   <div class='ocr_carea' id='block_1_11' title="bbox 465 1175 2042 1248">
    <p class='ocr_par' dir='ltr' id='par_1_11' title="bbox 465 1175 2042 1248">
     <span class='ocr_line' id='line_1_11' title="bbox 465 1175 2042 1248; baseline 0.003 -17"><span class='ocrx_word' id='word_1_55' title='bbox 465 1176 657 1231; x_wconf 87' lang='lat' dir='ltr'><strong>talium</strong></span> <span class='ocrx_word' id='word_1_56' title='bbox 712 1175 895 1230; x_wconf 89' lang='lat' dir='ltr'><strong>eidem</strong></span> <span class='ocrx_word' id='word_1_57' title='bbox 953 1192 1216 1246; x_wconf 86' lang='lat' dir='ltr'><strong>generose</strong></span> <span class='ocrx_word' id='word_1_58' title='bbox 1281 1176 1652 1232; x_wconf 82' lang='lat' dir='ltr'><strong>obnitentium</strong></span> <span class='ocrx_word' id='word_1_59' title='bbox 1714 1180 2042 1248; x_wconf 84' lang='lat' dir='ltr'><strong>paucitatem</strong></span> 
     </span>
    </p>
   </div>
   <div class='ocr_carea' id='block_1_12' title="bbox 463 1267 750 1323">
    <p class='ocr_par' dir='ltr' id='par_1_12' title="bbox 463 1267 750 1323">
     <span class='ocr_line' id='line_1_12' title="bbox 463 1267 750 1323; baseline -0.003 -1"><span class='ocrx_word' id='word_1_60' title='bbox 463 1267 750 1323; x_wconf 89' lang='lat' dir='ltr'><strong>obrueret.</strong></span> 
     </span>
    </p>
   </div>
   <div class='ocr_carea' id='block_1_13' title="bbox 538 1358 2041 1437">
    <p class='ocr_par' dir='ltr' id='par_1_13' title="bbox 538 1358 2041 1437">
     <span class='ocr_line' id='line_1_13' title="bbox 538 1358 2041 1437; baseline 0.005 -22"><span class='ocrx_word' id='word_1_61' title='bbox 538 1358 606 1415; x_wconf 69' lang='grc' dir='ltr'><strong>Χ.</strong></span> <span class='ocrx_word' id='word_1_62' title='bbox 642 1359 836 1415; x_wconf 77' lang='lat' dir='ltr'><strong>Annus</strong></span> <span class='ocrx_word' id='word_1_63' title='bbox 856 1362 1071 1432; x_wconf 88' lang='lat' dir='ltr'><strong>integer</strong></span> <span class='ocrx_word' id='word_1_64' title='bbox 1098 1362 1223 1428; x_wconf 89' lang='lat' dir='ltr'><strong>fuit,</strong></span> <span class='ocrx_word' id='word_1_65' title='bbox 1252 1363 1383 1417; x_wconf 89' lang='lat' dir='ltr'><strong>dum</strong></span> <span class='ocrx_word' id='word_1_66' title='bbox 1416 1366 1622 1419; x_wconf 85' lang='lat' dir='ltr'><strong>mutuis</strong></span> <span class='ocrx_word' id='word_1_67' title='bbox 1657 1366 1761 1420; x_wconf 88' lang='lat' dir='ltr'><strong>hac</strong></span> <span class='ocrx_word' id='word_1_68' title='bbox 1790 1366 1857 1420; x_wconf 88' lang='lat' dir='ltr'><strong>de</strong></span> <span class='ocrx_word' id='word_1_69' title='bbox 1889 1383 2041 1437; x_wconf 66' lang='lat' dir='ltr'><strong>quaa-</strong></span> 
     </span>
    </p>
   </div>
   <div class='ocr_carea' id='block_1_14' title="bbox 464 1452 2039 1527">
    <p class='ocr_par' dir='ltr' id='par_1_14' title="bbox 464 1452 2039 1527">
     <span class='ocr_line' id='line_1_14' title="bbox 464 1452 2039 1527; baseline 0.004 -20"><span class='ocrx_word' id='word_1_70' title='bbox 464 1454 645 1507; x_wconf 85' lang='lat' dir='ltr'><strong>stione</strong></span> <span class='ocrx_word' id='word_1_71' title='bbox 680 1452 977 1510; x_wconf 88' lang='lat' dir='ltr'><strong>dissidiisa</strong></span> <span class='ocrx_word' id='word_1_72' title='bbox 1001 1453 1261 1525; x_wconf 79' lang='lat' dir='ltr'><strong>pontifice</strong></span> <span class='ocrx_word' id='word_1_73' title='bbox 1295 1464 1352 1509; x_wconf 91' lang='lat' dir='ltr'><strong>et</strong></span> <span class='ocrx_word' id='word_1_74' title='bbox 1395 1457 1727 1527; x_wconf 85' lang='lat' dir='ltr'><strong>imperatore</strong></span> <span class='ocrx_word' id='word_1_75' title='bbox 1759 1467 2001 1513; x_wconf 84' lang='lat' dir='ltr'><strong>certatur</strong></span> <span class='ocrx_word' id='word_1_76' title='bbox 2028 1477 2039 1512; x_wconf 94' lang='lat'><strong>:</strong></span> 
     </span>
    </p>
   </div>
   <div class='ocr_carea' id='block_1_15' title="bbox 464 1544 2045 1618">
    <p class='ocr_par' dir='ltr' id='par_1_15' title="bbox 464 1544 2045 1618">
     <span class='ocr_line' id='line_1_15' title="bbox 464 1544 2045 1618; baseline 0.003 -15"><span class='ocrx_word' id='word_1_77' title='bbox 464 1562 577 1616; x_wconf 76' lang='lat' dir='ltr'><strong>quo</strong></span> <span class='ocrx_word' id='word_1_78' title='bbox 608 1555 855 1618; x_wconf 89' lang='lat' dir='ltr'><strong>tempore</strong></span> <span class='ocrx_word' id='word_1_79' title='bbox 881 1544 1195 1614; x_wconf 85' lang='lat' dir='ltr'><strong>Theodora,</strong></span> <span class='ocrx_word' id='word_1_80' title='bbox 1230 1563 1358 1604; x_wconf 90' lang='lat' dir='ltr'><strong>cum</strong></span> <span class='ocrx_word' id='word_1_81' title='bbox 1384 1548 1636 1604; x_wconf 76' lang='lat' dir='ltr'><strong>Mennam</strong></span> <span class='ocrx_word' id='word_1_82' title='bbox 1669 1551 1886 1606; x_wconf 88' lang='lat' dir='ltr'><strong>videret</strong></span> <span class='ocrx_word' id='word_1_83' title='bbox 1904 1552 2045 1608; x_wconf 88' lang='lat' dir='ltr'><strong>male</strong></span> 
     </span>
    </p>
   </div>
   <div class='ocr_carea' id='block_1_16' title="bbox 465 1640 2046 1712">
    <p class='ocr_par' dir='ltr' id='par_1_16' title="bbox 465 1640 2046 1712">
     <span class='ocr_line' id='line_1_16' title="bbox 465 1640 2046 1712; baseline 0.003 -16"><span class='ocrx_word' id='word_1_84' title='bbox 465 1650 755 1711; x_wconf 88' lang='lat' dir='ltr'><strong>acceptum</strong></span> <span class='ocrx_word' id='word_1_85' title='bbox 797 1656 827 1695; x_wconf 93' lang='lat' dir='ltr'><strong>a</strong></span> <span class='ocrx_word' id='word_1_86' title='bbox 861 1640 1090 1712; x_wconf 75' lang='lat' dir='ltr'><strong>Vigilio,</strong></span> <span class='ocrx_word' id='word_1_87' title='bbox 1147 1641 1215 1697; x_wconf 88' lang='lat' dir='ltr'><strong>de</strong></span> <span class='ocrx_word' id='word_1_88' title='bbox 1271 1643 1535 1698; x_wconf 78' lang='lat' dir='ltr'><strong>Anthimo</strong></span> <span class='ocrx_word' id='word_1_89' title='bbox 1584 1660 1687 1699; x_wconf 89' lang='lat' dir='ltr'><strong>suo</strong></span> <span class='ocrx_word' id='word_1_90' title='bbox 1738 1645 2046 1702; x_wconf 82' lang='lat' dir='ltr'><strong>revocando</strong></span> 
     </span>
    </p>
   </div>
   <div class='ocr_carea' id='block_1_17' title="bbox 467 1730 2044 1806">
    <p class='ocr_par' dir='ltr' id='par_1_17' title="bbox 467 1730 2044 1806">
     <span class='ocr_line' id='line_1_17' title="bbox 467 1730 2044 1806; baseline 0.004 -21"><span class='ocrx_word' id='word_1_91' title='bbox 467 1730 747 1802; x_wconf 84' lang='lat' dir='ltr'><strong>cogitavit.</strong></span> <span class='ocrx_word' id='word_1_92' title='bbox 786 1730 1046 1801; x_wconf 77' lang='lat' dir='ltr'><strong>Vigilium</strong></span> <span class='ocrx_word' id='word_1_93' title='bbox 1073 1745 1207 1801; x_wconf 87' lang='lat' dir='ltr'><strong>ergo</strong></span> <span class='ocrx_word' id='word_1_94' title='bbox 1227 1731 1566 1804; x_wconf 75' lang='lat' dir='ltr'><strong>aggreditur,</strong></span> <span class='ocrx_word' id='word_1_95' title='bbox 1591 1736 1606 1754; x_wconf 90' lang='lat'><strong><em>‘</em></strong></span> <span class='ocrx_word' id='word_1_96' title='bbox 1641 1750 1748 1805; x_wconf 89' lang='lat' dir='ltr'><strong>qua</strong></span> <span class='ocrx_word' id='word_1_97' title='bbox 1775 1748 1930 1805; x_wconf 86' lang='lat' dir='ltr'><strong>parte</strong></span> <span class='ocrx_word' id='word_1_98' title='bbox 1943 1751 2044 1806; x_wconf 92' lang='lat' dir='ltr'><strong>po-</strong></span> 
     </span>
    </p>
   </div>
   <div class='ocr_carea' id='block_1_18' title="bbox 468 1822 2042 1893">
    <p class='ocr_par' dir='ltr' id='par_1_18' title="bbox 468 1822 2042 1893">
     <span class='ocr_line' id='line_1_18' title="bbox 468 1822 2042 1893; baseline 0.003 -16"><span class='ocrx_word' id='word_1_99' title='bbox 468 1830 629 1888; x_wconf 80' lang='lat' dir='ltr'><strong>terat,</strong></span> <span class='ocrx_word' id='word_1_100' title='bbox 659 1822 936 1892; x_wconf 82' lang='lat' dir='ltr'><strong>precibus,</strong></span> <span class='ocrx_word' id='word_1_101' title='bbox 967 1823 1278 1892; x_wconf 78' lang='lat' dir='ltr'><strong>promissis,</strong></span> <span class='ocrx_word' id='word_1_102' title='bbox 1313 1834 1368 1879; x_wconf 91' lang='lat' dir='ltr'><strong>et</strong></span> <span class='ocrx_word' id='word_1_103' title='bbox 1395 1824 1588 1893; x_wconf 87' lang='lat' dir='ltr'><strong>minis;</strong></span> <span class='ocrx_word' id='word_1_104' title='bbox 1625 1827 1719 1881; x_wconf 87' lang='lat' dir='ltr'><strong>sed</strong></span> <span class='ocrx_word' id='word_1_105' title='bbox 1746 1828 2042 1893; x_wconf 82' lang='lat' dir='ltr'><strong>incassum,</strong></span> 
     </span>
    </p>
   </div>
   <div class='ocr_carea' id='block_1_19' title="bbox 2144 639 3719 711">
    <p class='ocr_par' dir='ltr' id='par_1_19' title="bbox 2144 639 3719 711">
     <span class='ocr_line' id='line_1_19' title="bbox 2144 639 3719 711; baseline 0.003 -17"><span class='ocrx_word' id='word_1_106' title='bbox 2144 639 2413 696; x_wconf 89' lang='lat' dir='ltr'><strong>adversus</strong></span> <span class='ocrx_word' id='word_1_107' title='bbox 2456 640 2756 696; x_wconf 71' lang='lat' dir='ltr'><strong>Iustiniani</strong></span> <span class='ocrx_word' id='word_1_108' title='bbox 2798 639 3042 696; x_wconf 89' lang='lat' dir='ltr'><strong>edictum</strong></span> <span class='ocrx_word' id='word_1_109' title='bbox 3090 639 3401 711; x_wconf 84' lang='lat' dir='ltr'><strong>scripsisse.</strong></span> <span class='ocrx_word' id='word_1_110' title='bbox 3443 640 3556 697; x_wconf 81' lang='lat' dir='ltr'><strong>Bos</strong></span> <span class='ocrx_word' id='word_1_111' title='bbox 3587 656 3719 699; x_wconf 90' lang='lat' dir='ltr'><strong>vero</strong></span> 
     </span>
    </p>
   </div>
   <div class='ocr_carea' id='block_1_20' title="bbox 2144 732 3722 803">
    <p class='ocr_par' dir='ltr' id='par_1_20' title="bbox 2144 732 3722 803">
     <span class='ocr_line' id='line_1_20' title="bbox 2144 732 3722 803; baseline 0.002 -17"><span class='ocrx_word' id='word_1_112' title='bbox 2144 746 2285 802; x_wconf 91' lang='lat' dir='ltr'><strong>pene</strong></span> <span class='ocrx_word' id='word_1_113' title='bbox 2308 740 2441 788; x_wconf 91' lang='lat' dir='ltr'><strong>tunc</strong></span> <span class='ocrx_word' id='word_1_114' title='bbox 2466 732 2799 798; x_wconf 81' lang='lat' dir='ltr'><strong>absolverat,</strong></span> <span class='ocrx_word' id='word_1_115' title='bbox 2825 747 2936 803; x_wconf 92' lang='lat' dir='ltr'><strong>quo</strong></span> <span class='ocrx_word' id='word_1_116' title='bbox 2988 741 3234 802; x_wconf 90' lang='lat' dir='ltr'><strong>tempore</strong></span> <span class='ocrx_word' id='word_1_117' title='bbox 3263 732 3495 803; x_wconf 74' lang='lat' dir='ltr'><strong>Vigilius</strong></span> <span class='ocrx_word' id='word_1_118' title='bbox 3538 734 3722 789; x_wconf 75' lang='lat' dir='ltr'><strong>conci-</strong></span> 
     </span>
    </p>
   </div>
   <div class='ocr_carea' id='block_1_21' title="bbox 2143 822 2592 879">
    <p class='ocr_par' dir='ltr' id='par_1_21' title="bbox 2143 822 2592 879">
     <span class='ocr_line' id='line_1_21' title="bbox 2143 822 2592 879; baseline 0.007 -4"><span class='ocrx_word' id='word_1_119' title='bbox 2143 822 2277 877; x_wconf 86' lang='lat' dir='ltr'><strong>lium</strong></span> <span class='ocrx_word' id='word_1_120' title='bbox 2296 823 2592 879; x_wconf 79' lang='lat' dir='ltr'><strong>contraxit.</strong></span> 
     </span>
    </p>
   </div>
   <div class='ocr_carea' id='block_1_22' title="bbox 2218 912 3722 985">
    <p class='ocr_par' dir='ltr' id='par_1_22' title="bbox 2218 912 3722 985">
     <span class='ocr_line' id='line_1_22' title="bbox 2218 912 3722 985; baseline 0.003 -18"><span class='ocrx_word' id='word_1_121' title='bbox 2218 913 2472 970; x_wconf 70' lang='lat' dir='ltr'><strong>Actiones</strong></span> <span class='ocrx_word' id='word_1_122' title='bbox 2493 915 2713 970; x_wconf 89' lang='lat' dir='ltr'><strong>concilii</strong></span> <span class='ocrx_word' id='word_1_123' title='bbox 2750 915 2933 985; x_wconf 89' lang='lat' dir='ltr'><strong>plures</strong></span> <span class='ocrx_word' id='word_1_124' title='bbox 2963 912 3262 980; x_wconf 76' lang='lat' dir='ltr'><strong>exstitisse,</strong></span> <span class='ocrx_word' id='word_1_125' title='bbox 3301 930 3368 969; x_wconf 81' lang='lat' dir='ltr'><strong>ex</strong></span> <span class='ocrx_word' id='word_1_126' title='bbox 3405 928 3474 969; x_wconf 90' lang='lat' dir='ltr'><strong>eo</strong></span> <span class='ocrx_word' id='word_1_127' title='bbox 3507 925 3722 972; x_wconf 80' lang='lat' dir='ltr'><strong>constat</strong></span> 
     </span>
    </p>
   </div>
   <div class='ocr_carea' id='block_1_23' title="bbox 2143 1005 3724 1077">
    <p class='ocr_par' dir='ltr' id='par_1_23' title="bbox 2143 1005 3724 1077">
     <span class='ocr_line' id='line_1_23' title="bbox 2143 1005 3724 1077; baseline 0.002 -18"><span class='ocrx_word' id='word_1_128' title='bbox 2143 1005 2293 1075; x_wconf 91' lang='lat' dir='ltr'><strong>quod</strong></span> <span class='ocrx_word' id='word_1_129' title='bbox 2319 1021 2377 1061; x_wconf 90' lang='lat' dir='ltr'><strong>se</strong></span> <span class='ocrx_word' id='word_1_130' title='bbox 2427 1007 2484 1060; x_wconf 90' lang='lat' dir='ltr'><strong>in</strong></span> <span class='ocrx_word' id='word_1_131' title='bbox 2514 1006 2678 1062; x_wconf 89' lang='lat' dir='ltr'><strong>tertia</strong></span> <span class='ocrx_word' id='word_1_132' title='bbox 2704 1005 2998 1062; x_wconf 84' lang='lat' dir='ltr'><strong>Facundus</strong></span> <span class='ocrx_word' id='word_1_133' title='bbox 3016 1013 3206 1060; x_wconf 89' lang='lat' dir='ltr'><strong>narret</strong></span> <span class='ocrx_word' id='word_1_134' title='bbox 3230 1021 3334 1076; x_wconf 90' lang='lat' dir='ltr'><strong>pro</strong></span> <span class='ocrx_word' id='word_1_135' title='bbox 3354 1006 3464 1061; x_wconf 71' lang='lat' dir='ltr'><strong>Iba:</strong></span> <span class='ocrx_word' id='word_1_136' title='bbox 3488 1006 3724 1077; x_wconf 86' lang='lat' dir='ltr'><strong>cpistola</strong></span> 
     </span>
    </p>
   </div>
   <div class='ocr_carea' id='block_1_24' title="bbox 2145 1095 3723 1171">
    <p class='ocr_par' dir='ltr' id='par_1_24' title="bbox 2145 1095 3723 1171">
     <span class='ocr_line' id='line_1_24' title="bbox 2145 1095 3723 1171; baseline 0.003 -20"><span class='ocrx_word' id='word_1_137' title='bbox 2145 1095 2290 1168; x_wconf 89' lang='lat' dir='ltr'><strong>apud</strong></span> <span class='ocrx_word' id='word_1_138' title='bbox 2312 1097 2572 1171; x_wconf 79' lang='lat' dir='ltr'><strong>Vigilium</strong></span> <span class='ocrx_word' id='word_1_139' title='bbox 2598 1098 2914 1154; x_wconf 86' lang='lat' dir='ltr'><strong>vehementi</strong></span> <span class='ocrx_word' id='word_1_140' title='bbox 2938 1099 3186 1154; x_wconf 89' lang='lat' dir='ltr'><strong>oratione</strong></span> <span class='ocrx_word' id='word_1_141' title='bbox 3213 1098 3419 1154; x_wconf 80' lang='lat' dir='ltr'><strong>dixisse</strong></span> <span class='ocrx_word' id='word_1_142' title='bbox 3445 1116 3458 1153; x_wconf 94' lang='lat'><strong>:</strong></span> <span class='ocrx_word' id='word_1_143' title='bbox 3487 1120 3505 1150; x_wconf 69' lang='grc'><strong><em>4</em></strong></span> <span class='ocrx_word' id='word_1_144' title='bbox 3533 1100 3666 1154; x_wconf 88' lang='lat' dir='ltr'><strong>Peto</strong></span> <span class='ocrx_word' id='word_1_145' title='bbox 3690 1117 3723 1156; x_wconf 91' lang='lat' dir='ltr'><strong>a</strong></span> 
     </span>
    </p>
   </div>
   <div class='ocr_carea' id='block_1_25' title="bbox 2140 1179 3724 1261">
    <p class='ocr_par' dir='ltr' id='par_1_25' title="bbox 2140 1179 3724 1261">
     <span class='ocr_line' id='line_1_25' title="bbox 2140 1179 3724 1261; baseline 0.002 -21"><span class='ocrx_word' id='word_1_146' title='bbox 2140 1188 2355 1259; x_wconf 85' lang='lat' dir='ltr'><strong>justitia</strong></span> <span class='ocrx_word' id='word_1_147' title='bbox 2375 1197 2578 1254; x_wconf 90' lang='lat' dir='ltr'><strong>vestra,</strong></span> <span class='ocrx_word' id='word_1_148' title='bbox 2610 1196 2801 1244; x_wconf 85' lang='lat' dir='ltr'><strong>utrum</strong></span> <span class='ocrx_word' id='word_1_149' title='bbox 2838 1197 3095 1260; x_wconf 87' lang='lat' dir='ltr'><strong>suscepta</strong></span> <span class='ocrx_word' id='word_1_150' title='bbox 3136 1189 3208 1244; x_wconf 86' lang='lat' dir='ltr'><strong>sit</strong></span> <span class='ocrx_word' id='word_1_151' title='bbox 3241 1204 3272 1244; x_wconf 92' lang='lat' dir='ltr'><strong>a</strong></span> <span class='ocrx_word' id='word_1_152' title='bbox 3326 1179 3536 1261; x_wconf 82' lang='lat' dir='ltr'><strong>synodo</strong></span> <span class='ocrx_word' id='word_1_153' title='bbox 3560 1188 3724 1245; x_wconf 85' lang='lat' dir='ltr'><strong>Chal-</strong></span> 
     </span>
    </p>
   </div>
   <div class='ocr_carea' id='block_1_26' title="bbox 2145 1279 3724 1351">
    <p class='ocr_par' dir='ltr' id='par_1_26' title="bbox 2145 1279 3724 1351">
     <span class='ocr_line' id='line_1_26' title="bbox 2145 1279 3724 1351; baseline 0.001 -18"><span class='ocrx_word' id='word_1_154' title='bbox 2145 1279 2441 1335; x_wconf 85' lang='lat' dir='ltr'><strong>cedonensi</strong></span> <span class='ocrx_word' id='word_1_155' title='bbox 2463 1280 2696 1349; x_wconf 87' lang='lat' dir='ltr'><strong>epistola</strong></span> <span class='ocrx_word' id='word_1_156' title='bbox 2724 1280 2851 1347; x_wconf 66' lang='lat' dir='ltr'><strong>lbaa,</strong></span> <span class='ocrx_word' id='word_1_157' title='bbox 2884 1296 3009 1351; x_wconf 68' lang='lat' dir='ltr'><strong>qua:</strong></span> <span class='ocrx_word' id='word_1_158' title='bbox 3035 1281 3187 1336; x_wconf 88' lang='lat' dir='ltr'><strong>velut</strong></span> <span class='ocrx_word' id='word_1_159' title='bbox 3206 1281 3542 1337; x_wconf 67' lang='lat' dir='ltr'><strong>‘Ncstoriana</strong></span> <span class='ocrx_word' id='word_1_160' title='bbox 3566 1280 3724 1335; x_wconf 86' lang='lat' dir='ltr'><strong>dam-</strong></span> 
     </span>
    </p>
   </div>
   <div class='ocr_carea' id='block_1_27' title="bbox 2144 1370 3729 1442">
    <p class='ocr_par' dir='ltr' id='par_1_27' title="bbox 2144 1370 3729 1442">
     <span class='ocr_line' id='line_1_27' title="bbox 2144 1370 3729 1442; baseline 0.002 -18"><span class='ocrx_word' id='word_1_161' title='bbox 2144 1379 2273 1425; x_wconf 90' lang='lat' dir='ltr'><strong>nata</strong></span> <span class='ocrx_word' id='word_1_162' title='bbox 2298 1380 2402 1437; x_wconf 89' lang='lat' dir='ltr'><strong>est,</strong></span> <span class='ocrx_word' id='word_1_163' title='bbox 2434 1380 2495 1425; x_wconf 90' lang='lat' dir='ltr'><strong>ut</strong></span> <span class='ocrx_word' id='word_1_164' title='bbox 2521 1370 2851 1442; x_wconf 89' lang='lat' dir='ltr'><strong>inquiratis;</strong></span> <span class='ocrx_word' id='word_1_165' title='bbox 2882 1372 3091 1427; x_wconf 89' lang='lat' dir='ltr'><strong>et‘dum</strong></span> <span class='ocrx_word' id='word_1_166' title='bbox 3137 1372 3449 1429; x_wconf 89' lang='lat' dir='ltr'><strong>constiterit</strong></span> <span class='ocrx_word' id='word_1_167' title='bbox 3487 1387 3599 1427; x_wconf 89' lang='lat' dir='ltr'><strong>non</strong></span> <span class='ocrx_word' id='word_1_168' title='bbox 3625 1372 3729 1427; x_wconf 85' lang='lat' dir='ltr'><strong>ob-</strong></span> 
     </span>
    </p>
   </div>
   <div class='ocr_carea' id='block_1_28' title="bbox 2145 1450 3728 1536">
    <p class='ocr_par' dir='ltr' id='par_1_28' title="bbox 2145 1450 3728 1536">
     <span class='ocr_line' id='line_1_28' title="bbox 2145 1450 3728 1536; baseline -0.001 -18"><span class='ocrx_word' id='word_1_169' title='bbox 2145 1479 2265 1519; x_wconf 88' lang='lat' dir='ltr'><strong>esse</strong></span> <span class='ocrx_word' id='word_1_170' title='bbox 2295 1464 2524 1536; x_wconf 82' lang='lat' dir='ltr'><strong>synodo,</strong></span> <span class='ocrx_word' id='word_1_171' title='bbox 2546 1463 2694 1535; x_wconf 91' lang='lat' dir='ltr'><strong>quod</strong></span> <span class='ocrx_word' id='word_1_172' title='bbox 2726 1479 2854 1534; x_wconf 91' lang='lat' dir='ltr'><strong>pars</strong></span> <span class='ocrx_word' id='word_1_173' title='bbox 2902 1450 3132 1520; x_wconf 82' lang='lat' dir='ltr'><strong>adversa</strong></span> <span class='ocrx_word' id='word_1_174' title='bbox 3161 1464 3230 1520; x_wconf 94' lang='lat' dir='ltr'><strong>de</strong></span> <span class='ocrx_word' id='word_1_175' title='bbox 3269 1463 3551 1519; x_wconf 82' lang='lat' dir='ltr'><strong>Theodori</strong></span> <span class='ocrx_word' id='word_1_176' title='bbox 3594 1478 3728 1534; x_wconf 87' lang='lat' dir='ltr'><strong>per-</strong></span> 
     </span>
    </p>
   </div>
   <div class='ocr_carea' id='block_1_29' title="bbox 2146 1555 3727 1627">
    <p class='ocr_par' dir='ltr' id='par_1_29' title="bbox 2146 1555 3727 1627">
     <span class='ocr_line' id='line_1_29' title="bbox 2146 1555 3727 1627; baseline -0.001 -17"><span class='ocrx_word' id='word_1_177' title='bbox 2146 1571 2283 1610; x_wconf 87' lang='lat' dir='ltr'><strong>sona</strong></span> <span class='ocrx_word' id='word_1_178' title='bbox 2305 1556 2584 1627; x_wconf 89' lang='lat' dir='ltr'><strong>proponit,</strong></span> <span class='ocrx_word' id='word_1_179' title='bbox 2620 1556 2699 1611; x_wconf 89' lang='lat' dir='ltr'><strong>sie</strong></span> <span class='ocrx_word' id='word_1_180' title='bbox 2720 1572 2783 1611; x_wconf 89' lang='lat' dir='ltr'><strong>ca</strong></span> <span class='ocrx_word' id='word_1_181' title='bbox 2842 1572 2963 1626; x_wconf 70' lang='lat' dir='ltr'><strong>qum</strong></span> <span class='ocrx_word' id='word_1_182' title='bbox 2988 1555 3225 1626; x_wconf 82' lang='lat' dir='ltr'><strong>proferri</strong></span> <span class='ocrx_word' id='word_1_183' title='bbox 3281 1556 3493 1621; x_wconf 61' lang='lat' dir='ltr'><strong>volunt,</strong></span> <span class='ocrx_word' id='word_1_184' title='bbox 3554 1555 3727 1626; x_wconf 80' lang='lat' dir='ltr'><strong>relegi</strong></span> 
     </span>
    </p>
   </div>
   <div class='ocr_carea' id='block_1_30' title="bbox 2146 1646 3727 1719">
    <p class='ocr_par' dir='ltr' id='par_1_30' title="bbox 2146 1646 3727 1719">
     <span class='ocr_line' id='line_1_30' title="bbox 2146 1646 3727 1719; baseline -0.001 -16"><span class='ocrx_word' id='word_1_185' title='bbox 2146 1649 2500 1719; x_wconf 73' lang='lat' dir='ltr'><strong>permittatis,</strong></span> <span class='ocrx_word' id='word_1_186' title='bbox 2538 1663 2611 1702; x_wconf 90' lang='lat' dir='ltr'><strong>ne</strong></span> <span class='ocrx_word' id='word_1_187' title='bbox 2628 1647 2769 1702; x_wconf 90' lang='lat' dir='ltr'><strong>forte</strong></span> <span class='ocrx_word' id='word_1_188' title='bbox 2806 1663 2931 1716; x_wconf 63' lang='lat' dir='ltr'><strong>qum</strong></span> <span class='ocrx_word' id='word_1_189' title='bbox 2961 1657 3221 1716; x_wconf 78' lang='lat' dir='ltr'><strong>aguntur,</strong></span> <span class='ocrx_word' id='word_1_190' title='bbox 3256 1647 3325 1701; x_wconf 88' lang='lat' dir='ltr'><strong>ad</strong></span> <span class='ocrx_word' id='word_1_191' title='bbox 3372 1646 3727 1702; x_wconf 88' lang='lat' dir='ltr'><strong>retractatio-</strong></span> 
     </span>
    </p>
   </div>
   <div class='ocr_carea' id='block_1_31' title="bbox 2148 1735 3732 1809">
    <p class='ocr_par' dir='ltr' id='par_1_31' title="bbox 2148 1735 3732 1809">
     <span class='ocr_line' id='line_1_31' title="bbox 2148 1735 3732 1809; baseline -0.003 -15"><span class='ocrx_word' id='word_1_192' title='bbox 2148 1754 2273 1794; x_wconf 83' lang='lat' dir='ltr'><strong>nem</strong></span> <span class='ocrx_word' id='word_1_193' title='bbox 2329 1738 2622 1794; x_wconf 89' lang='lat' dir='ltr'><strong>videantur</strong></span> <span class='ocrx_word' id='word_1_194' title='bbox 2661 1749 2980 1793; x_wconf 77' lang='lat' dir='ltr'><strong>memoratze</strong></span> <span class='ocrx_word' id='word_1_195' title='bbox 3027 1737 3223 1809; x_wconf 75' lang='lat' dir='ltr'><strong>synodi</strong></span> <span class='ocrx_word' id='word_1_196' title='bbox 3271 1737 3576 1808; x_wconf 86' lang='lat' dir='ltr'><strong>pertinere.</strong></span> <span class='ocrx_word' id='word_1_197' title='bbox 3610 1735 3732 1807; x_wconf 78' lang='lat' dir='ltr'><strong>Ego</strong></span> 
     </span>
    </p>
   </div>
   <div class='ocr_carea' id='block_1_32' title="bbox 2148 1831 3731 1902">
    <p class='ocr_par' dir='ltr' id='par_1_32' title="bbox 2148 1831 3731 1902">
     <span class='ocr_line' id='line_1_32' title="bbox 2148 1831 3731 1902; baseline -0.004 -13"><span class='ocrx_word' id='word_1_198' title='bbox 2148 1833 2296 1889; x_wconf 89' lang='lat' dir='ltr'><strong>enim</strong></span> <span class='ocrx_word' id='word_1_199' title='bbox 2326 1831 2499 1887; x_wconf 87' lang='lat' dir='ltr'><strong>fateor</strong></span> <span class='ocrx_word' id='word_1_200' title='bbox 2518 1831 2843 1902; x_wconf 88' lang='lat' dir='ltr'><strong>simpliciter</strong></span> <span class='ocrx_word' id='word_1_201' title='bbox 2869 1831 3202 1886; x_wconf 87' lang='lat' dir='ltr'><strong>beatitudini</strong></span> <span class='ocrx_word' id='word_1_202' title='bbox 3219 1839 3438 1894; x_wconf 65' lang='lat' dir='ltr'><strong>vestrm,</strong></span> <span class='ocrx_word' id='word_1_203' title='bbox 3468 1845 3578 1884; x_wconf 90' lang='lat' dir='ltr'><strong>non</strong></span> <span class='ocrx_word' id='word_1_204' title='bbox 3626 1844 3731 1899; x_wconf 85' lang='lat' dir='ltr'><strong>pro</strong></span> 
     </span>
    </p>
   </div>
   <div class='ocr_carea' id='block_1_33' title="bbox 467 1915 3736 1994">
    <p class='ocr_par' dir='ltr' id='par_1_33' title="bbox 467 1915 3736 1994">
     <span class='ocr_line' id='line_1_33' title="bbox 467 1915 3736 1994; baseline 0.002 -24"><span class='ocrx_word' id='word_1_205' title='bbox 467 1915 738 1985; x_wconf 86' lang='lat' dir='ltr'><strong>siquidem</strong></span> <span class='ocrx_word' id='word_1_206' title='bbox 774 1915 914 1970; x_wconf 89' lang='lat' dir='ltr'><strong>mori</strong></span> <span class='ocrx_word' id='word_1_207' title='bbox 941 1930 1106 1986; x_wconf 88' lang='lat' dir='ltr'><strong>quam</strong></span> <span class='ocrx_word' id='word_1_208' title='bbox 1140 1916 1371 1986; x_wconf 84' lang='lat' dir='ltr'><strong>obsequi</strong></span> <span class='ocrx_word' id='word_1_209' title='bbox 1399 1918 1637 1974; x_wconf 86' lang='lat' dir='ltr'><strong>malebat</strong></span> <span class='ocrx_word' id='word_1_210' title='bbox 1667 1921 1940 1990; x_wconf 82' lang='lat' dir='ltr'><strong>pontifex,</strong></span> <span class='ocrx_word' id='word_1_211' title='bbox 1972 1921 2046 1976; x_wconf 90' lang='lat' dir='ltr'><strong>ita</strong></span> <span class='ocrx_word' id='word_1_212' title='bbox 2077 1915 2124 1972; x_wconf 83' lang='grc' dir='ltr'><strong>Β</strong></span> <span class='ocrx_word' id='word_1_213' title='bbox 2153 1923 2427 1979; x_wconf 89' lang='lat' dir='ltr'><strong>Theodori</strong></span> <span class='ocrx_word' id='word_1_214' title='bbox 2477 1923 2846 1994; x_wconf 80' lang='lat' dir='ltr'><strong>Mopsuesteni</strong></span> <span class='ocrx_word' id='word_1_215' title='bbox 2906 1921 3261 1978; x_wconf 80' lang='lat' dir='ltr'><strong>damnatione</strong></span> <span class='ocrx_word' id='word_1_216' title='bbox 3310 1938 3399 1977; x_wconf 89' lang='lat' dir='ltr'><strong>me</strong></span> <span class='ocrx_word' id='word_1_217' title='bbox 3436 1938 3467 1977; x_wconf 92' lang='lat' dir='ltr'><strong>a</strong></span> <span class='ocrx_word' id='word_1_218' title='bbox 3508 1930 3736 1977; x_wconf 86' lang='lat' dir='ltr'><strong>contra-</strong></span> 
     </span>
    </p>
   </div>
   <div class='ocr_carea' id='block_1_34' title="bbox 466 2005 2047 2081">
    <p class='ocr_par' dir='ltr' id='par_1_34' title="bbox 466 2005 2047 2081">
     <span class='ocr_line' id='line_1_34' title="bbox 466 2005 2047 2081; baseline 0.006 -22"><span class='ocrx_word' id='word_1_219' title='bbox 466 2005 784 2076; x_wconf 84' lang='lat' dir='ltr'><strong>apostolicis</strong></span> <span class='ocrx_word' id='word_1_220' title='bbox 807 2006 1005 2077; x_wconf 92' lang='lat' dir='ltr'><strong>plenus</strong></span> <span class='ocrx_word' id='word_1_221' title='bbox 1037 2016 1157 2062; x_wconf 90' lang='lat' dir='ltr'><strong>erat</strong></span> <span class='ocrx_word' id='word_1_222' title='bbox 1205 2009 1406 2063; x_wconf 90' lang='lat' dir='ltr'><strong>animis</strong></span> <span class='ocrx_word' id='word_1_223' title='bbox 1440 2028 1453 2062; x_wconf 92' lang='lat'><strong>:</strong></span> <span class='ocrx_word' id='word_1_224' title='bbox 1484 2020 1670 2081; x_wconf 89' lang='lat' dir='ltr'><strong>atque,</strong></span> <span class='ocrx_word' id='word_1_225' title='bbox 1714 2020 1774 2065; x_wconf 90' lang='lat' dir='ltr'><strong>ut</strong></span> <span class='ocrx_word' id='word_1_226' title='bbox 1827 2028 2047 2069; x_wconf 90' lang='lat' dir='ltr'><strong>omnem</strong></span> 
     </span>
    </p>
   </div>
   <div class='ocr_carea' id='block_1_35' title="bbox 466 2099 2047 2174">
    <p class='ocr_par' dir='ltr' id='par_1_35' title="bbox 466 2099 2047 2174">
     <span class='ocr_line' id='line_1_35' title="bbox 466 2099 2047 2174; baseline 0.006 -20"><span class='ocrx_word' id='word_1_227' title='bbox 466 2099 724 2170; x_wconf 70' lang='lat' dir='ltr'><strong>Augusta:</strong></span> <span class='ocrx_word' id='word_1_228' title='bbox 752 2114 906 2170; x_wconf 88' lang='lat' dir='ltr'><strong>spem</strong></span> <span class='ocrx_word' id='word_1_229' title='bbox 940 2099 1232 2166; x_wconf 89' lang='lat' dir='ltr'><strong>adimeret,</strong></span> <span class='ocrx_word' id='word_1_230' title='bbox 1266 2101 1519 2156; x_wconf 82' lang='lat' dir='ltr'><strong>Mennam</strong></span> <span class='ocrx_word' id='word_1_231' title='bbox 1572 2104 1629 2158; x_wconf 88' lang='lat' dir='ltr'><strong>in</strong></span> <span class='ocrx_word' id='word_1_232' title='bbox 1683 2106 1913 2174; x_wconf 75' lang='lat' dir='ltr'><strong>gratiam</strong></span> <span class='ocrx_word' id='word_1_233' title='bbox 1958 2124 2047 2164; x_wconf 89' lang='lat' dir='ltr'><strong>re-</strong></span> 
     </span>
    </p>
   </div>
   <div class='ocr_carea' id='block_1_36' title="bbox 466 2192 2044 2271">
    <p class='ocr_par' dir='ltr' id='par_1_36' title="bbox 466 2192 2044 2271">
     <span class='ocr_line' id='line_1_36' title="bbox 466 2192 2044 2271; baseline 0.006 -26"><span class='ocrx_word' id='word_1_234' title='bbox 466 2198 688 2262; x_wconf 90' lang='lat' dir='ltr'><strong>ceptum</strong></span> <span class='ocrx_word' id='word_1_235' title='bbox 713 2192 1011 2248; x_wconf 84' lang='lat' dir='ltr'><strong>interdicto</strong></span> <span class='ocrx_word' id='word_1_236' title='bbox 1041 2193 1225 2259; x_wconf 87' lang='lat' dir='ltr'><strong>solvit,</strong></span> <span class='ocrx_word' id='word_1_237' title='bbox 1252 2204 1309 2249; x_wconf 91' lang='lat' dir='ltr'><strong>et</strong></span> <span class='ocrx_word' id='word_1_238' title='bbox 1335 2192 1403 2249; x_wconf 89' lang='lat' dir='ltr'><strong>ab</strong></span> <span class='ocrx_word' id='word_1_239' title='bbox 1432 2210 1500 2250; x_wconf 92' lang='lat' dir='ltr'><strong>eo</strong></span> <span class='ocrx_word' id='word_1_240' title='bbox 1535 2196 1778 2253; x_wconf 83' lang='lat' dir='ltr'><strong>vicissim</strong></span> <span class='ocrx_word' id='word_1_241' title='bbox 1812 2201 2044 2271; x_wconf 89' lang='lat' dir='ltr'><strong>accepit,</strong></span> 
     </span>
    </p>
   </div>
   <div class='ocr_carea' id='block_1_37' title="bbox 467 2284 2047 2356">
    <p class='ocr_par' dir='ltr' id='par_1_37' title="bbox 467 2284 2047 2356">
     <span class='ocr_line' id='line_1_37' title="bbox 467 2284 2047 2356; baseline 0.006 -18"><span class='ocrx_word' id='word_1_242' title='bbox 467 2284 608 2354; x_wconf 80' lang='lat' dir='ltr'><strong>grati</strong></span> <span class='ocrx_word' id='word_1_243' title='bbox 644 2284 817 2339; x_wconf 89' lang='lat' dir='ltr'><strong>animi</strong></span> <span class='ocrx_word' id='word_1_244' title='bbox 855 2300 1009 2356; x_wconf 88' lang='lat' dir='ltr'><strong>ergo,</strong></span> <span class='ocrx_word' id='word_1_245' title='bbox 1042 2296 1103 2340; x_wconf 92' lang='lat' dir='ltr'><strong>ut</strong></span> <span class='ocrx_word' id='word_1_246' title='bbox 1139 2287 1339 2340; x_wconf 90' lang='lat' dir='ltr'><strong>summi</strong></span> <span class='ocrx_word' id='word_1_247' title='bbox 1387 2286 1666 2356; x_wconf 84' lang='lat' dir='ltr'><strong>pontificis</strong></span> <span class='ocrx_word' id='word_1_248' title='bbox 1708 2305 1910 2346; x_wconf 87' lang='lat' dir='ltr'><strong>nomen</strong></span> <span class='ocrx_word' id='word_1_249' title='bbox 1958 2292 2047 2347; x_wconf 91' lang='lat' dir='ltr'><strong>di-</strong></span> 
     </span>
    </p>
   </div>
   <div class='ocr_carea' id='block_1_38' title="bbox 468 2374 2045 2449">
    <p class='ocr_par' dir='ltr' id='par_1_38' title="bbox 468 2374 2045 2449">
     <span class='ocr_line' id='line_1_38' title="bbox 468 2374 2045 2449; baseline 0.005 -20"><span class='ocrx_word' id='word_1_250' title='bbox 468 2374 690 2445; x_wconf 84' lang='lat' dir='ltr'><strong>ptychis</strong></span> <span class='ocrx_word' id='word_1_251' title='bbox 730 2375 1353 2446; x_wconf 82' lang='lat' dir='ltr'><strong>Constantinopolitanae</strong></span> <span class='ocrx_word' id='word_1_252' title='bbox 1394 2377 1650 2435; x_wconf 74' lang='lat' dir='ltr'><strong>Ecclesia:</strong></span> <span class='ocrx_word' id='word_1_253' title='bbox 1684 2380 1922 2449; x_wconf 88' lang='lat' dir='ltr'><strong>primum</strong></span> <span class='ocrx_word' id='word_1_254' title='bbox 1959 2382 2045 2437; x_wconf 89' lang='lat' dir='ltr'><strong>in-</strong></span> 
     </span>
    </p>
   </div>
   <div class='ocr_carea' id='block_1_39' title="bbox 467 2467 900 2523">
    <p class='ocr_par' dir='ltr' id='par_1_39' title="bbox 467 2467 900 2523">
     <span class='ocr_line' id='line_1_39' title="bbox 467 2467 900 2523; baseline 0 -1"><span class='ocrx_word' id='word_1_255' title='bbox 467 2467 808 2523; x_wconf 76' lang='lat' dir='ltr'><strong>scriberetur</strong></span> <span class='ocrx_word' id='word_1_256' title='bbox 833 2469 900 2522; x_wconf 82' lang='lat'><strong>&quot;.</strong></span> 
     </span>
    </p>
   </div>
   <div class='ocr_carea' id='block_1_40' title="bbox 538 2558 2045 2634">
    <p class='ocr_par' dir='ltr' id='par_1_40' title="bbox 538 2558 2045 2634">
     <span class='ocr_line' id='line_1_40' title="bbox 538 2558 2045 2634; baseline 0.006 -22"><span class='ocrx_word' id='word_1_257' title='bbox 538 2558 635 2613; x_wconf 82' lang='lat' dir='ltr'><strong>XI.</strong></span> <span class='ocrx_word' id='word_1_258' title='bbox 668 2559 886 2614; x_wconf 82' lang='lat' dir='ltr'><strong>Nonita</strong></span> <span class='ocrx_word' id='word_1_259' title='bbox 915 2561 1074 2616; x_wconf 81' lang='lat' dir='ltr'><strong>facile</strong></span> <span class='ocrx_word' id='word_1_260' title='bbox 1105 2578 1163 2617; x_wconf 89' lang='lat' dir='ltr'><strong>se</strong></span> <span class='ocrx_word' id='word_1_261' title='bbox 1211 2565 1491 2634; x_wconf 75' lang='lat' dir='ltr'><strong>expedivit</strong></span> <span class='ocrx_word' id='word_1_262' title='bbox 1539 2565 1828 2621; x_wconf 87' lang='lat' dir='ltr'><strong>conatibus</strong></span> <span class='ocrx_word' id='word_1_263' title='bbox 1872 2566 2045 2621; x_wconf 80' lang='lat' dir='ltr'><strong>Justi—</strong></span> 
     </span>
    </p>
   </div>
   <div class='ocr_carea' id='block_1_41' title="bbox 466 2650 2045 2726">
    <p class='ocr_par' dir='ltr' id='par_1_41' title="bbox 466 2650 2045 2726">
     <span class='ocr_line' id='line_1_41' title="bbox 466 2650 2045 2726; baseline 0.004 -21"><span class='ocrx_word' id='word_1_264' title='bbox 466 2650 621 2705; x_wconf 86' lang='lat' dir='ltr'><strong>niani</strong></span> <span class='ocrx_word' id='word_1_265' title='bbox 649 2651 921 2707; x_wconf 86' lang='lat' dir='ltr'><strong>instanter</strong></span> <span class='ocrx_word' id='word_1_266' title='bbox 947 2655 1212 2723; x_wconf 87' lang='lat' dir='ltr'><strong>urgentis,</strong></span> <span class='ocrx_word' id='word_1_267' title='bbox 1246 2664 1305 2708; x_wconf 90' lang='lat' dir='ltr'><strong>ut</strong></span> <span class='ocrx_word' id='word_1_268' title='bbox 1328 2656 1597 2726; x_wconf 89' lang='lat' dir='ltr'><strong>scriptum</strong></span> <span class='ocrx_word' id='word_1_269' title='bbox 1638 2655 1707 2710; x_wconf 91' lang='lat' dir='ltr'><strong>de</strong></span> <span class='ocrx_word' id='word_1_270' title='bbox 1749 2656 1926 2712; x_wconf 89' lang='lat' dir='ltr'><strong>tribus</strong></span> <span class='ocrx_word' id='word_1_271' title='bbox 1951 2672 2045 2712; x_wconf 87' lang='lat' dir='ltr'><strong>ca-</strong></span> 
     </span>
    </p>
   </div>
   <div class='ocr_carea' id='block_1_42' title="bbox 466 2741 2047 2813">
    <p class='ocr_par' dir='ltr' id='par_1_42' title="bbox 466 2741 2047 2813">
     <span class='ocr_line' id='line_1_42' title="bbox 466 2741 2047 2813; baseline 0.004 -17"><span class='ocrx_word' id='word_1_272' title='bbox 466 2741 659 2811; x_wconf 83' lang='lat' dir='ltr'><strong>pitulis</strong></span> <span class='ocrx_word' id='word_1_273' title='bbox 690 2741 936 2797; x_wconf 90' lang='lat' dir='ltr'><strong>edictum</strong></span> <span class='ocrx_word' id='word_1_274' title='bbox 959 2744 1250 2813; x_wconf 87' lang='lat' dir='ltr'><strong>probaret:</strong></span> <span class='ocrx_word' id='word_1_275' title='bbox 1278 2760 1401 2799; x_wconf 86' lang='lat' dir='ltr'><strong>eam</strong></span> <span class='ocrx_word' id='word_1_276' title='bbox 1430 2746 1581 2800; x_wconf 90' lang='lat' dir='ltr'><strong>enim</strong></span> <span class='ocrx_word' id='word_1_277' title='bbox 1608 2747 1717 2800; x_wconf 89' lang='lat' dir='ltr'><strong>vim</strong></span> <span class='ocrx_word' id='word_1_278' title='bbox 1766 2748 2047 2803; x_wconf 85' lang='lat' dir='ltr'><strong>reluctans</strong></span> 
     </span>
    </p>
   </div>
   <div class='ocr_carea' id='block_1_43' title="bbox 468 2833 2045 2904">
    <p class='ocr_par' dir='ltr' id='par_1_43' title="bbox 468 2833 2045 2904">
     <span class='ocr_line' id='line_1_43' title="bbox 468 2833 2045 2904; baseline 0.003 -18"><span class='ocrx_word' id='word_1_279' title='bbox 468 2847 661 2903; x_wconf 87' lang='lat' dir='ltr'><strong>passus</strong></span> <span class='ocrx_word' id='word_1_280' title='bbox 707 2844 812 2898; x_wconf 91' lang='lat' dir='ltr'><strong>est,</strong></span> <span class='ocrx_word' id='word_1_281' title='bbox 859 2849 988 2904; x_wconf 85' lang='lat' dir='ltr'><strong>qua,</strong></span> <span class='ocrx_word' id='word_1_282' title='bbox 1020 2833 1066 2889; x_wconf 87' lang='lat' dir='ltr'><strong>si</strong></span> <span class='ocrx_word' id='word_1_283' title='bbox 1101 2837 1378 2891; x_wconf 88' lang='lat' dir='ltr'><strong>credimus</strong></span> <span class='ocrx_word' id='word_1_284' title='bbox 1413 2837 1722 2902; x_wconf 83' lang='lat' dir='ltr'><strong>Anastasio,</strong></span> <span class='ocrx_word' id='word_1_285' title='bbox 1768 2837 2045 2893; x_wconf 81' lang='lat' dir='ltr'><strong>exclama-</strong></span> 
     </span>
    </p>
   </div>
   <div class='ocr_carea' id='block_1_44' title="bbox 466 2924 2046 2993">
    <p class='ocr_par' dir='ltr' id='par_1_44' title="bbox 466 2924 2046 2993">
     <span class='ocr_line' id='line_1_44' title="bbox 466 2924 2046 2993; baseline 0.005 -16"><span class='ocrx_word' id='word_1_286' title='bbox 466 2931 555 2978; x_wconf 86' lang='lat' dir='ltr'><strong>ret</strong></span> <span class='ocrx_word' id='word_1_287' title='bbox 600 2924 927 2993; x_wconf 84' lang='lat' dir='ltr'><strong>aliquando:</strong></span> <span class='ocrx_word' id='word_1_288' title='bbox 988 2925 1153 2981; x_wconf 71' lang='lat' dir='ltr'><strong>tNon</strong></span> <span class='ocrx_word' id='word_1_289' title='bbox 1189 2944 1218 2981; x_wconf 92' lang='lat' dir='ltr'><strong>a</strong></span> <span class='ocrx_word' id='word_1_290' title='bbox 1270 2927 1587 2983; x_wconf 87' lang='lat' dir='ltr'><strong>Justiniano</strong></span> <span class='ocrx_word' id='word_1_291' title='bbox 1643 2937 1700 2983; x_wconf 92' lang='lat' dir='ltr'><strong>et</strong></span> <span class='ocrx_word' id='word_1_292' title='bbox 1756 2928 2046 2985; x_wconf 87' lang='lat' dir='ltr'><strong>Theodora</strong></span> 
     </span>
    </p>
   </div>
   <div class='ocr_carea' id='block_1_45' title="bbox 467 3012 2048 3086">
    <p class='ocr_par' dir='ltr' id='par_1_45' title="bbox 467 3012 2048 3086">
     <span class='ocr_line' id='line_1_45' title="bbox 467 3012 2048 3086; baseline 0.004 -18"><span class='ocrx_word' id='word_1_293' title='bbox 467 3012 733 3083; x_wconf 75' lang='lat' dir='ltr'><strong>piissimis</strong></span> <span class='ocrx_word' id='word_1_294' title='bbox 783 3015 1127 3085; x_wconf 89' lang='lat' dir='ltr'><strong>principibus</strong></span> <span class='ocrx_word' id='word_1_295' title='bbox 1168 3018 1476 3073; x_wconf 88' lang='lat' dir='ltr'><strong>accersitus</strong></span> <span class='ocrx_word' id='word_1_296' title='bbox 1508 3019 1655 3086; x_wconf 89' lang='lat' dir='ltr'><strong>veni,</strong></span> <span class='ocrx_word' id='word_1_297' title='bbox 1690 3020 1786 3075; x_wconf 91' lang='lat' dir='ltr'><strong>sed</strong></span> <span class='ocrx_word' id='word_1_298' title='bbox 1818 3020 1874 3074; x_wconf 92' lang='lat' dir='ltr'><strong>in</strong></span> <span class='ocrx_word' id='word_1_299' title='bbox 1927 3019 2048 3074; x_wconf 89' lang='lat' dir='ltr'><strong>Dio-</strong></span> 
     </span>
    </p>
   </div>
   <div class='ocr_carea' id='block_1_46' title="bbox 465 3105 1515 3166">
    <p class='ocr_par' dir='ltr' id='par_1_46' title="bbox 465 3105 1515 3166">
     <span class='ocr_line' id='line_1_46' title="bbox 465 3105 1515 3166; baseline 0.004 -6"><span class='ocrx_word' id='word_1_300' title='bbox 465 3105 762 3161; x_wconf 83' lang='lat' dir='ltr'><strong>cletianum</strong></span> <span class='ocrx_word' id='word_1_301' title='bbox 783 3117 840 3163; x_wconf 92' lang='lat' dir='ltr'><strong>et</strong></span> <span class='ocrx_word' id='word_1_302' title='bbox 867 3108 1244 3164; x_wconf 88' lang='lat' dir='ltr'><strong>Eleutheriam</strong></span> <span class='ocrx_word' id='word_1_303' title='bbox 1277 3110 1466 3166; x_wconf 91' lang='lat' dir='ltr'><strong>incidi.</strong></span> <span class='ocrx_word' id='word_1_304' title='bbox 1497 3131 1515 3164; x_wconf 75' lang='grc' dir='ltr'><strong>ι</strong></span> 
     </span>
    </p>
   </div>
   <div class='ocr_carea' id='block_1_47' title="bbox 535 3198 2045 3275">
    <p class='ocr_par' dir='ltr' id='par_1_47' title="bbox 535 3198 2045 3275">
     <span class='ocr_line' id='line_1_47' title="bbox 535 3198 2045 3275; baseline 0.005 -22"><span class='ocrx_word' id='word_1_305' title='bbox 535 3198 652 3254; x_wconf 83' lang='lat' dir='ltr'><strong>Xll.</strong></span> <span class='ocrx_word' id='word_1_306' title='bbox 682 3200 837 3254; x_wconf 87' lang='lat' dir='ltr'><strong>Fecit</strong></span> <span class='ocrx_word' id='word_1_307' title='bbox 861 3216 929 3255; x_wconf 84' lang='lat' dir='ltr'><strong>ea</strong></span> <span class='ocrx_word' id='word_1_308' title='bbox 949 3200 1055 3265; x_wconf 87' lang='lat' dir='ltr'><strong>vis,</strong></span> <span class='ocrx_word' id='word_1_309' title='bbox 1094 3211 1155 3255; x_wconf 88' lang='lat' dir='ltr'><strong>ut</strong></span> <span class='ocrx_word' id='word_1_310' title='bbox 1186 3202 1330 3272; x_wconf 91' lang='lat' dir='ltr'><strong>apud</strong></span> <span class='ocrx_word' id='word_1_311' title='bbox 1363 3218 1422 3258; x_wconf 90' lang='lat' dir='ltr'><strong>se</strong></span> <span class='ocrx_word' id='word_1_312' title='bbox 1482 3205 1775 3259; x_wconf 86' lang='lat' dir='ltr'><strong>concilium</strong></span> <span class='ocrx_word' id='word_1_313' title='bbox 1821 3214 2045 3275; x_wconf 84' lang='lat' dir='ltr'><strong>septua-</strong></span> 
     </span>
    </p>
   </div>
   <div class='ocr_carea' id='block_1_48' title="bbox 464 3290 2046 3365">
    <p class='ocr_par' dir='ltr' id='par_1_48' title="bbox 464 3290 2046 3365">
     <span class='ocr_line' id='line_1_48' title="bbox 464 3290 2046 3365; baseline 0.002 -19"><span class='ocrx_word' id='word_1_314' title='bbox 464 3291 622 3362; x_wconf 77' lang='lat' dir='ltr'><strong>ginta</strong></span> <span class='ocrx_word' id='word_1_315' title='bbox 641 3290 1033 3362; x_wconf 90' lang='lat' dir='ltr'><strong>episcoporum</strong></span> <span class='ocrx_word' id='word_1_316' title='bbox 1062 3293 1311 3360; x_wconf 85' lang='lat' dir='ltr'><strong>haberet,</strong></span> <span class='ocrx_word' id='word_1_317' title='bbox 1345 3295 1693 3364; x_wconf 86' lang='lat' dir='ltr'><strong>provisurus,</strong></span> <span class='ocrx_word' id='word_1_318' title='bbox 1727 3296 1774 3351; x_wconf 90' lang='lat' dir='ltr'><strong>si</strong></span> <span class='ocrx_word' id='word_1_319' title='bbox 1804 3311 1912 3365; x_wconf 91' lang='lat' dir='ltr'><strong>qua</strong></span> <span class='ocrx_word' id='word_1_320' title='bbox 1954 3310 2046 3349; x_wconf 88' lang='lat' dir='ltr'><strong>ra-</strong></span> 
     </span>
    </p>
   </div>
   <div class='ocr_carea' id='block_1_49' title="bbox 470 3381 2047 3458">
    <p class='ocr_par' dir='ltr' id='par_1_49' title="bbox 470 3381 2047 3458">
     <span class='ocr_line' id='line_1_49' title="bbox 470 3381 2047 3458; baseline 0.003 -21"><span class='ocrx_word' id='word_1_321' title='bbox 470 3382 624 3438; x_wconf 84' lang='lat' dir='ltr'><strong>tione</strong></span> <span class='ocrx_word' id='word_1_322' title='bbox 649 3381 733 3438; x_wconf 91' lang='lat' dir='ltr'><strong>fas</strong></span> <span class='ocrx_word' id='word_1_323' title='bbox 755 3392 922 3449; x_wconf 85' lang='lat' dir='ltr'><strong>esset,</strong></span> <span class='ocrx_word' id='word_1_324' title='bbox 952 3384 1158 3439; x_wconf 88' lang='lat' dir='ltr'><strong>salvam</strong></span> <span class='ocrx_word' id='word_1_325' title='bbox 1188 3394 1448 3455; x_wconf 72' lang='lat' dir='ltr'><strong>praestare</strong></span> <span class='ocrx_word' id='word_1_326' title='bbox 1494 3386 1688 3458; x_wconf 89' lang='lat' dir='ltr'><strong>synodi</strong></span> <span class='ocrx_word' id='word_1_327' title='bbox 1742 3385 2047 3442; x_wconf 77' lang='lat' dir='ltr'><strong>Chalcedo—</strong></span> 
     </span>
    </p>
   </div>
   <div class='ocr_carea' id='block_1_50' title="bbox 468 3472 2048 3547">
    <p class='ocr_par' dir='ltr' id='par_1_50' title="bbox 468 3472 2048 3547">
     <span class='ocr_line' id='line_1_50' title="bbox 468 3472 2048 3547; baseline 0.003 -20"><span class='ocrx_word' id='word_1_328' title='bbox 468 3472 659 3529; x_wconf 63' lang='lat' dir='ltr'><strong>mensis</strong></span> <span class='ocrx_word' id='word_1_329' title='bbox 688 3474 1094 3539; x_wconf 87' lang='lat' dir='ltr'><strong>auctoritatem,</strong></span> <span class='ocrx_word' id='word_1_330' title='bbox 1124 3486 1181 3531; x_wconf 89' lang='lat' dir='ltr'><strong>et</strong></span> <span class='ocrx_word' id='word_1_331' title='bbox 1211 3477 1373 3531; x_wconf 89' lang='lat' dir='ltr'><strong>simul</strong></span> <span class='ocrx_word' id='word_1_332' title='bbox 1389 3477 1598 3547; x_wconf 81' lang='lat' dir='ltr'><strong>aliquid</strong></span> <span class='ocrx_word' id='word_1_333' title='bbox 1614 3478 1682 3532; x_wconf 91' lang='lat' dir='ltr'><strong>de</strong></span> <span class='ocrx_word' id='word_1_334' title='bbox 1699 3493 1862 3533; x_wconf 87' lang='lat' dir='ltr'><strong>causa</strong></span> <span class='ocrx_word' id='word_1_335' title='bbox 1881 3479 2048 3532; x_wconf 86' lang='lat' dir='ltr'><strong>trium</strong></span> 
     </span>
    </p>
   </div>
   <div class='ocr_carea' id='block_1_51' title="bbox 470 3561 2040 3637">
    <p class='ocr_par' dir='ltr' id='par_1_51' title="bbox 470 3561 2040 3637">
     <span class='ocr_line' id='line_1_51' title="bbox 470 3561 2040 3637; baseline 0.004 -22"><span class='ocrx_word' id='word_1_336' title='bbox 470 3561 758 3617; x_wconf 78' lang='lat' dir='ltr'><strong>hominum</strong></span> <span class='ocrx_word' id='word_1_337' title='bbox 792 3562 1107 3628; x_wconf 87' lang='lat' dir='ltr'><strong>remittere,</strong></span> <span class='ocrx_word' id='word_1_338' title='bbox 1142 3565 1196 3618; x_wconf 89' lang='lat' dir='ltr'><strong>id</strong></span> <span class='ocrx_word' id='word_1_339' title='bbox 1229 3575 1335 3626; x_wconf 87' lang='lat' dir='ltr'><strong>est.</strong></span> <span class='ocrx_word' id='word_1_340' title='bbox 1367 3566 1605 3636; x_wconf 87' lang='lat' dir='ltr'><strong>benigna</strong></span> <span class='ocrx_word' id='word_1_341' title='bbox 1656 3566 1894 3637; x_wconf 86' lang='lat' dir='ltr'><strong>quadam</strong></span> <span class='ocrx_word' id='word_1_342' title='bbox 1928 3565 2040 3622; x_wconf 83' lang='lat' dir='ltr'><strong>dis-</strong></span> 
     </span>
    </p>
   </div>
   <div class='ocr_carea' id='block_1_52' title="bbox 470 3653 2050 3728">
    <p class='ocr_par' dir='ltr' id='par_1_52' title="bbox 470 3653 2050 3728">
     <span class='ocr_line' id='line_1_52' title="bbox 470 3653 2050 3728; baseline 0.003 -20"><span class='ocrx_word' id='word_1_343' title='bbox 470 3653 797 3723; x_wconf 80' lang='lat' dir='ltr'><strong>pensatione</strong></span> <span class='ocrx_word' id='word_1_344' title='bbox 840 3654 1147 3711; x_wconf 89' lang='lat' dir='ltr'><strong>concedere</strong></span> <span class='ocrx_word' id='word_1_345' title='bbox 1188 3657 1460 3721; x_wconf 81' lang='lat' dir='ltr'><strong>nonnihil,</strong></span> <span class='ocrx_word' id='word_1_346' title='bbox 1502 3674 1611 3728; x_wconf 85' lang='lat' dir='ltr'><strong>qua</strong></span> <span class='ocrx_word' id='word_1_347' title='bbox 1659 3668 1716 3712; x_wconf 91' lang='lat' dir='ltr'><strong>et</strong></span> <span class='ocrx_word' id='word_1_348' title='bbox 1755 3659 2050 3728; x_wconf 88' lang='lat' dir='ltr'><strong>imperato-</strong></span> 
     </span>
    </p>
   </div>
   <div class='ocr_carea' id='block_1_53' title="bbox 473 3745 2043 3823">
    <p class='ocr_par' dir='ltr' id='par_1_53' title="bbox 473 3745 2043 3823">
     <span class='ocr_line' id='line_1_53' title="bbox 473 3745 2043 3823; baseline 0.004 -24"><span class='ocrx_word' id='word_1_349' title='bbox 473 3745 552 3799; x_wconf 79' lang='lat' dir='ltr'><strong>ris</strong></span> <span class='ocrx_word' id='word_1_350' title='bbox 570 3746 769 3801; x_wconf 90' lang='lat' dir='ltr'><strong>honori</strong></span> <span class='ocrx_word' id='word_1_351' title='bbox 790 3757 1131 3816; x_wconf 86' lang='lat' dir='ltr'><strong>parceretur,</strong></span> <span class='ocrx_word' id='word_1_352' title='bbox 1150 3758 1203 3802; x_wconf 86' lang='lat' dir='ltr'><strong>et</strong></span> <span class='ocrx_word' id='word_1_353' title='bbox 1230 3749 1617 3823; x_wconf 81' lang='lat' dir='ltr'><strong>occluderetur</strong></span> <span class='ocrx_word' id='word_1_354' title='bbox 1649 3765 1711 3805; x_wconf 89' lang='lat' dir='ltr'><strong>os</strong></span> <span class='ocrx_word' id='word_1_355' title='bbox 1731 3748 2043 3819; x_wconf 81' lang='lat' dir='ltr'><strong>Acephalis:</strong></span> 
     </span>
    </p>
   </div>
   <div class='ocr_carea' id='block_1_54' title="bbox 470 3838 2048 3904">
    <p class='ocr_par' dir='ltr' id='par_1_54' title="bbox 470 3838 2048 3904">
     <span class='ocr_line' id='line_1_54' title="bbox 470 3838 2048 3904; baseline 0.004 -13"><span class='ocrx_word' id='word_1_356' title='bbox 470 3844 633 3892; x_wconf 80' lang='lat' dir='ltr'><strong>erant</strong></span> <span class='ocrx_word' id='word_1_357' title='bbox 678 3838 827 3894; x_wconf 86' lang='lat' dir='ltr'><strong>enim</strong></span> <span class='ocrx_word' id='word_1_358' title='bbox 882 3839 1149 3895; x_wconf 87' lang='lat' dir='ltr'><strong>invidiose</strong></span> <span class='ocrx_word' id='word_1_359' title='bbox 1191 3840 1490 3904; x_wconf 86' lang='lat' dir='ltr'><strong>causaturi,</strong></span> <span class='ocrx_word' id='word_1_360' title='bbox 1547 3841 1653 3895; x_wconf 86' lang='lat' dir='ltr'><strong>sibi</strong></span> <span class='ocrx_word' id='word_1_361' title='bbox 1702 3851 1836 3897; x_wconf 91' lang='lat' dir='ltr'><strong>tunc</strong></span> <span class='ocrx_word' id='word_1_362' title='bbox 1881 3843 2048 3897; x_wconf 89' lang='lat' dir='ltr'><strong>fuisse</strong></span> 
     </span>
    </p>
   </div>
   <div class='ocr_carea' id='block_1_55' title="bbox 472 3931 2047 3998">
    <p class='ocr_par' dir='ltr' id='par_1_55' title="bbox 472 3931 2047 3998">
     <span class='ocr_line' id='line_1_55' title="bbox 472 3931 2047 3998; baseline 0.003 -14"><span class='ocrx_word' id='word_1_363' title='bbox 472 3931 723 3986; x_wconf 84' lang='lat' dir='ltr'><strong>clausum</strong></span> <span class='ocrx_word' id='word_1_364' title='bbox 752 3931 961 3987; x_wconf 87' lang='lat' dir='ltr'><strong>aditum</strong></span> <span class='ocrx_word' id='word_1_365' title='bbox 983 3931 1049 3987; x_wconf 92' lang='lat' dir='ltr'><strong>ad</strong></span> <span class='ocrx_word' id='word_1_366' title='bbox 1085 3932 1406 3998; x_wconf 84' lang='lat' dir='ltr'><strong>Ecclesiam,</strong></span> <span class='ocrx_word' id='word_1_367' title='bbox 1465 3950 1590 3988; x_wconf 90' lang='lat' dir='ltr'><strong>cum</strong></span> <span class='ocrx_word' id='word_1_368' title='bbox 1650 3935 2047 3991; x_wconf 86' lang='lat' dir='ltr'><strong>instantissime</strong></span> 
     </span>
    </p>
   </div>
   <div class='ocr_carea' id='block_1_56' title="bbox 474 4024 986 4093">
    <p class='ocr_par' dir='ltr' id='par_1_56' title="bbox 474 4024 986 4093">
     <span class='ocr_line' id='line_1_56' title="bbox 474 4024 986 4093; baseline 0.002 -16"><span class='ocrx_word' id='word_1_369' title='bbox 474 4031 725 4093; x_wconf 84' lang='lat' dir='ltr'><strong>peterent</strong></span> <span class='ocrx_word' id='word_1_370' title='bbox 748 4024 986 4080; x_wconf 88' lang='lat' dir='ltr'><strong>admitti.</strong></span> 
     </span>
    </p>
   </div>
   <div class='ocr_carea' id='block_1_57' title="bbox 545 4114 2047 4191">
    <p class='ocr_par' dir='ltr' id='par_1_57' title="bbox 545 4114 2047 4191">
     <span class='ocr_line' id='line_1_57' title="bbox 545 4114 2047 4191; baseline 0.005 -23"><span class='ocrx_word' id='word_1_371' title='bbox 545 4114 735 4170; x_wconf 57' lang='lat' dir='ltr'><strong>Catus</strong></span> <span class='ocrx_word' id='word_1_372' title='bbox 751 4114 843 4171; x_wconf 87' lang='lat' dir='ltr'><strong>ille</strong></span> <span class='ocrx_word' id='word_1_373' title='bbox 874 4117 1096 4173; x_wconf 88' lang='lat' dir='ltr'><strong>Patrum</strong></span> <span class='ocrx_word' id='word_1_374' title='bbox 1120 4136 1187 4175; x_wconf 76' lang='lat' dir='ltr'><strong>ex</strong></span> <span class='ocrx_word' id='word_1_375' title='bbox 1211 4120 1277 4173; x_wconf 88' lang='lat' dir='ltr'><strong>iis</strong></span> <span class='ocrx_word' id='word_1_376' title='bbox 1292 4128 1517 4173; x_wconf 82' lang='lat' dir='ltr'><strong>coactus</strong></span> <span class='ocrx_word' id='word_1_377' title='bbox 1537 4130 1621 4173; x_wconf 84' lang='lat' dir='ltr'><strong>est</strong></span> <span class='ocrx_word' id='word_1_378' title='bbox 1642 4120 1736 4190; x_wconf 88' lang='lat' dir='ltr'><strong>qui</strong></span> <span class='ocrx_word' id='word_1_379' title='bbox 1761 4136 2047 4191; x_wconf 88' lang='lat' dir='ltr'><strong>nunquam</strong></span> 
     </span>
    </p>
   </div>
   <div class='ocr_carea' id='block_1_58' title="bbox 474 4207 2047 4280">
    <p class='ocr_par' dir='ltr' id='par_1_58' title="bbox 474 4207 2047 4280">
     <span class='ocr_line' id='line_1_58' title="bbox 474 4207 2047 4280; baseline 0.006 -23"><span class='ocrx_word' id='word_1_380' title='bbox 474 4214 795 4260; x_wconf 81' lang='lat' dir='ltr'><strong>eurvassent</strong></span> <span class='ocrx_word' id='word_1_381' title='bbox 818 4223 994 4278; x_wconf 87' lang='lat' dir='ltr'><strong>genua</strong></span> <span class='ocrx_word' id='word_1_382' title='bbox 1026 4223 1209 4265; x_wconf 89' lang='lat' dir='ltr'><strong>coram</strong></span> <span class='ocrx_word' id='word_1_383' title='bbox 1235 4207 1424 4274; x_wconf 89' lang='lat' dir='ltr'><strong>Belial,</strong></span> <span class='ocrx_word' id='word_1_384' title='bbox 1444 4209 1539 4264; x_wconf 91' lang='lat' dir='ltr'><strong>sed</strong></span> <span class='ocrx_word' id='word_1_385' title='bbox 1574 4222 1839 4280; x_wconf 75' lang='lat' dir='ltr'><strong>generose</strong></span> <span class='ocrx_word' id='word_1_386' title='bbox 1860 4213 2047 4268; x_wconf 89' lang='lat' dir='ltr'><strong>stetis-</strong></span> 
     </span>
    </p>
   </div>
   <div class='ocr_carea' id='block_1_59' title="bbox 470 4297 1346 4370">
    <p class='ocr_par' dir='ltr' id='par_1_59' title="bbox 470 4297 1346 4370">
     <span class='ocr_line' id='line_1_59' title="bbox 470 4297 1346 4370; baseline 0.005 -20"><span class='ocrx_word' id='word_1_387' title='bbox 470 4306 594 4351; x_wconf 85' lang='lat' dir='ltr'><strong>sent</strong></span> <span class='ocrx_word' id='word_1_388' title='bbox 623 4297 890 4353; x_wconf 85' lang='lat' dir='ltr'><strong>hactenus</strong></span> <span class='ocrx_word' id='word_1_389' title='bbox 917 4316 1019 4370; x_wconf 84' lang='lat' dir='ltr'><strong>pro</strong></span> <span class='ocrx_word' id='word_1_390' title='bbox 1037 4316 1202 4356; x_wconf 89' lang='lat' dir='ltr'><strong>causa</strong></span> <span class='ocrx_word' id='word_1_391' title='bbox 1227 4301 1346 4355; x_wconf 89' lang='lat' dir='ltr'><strong>Dei.</strong></span> 
     </span>
    </p>
   </div>
   <div class='ocr_carea' id='block_1_60' title="bbox 542 4386 2050 4450">
    <p class='ocr_par' dir='ltr' id='par_1_60' title="bbox 542 4386 2050 4450">
     <span class='ocr_line' id='line_1_60' title="bbox 542 4386 2050 4450; baseline 0.007 -10"><span class='ocrx_word' id='word_1_392' title='bbox 542 4386 684 4443; x_wconf 77' lang='lat' dir='ltr'><strong>Xlll.</strong></span> <span class='ocrx_word' id='word_1_393' title='bbox 715 4387 942 4445; x_wconf 85' lang='lat' dir='ltr'><strong>Patrum</strong></span> <span class='ocrx_word' id='word_1_394' title='bbox 985 4407 1126 4446; x_wconf 82' lang='lat' dir='ltr'><strong>unus</strong></span> <span class='ocrx_word' id='word_1_395' title='bbox 1155 4392 1261 4445; x_wconf 88' lang='lat' dir='ltr'><strong>fuit</strong></span> <span class='ocrx_word' id='word_1_396' title='bbox 1310 4392 1602 4447; x_wconf 83' lang='lat' dir='ltr'><strong>Facundus</strong></span> <span class='ocrx_word' id='word_1_397' title='bbox 1641 4392 2050 4450; x_wconf 85' lang='lat' dir='ltr'><strong>llermianensis</strong></span> 
     </span>
    </p>
   </div>
   <div class='ocr_carea' id='block_1_61' title="bbox 470 4478 2047 4555">
    <p class='ocr_par' dir='ltr' id='par_1_61' title="bbox 470 4478 2047 4555">
     <span class='ocr_line' id='line_1_61' title="bbox 470 4478 2047 4555; baseline 0.005 -23"><span class='ocrx_word' id='word_1_398' title='bbox 470 4479 525 4532; x_wconf 86' lang='lat' dir='ltr'><strong>in</strong></span> <span class='ocrx_word' id='word_1_399' title='bbox 560 4478 749 4535; x_wconf 78' lang='lat' dir='ltr'><strong>Africa</strong></span> <span class='ocrx_word' id='word_1_400' title='bbox 795 4483 1109 4554; x_wconf 87' lang='lat' dir='ltr'><strong>cpiscopus,</strong></span> <span class='ocrx_word' id='word_1_401' title='bbox 1163 4484 1400 4540; x_wconf 89' lang='lat' dir='ltr'><strong>celebris</strong></span> <span class='ocrx_word' id='word_1_402' title='bbox 1444 4484 1536 4539; x_wconf 73' lang='lat' dir='ltr'><strong>ille</strong></span> <span class='ocrx_word' id='word_1_403' title='bbox 1580 4484 1748 4539; x_wconf 92' lang='lat' dir='ltr'><strong>trium</strong></span> <span class='ocrx_word' id='word_1_404' title='bbox 1807 4486 2047 4555; x_wconf 91' lang='lat' dir='ltr'><strong>capitum</strong></span> 
     </span>
    </p>
   </div>
   <div class='ocr_carea' id='block_1_62' title="bbox 2151 2010 3732 2081">
    <p class='ocr_par' dir='ltr' id='par_1_62' title="bbox 2151 2010 3732 2081">
     <span class='ocr_line' id='line_1_62' title="bbox 2151 2010 3732 2081; baseline -0.003 -10"><span class='ocrx_word' id='word_1_405' title='bbox 2151 2016 2451 2072; x_wconf 84' lang='lat' dir='ltr'><strong>dicentium</strong></span> <span class='ocrx_word' id='word_1_406' title='bbox 2484 2016 2875 2071; x_wconf 88' lang='lat' dir='ltr'><strong>communione</strong></span> <span class='ocrx_word' id='word_1_407' title='bbox 2914 2013 3251 2069; x_wconf 77' lang='lat' dir='ltr'><strong>subtraxisse</strong></span> <span class='ocrx_word' id='word_1_408' title='bbox 3277 2030 3292 2081; x_wconf 91' lang='lat'><strong>;</strong></span> <span class='ocrx_word' id='word_1_409' title='bbox 3324 2012 3432 2067; x_wconf 88' lang='lat' dir='ltr'><strong>hoc</strong></span> <span class='ocrx_word' id='word_1_410' title='bbox 3462 2012 3613 2068; x_wconf 87' lang='lat' dir='ltr'><strong>enim</strong></span> <span class='ocrx_word' id='word_1_411' title='bbox 3641 2010 3732 2067; x_wconf 77' lang='lat' dir='ltr'><strong>vel</strong></span> 
     </span>
    </p>
   </div>
   <div class='ocr_carea' id='block_1_63' title="bbox 2149 2104 3733 2178">
    <p class='ocr_par' dir='ltr' id='par_1_63' title="bbox 2149 2104 3733 2178">
     <span class='ocr_line' id='line_1_63' title="bbox 2149 2104 3733 2178; baseline -0.003 -15"><span class='ocrx_word' id='word_1_412' title='bbox 2149 2110 2195 2163; x_wconf 91' lang='lat' dir='ltr'><strong>si</strong></span> <span class='ocrx_word' id='word_1_413' title='bbox 2224 2107 2641 2178; x_wconf 86' lang='lat' dir='ltr'><strong>approbandum</strong></span> <span class='ocrx_word' id='word_1_414' title='bbox 2669 2122 2780 2162; x_wconf 92' lang='lat' dir='ltr'><strong>non</strong></span> <span class='ocrx_word' id='word_1_415' title='bbox 2804 2107 2897 2171; x_wconf 89' lang='lat' dir='ltr'><strong>sit,</strong></span> <span class='ocrx_word' id='word_1_416' title='bbox 2928 2107 3217 2162; x_wconf 88' lang='lat' dir='ltr'><strong>ferendum</strong></span> <span class='ocrx_word' id='word_1_417' title='bbox 3246 2118 3431 2162; x_wconf 89' lang='lat' dir='ltr'><strong>tamen</strong></span> <span class='ocrx_word' id='word_1_418' title='bbox 3449 2104 3733 2169; x_wconf 75' lang='lat' dir='ltr'><strong>existimo,</strong></span> 
     </span>
    </p>
   </div>
   <div class='ocr_carea' id='block_1_64' title="bbox 2147 2199 3737 2271">
    <p class='ocr_par' dir='ltr' id='par_1_64' title="bbox 2147 2199 3737 2271">
     <span class='ocr_line' id='line_1_64' title="bbox 2147 2199 3737 2271; baseline -0.003 -15"><span class='ocrx_word' id='word_1_419' title='bbox 2147 2217 2251 2257; x_wconf 90' lang='lat' dir='ltr'><strong>nec</strong></span> <span class='ocrx_word' id='word_1_420' title='bbox 2274 2209 2479 2256; x_wconf 82' lang='lat' dir='ltr'><strong>tantam</strong></span> <span class='ocrx_word' id='word_1_421' title='bbox 2504 2215 2626 2256; x_wconf 89' lang='lat' dir='ltr'><strong>esse</strong></span> <span class='ocrx_word' id='word_1_422' title='bbox 2663 2216 2883 2256; x_wconf 85' lang='lat' dir='ltr'><strong>causam</strong></span> <span class='ocrx_word' id='word_1_423' title='bbox 2901 2200 3109 2271; x_wconf 82' lang='lat' dir='ltr'><strong>judico,</strong></span> <span class='ocrx_word' id='word_1_424' title='bbox 3147 2215 3249 2271; x_wconf 91' lang='lat' dir='ltr'><strong>pro</strong></span> <span class='ocrx_word' id='word_1_425' title='bbox 3270 2215 3377 2269; x_wconf 88' lang='lat' dir='ltr'><strong>qua</strong></span> <span class='ocrx_word' id='word_1_426' title='bbox 3398 2199 3737 2253; x_wconf 88' lang='lat' dir='ltr'><strong>deberemus</strong></span> 
     </span>
    </p>
   </div>
   <div class='ocr_carea' id='block_1_65' title="bbox 2149 2288 3736 2363">
    <p class='ocr_par' dir='ltr' id='par_1_65' title="bbox 2149 2288 3736 2363">
     <span class='ocr_line' id='line_1_65' title="bbox 2149 2288 3736 2363; baseline -0.005 -12"><span class='ocrx_word' id='word_1_427' title='bbox 2149 2312 2179 2351; x_wconf 92' lang='lat' dir='ltr'><strong>a</strong></span> <span class='ocrx_word' id='word_1_428' title='bbox 2213 2294 2603 2351; x_wconf 84' lang='lat' dir='ltr'><strong>communione</strong></span> <span class='ocrx_word' id='word_1_429' title='bbox 2658 2292 3034 2347; x_wconf 88' lang='lat' dir='ltr'><strong>multitudinis</strong></span> <span class='ocrx_word' id='word_1_430' title='bbox 3073 2291 3374 2363; x_wconf 81' lang='lat' dir='ltr'><strong>segregari.</strong></span> <span class='ocrx_word' id='word_1_431' title='bbox 3432 2290 3538 2346; x_wconf 88' lang='lat' dir='ltr'><strong>Sed</strong></span> <span class='ocrx_word' id='word_1_432' title='bbox 3598 2288 3736 2360; x_wconf 85' lang='lat' dir='ltr'><strong>quia</strong></span> 
     </span>
    </p>
   </div>
   <div class='ocr_carea' id='block_1_66' title="bbox 2147 2382 3734 2457">
    <p class='ocr_par' dir='ltr' id='par_1_66' title="bbox 2147 2382 3734 2457">
     <span class='ocr_line' id='line_1_66' title="bbox 2147 2382 3734 2457; baseline -0.004 -15"><span class='ocrx_word' id='word_1_433' title='bbox 2147 2404 2215 2442; x_wconf 80' lang='lat' dir='ltr'><strong>ex</strong></span> <span class='ocrx_word' id='word_1_434' title='bbox 2255 2401 2489 2457; x_wconf 89' lang='lat' dir='ltr'><strong>persona</strong></span> <span class='ocrx_word' id='word_1_435' title='bbox 2546 2384 2823 2440; x_wconf 90' lang='lat' dir='ltr'><strong>Theodori</strong></span> <span class='ocrx_word' id='word_1_436' title='bbox 2870 2383 3156 2454; x_wconf 88' lang='lat' dir='ltr'><strong>epistolam</strong></span> <span class='ocrx_word' id='word_1_437' title='bbox 3196 2383 3305 2438; x_wconf 81' lang='lat' dir='ltr'><strong>lbae</strong></span> <span class='ocrx_word' id='word_1_438' title='bbox 3345 2382 3734 2438; x_wconf 80' lang='lat' dir='ltr'><strong>Nestorianam</strong></span> 
     </span>
    </p>
   </div>
   <div class='ocr_carea' id='block_1_67' title="bbox 2150 2473 3737 2552">
    <p class='ocr_par' dir='ltr' id='par_1_67' title="bbox 2150 2473 3737 2552">
     <span class='ocr_line' id='line_1_67' title="bbox 2150 2473 3737 2552; baseline -0.003 -19"><span class='ocrx_word' id='word_1_439' title='bbox 2150 2480 2384 2552; x_wconf 92' lang='lat' dir='ltr'><strong>probare</strong></span> <span class='ocrx_word' id='word_1_440' title='bbox 2409 2478 2591 2534; x_wconf 91' lang='lat' dir='ltr'><strong>conati</strong></span> <span class='ocrx_word' id='word_1_441' title='bbox 2625 2487 2774 2543; x_wconf 91' lang='lat' dir='ltr'><strong>sunt,</strong></span> <span class='ocrx_word' id='word_1_442' title='bbox 2811 2486 2866 2531; x_wconf 90' lang='lat' dir='ltr'><strong>et</strong></span> <span class='ocrx_word' id='word_1_443' title='bbox 2887 2493 2955 2532; x_wconf 78' lang='lat' dir='ltr'><strong>ex</strong></span> <span class='ocrx_word' id='word_1_444' title='bbox 2992 2475 3226 2547; x_wconf 90' lang='lat' dir='ltr'><strong>epistola</strong></span> <span class='ocrx_word' id='word_1_445' title='bbox 3246 2473 3354 2529; x_wconf 73' lang='lat' dir='ltr'><strong>lbre</strong></span> <span class='ocrx_word' id='word_1_446' title='bbox 3378 2473 3676 2547; x_wconf 72' lang='lat' dir='ltr'><strong>synodum,</strong></span> <span class='ocrx_word' id='word_1_447' title='bbox 3702 2488 3737 2529; x_wconf 65' lang='grc' dir='ltr'>ι</span> 
     </span>
    </p>
   </div>
   <div class='ocr_carea' id='block_1_68' title="bbox 2150 2568 3507 2648">
    <p class='ocr_par' dir='ltr' id='par_1_68' title="bbox 2150 2568 3507 2648">
     <span class='ocr_line' id='line_1_68' title="bbox 2150 2568 3507 2648; baseline -0.004 -23"><span class='ocrx_word' id='word_1_448' title='bbox 2150 2589 2256 2643; x_wconf 83' lang='lat' dir='ltr'><strong>qua</strong></span> <span class='ocrx_word' id='word_1_449' title='bbox 2287 2583 2539 2641; x_wconf 83' lang='lat' dir='ltr'><strong>suscepta</strong></span> <span class='ocrx_word' id='word_1_450' title='bbox 2577 2580 2680 2634; x_wconf 89' lang='lat' dir='ltr'><strong>est,</strong></span> <span class='ocrx_word' id='word_1_451' title='bbox 2720 2568 3055 2639; x_wconf 86' lang='lat' dir='ltr'><strong>improbare,</strong></span> <span class='ocrx_word' id='word_1_452' title='bbox 3095 2587 3115 2620; x_wconf 74' lang='grc' dir='ltr'><strong><em>ι</em></strong></span> <span class='ocrx_word' id='word_1_453' title='bbox 3156 2577 3264 2623; x_wconf 87' lang='lat' dir='ltr'><strong>etc.</strong></span> <span class='ocrx_word' id='word_1_454' title='bbox 3486 2618 3507 2648; x_wconf 48' lang='grc' dir='ltr'><em>κ</em></span> 
     </span>
    </p>
   </div>
   <div class='ocr_carea' id='block_1_69' title="bbox 2223 2658 3739 2725">
    <p class='ocr_par' dir='ltr' id='par_1_69' title="bbox 2223 2658 3739 2725">
     <span class='ocr_line' id='line_1_69' title="bbox 2223 2658 3739 2725; baseline -0.006 -8"><span class='ocrx_word' id='word_1_455' title='bbox 2223 2661 2465 2717; x_wconf 82' lang='lat' dir='ltr'><strong>Facundi</strong></span> <span class='ocrx_word' id='word_1_456' title='bbox 2503 2661 2669 2715; x_wconf 89' lang='lat' dir='ltr'><strong>verba</strong></span> <span class='ocrx_word' id='word_1_457' title='bbox 2702 2660 2923 2725; x_wconf 89' lang='lat' dir='ltr'><strong>docent,</strong></span> <span class='ocrx_word' id='word_1_458' title='bbox 2951 2659 3197 2713; x_wconf 88' lang='lat' dir='ltr'><strong>animose</strong></span> <span class='ocrx_word' id='word_1_459' title='bbox 3231 2658 3417 2712; x_wconf 90' lang='lat' dir='ltr'><strong>minus</strong></span> <span class='ocrx_word' id='word_1_460' title='bbox 3445 2666 3576 2711; x_wconf 91' lang='lat' dir='ltr'><strong>tunc</strong></span> <span class='ocrx_word' id='word_1_461' title='bbox 3598 2663 3739 2710; x_wconf 84' lang='lat' dir='ltr'><strong>tem-</strong></span> 
     </span>
    </p>
   </div>
   <div class='ocr_carea' id='block_1_70' title="bbox 2155 2750 3739 2825">
    <p class='ocr_par' dir='ltr' id='par_1_70' title="bbox 2155 2750 3739 2825">
     <span class='ocr_line' id='line_1_70' title="bbox 2155 2750 3739 2825; baseline -0.003 -19"><span class='ocrx_word' id='word_1_462' title='bbox 2155 2754 2308 2825; x_wconf 84' lang='lat' dir='ltr'><strong>poris</strong></span> <span class='ocrx_word' id='word_1_463' title='bbox 2330 2751 2612 2806; x_wconf 84' lang='lat' dir='ltr'><strong>Theodori</strong></span> <span class='ocrx_word' id='word_1_464' title='bbox 2640 2750 3111 2820; x_wconf 88' lang='lat' dir='ltr'><strong>Theodoretique,</strong></span> <span class='ocrx_word' id='word_1_465' title='bbox 3148 2766 3312 2821; x_wconf 90' lang='lat' dir='ltr'><strong>quam</strong></span> <span class='ocrx_word' id='word_1_466' title='bbox 3346 2750 3456 2806; x_wconf 61' lang='lat' dir='ltr'><strong>Ibat</strong></span> <span class='ocrx_word' id='word_1_467' title='bbox 3504 2762 3739 2803; x_wconf 86' lang='lat' dir='ltr'><strong>causam</strong></span> 
     </span>
    </p>
   </div>
   <div class='ocr_carea' id='block_1_71' title="bbox 2150 2836 3741 2899">
    <p class='ocr_par' dir='ltr' id='par_1_71' title="bbox 2150 2836 3741 2899">
     <span class='ocr_line' id='line_1_71' title="bbox 2150 2836 3741 2899; baseline -0.004 0"><span class='ocrx_word' id='word_1_468' title='bbox 2150 2844 2432 2899; x_wconf 78' lang='lat' dir='ltr'><strong>defensam</strong></span> <span class='ocrx_word' id='word_1_469' title='bbox 2484 2857 2643 2895; x_wconf 88' lang='lat' dir='ltr'><strong>esse:</strong></span> <span class='ocrx_word' id='word_1_470' title='bbox 2680 2856 2806 2895; x_wconf 89' lang='lat' dir='ltr'><strong>nam</strong></span> <span class='ocrx_word' id='word_1_471' title='bbox 2852 2839 3202 2895; x_wconf 85' lang='lat' dir='ltr'><strong>Chalcedone</strong></span> <span class='ocrx_word' id='word_1_472' title='bbox 3231 2839 3374 2894; x_wconf 81' lang='lat' dir='ltr'><strong>lecta</strong></span> <span class='ocrx_word' id='word_1_473' title='bbox 3411 2839 3593 2893; x_wconf 89' lang='lat' dir='ltr'><strong>fuerat</strong></span> <span class='ocrx_word' id='word_1_474' title='bbox 3618 2836 3741 2892; x_wconf 70' lang='lat' dir='ltr'><strong>Iba:</strong></span> 
     </span>
    </p>
   </div>
   <div class='ocr_carea' id='block_1_72' title="bbox 2149 2926 3741 3004">
    <p class='ocr_par' dir='ltr' id='par_1_72' title="bbox 2149 2926 3741 3004">
     <span class='ocr_line' id='line_1_72' title="bbox 2149 2926 3741 3004; baseline -0.006 -16"><span class='ocrx_word' id='word_1_475' title='bbox 2149 2932 2380 3004; x_wconf 86' lang='lat' dir='ltr'><strong>cpistola</strong></span> <span class='ocrx_word' id='word_1_476' title='bbox 2402 2973 2414 2996; x_wconf 94' lang='lat'><strong>,</strong></span> <span class='ocrx_word' id='word_1_477' title='bbox 2448 2947 2556 2984; x_wconf 91' lang='lat' dir='ltr'><strong>non</strong></span> <span class='ocrx_word' id='word_1_478' title='bbox 2607 2931 2737 2984; x_wconf 88' lang='lat' dir='ltr'><strong>item</strong></span> <span class='ocrx_word' id='word_1_479' title='bbox 2780 2930 2949 2983; x_wconf 88' lang='lat' dir='ltr'><strong>ullum</strong></span> <span class='ocrx_word' id='word_1_480' title='bbox 2995 2928 3223 2984; x_wconf 88' lang='lat' dir='ltr'><strong>alterius</strong></span> <span class='ocrx_word' id='word_1_481' title='bbox 3260 2927 3550 2997; x_wconf 88' lang='lat' dir='ltr'><strong>utriusque</strong></span> <span class='ocrx_word' id='word_1_482' title='bbox 3586 2926 3741 2980; x_wconf 86' lang='lat' dir='ltr'><strong>scri-</strong></span> 
     </span>
    </p>
   </div>
   <div class='ocr_carea' id='block_1_73' title="bbox 2151 3012 3742 3093">
    <p class='ocr_par' dir='ltr' id='par_1_73' title="bbox 2151 3012 3742 3093">
     <span class='ocr_line' id='line_1_73' title="bbox 2151 3012 3742 3093; baseline -0.005 -18"><span class='ocrx_word' id='word_1_483' title='bbox 2151 3032 2338 3093; x_wconf 90' lang='lat' dir='ltr'><strong>ptum;</strong></span> <span class='ocrx_word' id='word_1_484' title='bbox 2381 3035 2484 3073; x_wconf 89' lang='lat' dir='ltr'><strong>nec</strong></span> <span class='ocrx_word' id='word_1_485' title='bbox 2538 3019 2680 3073; x_wconf 89' lang='lat' dir='ltr'><strong>lecta</strong></span> <span class='ocrx_word' id='word_1_486' title='bbox 2727 3017 2906 3072; x_wconf 88' lang='lat' dir='ltr'><strong>solum</strong></span> <span class='ocrx_word' id='word_1_487' title='bbox 2958 3017 3195 3087; x_wconf 89' lang='lat' dir='ltr'><strong>epistola</strong></span> <span class='ocrx_word' id='word_1_488' title='bbox 3229 3025 3335 3081; x_wconf 90' lang='lat' dir='ltr'><strong>est,</strong></span> <span class='ocrx_word' id='word_1_489' title='bbox 3397 3015 3495 3070; x_wconf 90' lang='lat' dir='ltr'><strong>sed</strong></span> <span class='ocrx_word' id='word_1_490' title='bbox 3554 3012 3742 3069; x_wconf 88' lang='lat' dir='ltr'><strong>videri</strong></span> 
     </span>
    </p>
   </div>
   <div class='ocr_carea' id='block_1_74' title="bbox 2151 3105 3742 3184">
    <p class='ocr_par' dir='ltr' id='par_1_74' title="bbox 2151 3105 3742 3184">
     <span class='ocr_line' id='line_1_74' title="bbox 2151 3105 3742 3184; baseline -0.004 -19"><span class='ocrx_word' id='word_1_491' title='bbox 2151 3113 2331 3184; x_wconf 83' lang='lat' dir='ltr'><strong>potuit</strong></span> <span class='ocrx_word' id='word_1_492' title='bbox 2369 3126 2399 3165; x_wconf 91' lang='lat' dir='ltr'><strong>a</strong></span> <span class='ocrx_word' id='word_1_493' title='bbox 2426 3108 2682 3164; x_wconf 89' lang='lat' dir='ltr'><strong>Patribus</strong></span> <span class='ocrx_word' id='word_1_494' title='bbox 2702 3116 2799 3162; x_wconf 88' lang='lat' dir='ltr'><strong>aut</strong></span> <span class='ocrx_word' id='word_1_495' title='bbox 2824 3109 3144 3178; x_wconf 88' lang='lat' dir='ltr'><strong>approbata,</strong></span> <span class='ocrx_word' id='word_1_496' title='bbox 3170 3117 3266 3163; x_wconf 88' lang='lat' dir='ltr'><strong>aut</strong></span> <span class='ocrx_word' id='word_1_497' title='bbox 3301 3116 3452 3162; x_wconf 87' lang='lat' dir='ltr'><strong>certe</strong></span> <span class='ocrx_word' id='word_1_498' title='bbox 3480 3120 3594 3160; x_wconf 90' lang='lat' dir='ltr'><strong>non</strong></span> <span class='ocrx_word' id='word_1_499' title='bbox 3622 3105 3742 3160; x_wconf 86' lang='lat' dir='ltr'><strong>im—</strong></span> 
     </span>
    </p>
   </div>
   <div class='ocr_carea' id='block_1_75' title="bbox 2150 3196 3743 3274">
    <p class='ocr_par' dir='ltr' id='par_1_75' title="bbox 2150 3196 3743 3274">
     <span class='ocr_line' id='line_1_75' title="bbox 2150 3196 3743 3274; baseline -0.004 -17"><span class='ocrx_word' id='word_1_500' title='bbox 2150 3203 2421 3274; x_wconf 88' lang='lat' dir='ltr'><strong>probata:</strong></span> <span class='ocrx_word' id='word_1_501' title='bbox 2478 3215 2589 3255; x_wconf 91' lang='lat' dir='ltr'><strong>non</strong></span> <span class='ocrx_word' id='word_1_502' title='bbox 2631 3199 2812 3269; x_wconf 87' lang='lat' dir='ltr'><strong>potuit</strong></span> <span class='ocrx_word' id='word_1_503' title='bbox 2863 3200 3031 3270; x_wconf 82' lang='lat' dir='ltr'><strong>igitur</strong></span> <span class='ocrx_word' id='word_1_504' title='bbox 3061 3198 3128 3253; x_wconf 92' lang='lat' dir='ltr'><strong>ad</strong></span> <span class='ocrx_word' id='word_1_505' title='bbox 3178 3213 3408 3253; x_wconf 79' lang='lat' dir='ltr'><strong>examen</strong></span> <span class='ocrx_word' id='word_1_506' title='bbox 3480 3196 3743 3252; x_wconf 89' lang='lat' dir='ltr'><strong>revocari</strong></span> 
     </span>
    </p>
   </div>
   <div class='ocr_carea' id='block_1_76' title="bbox 2150 3284 3744 3357">
    <p class='ocr_par' dir='ltr' id='par_1_76' title="bbox 2150 3284 3744 3357">
     <span class='ocr_line' id='line_1_76' title="bbox 2150 3284 3744 3357; baseline -0.004 -12"><span class='ocrx_word' id='word_1_507' title='bbox 2150 3292 2271 3345; x_wconf 89' lang='lat' dir='ltr'><strong>sine</strong></span> <span class='ocrx_word' id='word_1_508' title='bbox 2300 3287 2605 3343; x_wconf 86' lang='lat' dir='ltr'><strong>offensione</strong></span> <span class='ocrx_word' id='word_1_509' title='bbox 2636 3287 2881 3351; x_wconf 90' lang='lat' dir='ltr'><strong>Patrum,</strong></span> <span class='ocrx_word' id='word_1_510' title='bbox 2912 3287 3031 3341; x_wconf 88' lang='lat' dir='ltr'><strong>sine</strong></span> <span class='ocrx_word' id='word_1_511' title='bbox 3048 3303 3156 3357; x_wconf 90' lang='lat' dir='ltr'><strong>qua</strong></span> <span class='ocrx_word' id='word_1_512' title='bbox 3204 3297 3387 3342; x_wconf 88' lang='lat' dir='ltr'><strong>tamen</strong></span> <span class='ocrx_word' id='word_1_513' title='bbox 3427 3284 3744 3340; x_wconf 80' lang='lat' dir='ltr'><strong>examinari</strong></span> 
     </span>
    </p>
   </div>
   <div class='ocr_carea' id='block_1_77' title="bbox 2150 3377 3742 3450">
    <p class='ocr_par' dir='ltr' id='par_1_77' title="bbox 2150 3377 3742 3450">
     <span class='ocr_line' id='line_1_77' title="bbox 2150 3377 3742 3450; baseline -0.004 -13"><span class='ocrx_word' id='word_1_514' title='bbox 2150 3382 2233 3438; x_wconf 90' lang='lat' dir='ltr'><strong>fas</strong></span> <span class='ocrx_word' id='word_1_515' title='bbox 2263 3389 2383 3436; x_wconf 90' lang='lat' dir='ltr'><strong>erat</strong></span> <span class='ocrx_word' id='word_1_516' title='bbox 2408 3377 2534 3446; x_wconf 91' lang='lat' dir='ltr'><strong>alia,</strong></span> <span class='ocrx_word' id='word_1_517' title='bbox 2565 3395 2687 3450; x_wconf 67' lang='lat' dir='ltr'><strong>qua:</strong></span> <span class='ocrx_word' id='word_1_518' title='bbox 2729 3378 3078 3435; x_wconf 84' lang='lat' dir='ltr'><strong>Chalcedone</strong></span> <span class='ocrx_word' id='word_1_519' title='bbox 3106 3396 3176 3434; x_wconf 89' lang='lat' dir='ltr'><strong>ne</strong></span> <span class='ocrx_word' id='word_1_520' title='bbox 3200 3382 3483 3450; x_wconf 81' lang='lat' dir='ltr'><strong>proposita</strong></span> <span class='ocrx_word' id='word_1_521' title='bbox 3502 3377 3742 3449; x_wconf 85' lang='lat' dir='ltr'><strong>quidem</strong></span> 
     </span>
    </p>
   </div>
   <div class='ocr_carea' id='block_1_78' title="bbox 2151 3472 3743 3543">
    <p class='ocr_par' dir='ltr' id='par_1_78' title="bbox 2151 3472 3743 3543">
     <span class='ocr_line' id='line_1_78' title="bbox 2151 3472 3743 3543; baseline -0.003 -14"><span class='ocrx_word' id='word_1_522' title='bbox 2151 3475 2392 3538; x_wconf 85' lang='lat' dir='ltr'><strong>fuerant,</strong></span> <span class='ocrx_word' id='word_1_523' title='bbox 2419 3483 2631 3528; x_wconf 86' lang='lat' dir='ltr'><strong>tantum</strong></span> <span class='ocrx_word' id='word_1_524' title='bbox 2651 3472 2811 3527; x_wconf 85' lang='lat' dir='ltr'><strong>abest</strong></span> <span class='ocrx_word' id='word_1_525' title='bbox 2846 3481 2906 3527; x_wconf 88' lang='lat' dir='ltr'><strong>nt</strong></span> <span class='ocrx_word' id='word_1_526' title='bbox 2940 3473 3209 3543; x_wconf 88' lang='lat' dir='ltr'><strong>probata;</strong></span> <span class='ocrx_word' id='word_1_527' title='bbox 3270 3472 3384 3526; x_wconf 90' lang='lat' dir='ltr'><strong>imo</strong></span> <span class='ocrx_word' id='word_1_528' title='bbox 3416 3487 3539 3541; x_wconf 67' lang='lat' dir='ltr'><strong>quae</strong></span> <span class='ocrx_word' id='word_1_529' title='bbox 3570 3486 3743 3525; x_wconf 80' lang='lat' dir='ltr'><strong>erro-</strong></span> 
     </span>
    </p>
   </div>
   <div class='ocr_carea' id='block_1_79' title="bbox 2152 3563 3584 3635">
    <p class='ocr_par' dir='ltr' id='par_1_79' title="bbox 2152 3563 3584 3635">
     <span class='ocr_line' id='line_1_79' title="bbox 2152 3563 3584 3635; baseline -0.002 -15"><span class='ocrx_word' id='word_1_530' title='bbox 2152 3581 2268 3620; x_wconf 91' lang='lat' dir='ltr'><strong>rem</strong></span> <span class='ocrx_word' id='word_1_531' title='bbox 2293 3566 2577 3619; x_wconf 88' lang='lat' dir='ltr'><strong>continere</strong></span> <span class='ocrx_word' id='word_1_532' title='bbox 2609 3563 2848 3635; x_wconf 82' lang='lat' dir='ltr'><strong>Cyrillus</strong></span> <span class='ocrx_word' id='word_1_533' title='bbox 2886 3564 3261 3635; x_wconf 85' lang='lat' dir='ltr'><strong>impugnando</strong></span> <span class='ocrx_word' id='word_1_534' title='bbox 3296 3563 3584 3619; x_wconf 89' lang='lat' dir='ltr'><strong>docuerat.</strong></span> 
     </span>
    </p>
   </div>
   <div class='ocr_carea' id='block_1_80' title="bbox 2220 3654 3747 3727">
    <p class='ocr_par' dir='ltr' id='par_1_80' title="bbox 2220 3654 3747 3727">
     <span class='ocr_line' id='line_1_80' title="bbox 2220 3654 3747 3727; baseline -0.003 -14"><span class='ocrx_word' id='word_1_535' title='bbox 2220 3656 2523 3713; x_wconf 86' lang='lat' dir='ltr'><strong>Causarum</strong></span> <span class='ocrx_word' id='word_1_536' title='bbox 2577 3655 2850 3727; x_wconf 88' lang='lat' dir='ltr'><strong>ejusmodi</strong></span> <span class='ocrx_word' id='word_1_537' title='bbox 2893 3654 3176 3710; x_wconf 89' lang='lat' dir='ltr'><strong>distinctio</strong></span> <span class='ocrx_word' id='word_1_538' title='bbox 3227 3670 3338 3709; x_wconf 91' lang='lat' dir='ltr'><strong>non</strong></span> <span class='ocrx_word' id='word_1_539' title='bbox 3398 3655 3638 3726; x_wconf 86' lang='lat' dir='ltr'><strong>primum</strong></span> <span class='ocrx_word' id='word_1_540' title='bbox 3679 3654 3747 3708; x_wconf 87' lang='lat' dir='ltr'><strong>in</strong></span> 
     </span>
    </p>
   </div>
   <div class='ocr_carea' id='block_1_81' title="bbox 2151 3745 3750 3819">
    <p class='ocr_par' dir='ltr' id='par_1_81' title="bbox 2151 3745 3750 3819">
     <span class='ocr_line' id='line_1_81' title="bbox 2151 3745 3750 3819; baseline -0.004 -15"><span class='ocrx_word' id='word_1_541' title='bbox 2151 3748 2331 3819; x_wconf 71' lang='lat' dir='ltr'><strong>Vigilii</strong></span> <span class='ocrx_word' id='word_1_542' title='bbox 2373 3746 2611 3803; x_wconf 86' lang='lat' dir='ltr'><strong>concilio</strong></span> <span class='ocrx_word' id='word_1_543' title='bbox 2637 3746 2910 3811; x_wconf 90' lang='lat' dir='ltr'><strong>innotuit,</strong></span> <span class='ocrx_word' id='word_1_544' title='bbox 2948 3745 3045 3801; x_wconf 85' lang='lat' dir='ltr'><strong>sed</strong></span> <span class='ocrx_word' id='word_1_545' title='bbox 3089 3748 3202 3817; x_wconf 88' lang='lat' dir='ltr'><strong>jam</strong></span> <span class='ocrx_word' id='word_1_546' title='bbox 3253 3746 3469 3816; x_wconf 86' lang='lat' dir='ltr'><strong>pridem</strong></span> <span class='ocrx_word' id='word_1_547' title='bbox 3513 3745 3583 3799; x_wconf 85' lang='lat' dir='ltr'><strong>ab</strong></span> <span class='ocrx_word' id='word_1_548' title='bbox 3605 3758 3750 3798; x_wconf 88' lang='lat' dir='ltr'><strong>eru-</strong></span> 
     </span>
    </p>
   </div>
   <div class='ocr_carea' id='block_1_82' title="bbox 2152 3837 3750 3911">
    <p class='ocr_par' dir='ltr' id='par_1_82' title="bbox 2152 3837 3750 3911">
     <span class='ocr_line' id='line_1_82' title="bbox 2152 3837 3750 3911; baseline -0.004 -16"><span class='ocrx_word' id='word_1_549' title='bbox 2152 3841 2282 3895; x_wconf 86' lang='lat' dir='ltr'><strong>ditis</strong></span> <span class='ocrx_word' id='word_1_550' title='bbox 2327 3848 2617 3911; x_wconf 85' lang='lat' dir='ltr'><strong>perspccta</strong></span> <span class='ocrx_word' id='word_1_551' title='bbox 2662 3838 2842 3892; x_wconf 90' lang='lat' dir='ltr'><strong>fuerat</strong></span> <span class='ocrx_word' id='word_1_552' title='bbox 2875 3856 2889 3893; x_wconf 93' lang='lat'><strong>:</strong></span> <span class='ocrx_word' id='word_1_553' title='bbox 2931 3853 3056 3893; x_wconf 86' lang='lat' dir='ltr'><strong>nam</strong></span> <span class='ocrx_word' id='word_1_554' title='bbox 3090 3838 3259 3893; x_wconf 80' lang='lat' dir='ltr'><strong>Roma</strong></span> <span class='ocrx_word' id='word_1_555' title='bbox 3284 3837 3538 3908; x_wconf 78' lang='lat' dir='ltr'><strong>Pelagius</strong></span> <span class='ocrx_word' id='word_1_556' title='bbox 3560 3876 3575 3901; x_wconf 90' lang='lat'><strong>,</strong></span> <span class='ocrx_word' id='word_1_557' title='bbox 3606 3843 3750 3890; x_wconf 85' lang='lat' dir='ltr'><strong>ante</strong></span> 
     </span>
    </p>
   </div>
   <div class='ocr_carea' id='block_1_83' title="bbox 2150 3929 3753 4001">
    <p class='ocr_par' dir='ltr' id='par_1_83' title="bbox 2150 3929 3753 4001">
     <span class='ocr_line' id='line_1_83' title="bbox 2150 3929 3753 4001; baseline -0.002 -13"><span class='ocrx_word' id='word_1_558' title='bbox 2150 3934 2456 3988; x_wconf 83' lang='lat' dir='ltr'><strong>discessum</strong></span> <span class='ocrx_word' id='word_1_559' title='bbox 2516 3931 2826 4001; x_wconf 78' lang='lat' dir='ltr'><strong>pontificis,</strong></span> <span class='ocrx_word' id='word_1_560' title='bbox 2882 3929 3225 3985; x_wconf 80' lang='lat' dir='ltr'><strong>Ferrandnm</strong></span> <span class='ocrx_word' id='word_1_561' title='bbox 3280 3929 3753 3999; x_wconf 73' lang='lat' dir='ltr'><strong>Carthaginiensis</strong></span> 
     </span>
    </p>
   </div>
   <div class='ocr_carea' id='block_1_84' title="bbox 2154 4021 3754 4095">
    <p class='ocr_par' dir='ltr' id='par_1_84' title="bbox 2154 4021 3754 4095">
     <span class='ocr_line' id='line_1_84' title="bbox 2154 4021 3754 4095; baseline -0.001 -15"><span class='ocrx_word' id='word_1_562' title='bbox 2154 4025 2409 4080; x_wconf 63' lang='lat' dir='ltr'><strong>Ecclesiae</strong></span> <span class='ocrx_word' id='word_1_563' title='bbox 2455 4025 2770 4088; x_wconf 86' lang='lat' dir='ltr'><strong>diaconum,</strong></span> <span class='ocrx_word' id='word_1_564' title='bbox 2821 4040 2885 4079; x_wconf 86' lang='lat' dir='ltr'><strong>ea</strong></span> <span class='ocrx_word' id='word_1_565' title='bbox 2940 4031 3271 4095; x_wconf 89' lang='lat' dir='ltr'><strong>tempestate</strong></span> <span class='ocrx_word' id='word_1_566' title='bbox 3320 4022 3618 4085; x_wconf 89' lang='lat' dir='ltr'><strong>celebrem,</strong></span> <span class='ocrx_word' id='word_1_567' title='bbox 3669 4021 3754 4078; x_wconf 81' lang='lat' dir='ltr'><strong>do</strong></span> 
     </span>
    </p>
   </div>
   <div class='ocr_carea' id='block_1_85' title="bbox 2152 4113 3754 4186">
    <p class='ocr_par' dir='ltr' id='par_1_85' title="bbox 2152 4113 3754 4186">
     <span class='ocr_line' id='line_1_85' title="bbox 2152 4113 3754 4186; baseline -0.003 -14"><span class='ocrx_word' id='word_1_568' title='bbox 2152 4119 2265 4173; x_wconf 89' lang='lat' dir='ltr'><strong>sola</strong></span> <span class='ocrx_word' id='word_1_569' title='bbox 2289 4117 2396 4171; x_wconf 69' lang='lat' dir='ltr'><strong>lbae</strong></span> <span class='ocrx_word' id='word_1_570' title='bbox 2416 4116 2650 4186; x_wconf 86' lang='lat' dir='ltr'><strong>cpistola</strong></span> <span class='ocrx_word' id='word_1_571' title='bbox 2672 4116 3004 4171; x_wconf 87' lang='lat' dir='ltr'><strong>sententiam</strong></span> <span class='ocrx_word' id='word_1_572' title='bbox 3056 4123 3381 4185; x_wconf 70' lang='lat' dir='ltr'><strong>rogaverat:</strong></span> <span class='ocrx_word' id='word_1_573' title='bbox 3418 4113 3754 4169; x_wconf 68' lang='lat' dir='ltr'><strong>Ferrandtzs</strong></span> 
     </span>
    </p>
   </div>
   <div class='ocr_carea' id='block_1_86' title="bbox 2151 4205 3751 4276">
    <p class='ocr_par' dir='ltr' id='par_1_86' title="bbox 2151 4205 3751 4276">
     <span class='ocr_line' id='line_1_86' title="bbox 2151 4205 3751 4276; baseline -0.001 -14"><span class='ocrx_word' id='word_1_574' title='bbox 2151 4217 2301 4262; x_wconf 87' lang='lat' dir='ltr'><strong>certe</strong></span> <span class='ocrx_word' id='word_1_575' title='bbox 2331 4208 2399 4262; x_wconf 88' lang='lat' dir='ltr'><strong>de</strong></span> <span class='ocrx_word' id='word_1_576' title='bbox 2440 4208 2555 4262; x_wconf 89' lang='lat' dir='ltr'><strong>sola</strong></span> <span class='ocrx_word' id='word_1_577' title='bbox 2613 4206 2918 4276; x_wconf 87' lang='lat' dir='ltr'><strong>respondit,</strong></span> <span class='ocrx_word' id='word_1_578' title='bbox 2951 4214 3007 4260; x_wconf 89' lang='lat' dir='ltr'><strong>et</strong></span> <span class='ocrx_word' id='word_1_579' title='bbox 3059 4206 3126 4261; x_wconf 91' lang='lat' dir='ltr'><strong>de</strong></span> <span class='ocrx_word' id='word_1_580' title='bbox 3151 4205 3324 4261; x_wconf 88' lang='lat' dir='ltr'><strong>solius</strong></span> <span class='ocrx_word' id='word_1_581' title='bbox 3349 4205 3558 4276; x_wconf 90' lang='lat' dir='ltr'><strong>judicio</strong></span> <span class='ocrx_word' id='word_1_582' title='bbox 3597 4220 3751 4260; x_wconf 82' lang='lat' dir='ltr'><strong>con-</strong></span> 
     </span>
    </p>
   </div>
   <div class='ocr_carea' id='block_1_87' title="bbox 2151 4296 3756 4371">
    <p class='ocr_par' dir='ltr' id='par_1_87' title="bbox 2151 4296 3756 4371">
     <span class='ocr_line' id='line_1_87' title="bbox 2151 4296 3756 4371; baseline -0.001 -18"><span class='ocrx_word' id='word_1_583' title='bbox 2151 4297 2944 4371; x_wconf 79' lang='lat' dir='ltr'><strong>querentcsClialcedonenses</strong></span> <span class='ocrx_word' id='word_1_584' title='bbox 2971 4298 3163 4352; x_wconf 88' lang='lat' dir='ltr'><strong>Patres</strong></span> <span class='ocrx_word' id='word_1_585' title='bbox 3188 4296 3531 4369; x_wconf 80' lang='lat' dir='ltr'><strong>exaggeratis</strong></span> <span class='ocrx_word' id='word_1_586' title='bbox 3552 4296 3756 4352; x_wconf 85' lang='lat' dir='ltr'><strong>verbis</strong></span> 
     </span>
    </p>
   </div>
   <div class='ocr_carea' id='block_1_88' title="bbox 2152 4380 3757 4461">
    <p class='ocr_par' dir='ltr' id='par_1_88' title="bbox 2152 4380 3757 4461">
     <span class='ocr_line' id='line_1_88' title="bbox 2152 4380 3757 4461; baseline -0.002 -14"><span class='ocrx_word' id='word_1_587' title='bbox 2152 4392 2383 4447; x_wconf 86' lang='lat' dir='ltr'><strong>inducit.</strong></span> <span class='ocrx_word' id='word_1_588' title='bbox 2430 4391 2532 4445; x_wconf 69' lang='lat' dir='ltr'><strong>«In</strong></span> <span class='ocrx_word' id='word_1_589' title='bbox 2587 4380 2906 4455; x_wconf 84' lang='lat' dir='ltr'><strong>novissima,</strong></span> <span class='ocrx_word' id='word_1_590' title='bbox 2961 4389 3159 4461; x_wconf 88' lang='lat' dir='ltr'><strong>inquit,</strong></span> <span class='ocrx_word' id='word_1_591' title='bbox 3201 4389 3611 4446; x_wconf 88' lang='lat' dir='ltr'><strong>resurrectione</strong></span> <span class='ocrx_word' id='word_1_592' title='bbox 3654 4390 3757 4443; x_wconf 78' lang='lat' dir='ltr'><strong>di-</strong></span> 
     </span>
    </p>
   </div>
   <div class='ocr_carea' id='block_1_89' title="bbox 2152 4480 3761 4553">
    <p class='ocr_par' dir='ltr' id='par_1_89' title="bbox 2152 4480 3761 4553">
     <span class='ocr_line' id='line_1_89' title="bbox 2152 4480 3761 4553; baseline -0.002 -14"><span class='ocrx_word' id='word_1_593' title='bbox 2152 4494 2280 4539; x_wconf 89' lang='lat' dir='ltr'><strong>cant</strong></span> <span class='ocrx_word' id='word_1_594' title='bbox 2307 4484 2408 4537; x_wconf 87' lang='lat' dir='ltr'><strong>viri</strong></span> <span class='ocrx_word' id='word_1_595' title='bbox 2433 4481 2708 4553; x_wconf 80' lang='lat' dir='ltr'><strong>religiosi:</strong></span> <span class='ocrx_word' id='word_1_596' title='bbox 2737 4480 2850 4538; x_wconf 89' lang='lat' dir='ltr'><strong>Cur</strong></span> <span class='ocrx_word' id='word_1_597' title='bbox 2874 4482 3163 4553; x_wconf 87' lang='lat' dir='ltr'><strong>epistolam</strong></span> <span class='ocrx_word' id='word_1_598' title='bbox 3188 4481 3550 4552; x_wconf 90' lang='lat' dir='ltr'><strong>reprobastis,</strong></span> <span class='ocrx_word' id='word_1_599' title='bbox 3576 4483 3761 4552; x_wconf 86' lang='lat' dir='ltr'><strong>cujus</strong></span> 
     </span>
    </p>
   </div>
   <div class='ocr_carea' id='block_1_90' title="bbox 434 4570 3759 4647">
    <p class='ocr_par' dir='ltr' id='par_1_90' title="bbox 434 4570 3759 4647">
     <span class='ocr_line' id='line_1_90' title="bbox 434 4570 3759 4647; baseline 0.001 -23"><span class='ocrx_word' id='word_1_600' title='bbox 434 4570 746 4640; x_wconf 71' lang='lat' dir='ltr'><strong>defensor,</strong></span> <span class='ocrx_word' id='word_1_601' title='bbox 802 4590 1085 4645; x_wconf 87' lang='lat' dir='ltr'><strong>nunquam</strong></span> <span class='ocrx_word' id='word_1_602' title='bbox 1116 4576 1250 4631; x_wconf 82' lang='lat' dir='ltr'><strong>satis</strong></span> <span class='ocrx_word' id='word_1_603' title='bbox 1292 4574 1603 4630; x_wconf 85' lang='lat' dir='ltr'><strong>laudandus</strong></span> <span class='ocrx_word' id='word_1_604' title='bbox 1632 4617 1645 4642; x_wconf 95' lang='lat'><strong>,</strong></span> <span class='ocrx_word' id='word_1_605' title='bbox 1694 4577 1738 4629; x_wconf 84' lang='lat' dir='ltr'><strong>si</strong></span> <span class='ocrx_word' id='word_1_606' title='bbox 1780 4575 2039 4646; x_wconf 81' lang='lat' dir='ltr'><strong>Vigiliutn</strong></span> <span class='ocrx_word' id='word_1_607' title='bbox 2076 4593 2121 4647; x_wconf 81' lang='grc' dir='ltr'><strong>ι)</strong></span> <span class='ocrx_word' id='word_1_608' title='bbox 2152 4573 2479 4629; x_wconf 86' lang='lat' dir='ltr'><strong>catholicam</strong></span> <span class='ocrx_word' id='word_1_609' title='bbox 2507 4588 2628 4629; x_wconf 89' lang='lat' dir='ltr'><strong>esse</strong></span> <span class='ocrx_word' id='word_1_610' title='bbox 2659 4573 2958 4628; x_wconf 87' lang='lat' dir='ltr'><strong>dictionem</strong></span> <span class='ocrx_word' id='word_1_611' title='bbox 3014 4575 3309 4638; x_wconf 88' lang='lat' dir='ltr'><strong>sensimus,</strong></span> <span class='ocrx_word' id='word_1_612' title='bbox 3344 4571 3603 4638; x_wconf 74' lang='lat' dir='ltr'><strong>diximus,</strong></span> <span class='ocrx_word' id='word_1_613' title='bbox 3650 4572 3759 4644; x_wconf 84' lang='lat' dir='ltr'><strong>ju-</strong></span> 
     </span>
    </p>
   </div>
   <div class='ocr_carea' id='block_1_91' title="bbox 467 4660 3765 4737">
    <p class='ocr_par' dir='ltr' id='par_1_91' title="bbox 467 4660 3765 4737">
     <span class='ocr_line' id='line_1_91' title="bbox 467 4660 3765 4737; baseline 0 -20"><span class='ocrx_word' id='word_1_614' title='bbox 467 4660 664 4718; x_wconf 81' lang='lat' dir='ltr'><strong>ducem</strong></span> <span class='ocrx_word' id='word_1_615' title='bbox 689 4667 845 4735; x_wconf 86' lang='lat' dir='ltr'><strong>sequi</strong></span> <span class='ocrx_word' id='word_1_616' title='bbox 878 4667 1180 4734; x_wconf 87' lang='lat' dir='ltr'><strong>maluisset,</strong></span> <span class='ocrx_word' id='word_1_617' title='bbox 1208 4683 1331 4723; x_wconf 90' lang='lat' dir='ltr'><strong>cum</strong></span> <span class='ocrx_word' id='word_1_618' title='bbox 1366 4668 1519 4737; x_wconf 89' lang='lat' dir='ltr'><strong>pacis</strong></span> <span class='ocrx_word' id='word_1_619' title='bbox 1548 4683 1713 4721; x_wconf 85' lang='lat' dir='ltr'><strong>causa</strong></span> <span class='ocrx_word' id='word_1_620' title='bbox 1745 4667 2048 4737; x_wconf 87' lang='lat' dir='ltr'><strong>prudenter</strong></span> <span class='ocrx_word' id='word_1_621' title='bbox 2147 4665 2475 4731; x_wconf 88' lang='lat' dir='ltr'><strong>dicavimus,</strong></span> <span class='ocrx_word' id='word_1_622' title='bbox 2503 4674 2561 4720; x_wconf 92' lang='lat' dir='ltr'><strong>et</strong></span> <span class='ocrx_word' id='word_1_623' title='bbox 2599 4665 2867 4737; x_wconf 88' lang='lat' dir='ltr'><strong>judicium</strong></span> <span class='ocrx_word' id='word_1_624' title='bbox 2900 4675 3153 4721; x_wconf 89' lang='lat' dir='ltr'><strong>nostrum</strong></span> <span class='ocrx_word' id='word_1_625' title='bbox 3205 4662 3612 4720; x_wconf 88' lang='lat' dir='ltr'><strong>subscribendo</strong></span> <span class='ocrx_word' id='word_1_626' title='bbox 3645 4662 3765 4718; x_wconf 84' lang='lat' dir='ltr'><strong>fir-</strong></span> 
     </span>
    </p>
   </div>
   <div class='ocr_carea' id='block_1_92' title="bbox 466 4753 2047 4829">
    <p class='ocr_par' dir='ltr' id='par_1_92' title="bbox 466 4753 2047 4829">
     <span class='ocr_line' id='line_1_92' title="bbox 466 4753 2047 4829; baseline 0.005 -23"><span class='ocrx_word' id='word_1_627' title='bbox 466 4753 764 4824; x_wconf 85' lang='lat' dir='ltr'><strong>aliquidde</strong></span> <span class='ocrx_word' id='word_1_628' title='bbox 785 4757 1020 4827; x_wconf 88' lang='lat' dir='ltr'><strong>pristino</strong></span> <span class='ocrx_word' id='word_1_629' title='bbox 1051 4759 1231 4829; x_wconf 84' lang='lat' dir='ltr'><strong>rigore</strong></span> <span class='ocrx_word' id='word_1_630' title='bbox 1286 4758 1524 4824; x_wconf 88' lang='lat' dir='ltr'><strong>remisit,</strong></span> <span class='ocrx_word' id='word_1_631' title='bbox 1561 4773 1727 4828; x_wconf 87' lang='lat' dir='ltr'><strong>quam</strong></span> <span class='ocrx_word' id='word_1_632' title='bbox 1756 4773 1881 4812; x_wconf 90' lang='lat' dir='ltr'><strong>cum</strong></span> <span class='ocrx_word' id='word_1_633' title='bbox 1931 4758 2047 4825; x_wconf 87' lang='lat' dir='ltr'><strong>suis</strong></span> 
     </span>
    </p>
   </div>
   <div class='ocr_carea' id='block_1_93' title="bbox 465 4846 2044 4919">
    <p class='ocr_par' dir='ltr' id='par_1_93' title="bbox 465 4846 2044 4919">
     <span class='ocr_line' id='line_1_93' title="bbox 465 4846 2044 4919; baseline 0.003 -19"><span class='ocrx_word' id='word_1_634' title='bbox 465 4846 614 4901; x_wconf 84' lang='lat' dir='ltr'><strong>Afris</strong></span> <span class='ocrx_word' id='word_1_635' title='bbox 645 4862 922 4903; x_wconf 83' lang='lat' dir='ltr'><strong>summum</strong></span> <span class='ocrx_word' id='word_1_636' title='bbox 949 4848 1293 4919; x_wconf 71' lang='lat' dir='ltr'><strong>pontificem,</strong></span> <span class='ocrx_word' id='word_1_637' title='bbox 1346 4850 1492 4904; x_wconf 84' lang='lat' dir='ltr'><strong>ultra</strong></span> <span class='ocrx_word' id='word_1_638' title='bbox 1540 4850 1865 4905; x_wconf 66' lang='lat' dir='ltr'><strong>reverentiae</strong></span> <span class='ocrx_word' id='word_1_639' title='bbox 1924 4864 2044 4904; x_wconf 91' lang='lat' dir='ltr'><strong>mo-</strong></span> 
     </span>
    </p>
   </div>
   <div class='ocr_carea' id='block_1_94' title="bbox 464 4937 908 5009">
    <p class='ocr_par' dir='ltr' id='par_1_94' title="bbox 464 4937 908 5009">
     <span class='ocr_line' id='line_1_94' title="bbox 464 4937 908 5009; baseline 0.005 -18"><span class='ocrx_word' id='word_1_640' title='bbox 464 4937 624 5004; x_wconf 74' lang='lat' dir='ltr'><strong>dum,</strong></span> <span class='ocrx_word' id='word_1_641' title='bbox 655 4953 908 5009; x_wconf 75' lang='lat' dir='ltr'><strong>arguere.</strong></span> 
     </span>
    </p>
   </div>
   <div class='ocr_carea' id='block_1_95' title="bbox 536 5028 2046 5108">
    <p class='ocr_par' dir='ltr' id='par_1_95' title="bbox 536 5028 2046 5108">
     <span class='ocr_line' id='line_1_95' title="bbox 536 5028 2046 5108; baseline 0.005 -23"><span class='ocrx_word' id='word_1_642' title='bbox 536 5028 658 5098; x_wconf 81' lang='lat' dir='ltr'><strong>Quo</strong></span> <span class='ocrx_word' id='word_1_643' title='bbox 683 5040 928 5102; x_wconf 87' lang='lat' dir='ltr'><strong>tempore</strong></span> <span class='ocrx_word' id='word_1_644' title='bbox 954 5032 1184 5104; x_wconf 84' lang='lat' dir='ltr'><strong>Vigilius</strong></span> <span class='ocrx_word' id='word_1_645' title='bbox 1215 5034 1511 5089; x_wconf 78' lang='lat' dir='ltr'><strong>concilium</strong></span> <span class='ocrx_word' id='word_1_646' title='bbox 1564 5036 1858 5101; x_wconf 78' lang='lat' dir='ltr'><strong>contraxit,</strong></span> <span class='ocrx_word' id='word_1_647' title='bbox 1905 5038 2046 5108; x_wconf 84' lang='lat' dir='ltr'><strong>jam-</strong></span> 
     </span>
    </p>
   </div>
   <div class='ocr_carea' id='block_1_96' title="bbox 465 5118 2045 5197">
    <p class='ocr_par' dir='ltr' id='par_1_96' title="bbox 465 5118 2045 5197">
     <span class='ocr_line' id='line_1_96' title="bbox 465 5118 2045 5197; baseline 0.008 -25"><span class='ocrx_word' id='word_1_648' title='bbox 465 5118 683 5175; x_wconf 78' lang='lat' dir='ltr'><strong>dudum</strong></span> <span class='ocrx_word' id='word_1_649' title='bbox 728 5119 819 5175; x_wconf 80' lang='lat' dir='ltr'><strong>ille</strong></span> <span class='ocrx_word' id='word_1_650' title='bbox 869 5120 1350 5194; x_wconf 86' lang='lat' dir='ltr'><strong>Constantinopoli</strong></span> <span class='ocrx_word' id='word_1_651' title='bbox 1393 5124 1735 5190; x_wconf 83' lang='lat' dir='ltr'><strong>morabatur,</strong></span> <span class='ocrx_word' id='word_1_652' title='bbox 1774 5141 1942 5197; x_wconf 82' lang='lat' dir='ltr'><strong>agens</strong></span> <span class='ocrx_word' id='word_1_653' title='bbox 1988 5127 2045 5183; x_wconf 87' lang='lat' dir='ltr'><strong>in</strong></span> 
     </span>
    </p>
   </div>
   <div class='ocr_carea' id='block_1_97' title="bbox 466 5211 2048 5289">
    <p class='ocr_par' dir='ltr' id='par_1_97' title="bbox 466 5211 2048 5289">
     <span class='ocr_line' id='line_1_97' title="bbox 466 5211 2048 5289; baseline 0.008 -24"><span class='ocrx_word' id='word_1_654' title='bbox 466 5211 634 5269; x_wconf 79' lang='lat' dir='ltr'><strong>rebus</strong></span> <span class='ocrx_word' id='word_1_655' title='bbox 666 5211 929 5269; x_wconf 68' lang='lat' dir='ltr'><strong>Ecclesia:</strong></span> <span class='ocrx_word' id='word_1_656' title='bbox 985 5214 1280 5281; x_wconf 70' lang='lat' dir='ltr'><strong>Africanae,</strong></span> <span class='ocrx_word' id='word_1_657' title='bbox 1336 5232 1698 5289; x_wconf 88' lang='lat' dir='ltr'><strong>magnamque</strong></span> <span class='ocrx_word' id='word_1_658' title='bbox 1739 5219 1943 5276; x_wconf 89' lang='lat' dir='ltr'><strong>ibidem</strong></span> <span class='ocrx_word' id='word_1_659' title='bbox 1992 5232 2048 5278; x_wconf 89' lang='lat' dir='ltr'><strong>et</strong></span> 
     </span>
    </p>
   </div>
   <div class='ocr_carea' id='block_1_98' title="bbox 466 5300 2049 5382">
    <p class='ocr_par' dir='ltr' id='par_1_98' title="bbox 466 5300 2049 5382">
     <span class='ocr_line' id='line_1_98' title="bbox 466 5300 2049 5382; baseline 0.008 -27"><span class='ocrx_word' id='word_1_660' title='bbox 466 5300 612 5372; x_wconf 87' lang='lat' dir='ltr'><strong>apud</strong></span> <span class='ocrx_word' id='word_1_661' title='bbox 643 5317 777 5358; x_wconf 86' lang='lat' dir='ltr'><strong>suos</strong></span> <span class='ocrx_word' id='word_1_662' title='bbox 800 5301 1099 5374; x_wconf 81' lang='lat' dir='ltr'><strong>collegerat</strong></span> <span class='ocrx_word' id='word_1_663' title='bbox 1122 5304 1392 5363; x_wconf 72' lang='lat' dir='ltr'><strong>doctrinae</strong></span> <span class='ocrx_word' id='word_1_664' title='bbox 1438 5308 1775 5378; x_wconf 89' lang='lat' dir='ltr'><strong>opinionem,</strong></span> <span class='ocrx_word' id='word_1_665' title='bbox 1811 5326 1921 5382; x_wconf 91' lang='lat' dir='ltr'><strong>qua</strong></span> <span class='ocrx_word' id='word_1_666' title='bbox 1941 5313 2049 5368; x_wconf 62' lang='lat' dir='ltr'><strong>fre.</strong></span> 
     </span>
    </p>
   </div>
   <div class='ocr_carea' id='block_1_99' title="bbox 470 5388 2047 5469">
    <p class='ocr_par' dir='ltr' id='par_1_99' title="bbox 470 5388 2047 5469">
     <span class='ocr_line' id='line_1_99' title="bbox 470 5388 2047 5469; baseline 0.01 -27"><span class='ocrx_word' id='word_1_667' title='bbox 470 5399 559 5444; x_wconf 82' lang='lat' dir='ltr'><strong>tus</strong></span> <span class='ocrx_word' id='word_1_668' title='bbox 579 5388 924 5445; x_wconf 79' lang='lat' dir='ltr'><strong>conﬁdenter</strong></span> <span class='ocrx_word' id='word_1_669' title='bbox 945 5406 1006 5445; x_wconf 87' lang='lat' dir='ltr'><strong>se</strong></span> <span class='ocrx_word' id='word_1_670' title='bbox 1046 5407 1175 5447; x_wconf 87' lang='lat' dir='ltr'><strong>cum</strong></span> <span class='ocrx_word' id='word_1_671' title='bbox 1210 5392 1513 5465; x_wconf 83' lang='lat' dir='ltr'><strong>Stephano,</strong></span> <span class='ocrx_word' id='word_1_672' title='bbox 1543 5395 1691 5452; x_wconf 87' lang='lat' dir='ltr'><strong>sedis</strong></span> <span class='ocrx_word' id='word_1_673' title='bbox 1731 5399 2047 5469; x_wconf 73' lang='lat' dir='ltr'><strong>apostolica:</strong></span> 
     </span>
    </p>
   </div>
   <div class='ocr_carea' id='block_1_100' title="bbox 468 5478 2047 5563">
    <p class='ocr_par' dir='ltr' id='par_1_100' title="bbox 468 5478 2047 5563">
     <span class='ocr_line' id='line_1_100' title="bbox 468 5478 2047 5563; baseline 0.007 -28"><span class='ocrx_word' id='word_1_674' title='bbox 468 5478 851 5563; x_wconf 68' lang='lat' dir='ltr'><strong>apocrisiario,</strong></span> <span class='ocrx_word' id='word_1_675' title='bbox 890 5479 1007 5550; x_wconf 81' lang='lat' dir='ltr'><strong>jam</strong></span> <span class='ocrx_word' id='word_1_676' title='bbox 1067 5493 1184 5538; x_wconf 89' lang='lat' dir='ltr'><strong>tum</strong></span> <span class='ocrx_word' id='word_1_677' title='bbox 1228 5483 1574 5541; x_wconf 84' lang='lat' dir='ltr'><strong>abstinuerat</strong></span> <span class='ocrx_word' id='word_1_678' title='bbox 1595 5501 1628 5540; x_wconf 85' lang='lat' dir='ltr'><strong>a</strong></span> <span class='ocrx_word' id='word_1_679' title='bbox 1657 5490 2047 5547; x_wconf 86' lang='lat' dir='ltr'><strong>communione</strong></span> 
     </span>
    </p>
   </div>
   <div class='ocr_carea' id='block_1_101' title="bbox 467 5565 2050 5648">
    <p class='ocr_par' dir='ltr' id='par_1_101' title="bbox 467 5565 2050 5648">
     <span class='ocr_line' id='line_1_101' title="bbox 467 5565 2050 5648; baseline 0.005 -24"><span class='ocrx_word' id='word_1_680' title='bbox 467 5565 683 5633; x_wconf 63' lang='lat' dir='ltr'><strong>Henna:</strong></span> <span class='ocrx_word' id='word_1_681' title='bbox 709 5569 953 5625; x_wconf 70' lang='lat' dir='ltr'><strong>edictum</strong></span> <span class='ocrx_word' id='word_1_682' title='bbox 984 5573 1325 5645; x_wconf 89' lang='lat' dir='ltr'><strong>recipientis.</strong></span> <span class='ocrx_word' id='word_1_683' title='bbox 1358 5575 1518 5648; x_wconf 74' lang='lat'><strong>233</strong></span> <span class='ocrx_word' id='word_1_684' title='bbox 1548 5577 1908 5635; x_wconf 56' lang='lat' dir='ltr'><strong>Absunentiae.</strong></span> <span class='ocrx_word' id='word_1_685' title='bbox 1927 5595 2050 5633; x_wconf 82' lang='lat' dir='ltr'><strong>cau-</strong></span> 
     </span>
    </p>
   </div>
   <div class='ocr_carea' id='block_1_102' title="bbox 2150 4753 3762 4826">
    <p class='ocr_par' dir='ltr' id='par_1_102' title="bbox 2150 4753 3762 4826">
     <span class='ocr_line' id='line_1_102' title="bbox 2150 4753 3762 4826; baseline -0.001 -15"><span class='ocrx_word' id='word_1_686' title='bbox 2150 4755 2455 4811; x_wconf 85' lang='lat' dir='ltr'><strong>mavimus?</strong></span> <span class='ocrx_word' id='word_1_687' title='bbox 2484 4756 2567 4810; x_wconf 84' lang='lat' dir='ltr'><strong>An</strong></span> <span class='ocrx_word' id='word_1_688' title='bbox 2618 4756 2746 4826; x_wconf 88' lang='lat' dir='ltr'><strong>quia</strong></span> <span class='ocrx_word' id='word_1_689' title='bbox 2801 4756 3134 4812; x_wconf 86' lang='lat' dir='ltr'><strong>venerabilis</strong></span> <span class='ocrx_word' id='word_1_690' title='bbox 3185 4755 3310 4811; x_wconf 82' lang='lat' dir='ltr'><strong>ibas</strong></span> <span class='ocrx_word' id='word_1_691' title='bbox 3353 4753 3762 4810; x_wconf 77' lang='lat' dir='ltr'><strong>Alexandrinae</strong></span> 
     </span>
    </p>
   </div>
   <div class='ocr_carea' id='block_1_103' title="bbox 2144 4843 3758 4916">
    <p class='ocr_par' dir='ltr' id='par_1_103' title="bbox 2144 4843 3758 4916">
     <span class='ocr_line' id='line_1_103' title="bbox 2144 4843 3758 4916; baseline -0.002 -14"><span class='ocrx_word' id='word_1_692' title='bbox 2144 4846 2408 4902; x_wconf 58' lang='lat' dir='ltr'><strong>Ecclesia:</strong></span> <span class='ocrx_word' id='word_1_693' title='bbox 2427 4847 2743 4916; x_wconf 75' lang='lat' dir='ltr'><strong>pontificem</strong></span> <span class='ocrx_word' id='word_1_694' title='bbox 2771 4855 3026 4901; x_wconf 88' lang='lat' dir='ltr'><strong>sanctum</strong></span> <span class='ocrx_word' id='word_1_695' title='bbox 3056 4845 3432 4916; x_wconf 84' lang='lat' dir='ltr'><strong>vituperavit?</strong></span> <span class='ocrx_word' id='word_1_696' title='bbox 3453 4843 3560 4900; x_wconf 85' lang='lat' dir='ltr'><strong>Sed</strong></span> <span class='ocrx_word' id='word_1_697' title='bbox 3587 4844 3758 4899; x_wconf 89' lang='lat' dir='ltr'><strong>idem</strong></span> 
     </span>
    </p>
   </div>
   <div class='ocr_carea' id='block_1_104' title="bbox 2149 4936 3756 5010">
    <p class='ocr_par' dir='ltr' id='par_1_104' title="bbox 2149 4936 3756 5010">
     <span class='ocr_line' id='line_1_104' title="bbox 2149 4936 3756 5010; baseline -0.001 -16"><span class='ocrx_word' id='word_1_698' title='bbox 2149 4948 2339 4994; x_wconf 89' lang='lat' dir='ltr'><strong>sancto</strong></span> <span class='ocrx_word' id='word_1_699' title='bbox 2359 4937 2565 5010; x_wconf 87' lang='lat' dir='ltr'><strong>Cyrillo</strong></span> <span class='ocrx_word' id='word_1_700' title='bbox 2585 4947 2777 5010; x_wconf 87' lang='lat' dir='ltr'><strong>postea</strong></span> <span class='ocrx_word' id='word_1_701' title='bbox 2809 4954 2868 4994; x_wconf 89' lang='lat' dir='ltr'><strong>se</strong></span> <span class='ocrx_word' id='word_1_702' title='bbox 2911 4939 3347 4994; x_wconf 88' lang='lat' dir='ltr'><strong>communicasse</strong></span> <span class='ocrx_word' id='word_1_703' title='bbox 3387 4936 3756 5008; x_wconf 76' lang='lat' dir='ltr'><strong>signiﬁcavit.</strong></span> 
     </span>
    </p>
   </div>
   <div class='ocr_carea' id='block_1_105' title="bbox 2151 5027 3759 5103">
    <p class='ocr_par' dir='ltr' id='par_1_105' title="bbox 2151 5027 3759 5103">
     <span class='ocr_line' id='line_1_105' title="bbox 2151 5027 3759 5103; baseline -0.002 -18"><span class='ocrx_word' id='word_1_704' title='bbox 2151 5029 2208 5085; x_wconf 84' lang='lat' dir='ltr'><strong>Si</strong></span> <span class='ocrx_word' id='word_1_705' title='bbox 2242 5029 2557 5084; x_wconf 89' lang='lat' dir='ltr'><strong>merebatur</strong></span> <span class='ocrx_word' id='word_1_706' title='bbox 2577 5045 2676 5101; x_wconf 90' lang='lat' dir='ltr'><strong>pro</strong></span> <span class='ocrx_word' id='word_1_707' title='bbox 2698 5030 2843 5085; x_wconf 90' lang='lat' dir='ltr'><strong>beati</strong></span> <span class='ocrx_word' id='word_1_708' title='bbox 2865 5029 3055 5103; x_wconf 86' lang='lat' dir='ltr'><strong>Cyrilli</strong></span> <span class='ocrx_word' id='word_1_709' title='bbox 3068 5029 3474 5101; x_wconf 89' lang='lat' dir='ltr'><strong>vituperatione</strong></span> <span class='ocrx_word' id='word_1_710' title='bbox 3496 5027 3759 5097; x_wconf 84' lang='lat' dir='ltr'><strong>culpam,</strong></span> 
     </span>
    </p>
   </div>
   <div class='ocr_carea' id='block_1_106' title="bbox 2152 5120 3765 5194">
    <p class='ocr_par' dir='ltr' id='par_1_106' title="bbox 2152 5120 3765 5194">
     <span class='ocr_line' id='line_1_106' title="bbox 2152 5120 3765 5194; baseline -0.002 -17"><span class='ocrx_word' id='word_1_711' title='bbox 2152 5123 2470 5177; x_wconf 88' lang='lat' dir='ltr'><strong>merebatur</strong></span> <span class='ocrx_word' id='word_1_712' title='bbox 2500 5139 2600 5194; x_wconf 90' lang='lat' dir='ltr'><strong>pro</strong></span> <span class='ocrx_word' id='word_1_713' title='bbox 2645 5131 2951 5178; x_wconf 84' lang='lat' dir='ltr'><strong>restaurata</strong></span> <span class='ocrx_word' id='word_1_714' title='bbox 2997 5123 3389 5179; x_wconf 90' lang='lat' dir='ltr'><strong>communione</strong></span> <span class='ocrx_word' id='word_1_715' title='bbox 3416 5135 3527 5176; x_wconf 90' lang='lat' dir='ltr'><strong>non</strong></span> <span class='ocrx_word' id='word_1_716' title='bbox 3572 5120 3765 5175; x_wconf 82' lang='lat' dir='ltr'><strong>mini-</strong></span> 
     </span>
    </p>
   </div>
   <div class='ocr_carea' id='block_1_107' title="bbox 2154 5213 3768 5287">
    <p class='ocr_par' dir='ltr' id='par_1_107' title="bbox 2154 5213 3768 5287">
     <span class='ocr_line' id='line_1_107' title="bbox 2154 5213 3768 5287; baseline -0.001 -19"><span class='ocrx_word' id='word_1_717' title='bbox 2154 5228 2297 5268; x_wconf 87' lang='lat' dir='ltr'><strong>mam</strong></span> <span class='ocrx_word' id='word_1_718' title='bbox 2326 5216 2576 5285; x_wconf 83' lang='lat' dir='ltr'><strong>gratiam.</strong></span> <span class='ocrx_word' id='word_1_719' title='bbox 2615 5213 2682 5269; x_wconf 73' lang='lat' dir='ltr'><strong>Ut</strong></span> <span class='ocrx_word' id='word_1_720' title='bbox 2736 5215 2913 5269; x_wconf 86' lang='lat' dir='ltr'><strong>sancti</strong></span> <span class='ocrx_word' id='word_1_721' title='bbox 2964 5214 3156 5287; x_wconf 82' lang='lat' dir='ltr'><strong>Cyrilli</strong></span> <span class='ocrx_word' id='word_1_722' title='bbox 3197 5213 3457 5285; x_wconf 85' lang='lat' dir='ltr'><strong>capitula,</strong></span> <span class='ocrx_word' id='word_1_723' title='bbox 3513 5221 3768 5284; x_wconf 80' lang='lat' dir='ltr'><strong>propter</strong></span> 
     </span>
    </p>
   </div>
   <div class='ocr_carea' id='block_1_108' title="bbox 2156 5306 3763 5377">
    <p class='ocr_par' dir='ltr' id='par_1_108' title="bbox 2156 5306 3763 5377">
     <span class='ocr_line' id='line_1_108' title="bbox 2156 5306 3763 5377; baseline -0.001 -16"><span class='ocrx_word' id='word_1_724' title='bbox 2156 5307 2569 5377; x_wconf 87' lang='lat' dir='ltr'><strong>ambiguitatem</strong></span> <span class='ocrx_word' id='word_1_725' title='bbox 2644 5315 2699 5361; x_wconf 90' lang='lat' dir='ltr'><strong>et</strong></span> <span class='ocrx_word' id='word_1_726' title='bbox 2766 5306 3063 5363; x_wconf 88' lang='lat' dir='ltr'><strong>locutionis</strong></span> <span class='ocrx_word' id='word_1_727' title='bbox 3122 5306 3553 5369; x_wconf 88' lang='lat' dir='ltr'><strong>obscuritatem,</strong></span> <span class='ocrx_word' id='word_1_728' title='bbox 3610 5318 3763 5359; x_wconf 87' lang='lat' dir='ltr'><strong>cum</strong></span> 
     </span>
    </p>
   </div>
   <div class='ocr_carea' id='block_1_109' title="bbox 2154 5397 3762 5470">
    <p class='ocr_par' dir='ltr' id='par_1_109' title="bbox 2154 5397 3762 5470">
     <span class='ocr_line' id='line_1_109' title="bbox 2154 5397 3762 5470; baseline -0.002 -18"><span class='ocrx_word' id='word_1_729' title='bbox 2154 5398 2525 5454; x_wconf 87' lang='lat' dir='ltr'><strong>Orientalibus</strong></span> <span class='ocrx_word' id='word_1_730' title='bbox 2545 5399 2819 5469; x_wconf 86' lang='lat' dir='ltr'><strong>episcopis</strong></span> <span class='ocrx_word' id='word_1_731' title='bbox 2852 5415 3046 5469; x_wconf 84' lang='lat' dir='ltr'><strong>parum</strong></span> <span class='ocrx_word' id='word_1_732' title='bbox 3069 5398 3423 5470; x_wconf 87' lang='lat' dir='ltr'><strong>intelligendo</strong></span> <span class='ocrx_word' id='word_1_733' title='bbox 3463 5397 3762 5467; x_wconf 58' lang='lat' dir='ltr'><strong>culparet,</strong></span> 
     </span>
    </p>
   </div>
   <div class='ocr_carea' id='block_1_110' title="bbox 2158 5486 3763 5562">
    <p class='ocr_par' dir='ltr' id='par_1_110' title="bbox 2158 5486 3763 5562">
     <span class='ocr_line' id='line_1_110' title="bbox 2158 5486 3763 5562; baseline -0.001 -20"><span class='ocrx_word' id='word_1_734' title='bbox 2158 5486 2411 5553; x_wconf 64' lang='lat' dir='ltr'><strong>humanae</strong></span> <span class='ocrx_word' id='word_1_735' title='bbox 2443 5488 2543 5543; x_wconf 88' lang='lat' dir='ltr'><strong>fuit</strong></span> <span class='ocrx_word' id='word_1_736' title='bbox 2566 5487 2933 5545; x_wconf 81' lang='lat' dir='ltr'><strong>infirmitatis:</strong></span> <span class='ocrx_word' id='word_1_737' title='bbox 2967 5487 3130 5562; x_wconf 55' lang='lat'><strong>23‘</strong></span> <span class='ocrx_word' id='word_1_738' title='bbox 3162 5497 3221 5543; x_wconf 88' lang='lat' dir='ltr'><strong>ut</strong></span> <span class='ocrx_word' id='word_1_739' title='bbox 3272 5490 3417 5543; x_wconf 86' lang='lat' dir='ltr'><strong>dicta</strong></span> <span class='ocrx_word' id='word_1_740' title='bbox 3466 5503 3563 5543; x_wconf 84' lang='lat' dir='ltr'><strong>sua</strong></span> <span class='ocrx_word' id='word_1_741' title='bbox 3592 5486 3763 5541; x_wconf 72' lang='lat' dir='ltr'><strong>bene</strong></span> 
     </span>
    </p>
   </div>
   <div class='ocr_carea' id='block_1_111' title="bbox 2158 5578 3771 5650">
    <p class='ocr_par' dir='ltr' id='par_1_111' title="bbox 2158 5578 3771 5650">
     <span class='ocr_line' id='line_1_111' title="bbox 2158 5578 3771 5650; baseline -0.001 -17"><span class='ocrx_word' id='word_1_742' title='bbox 2158 5580 2542 5650; x_wconf 83' lang='lat' dir='ltr'><strong>interpretanti</strong></span> <span class='ocrx_word' id='word_1_743' title='bbox 2571 5578 2783 5635; x_wconf 86' lang='lat' dir='ltr'><strong>facilius</strong></span> <span class='ocrx_word' id='word_1_744' title='bbox 2803 5579 3077 5647; x_wconf 81' lang='lat' dir='ltr'><strong>crederet,</strong></span> <span class='ocrx_word' id='word_1_745' title='bbox 3109 5595 3173 5634; x_wconf 78' lang='lat' dir='ltr'><strong>ac</strong></span> <span class='ocrx_word' id='word_1_746' title='bbox 3211 5578 3572 5637; x_wconf 81' lang='lat' dir='ltr'><strong>libentissime</strong></span> <span class='ocrx_word' id='word_1_747' title='bbox 3602 5594 3771 5634; x_wconf 70' lang='grc' dir='ltr'><strong>ωηι-</strong></span> 
     </span>
    </p>
   </div>
   <div class='ocr_carea' id='block_1_112' title="bbox 1796 5738 2387 5795">
    <p class='ocr_par' dir='ltr' id='par_1_112' title="bbox 1796 5738 2387 5795">
     <span class='ocr_line' id='line_1_112' title="bbox 1796 5738 2387 5795; baseline 0 -1"><span class='ocrx_word' id='word_1_748' title='bbox 1796 5738 2119 5795; x_wconf 78' lang='lat' dir='ltr'><strong>SCllULZIl</strong></span> <span class='ocrx_word' id='word_1_749' title='bbox 2155 5739 2387 5794; x_wconf 64' lang='lat' dir='ltr'><strong>NOTJE.</strong></span> 
     </span>
    </p>
   </div>
   <div class='ocr_carea' id='block_1_113' title="bbox 544 5872 2857 5950">
    <p class='ocr_par' dir='ltr' id='par_1_113' title="bbox 544 5872 2857 5950">
     <span class='ocr_line' id='line_1_113' title="bbox 544 5872 2857 5950; baseline 0.003 -20"><span class='ocrx_word' id='word_1_750' title='bbox 544 5872 589 5904; x_wconf 85' lang='lat'><strong>&quot;</strong></span> <span class='ocrx_word' id='word_1_751' title='bbox 620 5874 807 5930; x_wconf 80' lang='lat' dir='ltr'><strong>Anast.</strong></span> <span class='ocrx_word' id='word_1_752' title='bbox 848 5874 899 5930; x_wconf 91' lang='lat' dir='ltr'><strong>in</strong></span> <span class='ocrx_word' id='word_1_753' title='bbox 939 5876 1053 5934; x_wconf 79' lang='lat' dir='ltr'><strong>Vita</strong></span> <span class='ocrx_word' id='word_1_754' title='bbox 1080 5877 1281 5950; x_wconf 81' lang='lat' dir='ltr'><strong>Vigilii.</strong></span> <span class='ocrx_word' id='word_1_755' title='bbox 1357 5880 1402 5913; x_wconf 82' lang='grc'><strong>⁹⁰</strong></span> <span class='ocrx_word' id='word_1_756' title='bbox 1424 5879 1581 5936; x_wconf 68' lang='lat' dir='ltr'><strong>Praef.</strong></span> <span class='ocrx_word' id='word_1_757' title='bbox 1620 5879 1684 5935; x_wconf 82' lang='lat' dir='ltr'><strong>ad</strong></span> <span class='ocrx_word' id='word_1_758' title='bbox 1726 5879 1822 5934; x_wconf 84' lang='lat' dir='ltr'><strong>lib.</strong></span> <span class='ocrx_word' id='word_1_759' title='bbox 1850 5894 1922 5935; x_wconf 81' lang='lat' dir='ltr'><strong>xu</strong></span> <span class='ocrx_word' id='word_1_760' title='bbox 1953 5889 2006 5936; x_wconf 88' lang='lat' dir='ltr'><strong>et</strong></span> <span class='ocrx_word' id='word_1_761' title='bbox 2044 5879 2101 5935; x_wconf 87' lang='lat' dir='ltr'><strong>in</strong></span> <span class='ocrx_word' id='word_1_762' title='bbox 2132 5878 2280 5936; x_wconf 76' lang='lat' dir='ltr'><strong>libro</strong></span> <span class='ocrx_word' id='word_1_763' title='bbox 2306 5877 2503 5936; x_wconf 77' lang='lat' dir='ltr'><strong>Contra</strong></span> <span class='ocrx_word' id='word_1_764' title='bbox 2533 5877 2857 5937; x_wconf 66' lang='grc' dir='ltr'><strong>Μοεὶειηωηι</strong></span> 
     </span>
    </p>
   </div>
  </div>
