2035 3225
116 234 168 269 185

705 234 887 264 IIlSTOlilA
905 233 1159 264 ΤΠΕΟυυΠΕῊ.

1707 229 1754 261 ιδῦ

115 291 251 325 sentiret,
281 291 398 320 omnino
424 289 606 320 sacerdotalis
635 291 726 318 fuerat
756 291 912 323 charitatis,
928 294 950 320 Α
964 291 1029 326 quid
1047 300 1061 318 a
1078 291 1206 326 pontiﬁce
1221 290 1254 317 de
1269 289 1423 317 constantia
1438 289 1570 315 hactenus
1586 287 1613 314 in
1623 287 1758 321 capitibus

120 338 180 366 sine
194 337 254 366 ullo
275 337 426 374 dispendio
441 338 576 366 veritatis.
602 337 658 365 Cur
685 338 828 372 epistolam
845 338 915 364 nos'

118 384 327 417 damnemus,
340 385 387 412 ubi
406 387 537 420 tanquam
552 384 689 418 prteterita
704 388 769 411 sunt
795 388 914 418 utraque

119 433 238 461 narrata,
254 436 308 464 per
334 428 410 457 illius
425 429 515 456 sancti
535 428 629 464 Cyritli
649 428 744 455 ﬁdeles
778 429 916 462 interpre-

121 473 253 503 taliones?
273 474 347 510 Ipse,
367 474 426 510 ipse
439 479 553 502 sanctus
571 474 688 510 Cyrillus
705 482 760 501 non
779 474 825 500 uni
851 473 913 505 Ibat,

122 519 166 548 sed
183 520 316 555 pluribus
328 519 520 548 Orientalibus
539 521 685 555 episcopis,
710 520 818 546 auferre
837 526 916 546 scan-

121 565 210 594 dalum
223 566 306 594 malae
323 566 514 601 intelligentia:
539 566 713 601 properavit,
735 565 805 592 bene
825 565 913 591 inter-

121 612 256 647 pretando
277 610 401 648 capitula
419 621 486 640 sua:
507 617 535 641 ct
556 620 607 640 nos
633 621 683 647 pro
707 611 817 647 injuriis
843 612 915 646 ejus,

120 657 242 700 historia
259 657 353 690 modo,
367 665 430 693 quae
453 658 644 693 contigerant,
661 660 845 692 exponentem
873 665 917 684 re-

119 702 304 738 probmnns
316 703 475 739 epistolam.
493 704 521 730 Si
542 703 681 730 contraria
695 711 767 730 verae
793 703 857 729 ﬁdei
873 710 916 729 re—

117 750 191 783 gulis
203 749 235 778 in
245 749 294 778 illa
303 750 422 786 epistola
434 750 602 778 venerabilis
614 750 675 777 [bas
687 749 833 784 episcopus
843 749 918 776 locu-

121 801 168 823 tus
179 795 270 824 tum
280 795 420 828 ﬁrmatur,
433 800 547 831 propter
562 796 704 830 aliquanta
716 796 759 822 vel
778 795 917 830 ambigua,

125 840 167 867 vel
186 839 314 873 unum,
328 848 392 876 qua:
405 840 512 868 faciunt
525 841 577 868 hoc
588 840 695 873 videri;
715 845 810 867 nosu'a
835 840 914 867 debet

123 893 182 912 esse
196 886 337 914 mantia
350 886 452 914 melior
467 896 474 913 :
492 887 558 922 quia
573 894 624 913 nos
654 894 688 913 ex
708 894 756 912 ore
779 886 849 920 ejus,
869 887 916 920 qui

121 929 238 959 ἀῑαινὶι
249 930 409 966 epistolam,
441 939 554 959 sensum
582 931 721 959 valuimus
749 931 915 972 investigare

120 975 283 1004 verborum.
311 977 459 1005 Postremo
478 985 565 1013 quare
591 981 751 1012 putaremus
766 964 915 1011 cpistolam
937 964 958 994 Β

119 1023 214 1051 favere
223 1023 365 1056 Nestorio,
387 1024 468 1059 cujus
487 1029 596 1055 auctor,
616 1024 696 1051 nobis
723 1022 915 1058 prmsentibus,

115 1068 293 1104 iubentibus.
309 1069 502 1102 audientibus,
516 1078 583 1097 voce
604 1070 665 1096 viva
681 1069 793 1096 minime
806 1068 917 1095 dubita-

117 1115 156 1143 vit
169 1115 412 1144 anathematizare
433 1115 604 1147 Nestorium,
635 1114 790 1149 suscipiens
813 1118 918 1141 tomum

118 1167 198 1197 plpl
205 1159 324 1195 laenis,
342 1165 372 1190 et
380 1161 585 1189 confessionem
601 1169 674 1188 vera:
692 1160 756 1187 ﬁdei
773 1159 917 1187 nobiscum

117 1203 324 1236 mundo
333 1206 523 1235 conﬁrmans?
544 1217 553 1233 ι
570 1207 633 1233 llaec
645 1205 810 1233 Ferrandus.

150 1252 225 1282 ΧΠ.
242 1252 317 1282 Cum
330 1261 376 1282 res
393 1257 526 1290 ageretur
536 1254 563 1280 in
578 1252 684 1288 synodo
694 1251 786 1287 Vigilii
802 1255 918 1278 conten-

119 1298 222 1327 Iiosins
230 1306 318 1334 quam
334 1299 444 1332 utilius,
457 1306 510 1326 nec
521 1299 666 1333 aﬁ'ulgeret
675 1305 738 1332 spes
752 1296 917 1329 concordiis,

119 1344 227 1380 placuit
247 1345 389 1382 pontiﬁci,
418 1350 450 1374 ut
476 1345 594 1381 quisque
619 1345 785 1372 sententiam
816 1343 920 1377 scripto

120 1390 246 1420 ιηᾱηι
254 1390 331 1420 intra
345 1395 452 1427 septem
464 1391 536 1424 dies,
549 1398 667 1426 quorum
682 1389 738 1416 duo
753 1393 844 1416 tamen
857 1387 920 1415 festi

123 1436 255 1466 ενα-³111
267 1441 367 1466 monet
394 1437 553 1470 Facundus,
578 1438 667 1472 eoque
690 1441 797 1470 tempus
820 1434 920 1461 habita

126 1482 293 1519 syndllon
306 1483 429 1512 obscure
455 1483 556 1510 innuit.
582 1483 650 1510 Nam
671 1489 734 1509 cum
754 1480 920 1508 sententiam

123 1528 285 1565 eumipsa
305 1529 432 1564 pontifex
458 1529 590 1564 scriptam
616 1527 724 1555 dederit
752 1525 919 1556 Justiniano,

121 1574 270 1610 postaﬁss
289 1575 412 1603 aliorum
438 1575 520 1610 paulo
542 1578 606 1601 ante
630 1573 763 1604 traditas,
788 1579 921 1605 suamque

119 1616 247 1648 Subitam
269 1622 370 1647 sancto
391 1618 561 1651 exhibuerit,
586 1617 614 1644 id
634 1621 678 1644 est
702 1616 745 1643 die
777 1615 921 1642 undecima

118 1662 247 1700 Aprilis:
265 1670 334 1692 nam
354 1663 461 1691 Pascha
474 1663 522 1691 illo
542 1670 617 1689 anno
646 1662 672 1689 in
701 1661 774 1688 diem
792 1660 924 1687 duodeci-

118 1717 199 1738 mu-
223 1709 333 1747 Aprilis
362 1709 505 1739 incidebat
523 1717 530 1736 :
546 1715 661 1736 necesse
692 1712 734 1735 est
764 1707 923 1734 inchoatam

117 1757 210 1786 fuisse
218 1756 362 1794 synodum
374 1756 420 1784 die
432 1755 541 1784 decima
561 1759 637 1782 sexta
652 1753 752 1785 Martii,
773 1761 834 1787 qua:
855 1753 924 1779 feria

118 1803 260 1837 secunda,
273 1802 498 1839 productamque
512 1801 603 1830 tribus
626 1804 674 1827 aut
699 1804 819 1834 quatuor
840 1798 925 1825 :it'lio-

118 1850 209 1879 nibus
227 1849 265 1878 ad
286 1848 414 1885 quintam
433 1855 521 1884 usque
547 1851 596 1874 aut.
627 1850 732 1873 sextam
756 1845 862 1871 feriam.
881 1843 926 1870 Sic

116 1897 242 1928 enini!
251 1895 412 1933 septiduum
421 1894 478 1924 duo
490 1894 551 1922 festi
564 1894 624 1921 dies
642 1892 775 1921 incident,
803 1890 926 1917 Dtllltiltl-

117 1951 175 1972 eus
189 1947 220 1972 el
234 1941 457 1978 Βῦαγγιλισμδς,
470 1945 552 1976 atque
566 1940 637 1967 intra
650 1939 778 1967 idoneum
797 1943 896 1971 tmnpm
905 1937 927 1962 is

117 1984 254 2026 spatium
273 1987 490 2021 concludentur,
512 1994 573 2022 quae
595 1990 670 2022 gesta
693 1992 754 2012 esse
782 1983 928 2010 Facultdus

116 2031 222 2064 narrat
233 2034 270 2074 ξ’.

156 2079 244 2116 Quod
259 2084 355 2109 autem
367 2080 471 2116 scripto
487 2078 612 2114 pontifex
626 2077 786 2113 imperatori
803 2075 926 2105 tradidit.

114 2128 267 2156 famosum
282 2125 353 2155 illud
364 2130 406 2154 est
416 2125 580 2155 Iudicalum,
591 2123 664 2159 quod
681 2131 742 2150 cum
757 2122 929 2149 .lusliuianus

116 2177 230 2210 praeter
243 2176 382 2201 conventa
395 2171 545 2207 vulgasset,
557 2169 715 2197 Occidentis
726 2167 846 2195 ﬁerit-sia
860 2174 929 2201 pene

117 2217 389 2255 totainYigilium,
411 2218 489 2246 velut
514 2217 542 2244 in
569 2215 667 2252 synodi
697 2212 930 2242 Chalcedonensis

116 2265 296 2294 violatorem
306 2263 428 2299 ﬁdeique
444 2263 627 2294 desertorem,
645 2264 781 2288 commota
798 2263 850 2285 est.
866 2258 926 2285 Non

969 337 1093 364 tuendis:
1111 336 1241 371 Acephali
1254 335 1405 370 agebantur
1427 335 1454 361 in
1479 334 1574 365 furias,
1594 340 1656 360 cum
1677 340 1758 359 suum

967 385 1114 409 cernerent
1123 381 1156 408 de
1171 380 1268 416 synodi
1281 379 1392 407 statutis
1414 378 1612 406 labefactandis
1626 382 1756 404 conatum

967 428 1032 455 hinc
1057 427 1144 460 eludi,
1169 427 1242 454 unde
1255 426 1408 461 juvandum
1430 425 1611 459 jaclaverant.

1001 474 1100 501 Parum
1112 478 1171 500 erat
1181 473 1292 508 quidem
1305 471 1452 499 Iustiniani
1469 471 1682 504 indignationem
1699 477 1758 496 mo-

966 519 1049 551 visse,
1065 524 1125 546 erat
1143 519 1170 545 in
1193 519 1272 545 lucro
1288 517 1417 544 eil‘erasse
1435 515 1588 549 Acephales
1606 524 1612 540 :
1629 519 1656 541 at
1678 514 1759 541 mise-

966 573 1028 592 rum
1049 565 1101 592 fuit
1123 572 1260 591 summum
1272 562 1430 598 pontiﬁcem
1443 569 1456 587 a
1467 560 1615 588 Catholicis
1629 560 1758 586 invidiam

966 611 1022 646 pati
1045 611 1153 638 violata:
1175 610 1281 645 synodi,
1300 609 1379 643 cujus
1401 606 1551 641 integritati
1569 610 1663 633 contra
1681 606 1759 632 inva-

967 658 1090 685 dentium
1115 657 1264 692 impetum,
1291 663 1344 690 qua
1370 662 1422 681 una
1449 653 1555 680 ratione
1581 653 1637 684 fas,
1660 660 1760 678 consu-

966 704 1049 730 lebat.

1249 747 1361 775 CAPUT
1381 745 1475 773 XVlll.

968 807 987 833 l.
1013 805 1092 833 Swm‘t
1113 806 1258 838 imperator
1288 805 1315 830 in
1343 803 1476 838 Vigilium.
1502 802 1535 829 ll.
1560 801 1590 828 In
1615 801 1761 838 quenrrlito

1004 841 1129 868 Ecclesia:
1149 835 1275 867 Romana’
1294 835 1382 865 clerici
1401 838 1539 867 rebellant.
1560 842 1667 871 propter
1684 835 1762 862 Judi-

1004 881 1104 904 calum.
1126 876 1171 902 lll.
1196 875 1304 908 Vigilius
1326 877 1477 900 constanter
1497 873 1580 899 multa
1602 872 1714 908 patitur,
1737 874 1760 908 ct

1005 920 1115 938 censura
1138 905 1255 946 percellit
1280 908 1434 946 imperatori
1457 908 1582 946 rimantes.
1596 905 1762 946 _iV.-$lyilt.)tl'l'

1007 947 1034 973 in
1050 941 1168 981 Illyrico,
1188 945 1279 981 Africo
1302 941 1325 981 et
1344 943 1448 981 Galliis.
1464 942 1496 968 ν.
1513 941 1760 981 Synodusnlllyriri.

1009 982 1052 1009 Vl.
1069 976 1173 1014 Α’Ϊνίεαι.
1190 981 1245 1007 V'll.
1260 979 1340 1014 thjus
1354 979 1479 1014 primates
1493 981 1619 1003 vocantur
1632 976 1763 1014 Constan-

1008 1011 1155 1052 tinopolim.
1180 1015 1247 1052 V'lll.
1275 1011 1395 1052 Sipzodus
1420 1012 1613 1052 Mopsucsmm,
1632 1011 1660 1037 iu
1680 1018 1762 1037 causa

1007 1048 1133 1079 Theodori
1148 1059 1179 1077 cz
1194 1050 1320 1085 diptychis
1336 1048 1469 1083 EJ‘pllllCli.

1178 1103 1215 1128 Ab
1228 1109 1292 1127 anno
1305 1102 1393 1127 Christi
1405 1100 1450 1125 568
1466 1099 1495 1124 ad
1505 1100 1559 1123 355.

1008 1158 1027 1184 l.
1041 1158 1109 1184 Cum
1128 1156 1216 1183 tribus
1229 1157 1285 1183 fere
1302 1159 1363 1189 post
1378 1153 1518 1181 mensibus
1531 1152 1659 1187 periisset
1672 1151 1763 1178 Theo—

972 1205 1038 1232 dora
1055 1204 1100 1230 lue
1119 1203 1222 1234 cancri,
1239 1201 1322 1236 cmpit
1342 1201 1418 1228 orbis
1438 1200 1593 1230 universus,
1609 1198 1687 1233 quasi
1705 1206 1764 1225 ma-

972 1251 1045 1286 ligno
1062 1249 1205 1277 morientis
1221 1248 1319 1283 spiritu
1337 1247 1453 1278 aillatus,
1472 1246 1499 1273 in
1516 1245 1656 1281 Vigilium,
1673 1248 1764 1279 spreta

973 1296 1045 1323 sedis
1059 1295 1218 1330 apostolicae
1233 1293 1399 1325 reverentia,
1415 1291 1546 1318 insanire.
1562 1290 1629 1317 Nam
1645 1289 1765 1323 impera-

973 1347 1016 1369 tor
1033 1341 1094 1369 dira
1113 1348 1230 1376 quaeque
1250 1339 1382 1371 minatur;
1407 1337 1472 1370 nisi,
1485 1337 1613 1364 cautione
1633 1335 1765 1366 detracta,

971 1389 1127 1417 Judicatum
1142 1388 1176 1415 ad
1190 1387 1307 1414 formam
1323 1385 1406 1413 edicti
1422 1384 1538 1411 reﬁciat.

1008 1436 1041 1462 ll.
1060 1435 1173 1469 lpsimet
1188 1433 1305 1461 comites
1323 1431 1415 1466 Vigilii
1436 1435 1517 1465 atque
1538 1427 1694 1460 domestici,
1707 1427 1767 1454 ani~

974 1480 1027 1507 mis
1054 1487 1104 1514 pro
1129 1483 1252 1513 tempore
1278 1476 1471 1508 commutatis,
1498 1474 1667 1505 Judicatum,
1694 1472 1768 1507 quod

975 1524 1058 1561 paulo
1073 1529 1136 1552 ante
1149 1524 1328 1551 laudaverant
1342 1526 1372 1550 ut
1385 1521 1507 1557 prudens
1520 1519 1584 1547 mali
1603 1518 1767 1549 remedium,

976 1580 1039 1599 mox
1053 1571 1201 1599 traducunt
1215 1574 1343 1604 tanquam
1356 1571 1479 1603 apertam
1494 1565 1557 1593 ﬁdei
1572 1564 1767 1600 proditionem.

947 1646 956 1654 η
976 1617 1075 1645 Clerici
1090 1617 1145 1643 duo
1156 1615 1286 1643 Ecclesia:
1300 1616 1440 1646 Romanae,
1454 1612 1584 1640 Rusticus
1594 1615 1622 1638 et
1633 1610 1770 1638 Sebastia-

975 1671 1037 1693 nus,
1052 1669 1170 1696 quorum
1186 1668 1258 1688 unus
1277 1659 1415 1695 pontiﬁcis
1431 1666 1465 1686 ex
1484 1657 1569 1684 fratre
1583 1662 1679 1690 nepos,
1695 1654 1770 1681 ludi-

976 1710 1028 1735 ειιιὶ
1047 1708 1170 1742 exetnpla
1188 1706 1334 1741 perﬁdiose
1353 1705 1476 1739 vulgant,
1492 1702 1659 1735 mittuntque
1677 1700 1703 1726 in
1720 1698 1771 1727 Oc-

976 1754 1113 1782 cidentem
1145 1753 1178 1780 ad
1211 1750 1400 1779 sollicitandos
1427 1748 1543 1776 animos.
1573 1746 1638 1774 inde
1668 1744 1769 1776 Africa,

977 1799 1069 1831 Italia,
1094 1799 1201 1830 Galliae,
1225 1797 1380 1832 Illyricum,
1404 1793 1555 1825 Dalmatia,
1577 1791 1691 1825 aliaeque
1709 1797 1772 1824 pro-

978 1846 1073 1872 vinciae
1089 1847 1299 1871 commoventur
1316 1843 1342 1869 in
1359 1840 1499 1876 Vigilium,
1518 1845 1637 1873 eumque
1656 1835 1772 1872 prodita;

979 1892 1040 1919 iitit'i
1062 1896 1109 1918 aut
1128 1894 1268 1922 accusant,
1285 1892 1333 1916 aut
1352 1895 1429 1914 reum
1447 1888 1592 1921 peragunt.

1015 1940 1058 1966 Ill.
1077 1938 1141 1971 Qua:
1156 1940 1217 1972 post
1232 1939 1336 1964 tantam
1357 1933 1570 1962 commotionem
1591 1936 1686 1958 secuta
1706 1929 1770 1959 sint,

978 1993 1094 2020 qumque
1107 1984 1229 2019 pontifex
1241 1987 1289 2009 aut
1300 1980 1388 2017 egerit
1401 1979 1476 2015 pacis
1488 1977 1590 2009 studio,
1602 1979 1649 2003 aut
1662 1983 1676 2002 a
1688 1974 1773 2002 Justi-

980 2019 1062 2060 niano
1088 2035 1233 2065 tyrannum
1258 2028 1354 2055 induto
1370 2032 1468 2060 passus
1490 2023 1526 2050 sit
1538 2023 1579 2054 ";
1594 2029 1647 2056 qua
1666 2019 1773 2047 ratione

978 2079 1032 2111 iam
1051 2077 1187 2112 pamiteus
1207 2074 1241 2101 de
1262 2073 1339 2100 irrita
1355 2069 1571 2105 dispensatione,
1588 2066 1711 2093 Judicato
1731 2072 1774 2092 re-

981 2110 1070 2157 cepto,
1090 2120 1202 2147 redierit
1220 2119 1252 2146 ad
1274 2116 1419 2152 pristinam
1438 2114 1522 2142 trium
1542 2112 1662 2147 capitum
1678 2111 1685 2120 '
1701 2110 1772 2137 inte-

981 2175 1055 2203 gram
1068 2165 1271 2195 defensionem;
1285 2160 1423 2196 quomodo
1437 2158 1602 2193 templorum
1616 2155 1691 2190 asylo
1703 2154 1773 2182 tueri

982 2200 1021 2244 se,
1038 2213 1155 2247 fugaque
1171 2214 1200 2237 ct
1218 2208 1346 2235 altarium
1362 2204 1507 2240 complexu
1528 2206 1639 2230 coactus
1653 2200 1704 2233 sit;
1721 2208 1774 2235 qua

983 2261 1100 2287 militum
1123 2256 1224 2284 ferocia
1238 2263 1254 2283 a
1271 2261 1347 2282 sacra
1362 2259 1456 2279 mensa
1478 2249 1562 2277 fuerit
1577 2247 1701 2279 avulsus;
1721 2253 1775 2280 qua

117 2312 179 2341 fuit
194 2316 295 2340 tamen
308 2317 359 2338 cur
369 2312 603 2340 commoveretur.
621 2306 716 2334 audito
735 2305 851 2332 Jmlicnu'
876 2312 927 2331 no-
945 2316 966 2342 D
985 2305 1113 2332 ﬁrmitate
1130 2301 1214 2329 animi
1230 2304 1258 2328 et
1269 2298 1446 2326 Theodorum
1459 2294 1655 2324 Cazsariensem
1670 2296 1697 2319 et
1711 2299 1776 2318 suos

120 2359 226 2388 mine:
253 2357 312 2385 hoc
336 2356 413 2384 enim
436 2355 553 2390 Vigilius
577 2361 677 2381 nomen
703 2353 807 2386 scripto
830 2355 930 2386 pnnter

120 2411 237 2434 morem
257 2403 386 2436 fecerat,
413 2395 471 2438 quo
490 2405 596 2428 vetaret
615 2406 782 2435 quemquam
805 2397 929 2428 credere,

123 2449 296 2489 synodicam
307 2455 370 2477 esse
394 2446 597 2478 deﬁnitionem,
609 2445 657 2473 sed
673 2445 810 2479 privatum
833 2443 932 2469 dunta-

123 2500 176 2526 xat
189 2493 406 2533 praeiudicium.

159 2538 507 2572 Conﬂuebaturludicato
526 2537 610 2565 trium
625 2536 746 2571 capitum
772 2534 928 2562 damnatio:

127 2587 250 2618 adhuc
262 2585 407 2618 cautione,
424 2587 458 2612 nt
473 2583 508 2612 de
521 2582 652 2619 personis
674 2582 816 2612 sileretur.
842 2585 870 2607 et
887 2580 931 2606 in-

129 2639 210 2672 tegra
243 2635 343 2662 essent
353 2630 462 2667 synodi
493 2633 607 2658 statuta.

162 2679 270 2718 Cautio
292 2676 482 2706 Iustinianum
504 2674 640 2706 offendit,
656 2673 798 2701 damnatio
834 2672 932 2703 bonos,

131 2731 255 2764 utraque
272 2724 427 2761 Augustam
438 2730 470 2751 ac
485 2721 649 2758 Acephalos.
674 2719 873 2755 indignabatur
887 2718 934 2745 Ju-

132 2763 274 2802 stiniinus
293 2769 428 2802 edictum,
447 2775 503 2804 quo
519 2766 705 2795 invehebatur
720 2765 747 2792 in
766 2763 846 2799 235
871 2771 934 2798 pcr-

133 2827 228 2852 sonas,
261 2815 433 2852 reprehendi
449 2823 456 2842 :
477 2813 608 2842 dolebant
635 2812 711 2843 boni,
727 2810 872 2838 remissum
887 2809 935 2836 ali-

981 2352 1113 2379 diaconos
1135 2347 1221 2376 sacris
1247 2343 1436 2374 interdixerit,
1461 2340 1642 2374 Mennamque
1662 2341 1689 2365 ct
1708 2336 1777 2363 alios

980 2396 1126 2430 episcopos
1146 2393 1292 2428 ipsumque
1313 2387 1489 2416 Theodorum
1510 2385 1543 2412 ad
1563 2384 1671 2412 veniant
1690 2382 1777 2416 culpae

981 2427 1309 2473 exorandamradegerit;
1333 2434 1400 2469 quid
1422 2440 1485 2460 cum
1510 2429 1681 2467 lllyricianis,
1698 2427 1779 2466 236

982 2488 1072 2519 Afris,
1095 2485 1198 2517 Gallis,
1220 2481 1401 2510 offensionem
1422 2478 1510 2515 passis
1530 2476 1661 2513 gesserit;
1678 2474 1780 2510 quibus

983 2532 1130 2561 Justiniani
1149 2529 1278 2566 perjuriis
1298 2528 1395 2554 illusus
1413 2526 1459 2558 sit,
1478 2531 1587 2560 quaque
1610 2521 1694 2551 animi
1715 2527 1779 2548 con-

985 2578 1096 2610 stantia,
1111 2565 1207 2611 etquo
1220 2575 1283 2603 vitae
1297 2576 1455 2607 contemptu
1477 2569 1559 2598 morti
1579 2576 1629 2604 pro
1647 2565 1779 2601 religione

987 2633 1016 2652 se
1036 2622 1185 2654 obtulerit;
1208 2628 1289 2656 quam
1308 2619 1435 2646 luctuosa
1452 2615 1573 2650 denique
1589 2611 1674 2640 fuerit
1692 2616 1779 2656 anno-

987 2678 1048 2697 rum
1063 2673 1182 2704 quatuor
1196 2654 1311 2693 historia
1326 2672 1333 2690 :
1346 2666 1439 2690 narrat
1455 2661 1514 2695 ipse
1529 2657 1652 2694 pontifex
1665 2656 1692 2682 in
1707 2654 1777 2682 littc‘

987 2716 1035 2747 ris,
1051 2715 1154 2750 quibus
1172 2711 1269 2747 partim
1288 2708 1464 2736 Theodorum
1476 2705 1661 2738 diaconosque
1671 2707 1775 2729 exeam

989 2745 1126 2791 municat,
1158 2745 1269 2793 partim,
1289 2752 1473 2782 communiter
1493 2749 1657 2780 Ecclesiam,
1677 2745 1780 2774 amicos

989 2807 1129 2842 privatim,
1147 2792 1182 2832 de
1199 2803 1256 2830 suis
1275 2801 1357 2829 rebus
1372 2799 1462 2827 docet.
1481 2797 1599 2825 Narrant
1619 2794 1701 2822 etiam
1723 2792 1780 2819 cle-

833 2875 996 2905 St‘llULZSI
1016 2874 1130 2902 ΝΟΤᾹΞ.

171 2937 192 2952 ¹¹
207 2935 238 2963 In
255 2934 307 2962 lib.
324 2932 366 2961 Ad
378 2932 493 2960 .lfociau.
534 2932 557 2949 ³³
575 2929 673 2960 Paucis
692 2937 724 2957 ea
757 2926 916 2963 complexus
934 2930 977 2954 cst
995 2922 1154 2954 Garat-rius,
1180 2928 1238 2955 qua:
1265 2916 1426 2946 memoriam
1456 2912 1545 2948 Vigilii
1559 2910 1627 2939 male
1643 2909 1675 2937 ad
1687 2912 1779 2944 postc-

137 2979 182 3000 ros
195 2968 439 2998 commendarunt.
