4070 6452
589 443 688 510 137
1716 453 2094 514 GARNERII
2137 452 2631 515 DISSEBTATIO
2673 452 2721 511 Ι.
3764 464 3855 526 153

512 607 518 612 .
587 556 685 610 rici
741 556 943 619 Italia,
996 557 1196 610 libellis
1249 555 1324 612 ad
1373 556 1583 628 legatos
1637 558 1978 614 Childeberti
2033 543 2247 634 regis'A
2278 561 2423 615 enim
2461 576 2586 630 pars
2619 575 2812 629 magna
2839 558 3168 614 miserabilis
3205 566 3528 620 conventus,
3562 559 3655 627 qui
3689 559 3854 614 doni-

586 649 921 704 Francorum
952 649 1114 703 datis.

659 738 748 794 IV.
781 740 939 794 Ilisce
968 739 1170 795 litteris
1191 739 1502 810 libellisque
1539 749 1778 807 constat,
1807 742 1876 797 ab
1901 743 2179 815 episcopis

584 833 807 903 Illyrici,
837 831 1139 887 Galliarum
1185 842 1244 887 et
1274 832 1472 888 Africa
1505 833 1744 905 synodos
1776 836 2083 892 celebratas
2120 837 2177 892 in

585 941 748 979 causa
795 926 961 980 trium
1012 927 1292 996 capitum;
1345 927 1439 981 sed
1492 927 1547 981 in
1589 927 1657 984 iis
1704 929 1951 984 modeste
1999 929 2178 1000 egisse

582 1015 788 1080 Gallos,
830 1017 1151 1073 iracundius
1193 1019 1428 1090 Illyrios,
1452 1019 1614 1075 Afros
1644 1036 1742 1089 pro
1781 1021 1942 1091 genio
1974 1022 2174 1092 gentis.

583 1107 940 1164 Stomachum
987 1110 1188 1180 Illyriis
1229 1112 1425 1174 movit,
1461 1111 1610 1182 quod
1651 1126 1777 1166 suas
1811 1127 2002 1182 preces
2034 1113 2178 1182 Vigi-

582 1199 692 1255 lius
732 1199 984 1271 factaque
1009 1203 1364 1272 precantibus
1409 1204 1678 1272 promissa
1717 1204 1992 1272 sprevisse
2025 1204 2178 1259 vide—

584 1301 740 1346 retur
773 1310 785 1345 :
817 1291 977 1347 Afros
999 1303 1196 1348 natura
1225 1294 1470 1350 fervidos
1491 1296 1746 1351 accendit
1774 1295 2014 1350 Facundi
2044 1296 2179 1351 alio-

584 1399 819 1454 rumque
868 1386 1082 1451 relatio,
1137 1404 1245 1442 non
1295 1388 1526 1458 simplex
1574 1398 1631 1442 et
1672 1388 1909 1453 sincera,
1953 1389 2072 1455 sed,
2118 1399 2179 1444 ut

583 1475 726 1528 solet
760 1475 830 1529 ab
861 1476 1034 1541 iratis,
1066 1477 1393 1533 invidiosius
1430 1479 1636 1548 scripta
1673 1495 1685 1531 :
1720 1476 1994 1533 Gallorum
2036 1487 2177 1532 tem-

586 1569 835 1636 perantia
865 1584 930 1623 ex
957 1585 1024 1623 eo
1050 1570 1250 1632 elucet,
1281 1571 1425 1640 quod
1462 1569 1530 1624 de
1561 1570 1696 1639 ipsis
1721 1569 1962 1639 capitum
1989 1570 2178 1624 defen-

587 1670 741 1711 sores
773 1657 908 1711 nihil
953 1659 1233 1714 memoria
1275 1659 1644 1730 prodiderint,
1677 1659 1948 1730 prodituri
1985 1662 2177 1731 procul

588 1747 778 1813 dubio,
803 1748 846 1802 si
883 1749 1014 1818 quid
1054 1751 1310 1808 acerbius
1339 1761 1554 1822 gestum
1583 1761 1748 1806 esset.

658 1840 734 1894 De
783 1840 1082 1896 Galliarum
1133 1842 1343 1914 synodo
1381 1844 1545 1898 silent
1590 1845 1856 1914 temporis
1897 1854 2172 1909 auctores,

2279 653 2398 706 nari
2433 652 2606 706 voluit
2636 654 2687 705 in
2724 660 2888 721 caput
2919 652 3190 706 universa
3217 650 3494 706 Ecclesia.
3535 670 3553 702 ι
3591 652 3715 706 Post
3735 669 3851 708 con-

2279 743 2518 797 sulatum
2563 741 2770 804 Basilii,
2801 731 3001 811 inquit,
3030 740 3134 794 viri
3158 740 3449 795 clarissimi
3475 755 3604 794 ann.
3633 757 3686 802 ι.
3718 740 3858 796 ,Ιώ-ἰ·

2279 835 2401 889 cani
2437 835 2713 889 antistites
2742 834 3002 904 Vigilium
3032 834 3341 888 Romanum
3373 832 3689 903 episcopum
3715 833 3860 889 dam-

2277 933 2529 981 natorem
2571 927 2739 981 trium
2777 926 3145 996 capitulorum
3174 925 3511 997 synodaliter
3539 939 3568 979 a
3594 924 3858 983 catholica

2279 1019 2690 1082 communione,
2732 1027 3014 1074 reservato
3051 1018 3104 1074 ei
3142 1017 3487 1088 paenitentia
3511 1018 3652 1081 loco,
3688 1018 3860 1074 reclu~

2278 1109 2451 1175 dunt;
2485 1117 2542 1164 et
2572 1125 2674 1180 pro
2708 1109 3028 1164 defensioue
3069 1118 3494 1164 memoratarum
3526 1110 3691 1163 trium
3720 1112 3860 1181 capi-

2278 1202 2521 1256 tulorum
2569 1201 2785 1256 litteras
2831 1202 2963 1256 satis
3013 1201 3239 1257 idoneas
3277 1200 3588 1257 Iustiniano
3626 1201 3858 1272 principi

2278 1306 2378 1361 per
2401 1291 2712 1362 Olympium
2741 1291 3153 1362 Magistrianum
3182 1291 3430 1346 mittunt.
3466 1310 3484 1343 ι

2353 1378 2645 1448 Postquam
2689 1394 2758 1434 eo
2790 1394 2966 1448 usque
2997 1379 3235 1434 vesania
3273 1379 3516 1434 Africam
3559 1379 3691 1435 falsa
3739 1381 3860 1434 reli-

2277 1471 2458 1541 gionis
2493 1471 2687 1526 umbra
2741 1471 3052 1542 mentisque
3084 1473 3302 1527 cacitas
3332 1472 3568 1542 impulit,
3600 1471 3860 1528 Constan-

2280 1561 2507 1632 tinopoli
2541 1563 2853 1627 Facundus,
2880 1563 3062 1632 specie
3083 1563 3454 1633 respondendi
3477 1563 3724 1618 Muciano
3748 1565 3860 1620 cui-

2278 1651 2405 1706 dam
2431 1661 2766 1708 conventum
2797 1652 3062 1723 culpanti,
3093 1653 3270 1723 reipsa
3298 1654 3352 1707 in
3381 1652 3637 1723 Vigilium
3668 1653 3858 1708 acerbe

2280 1739 2440 1794 simul
2482 1749 2538 1795 et
2584 1742 2925 1796 calumniose
2975 1743 3228 1797 invectus
3272 1753 3392 1808 est,
3443 1743 3651 1814 scripto
3693 1742 3854 1809 libro,

2279 1846 2390 1900 quo
2434 1833 2620 1887 nullus
2659 1843 2756 1888 aut
2801 1834 3130 1889 virulentior
3165 1850 3288 1890 esse
3321 1843 3505 1905 queat,
3543 1845 3638 1889 aut
3685 1835 3858 1906 impu-

580 1944 686 1984 nec
735 1931 873 1984 certi
925 1902 1226 2003 quidquam
1276 1935 1418 1990 scire
1463 1936 1626 2002 licet,
1669 1937 1786 1993 sive
1833 1955 1902 1994 ex
1948 1939 2170 2006 litteris,
2208 1902 2249 1960 Β
2277 1919 2518 1976 denuo"-

582 2033 721 2088 qnas
760 2019 1089 2075 Aurelianus
1122 2023 1479 2087 Arelatensis,
1513 2026 1608 2094 qui
1649 2028 1918 2098 synodum
1956 2030 2170 2097 habuit,

581 2126 681 2180 per
721 2112 1069 2166 Anastasium
1115 2113 1269 2169 dedit
1308 2116 1374 2170 ad
1425 2119 1766 2186 pontiﬁcem,
1825 2123 1940 2177 sive
1984 2138 2049 2177 ex
2090 2139 2175 2179 re-

581 2203 790 2273 scripto
818 2206 1092 2273 pontiﬁcis
1123 2225 1135 2261 :
1173 2224 1297 2262 nam
1329 2211 1614 2278 perierunt
1641 2211 1924 2269 Aureliani
1953 2215 2173 2281 littera,

582 2301 641 2346 et
683 2308 1007 2362 responsum
1055 2296 1364 2366 pontiﬁcis,
1418 2300 1566 2368 quod
1615 2300 1874 2365 habetur,
1922 2320 1990 2360 ex
2038 2320 2176 2374 pra-

583 2385 790 2454 scripto
826 2385 1144 2442 Graecorum
1189 2389 1503 2444 confectum
1550 2391 1741 2458 fuisse,
1780 2394 1948 2450 Italia
1988 2395 2176 2451 clerici

582 2490 894 2548 queruntur
927 2499 939 2533 :
977 2481 1253 2550 conjicere
1298 2490 1479 2536 tamen
1522 2499 1590 2538 ex
1634 2501 1898 2556 responso
1947 2486 2027 2541 fas
2069 2496 2173 2554 est,

584 2570 768 2625 missis
813 2586 842 2625 a
879 2571 1106 2625 Rustico
1144 2581 1202 2627 et
1237 2573 1564 2630 Sebastiano
1602 2577 1656 2630 in
1688 2575 1893 2633 Gallias
1931 2578 2175 2648 scriptis,

580 2671 835 2716 vocatum
867 2664 1035 2718 fuisse
1064 2665 1322 2734 Vigilium
1348 2665 1404 2720 in
1431 2667 1803 2737 suspicionem
1829 2680 2175 2741 Oppugnata,

581 2768 692 2808 non
734 2754 1201 2812 Chalcedonensis
1251 2765 1485 2823 tantum,
1529 2759 1627 2813 sed
1675 2761 1840 2814 etiam
1887 2761 2178 2832 Ephesina

580 2847 800 2918 synodi,
836 2849 946 2902 imo
983 2858 1040 2903 et
1077 2850 1324 2920 epistola
1363 2850 1565 2906 Leonis
1605 2852 1672 2906 ad
1711 2853 2030 2908 Flavianum
2063 2870 2076 2906 :
2120 2853 2177 2909 in

580 2937 688 2995 hoc
719 2940 868 2994 enim
897 2941 1132 2998 crimine
1165 2944 1502 2998 removendo
1527 2952 1673 2999 totus
1695 2953 1796 3000 est.
1823 2947 1963 3002 Illud
1993 2955 2176 3003 autem

580 3027 817 3082 nefanda
859 3028 1048 3084 fraude
1080 3031 1333 3087 scelerati
1371 3033 1628 3089 homines
1666 3037 2002 3105 persuadere
2029 3039 2175 3093 nite-

578 3118 804 3184 bantur,
836 3130 967 3177 tunc
995 3139 1120 3177 cum
1150 3124 1460 3179 Judicatum
1497 3127 1552 3180 in
1594 3129 1910 3197 provincias
1947 3131 2176 3187 missum

581 3206 873 3262 laudarent
918 3226 931 3261 :
980 3211 1202 3266 aiebant
1249 3213 1522 3282 siquidem
1564 3218 1836 3272 contineri
1873 3221 2174 3277 convictio-

583 3315 710 3353 nem
751 3301 1000 3357 criminis
1043 3319 1107 3357 ea
1158 3313 1352 3374 parte,
1392 3323 1502 3376 qua
1548 3311 1883 3379 parcebatur
1925 3315 2179 3383 personis

583 3391 920 3447 Theodoreti
970 3403 1028 3448 et
1069 3394 1208 3462 Iba;
1259 3395 1553 3454 artiﬁciose
1592 3401 1740 3456 enim
1783 3403 2056 3471 parcitum
2092 3403 2178 3457 id-

583 3483 755 3548 circo,
797 3485 942 3553 quod
972 3493 1205 3556 uterque
1245 3487 1567 3544 crederetur
1597 3507 1628 3544 a
1667 3491 1887 3561 Vigilio,
1918 3509 2028 3547 non
2059 3493 2180 3548 sine

579 3572 726 3647 iusta
771 3590 955 3636 causa,
999 3585 1056 3630 et
1091 3576 1447 3633 Theodorum
1489 3581 1928 3650 commendasse,
1973 3593 2031 3640 et
2077 3584 2181 3656 Cy-

587 3666 774 3720 rillum
809 3667 1120 3723 damnasse.

658 3758 720 3810 γ.
758 3759 833 3812 De
873 3759 1218 3831 Illyricorum
1258 3773 1534 3819 conventu
1572 3765 1626 3820 id
1659 3767 1820 3820 tradit
1851 3767 2039 3820 Victor
2067 3767 2181 3824 Tu-

586 3847 852 3902 nonensis
888 3867 901 3902 :
941 3868 958 3899 ι
991 3851 1116 3905 Post
1147 3853 1498 3910 consulatum
1531 3854 1713 3910 Basilii
1750 3855 1854 3909 viri
1889 3857 2181 3912 clarissimi

588 3955 733 3995 anno
758 3957 830 4004 ix,
863 3941 1230 4013 Illyricianam
1260 3945 1529 4017 synodum
1564 3946 1618 4000 in
1655 3946 1978 4004 defensione
2016 3950 2181 4005 trium

587 4033 828 4102 capitum
862 4033 1176 4090 Iustiniano
1212 4035 1460 4106 Augusto
1499 4037 1806 4107 scripsisse,
1843 4047 1898 4093 et
1932 4041 2180 4096 Benena-

589 4133 703 4180 tum
736 4126 927 4195 prima
953 4127 1275 4184 .lustiniana
1303 4129 1623 4199 episcopum
1645 4129 2067 4189 obtrectatorem
2091 4150 2184 4189 eo-

589 4218 842 4273 rumdem
872 4219 1036 4275 trium
1064 4221 1306 4290 capitum
1335 4221 1752 4277 condemnasse.
1789 4243 1808 4274 ›
1842 4223 2036 4281 Annus
2066 4227 2179 4293 ille,

587 4314 754 4378 quem
787 4325 940 4365 more
971 4325 1072 4365 suo
1105 4325 1315 4366 nonum
1354 4320 1534 4378 vocat,
1565 4321 1621 4368 et
1659 4313 1714 4366 in
1755 4329 1864 4383 quo
1904 4315 2180 4373 Theodori

588 4401 803 4456 obitum
837 4400 1023 4468 refert,
1065 4403 1246 4473 reipsa
1281 4411 1509 4459 octavus
1543 4403 1668 4468 fuit,
1701 4421 1808 4474 qua
1844 4407 2058 4462 ratione
2089 4410 2181 4464 alii

591 4508 887 4548 numerare
936 4493 1148 4556 solent,
1197 4503 1370 4564 atque
1410 4494 1487 4550 ita
1528 4493 2002 4564 quingentesimus
2044 4513 2183 4567 qua-

2348 2014 2405 2068 Id
2449 2030 2582 2069 vero
2630 2015 2863 2070 maxime
2906 2017 2961 2069 in
3007 2033 3075 2071 eo
3121 2017 3421 2073 defendere
3453 2018 3673 2081 nititur,
3719 2018 3858 2087 quod

2278 2104 2658 2162 incredibilem
2706 2108 2943 2162 habebat
2990 2108 3276 2172 invidiam,
3321 2126 3592 2165 summum
3647 2110 3859 2180 pontiﬂ-

2277 2212 2396 2251 cem
2443 2198 2512 2252 ab
2552 2198 2832 2255 Africanis
2885 2203 3273 2256 communione
3331 2219 3440 2257 non
3493 2217 3615 2258 esse
3676 2205 3858 2258 exclu-

2277 2307 2444 2346 sum:
2475 2293 2764 2348 contendit
2801 2294 2949 2348 enim
2990 2311 3020 2348 a
3058 2295 3240 2364 seipse
3285 2297 3592 2361 exclusum,
3631 2312 3756 2352 cum
3808 2299 3857 2353 in

2277 2385 2523 2440 Judicato
2555 2401 2656 2441 suo
2691 2387 2984 2441 anathema
3024 2388 3258 2454 diceret,
3293 2398 3354 2444 ut
3387 2389 3502 2459 ipse
3531 2390 3758 2460 quidem
3786 2392 3861 2445 in-

2280 2485 2636 2547 terpretatur,
2673 2478 2930 2533 Patribus
2959 2478 3306 2535 Chalcedone
3343 2482 3710 2551 congregatis,
3746 2483 3859 2537 toti-

2278 2584 2384 2639 que
2419 2570 2678 2625 Ecclesia
2708 2571 3011 2635 catholica,
3038 2581 3204 2642 atque
3236 2575 3374 2628 adeo
3398 2574 3692 2630 Africana.

2350 2659 2478 2714 Post
2497 2660 2669 2714 multa
2700 2660 2869 2731 igitur
2903 2661 3234 2732 impotenter
3262 2663 3474 2718 effutita
3509 2689 3522 2718 .-
3566 2685 3584 2716 ι
3614 2665 3762 2730 Hac,
3787 2666 3860 2721 in-

2278 2751 2420 2820 quit,
2455 2749 2791 2816 suﬁicerent,
2829 2752 2871 2807 si
2904 2754 3229 2818 adversarii,
3259 2771 3398 2825 quos
3430 2765 3488 2812 et
3517 2757 3632 2826 ipse
3661 2759 3858 2828 culpat.

2275 2857 2390 2896 non
2439 2843 2741 2898 inferentes
2782 2845 3076 2900 anathema
3120 2844 3557 2904 Chalcedonensi
3609 2850 3858 2913 concilio.

2279 2949 2460 3003 neque
2499 2935 2555 2988 in
2609 2950 2709 2989 nos
2751 2951 2964 3000 omnes,
2999 2938 3014 2956 ‘
3061 2936 3156 2992 sed
3207 2937 3414 3007 aliquid
3453 2939 3723 2994 adversus
3756 2941 3861 3010 ejus

2279 3025 2658 3079 auctoritatem
2695 3035 2970 3096 gerentes,
3012 3027 3114 3095 ipsi
3146 3028 3330 3097 potius
3359 3044 3391 3082 a
3423 3028 3583 3083 nobis
3607 3031 3716 3084 sub
3745 3045 3860 3084 ana-

2281 3119 2522 3173 themate
2557 3118 2954 3173 damnarentur
2989 3138 3000 3172 :
3033 3136 3181 3175 nunc
3219 3129 3403 3175 autem
3445 3121 3552 3176 illis
3579 3122 3750 3192 impie
3777 3137 3861 3192 ge-

2281 3211 2552 3274 rentibus,
2583 3219 2640 3266 et
2671 3226 2774 3265 nos
2799 3226 2864 3265 ac
2890 3211 3081 3267 Patres
3114 3221 3334 3268 nostros
3362 3214 3864 3270 anathematizand-

2281 3299 2406 3362 bus,
2449 3315 2678 3368 seseque
2725 3315 2825 3369 per
2867 3301 2972 3355 hoc
3016 3301 3309 3358 anathema
3350 3303 3770 3374 segregantibus
3803 3304 3864 3358 ab

2281 3393 2538 3447 universa
2566 3391 2775 3447 Christi
2815 3393 3088 3460 Ecclesia;
3126 3410 3227 3450 nos
3265 3394 3360 3465 qui
3392 3394 3505 3450 Deo
3538 3405 3783 3466 regente,
3813 3396 3862 3450 in

2281 3494 2510 3555 paterna
2546 3484 2821 3540 sententia
2862 3494 2919 3541 et
2961 3487 3349 3542 communione
3382 3498 3723 3558 perstamus;
3752 3504 3862 3553 nos,

2281 3578 2528 3646 inquam,
2557 3577 2612 3630 in
2636 3578 2881 3634 Ecclesia
2901 3579 3210 3644 constituti,
3232 3579 3322 3634 cui
3352 3580 3614 3635 dixerunt
3645 3581 3863 3636 anathe-

2280 3683 2389 3731 ma,
2406 3667 2700 3722 statuimus
2719 3667 3025 3722 secundum
3039 3667 3367 3726 Christiana
3385 3671 3670 3741 religionis
3689 3671 3882 3726 obser-~

2281 3760 2544 3824 vantiam,
2562 3775 2672 3814 non
2689 3760 3100 3815 communicare
3121 3762 3190 3816 ab
3203 3761 3445 3816 Ecclesia
3463 3763 3858 3833 segregatis".i

2352 3850 2494 3918 Quid
2545 3851 2702 3921 plura
2752 3852 3025 3921 proferam
3077 3869 3143 3907 ex
3194 3853 3358 3917 libro,
3395 3870 3505 3923 quo
3555 3871 3672 3908 uno
3713 3855 3869 3909 colle-

2282 3951 2427 4000 ctam
2461 3942 2754 4023 duodecim
2785 3943 2911 3998 aliis
2944 3943 3210 4000 doctrina
3253 3954 3419 4014 atque
3451 3945 3618 4000 etiam
3656 3946 3870 4017 pietatis

2293 4035 2493 4091 famam
2542 4035 2885 4105 inquinavit?
2907 4035 3039 4102 Quae
3087 4034 3304 4090 felicior
3343 4035 3670 4096 exstitisset.
3713 4043 3872 4107 atque

2283 4125 2451 4181 etiam
2494 4123 2840 4195 prudentior,
2879 4123 2924 4178 si
2971 4123 3257 4179 charitatis
3301 4123 3573 4193 impulsu,
3616 4124 3870 4194 Vigilium

2284 4225 2508 4273 secutus
2547 4216 2743 4271 fuisset
2775 4215 3091 4270 studentem
3137 4215 3280 4286 paci,
3324 4231 3428 4272 nec
3466 4216 3868 4271 Donatistarum

2284 4325 2439 4364 more
2470 4307 2713 4362 Africam
2745 4306 2867 4361 orbi
2896 4308 3250 4376 pratulisset.

2355 4402 2470 4457 VII.
2499 4401 2795 4470 Postquam
2825 4399 3073 4452 auditum
3097 4407 3182 4453 est
3213 4400 3267 4454 in
3293 4398 3433 4451 urbe
3466 4399 3616 4469 regia
3642 4400 3712 4454 de
3737 4398 3872 4454 Afri-

2285 4508 2422 4549 cana
2468 4490 2697 4562 synodo,
2745 4490 2997 4560 lectaque
3046 4491 3432 4559 episcoporum
3473 4489 3542 4544 ad
3585 4490 3872 4560 imperato-

590 4583 935 4655 dragesimus
977 4592 1204 4640 octavus
1251 4584 1493 4650 Christi,
1543 4585 1842 4642 Iustiniani
1889 4587 2184 4644 vicesimus
2216 4586 2261 4643 D
2291 4600 2406 4639 rem
2449 4583 2641 4637 relatio
2686 4597 2784 4651 per
2821 4581 3234 4653 Magistrianum
3274 4581 3461 4644 missa,
3503 4580 3712 4650 placuit
3753 4577 3877 4634 inde

591 4675 891 4739 secundus,
917 4693 946 4730 a
971 4677 1227 4731 Kalendis
1249 4677 1473 4747 Aprilis.
1503 4677 1734 4747 Oportet
1759 4677 1925 4748 igitur
1948 4679 2180 4750 Illyrios,

591 4767 775 4822 statim
806 4766 998 4820 audito
1025 4767 1222 4821 nuntio
1255 4767 1322 4821 de
1357 4767 1592 4821 Iudicati
1631 4767 1895 4821 missione
1933 4767 2002 4822 ad
2034 4768 2186 4822 Men-

593 4873 751 4921 nam,
799 4857 1148 4912 concurrisse
1188 4858 1256 4912 ad
1298 4858 1460 4928 237
1491 4857 1784 4929 synodum,
1845 4858 1963 4923 sed,
2009 4869 2069 4914 ut
2099 4871 2185 4919 est

593 4949 674 5002 ira
707 4963 952 5018 praceps
981 4963 1046 5002 ac
1081 4948 1418 5012 turbulenta,
1451 4949 1793 5004 tumultuose
1826 4958 1882 5004 et
1917 4949 2183 5022 injuriose

592 5054 709 5095 rem
759 5039 964 5110 egisse;
1009 5055 1169 5101 nam,
1205 5049 1260 5092 et
1308 5039 1378 5092 ab
1429 5039 1586 5094 iratis
1629 5040 1904 5112 episcOpis
1935 5060 2184 5099 summus

592 5131 843 5201 pontifex
879 5131 1103 5201 indigna
1141 5145 1337 5200 passus
1364 5138 1470 5196 est,
1505 5139 1563 5187 et
1589 5131 1899 5188 Benenatus
1933 5151 1962 5189 a
1990 5134 2181 5190 subdi-

593 5223 668 5278 tis
698 5223 1024 5286 damnatus,
1069 5230 1126 5276 et
1173 5221 1473 5291 imperator
1519 5223 1589 5278 ab
1637 5224 1864 5295 ingratis
1902 5228 2042 5282 male
2080 5229 2179 5282 ha-

594 5311 764 5366 bitus.

667 5405 754 5459 Vl.
788 5403 896 5458 Sed
924 5418 1069 5457 anno
1098 5412 1364 5473 sequente
1387 5405 1607 5476 longius
1629 5406 1882 5462 Afrorum
1917 5410 2189 5479 impoten-

596 5497 670 5552 tia
705 5496 979 5566 prorupit,
1005 5496 1058 5550 id
1091 5512 1243 5562 ausa,
1277 5498 1424 5568 quod
1457 5515 1486 5552 a
1520 5501 1740 5554 nemine
1771 5502 2036 5557 hactenus
2065 5512 2185 5556 ten-

597 5597 795 5642 tatum.
830 5587 1026 5642 Narret
1054 5590 1242 5644 Victor
1281 5590 1398 5662 ipse
1442 5593 1558 5646 suis
1599 5593 1810 5648 facinus
1854 5611 2043 5660 suum;
2083 5594 2188 5649 fuit

2289 4687 2524 4727 evocare
2553 4672 2861 4742 pracipuos
2888 4671 3173 4741 prasules,
3205 4671 3357 4724 velut
3383 4670 3448 4724 ad
3481 4670 3872 4724 mcumenicam

2290 4760 2580 4832 synodum.
2605 4761 2886 4816 Venerunt
2912 4760 3178 4830 primates
3209 4759 3375 4828 238
3411 4757 3542 4823 duo,
3575 4757 3873 4828 Reparatus

2290 4854 2798 4914 Proconsularium,
2830 4853 3048 4907 Firmus
3081 4851 3474 4916 Numidarum;
3514 4850 3718 4921 reliqui
3753 4864 3883 4920 pro—

2290 4931 2597 5000 vinciarum
2657 4945 2909 5000 seniores
2957 4944 3232 4998 miserunt
3283 4943 3508 5013 legatos.
3560 4939 3705 5006 Quid
3749 4953 3881 4993 vero

2287 5037 2764 5107 ConstantinOpoli
2799 5036 3034 5107 egerint,
3062 5051 3170 5106 qua
3199 5035 3502 5106 pertinacia
3531 5032 3763 5088 tulerint
3786 5030 3874 5084 alii

2287 5131 2504 5194 exsilia,
2535 5129 2629 5184 alii
2669 5135 2924 5184 carceres
2970 5144 3070 5200 pro
3115 5128 3295 5182 tribus
3336 5126 3613 5198 capitulis,
3644 5141 3754 5193 qua
3794 5137 3876 5176 ra—

2290 5221 2714 5292 tione,quidam,
2742 5220 2858 5274 sive
2883 5220 3145 5290 praemiis,
3179 5219 3291 5273 sive
3317 5219 3528 5274 scdium
3554 5214 3872 5285 cupiditate,

2290 5315 2621 5369 recesserint
2655 5312 2709 5367 in
2744 5320 2928 5383 partes
2956 5310 3276 5375 Iustiniani,
3315 5317 3503 5364 narrat
3546 5308 3733 5363 Victor
3772 5303 3874 5358 Tu—

2289 5406 2573 5469 nonensis,
2618 5422 2722 5460 nec
2757 5421 2815 5459 se
2861 5403 3182 5458 illaudatum
3231 5415 3354 5458 esse
3397 5402 3558 5468 sinit;
3606 5400 3647 5454 si
3694 5411 3874 5454 tamen

2292 5499 2466 5569 ipsius
2485 5507 2572 5551 est
2599 5513 2726 5566 pars
2743 5506 2986 5550 extrema
3008 5493 3288 5559 Chronici,
3315 5493 3462 5564 quod
3483 5508 3590 5547 non
3625 5506 3776 5544 reor.

2366 5588 2499 5644 \‘lll.
2533 5588 2672 5642 Dum
2709 5587 2827 5642 haec
2861 5586 2914 5640 in
2950 5584 3118 5641 variis
3149 5584 3340 5639 mundi
3386 5583 3636 5655 partibus
3677 5593 3875 5651 gerun-

1947 5729 2262 5790 SCHULZJ
2299 5727 2528 5782 NOTAE.

675 5810 718 5841 ’⁸
751 5815 1129 5889 Οτζζινναιὶοηε,
1157 5830 1270 5874 etc.
1298 5820 1446 5876 Ilanc
1467 5821 1632 5880 animi
1670 5823 1946 5880 levitatem
1986 5833 2216 5880 testatur
2244 5823 2618 5887 Consulatum,
2656 5820 2719 5874 de
2769 5835 2877 5889 quo
2907 5817 3014 5874 vid.
3045 5830 3284 5885 sequens
3311 5821 3467 5884 caput
3510 5812 3590 5867 19.
3666 5807 3710 5840 “
3751 5802 3870 5861 Vitl-

613 5885 853 5944 Facundi
881 5888 974 5944 lib.
1008 5885 1138 5948 Adv.
1189 5891 1508 5948 Marianum.
