4070 6454
215 433 330 501 189

1416 442 1778 504 HISTORIA
1817 440 2270 504 THEODOHET
2277 445 2300 502 Ι
2312 492 2324 503 .

3404 441 3504 510 l90

215 561 340 618 tur,
393 549 824 622 Mopsuestiam,
869 567 994 622 qua
1041 551 1233 609 civitas
1279 553 1485 612 Ciliciae
1531 554 1820 618 secundae,
1853 557 1897 612 Α
1925 569 2128 610 annum
2163 556 2287 620 490,
2317 551 2596 610 autetiam
2629 553 2752 618 480,
2781 555 3132 610 intercessit:
3165 570 3290 610 nam
3318 556 3502 612 Theo-

217 643 492 700 convcnit
516 659 664 698 anno
688 643 811 711 550,
838 643 930 700 die
969 645 1034 698 17
1061 644 1231 712 Junii,
1257 647 1498 718 synodus
1525 645 1820 703 Iustiniani

221 737 433 794 litteris
473 745 708 792 evocata
753 755 768 790 :
821 737 1116 794 evocandos
1158 752 1322 794 causa
1373 755 1486 794 non
1539 740 1648 794 alia
1693 738 1818 804 fuit,

225 845 394 900 quam
439 837 504 884 ut
569 827 872 898 provinciae
924 829 1094 882 totius
1142 829 1536 900 senidrumque
1583 830 1822 884 civitatis

229 921 554 976 testimonio
582 927 883 983 constaret,
918 919 1269 974 Theodorum
1311 920 1656 990 Mopsuestia
1690 919 1821 974 olim

231 1014 582 1086 episcopum,
604 1011 934 1082 jamdudum
965 1011 1022 1065 in
1051 1012 1166 1082 ipsa
1195 1027 1294 1066 sua
1325 1011 1574 1067 Ecclesia
1597 1011 1824 1066 damna-

235 1115 348 1160 tum
377 1105 578 1170 fuisse,
618 1104 854 1172 ideoque
879 1119 948 1180 ex
975 1103 1148 1159 sacris
1169 1102 1444 1174 diptychis
1464 1111 1818 1172 expunctum.

232 1195 290 1252 id
316 1195 607 1266 satagebat
635 1195 962 1264 imperator,
999 1193 1196 1264 partim
1225 1202 1290 1248 ut
1313 1193 1654 1248 satisfaceret
1685 1205 1824 1263 pon-

233 1287 366 1342 tifici
399 1287 628 1358 neganti
672 1301 732 1342 se
767 1301 930 1356 posse
962 1284 1312 1340 Theodorum
1350 1285 1630 1349 damnare,
1663 1285 1823 1356 cujus

227 1381 286 1435 in
317 1379 584 1434 Ecclesiae
611 1393 748 1447 pace
779 1377 1028 1432 defuncti
1073 1377 1340 1432 memoria
1374 1391 1442 1432 eo
1479 1391 1652 1446 usque
1683 1375 1824 1432 infa-

225 1477 376 1524 mat:
405 1484 520 1524 non
548 1467 758 1532 fuerat;
786 1469 990 1536 partim
1021 1473 1083 1522 ut
1109 1465 1300 1531 edicti,
1335 1481 1446 1536 quo
1471 1465 1822 1522 Theodorum

225 1559 468 1630 perinde
501 1567 666 1628 atque
695 1556 991 1628 Origenem
1026 1556 1426 1627 proscribebat,
1467 1555 1696 1610 formam
1727 1555 1824 1610 de-

233 1651 516 1716 tonderet;
549 1649 752 1721 partim
793 1650 932 1706 alias
967 1649 1040 1705 ob
1065 1664 1281 1714 causas,
1313 1663 1452 1720 quas
1479 1663 1580 1704 suo
1611 1648 1666 1703 in
1699 1647 1822 1704 loco

237 1741 618 1798 discessimus.
696 1809 710 1820 _

299 1834 614 1889 Adfuerunt
653 1847 850 1888 omnes
885 1833 1186 1903 provinciae
1217 1831 1462 1904 episcopi
1488 1832 1554 1884 ’⁸.
1599 1829 1822 1886 Praefuit

225 1926 472 1984 Joannes
509 1925 814 1990 Anazarbi,
863 1941 960 1981 seu
1006 1925 1510 1996 Justinianopoleos
1551 1924 1816 1978 antistes:

227 2019 410 2076 vocati
445 2034 642 2076 omnes
680 2019 748 2073 de
793 2019 964 2084 clero,
1000 2019 1358 2088 senioresque
1384 2019 1708 2088 eptimatum
1744 2016 1822 2071 ci-

228 2109 416 2166 vitatis
439 2129 453 2163 :
475 2110 696 2181 prolata
710 2109 970 2181 diptyclia
993 2109 1162 2165 trium
1185 2125 1450 2181 generum
1471 2124 1540 2165 ex
1563 2107 1822 2164 Ecclesiae

219 2203 468 2260 cimelio.
509 2202 796 2268 Constitit,
843 2209 958 2256 tum
1003 2200 1318 2258 testimonio
1359 2201 1662 2265 seniorum,
1705 2207 1820 2253 tum

221 2294 622 2366 diptychorum
669 2293 1048 2364 inspectione,
1097 2308 1204 2350 nec
1265 2292 1601 2363 appellatum
1651 2290 1822 2346 tuisse

219 2392 348 2440 ante
397 2384 696 2452 sexaginta
745 2398 956 2448 annos,
1001 2397 1104 2439 nec
1160 2381 1488 2451 inscriptum
1545 2377 1822 2450 diptychis

225 2475 506 2534 Theodori
545 2491 774 2540 nomen,
819 2474 918 2530 sed
951 2476 1074 2546 ejus
1101 2474 1222 2530 loco
1252 2473 1609 2530 substitutum
1643 2471 1821 2544 Cyril-

219 2567 336 2622 lum
363 2564 762 2622 Alexandriam
787 2563 1048 2619 Ecclesia:
1073 2563 1382 2633 praesulem.
1411 2563 1487 2618 De
1516 2578 1576 2618 re
1601 2569 1712 2616 tota
1737 2577 1818 2616 re-

221 2657 398 2712 latum
431 2663 520 2712 est
556 2654 838 2727 synodicis
874 2653 1095 2719 litteris,
1129 2662 1188 2708 et
1220 2652 1290 2709 ad
1327 2653 1732 2722 imperatorem,
1765 2659 1824 2708 et

225 2750 292 2804 ad
330 2763 620 2804 summum
667 2744 990 2817 pontificem
1027 2762 1040 2798 :
1081 2744 1136 2800 id
1175 2745 1323 2802 enim
1363 2744 1620 2822 tractoria
1650 2743 1822 2798 Justi-

229 2843 430 2900 nianns
455 2839 742 2910 expressis
769 2837 955 2894 verbis
983 2845 1232 2902 caverat,
1259 2851 1368 2906 qua
1395 2835 1508 2892 sive
1545 2843 1682 2901 arte,
1707 2834 1824 2890 sive

243 2935 450 2998 fraude,
477 2933 532 2988 id
569 2939 822 2996 cautum,
847 2930 982 2986 alias
1005 2929 1380 3000 exposuimus.

301 3025 550 3081 Mirabile
600 3037 778 3095 porro
826 3029 914 3078 est
957 3019 1232 3092 primum,
1283 3018 1532 3076 seniores
1585 3020 1825 3078 civitatis

229 3119 464 3185 nescire,
493 3133 612 3189 quo
649 3126 900 3187 tempore
939 3113 1112 3170 deleri
1146 3127 1348 3168 nomen
1382 3113 1658 3168 Theodori
1693 3129 1826 3170 con-

1925 646 2170 710 doretus,
2193 646 2436 717 quandiu
2463 645 2616 708 vixit,
2641 661 2749 714 qua
2778 653 2898 700 erat
2926 645 3069 714 apud
3093 645 3292 701 Cilices
3315 657 3506 703 aucto-

1925 737 2108 802 ritate,
2139 751 2358 806 quoque
2401 750 2530 807 erga
2571 734 2922 790 Theodorum
2959 737 3164 803 studio,
3202 739 3505 796 obstitiSSet

1923 828 2126 882 acriter
2181 835 2290 881 tam
2342 827 2609 898 injurioso
2661 827 2925 882 adversus
2973 829 3211 884 amicum
3259 831 3500 886 conatui.

1921 917 2043 978 Non
2079 934 2208 990 ergo
2237 918 2514 989 diptychis
2546 917 2822 972 sublatum
2865 934 3065 973 nomen
3105 919 3383 976 Theodori
3419 932 3504 979 est

1923 1016 2049 1064 ante
2077 1025 2280 1064 annum
2314 1009 2438 1075 458,
2469 1025 2649 1079 neque
2681 1009 2848 1064 etiam
2885 1018 3008 1079 post
3041 1009 3176 1077 490;
3209 1029 3334 1066 nam
3365 1013 3506 1068 Mar-

1923 1101 2098 1172 tyrius
2123 1102 2432 1174 presbyter,
2459 1101 2552 1172 qui
2586 1103 2710 1173 jure
2745 1101 3114 1174 interrogatus
3149 1112 3254 1169 est,
3283 1113 3504 1175 octoge-

1922 1195 2114 1248 narius
2140 1203 2260 1248 erat
2287 1209 2432 1248 anno
2457 1192 2581 1258 550,
2610 1207 2735 1248 cum
2771 1193 2826 1247 in
2861 1194 3070 1265 synodo
3115 1204 3409 1250 testaretur
3443 1211 3504 1252 se

1922 1292 2050 1340 ante
2087 1284 2365 1356 sexaginta
2394 1298 2568 1339 annos
2600 1282 2858 1338 Ecclesia:
2887 1283 3284 1353 Mopsuesteme
3323 1285 3502 1340 inser-

1924 1378 2043 1434 vire
2081 1378 2346 1449 coepisse,
2383 1393 2487 1433 nec
2519 1377 2796 1432 audivisse
2849 1391 3114 1446 unquam,
3155 1377 3298 1432 inter
3348 1394 3504 1446 sacra

1923 1471 2177 1544 diptycba
2207 1469 2458 1542 legenda,
2487 1470 2816 1540 appellatum
2853 1467 3152 1531 Theodori,
3187 1467 3281 1523 sed
3313 1467 3503 1538 Cyrilli

1923 1579 2152 1630 nomen;
2186 1565 2296 1617 imo
2320 1577 2446 1616 cum
2472 1576 2582 1616 non
2608 1560 2902 1615 admodum
2933 1575 3124 1614 recens
3147 1574 3268 1614 esse
3298 1559 3506 1614 debue-

1923 1655 2000 1710 rit
2035 1653 2264 1718 factum,
2298 1669 2409 1724 quo
2445 1661 2692 1724 tempore
2727 1669 2896 1708 senex
2923 1653 3014 1708 ille
3043 1653 3098 1706 in
3127 1653 3336 1706 clerum
3365 1655 3508 1708 asci-

1926 1754 2014 1800 tus
2047 1752 2154 1810 est,
2179 1743 2426 1814 alioquin
2464 1743 2533 1798 de
2571 1759 2630 1800 re
2667 1752 2820 1798 tanta
2855 1743 3110 1798 nonnihil
3144 1743 3410 1808 audisset,
3434 1743 3504 1798 ad

1924 1837 2248 1902 delendam,
2300 1845 2394 1892 aut
2455 1837 2648 1892 saltem
2716 1836 3114 1890 obscurandam
3181 1837 3502 1890 memoriam

1923 1945 2061 2000 opus
2105 1929 2211 1984 fuit
2260 1929 2445 2002 aliquo
2496 1938 2776 2000 tempore,
2817 1940 2946 1999 puta
2992 1928 3259 1984 decennio
3293 1946 3306 1982 :
3337 1937 3502 1998 atque

1923 2020 1998 2076 ita
2044 2021 2386 2092 probabilius
2436 2021 2572 2075 nihil
2617 2020 2726 2076 dici
2769 2027 2978 2091 potest,
3022 2035 3186 2090 quam
3231 2019 3502 2089 ejusmodi

1921 2113 2314 2170 obductionem
2339 2113 2537 2168 factam
2569 2121 2696 2168 ante
2727 2128 2930 2168 annum
2960 2112 3084 2166 480.
3113 2111 3218 2166 Sed
3245 2127 3354 2181 quo
3387 2121 3505 2164 tan-

1922 2203 2048 2260 dem
2082 2204 2259 2259 anno?
2293 2204 2415 2259 Non
2443 2203 2573 2268 alio,
2607 2203 2824 2273 opinor,
2861 2217 3024 2271 quam
3063 2217 3173 2272 quo
3205 2201 3505 2258 Basiliscus

1923 2295 2268 2368 tyrannidem
2292 2295 2582 2365 occupavit
2611 2294 2680 2366 (is
2701 2303 2785 2349 est
2807 2293 2955 2364 475),
2987 2309 3206 2364 quoque
3234 2293 3500 2354 edictum,

1921 2387 2189 2444 suadente
2234 2385 2514 2442 Zenonide
2561 2399 2754 2448 uxore,
2787 2383 3052 2438 adversus
3093 2383 3506 2438 Chalcedonen-

1923 2495 2038 2536 sem
2062 2478 2328 2550 synodum
2359 2477 2416 2532 in
2449 2477 2762 2548 provincias
2789 2475 2955 2530 misit.

1994 2569 2152 2638 Quod
2181 2570 2226 2624 si
2251 2583 2440 2623 verum
2469 2568 2618 2624 istud
2644 2575 2750 2630 est,
2779 2573 2842 2621 ut
2867 2574 3014 2620 certe
3039 2573 3286 2634 apparet,
3319 2563 3504 2620 mirari

1923 2662 2194 2732 quispiam
2249 2663 2373 2731 jure
2426 2666 2628 2729 queat,
2682 2655 3115 2726 improbissimas
3175 2654 3502 2708 feminarum

1925 2762 2037 2809 tres
2083 2761 2276 2810 contra
2319 2751 2672 2806 Theodorum
2721 2763 3026 2818 pugnasse,
3077 2762 3422 2818 pugnantque
3473 2763 3505 2802 a

1923 2845 2202 2900 Zenonide
2247 2843 2581 2906 inchoatam,
2613 2856 2642 2895 a
2688 2839 2976 2894 Theodora
3020 2846 3350 2902 consertam,
3381 2853 3509 2909 per-

1924 2945 2100 2992 actam
2135 2932 2316 3004 Vigilii
2356 2931 2484 2986 odio
2525 2931 2595 2985 ab
2627 2929 2924 2994 Antonina,
2956 2928 3354 2982 famulantibus
3395 2929 3507 2982 sin-

1924 3027 2170 3098 gularum
2193 3023 2530 3094 impotentiae
2551 3021 2760 3076 uxoriis
2783 3019 3016 3083 maritis,
3041 3019 3321 3082 Basilisco,
3340 3019 3509 3074 Justi-

1925 3119 2110 3180 niano,
2145 3124 2201 3172 et
2235 3113 2520 3168 Belisario.
2571 3111 2677 3167 Sed
2724 3112 2840 3166 haec
2877 3109 3032 3174 alias,
3074 3117 3134 3162 ut
3161 3109 3297 3176 dixi,
3331 3109 3508 3166 fusius

227 3213 440 3284 tigerit;
471 3209 683 3266 deinde
705 3207 922 3262 nullum
945 3205 1002 3260 in
1026 3205 1300 3277 diptychis
1327 3204 1508 3260 liturre
1530 3206 1820 3276 vestigium
1849 3221 1892 3279 ο
1928 3209 2172 3280 exposita
2205 3214 2354 3262 sunt.

219 3303 526 3366 exstitisse,
561 3307 662 3355 aut
695 3299 742 3354 si
785 3298 910 3362 fuit,
950 3297 1007 3351 in
1041 3295 1174 3353 Acta
1213 3311 1326 3352 non
1367 3296 1600 3352 relatum
1627 3315 1642 3352 :
1667 3297 1824 3354 deni-

217 3413 320 3468 que
367 3395 654 3468 Cyrillum
705 3407 808 3462 pro
853 3389 1143 3446 Theodoro
1187 3387 1502 3444 sutfectum.
1549 3389 1821 3456 Mirabile,

217 3490 474 3561 inquam,
523 3495 638 3548 est,
686 3499 814 3540 cum
853 3480 1150 3552 aliquando
1183 3480 1512 3538 Theodorus
1543 3482 1689 3538 inter
1736 3498 1824 3540 sa-

217 3599 302 3640 era
355 3579 638 3653 mysteria
689 3574 1032 3648 coepiscopis
1063 3583 1457 3629 annumeratus
1491 3575 1565 3630 sit
1603 3590 1826 3630 :annu-

217 3676 553 3732 morabatur
635 3679 823 3733 certe,
880 3683 1008 3722 cum
1076 3665 1372 3721 Historiam
1444 3666 1826 3724 Theodoretus

211 3766 544 3822 absolveret
601 3773 752 3814 anno
797 3755 920 3822 450,
947 3754 1286 3824 summisque
1343 3755 1599 3812 laudibus
1640 3757 1826 3812 virum

208 3857 358 3912 fama
391 3853 690 3910 celebrem
722 3856 962 3904 ornaret.
990 3845 1280 3912 Quomodo
1313 3845 1482 3917 igitur
1513 3849 1650 3904 tanti
1681 3856 1826 3904 tam—

207 3965 322 4020 que
365 3945 676 4002 insolentis
722 3942 848 3998 facti
891 3941 1044 3996 nulla
1087 3941 1352 3997 remansit
1385 3942 1674 4005 memoria,
1702 3957 1828 3997 eum

203 4037 372 4095 orbis
413 4038 540 4094 fere
591 4035 762 4092 totius
805 4035 1206 4092 celeberrimus
1245 4034 1523 4104 interpres
1575 4031 1826 4102 Scriptu-

207 4147 280 4189 ra
359 4138 582 4188 sanctae
653 4127 982 4184 Theodorus
1055 4125 1306 4183 audiret?
1359 4124 1646 4193 Quomodo
1717 4133 1827 4178 tam

205 4225 472 4282 recentia
541 4223 774 4279 fuerunt
841 4222 1242 4293 Mopsuestena‘.
1313 4219 1576 4276 Ecclesiae
1647 4218 1828 4289 dipty—

205 4319 348 4383 cha,
380 4331 514 4388 qum
553 4316 612 4370 in
655 4315 1081 4386 quibuscunque
1126 4313 1250 4367 aliis
1294 4311 1559 4368 Ecclesiis
1605 4318 1832 4381 prepter

205 4417 572 4468 vetustatem
626 4407 684 4461 in
735 4406 922 4478 pretio
970 4405 1355 4460 habebantur?
1397 4401 1686 4471 Quomodo
1731 4415 1830 4471 pa-

207 4503 612 4560 triarcharum
643 4515 810 4566 unus,
838 4507 896 4555 et
927 4499 984 4554 in
1011 4499 1192 4553 aliena
1231 4496 1481 4562 dimcesi,
1501 4505 1556 4550 et
1585 4495 1830 4549 minores

205 4595 371 4652 inter
393 4595 702 4665 episcopos
729 4590 1096 4647 censebatur?
1123 4589 1286 4660 239
1307 4587 1593 4656 Quomodo
1625 4585 1693 4641 ad
1718 4584 1826 4656 Cy-

205 4687 324 4742 rilli
375 4697 594 4738 nomen
645 4688 756 4735 tam
801 4679 1066 4736 inusitato
1109 4679 1275 4735 modo
1319 4679 1610 4733 recitatum
1661 4691 1826 4733 nemo

207 4779 406 4842 haesit,
433 4783 496 4832 et
539 4775 762 4830 curiose
805 4789 1006 4830 causas
1031 4773 1182 4838 facti,
1206 4787 1316 4828 non
1353 4769 1648 4826 admodum
1675 4779 1828 4826 vete-

207 4870 316 4936 ris,
355 4865 657 4938 quaesivit?
691 4864 820 4919 llzec
857 4874 914 4919 et
949 4864 1077 4928 alia,
1112 4869 1174 4916 ut
1210 4860 1624 4916 admirationem
1655 4859 1826 4916 velte-

209 4967 516 5022 mentem,
595 4955 676 5010 sic
741 4953 1064 5009 nonnullam
1143 4951 1544 5007 dubitationem
1605 4965 1828 5006 movere

213 5057 444 5123 queunt
485 5044 706 5104 homini
745 5061 858 5102 non
895 5044 1253 5099 vehementer
1291 5040 1540 5106 credulo,
1575 5056 1646 5096 ne
1686 5041 1830 5097 forte

219 5143 300 5210 id,
326 5138 615 5213 quidquid
639 5145 746 5202 est,
770 5136 990 5192 concilii
1014 5151 1044 5190 a
1061 5134 1374 5191 Justiniano
1397 5132 1642 5203 pontifici
1677 5132 1830 5188 frau-

221 5235 352 5289 dem
387 5232 686 5296 moliente,
711 5229 1076 5300 excogitatum
1109 5227 1202 5292 sit,
1231 5237 1286 5282 et
1325 5243 1424 5298 per
1461 5225 1832 5296 obsequentes

223 5327 526 5382 ministros
551 5329 862 5393 peractum.

293 5416 462 5485 Quod
491 5415 540 5470 si
570 5413 762 5468 nullus
789 5411 866 5466 sit-
889 5410 1218 5466 dubitationi
1252 5411 1428 5474 locus,
1461 5416 1682 5480 oportet
1713 5425 1836 5464 mu-

230 5515 340 5565 tata
371 5507 554 5564 fuisse
581 5505 844 5577 diptycba
867 5519 936 5560 eo
963 5504 1228 5575 temporis
1253 5503 1566 5568 intervallo,
1589 5501 1736 5572 quod
1765 5501 1836 5557 ab

231 5601 388 5656 obitu
415 5597 790 5662 Theodoreti,
807 5597 902 5666 qui
935 5597 1162 5667 contigit
1189 5611 1334 5652 anno
1367 5596 1468 5652 457
1497 5605 1593 5652 aut
1620 5593 1744 5659 458,
1765 5591 1834 5650 ad

2511 3314 2738 3372 CAPUT
2773 3313 2917 3370 XIX.

1923 3413 1968 3469 l.
2006 3410 2228 3483 Vigilias
2267 3408 2522 3463 consentit
2561 3408 2626 3483 in
2655 3406 3058 3483 celebrationem
3099 3403 3325 3469 concilii,
3357 3404 3514 3483 modo

1995 3475 2108 3538 tota
2144 3480 2227 3535 illi
2260 3496 2422 3533 causa
2461 3479 2821 3546 permittatur;
2861 3477 3000 3546 quod
3031 3477 3322 3546 imperator
3344 3475 3509 3543 jura-

1996 3561 2078 3606 tus
2117 3549 2393 3622 promittit.
2433 3544 2502 3622 ll.
2543 3547 2841 3622 Theodorus
2873 3544 3513 3622 Cap‘padqnaugtorrest

1997 3613 2420 3692 impératori,_ut
2467 3618 2652 3692 datam
2691 3615 2854 3684 ﬁdem
2900 3613 3092 3692 fallat._
3127 3615 3216 3692 Ill:
3261 3613 3516 3692 {Edictum

1995 3683 2250 3746 aduersus
2294 3688 2401 3742 tria
2450 3683 3029 3756 capitula’proponit-ur
3073 3684 3128 3738 in
3165 3683 3422 3756 Ecclesia,
3455 3691 3516 3756 Aet

1998 3762 2270 3828 recipitur.
2299 3759 2389 3815 Ν.
2423 3753 2640 3826 Vigilius
2678 3753 2732 3809 in
2763 3753 3079 3826 recipientes
3118 3753 3518 3808 animadvertit.

1997 3833 2062 3886 V.
2098 3831 2304 3885 Henna:
2332 3827 2558 3883 succedit
2597 3827 2903 3886 Eutychius,
2934 3833 2982 3879 et
3019 3824 3204 3886 Vigilio
3234 3823 3327 3876 dat
3368 3821 3512 3876 litte-

2049 3872 2062 3884 .
2098 3839 2304 3885 Henna:
2332 3839 2558 3883 succedit
2597 3839 2903 3888 Eumenius,
2934 3839 2982 3879 et
3025 3839 3204 3888 Vlgtlto
3234 3839 3327 3876 aat
3368 3839 3512 3876 mte-

2003 3842 2062 3886 V.
2098 3842 2304 3885 Mennaz
2332 3842 2558 3883 succedit
2597 3842 2903 3897 tautycmus,
2934 3842 2982 3879 et
3025 3842 3204 3895 Vtgmo
3234 3842 3327 3876 aat
3368 3842 3512 3876 mte-

2000 3918 2089 3956 ras
2120 3916 2230 3954 sum
2257 3899 2400 3968 ﬁdei,
2424 3898 2691 3968 synodum
2723 3897 2902 3968 haberi
2935 3893 3272 3968 rogans._y1.
3309 3893 3518 3968 Annuit

2002 3971 2238 4038 Vigilius.
2257 3961 2377 4024 ’Ἧι
2414 3961 2673 4022 Ιήάὶεἰιατ
2697 3966 2926 4036 synodus
2951 3961 3024 4038 ad
3029 3963 3147 4038 -ΙΙζ
3155 3963 3336 4017 Nonas
3361 3961 3512 4038 Maii.

1999 4029 2134 4096 νῐίι.
2179 4039 2413 4093 Habetur
2451 4045 2556 4090 toto
2598 4052 2705 4090 uno
2727 4029 2945 4088 'mense.
2979 4033 3072 4087 lx.
3109 4031 3316 4098 Quarta
3347 4029 3516 4082 colla-

2003 4113 2141 4166 tione
2171 4119 2219 4164 et
2252 4115 2404 4176 parte
2437 4107 2633 4176 quinta:
2665 4121 2837 4176 causa
2867 4103 3119 4158 Theodori
3166 4099 3518 4176 {opsuesteni

2003 4125 2141 4166 tione
2171 4125 2219 4164 et
2289 4125 2404 4160 arte
2437 4125 2633 4176 quinta:
2665 4125 2828 4158 causa
2871 4125 3118 4158 Ineaaon
3166 4125 3512 4168 ωυρδαωισηι

2002 4182 2198 4248 agitur.
2341 4176 2523 4248 Altero
2561 4174 2959 4248 ρανίᾳ-βίῃφ-
2979 4187 3145 4248 causa
3189 4168 3512 4248 Theodoreti.

2001 4237 2094 4305 ΧΪ.
2128 4249 2258 4314 Qua:
2287 4249 2389 4316 ipsi
2421 4237 2644 4316 objecta.
2674 4237 3013 4316 XIILScribit
3040 4239 3396 4316 Constitutum
3427 4237 3506 4316 ifi—

2001 4309 2180 4392 giliaa',
2207 4321 2262 4392 in
2302 4309 2404 4392 quo
2431 4309 2745 4392 nominatim
2773 4312 3078 4392 Theodoreti
3111 4325 3390 4392 personam
3414 4309 3514 4392 dc-

2003 4379 2189 4461 Tendit,
2207 4379 2517 4461 doc-trinam
2544 4385 2786 4461 damnat.
2815 4383 2956 4461 Xlll.
2995 4379 3519 4461 Anathemadicitur

2005 4449 2038 4514 a
2069 4449 2287 4513 concilio
2327 4457 2565 4527 aperibns
2598 4453 2926 4527 Theodoreti,
2962 4462 3012 4527 et
3051 4467 3231 4505 eorum
3273 4449 3516 4518 defenso-

2006 4531 2164 4584 ribus.
2206 4522 2375 4599 πω
2408 4525 2548 4580 ΧΠ·
2597 4523 2936 4599 ρυω,ορενα
2975 4522 3362 4599 άέηηῃεπίατέ
3391 4534 3522 4599 ‘2'}?

2003 4599 2146 4662 cilia,
2182 4585 2422 4654 αἷῖςῖιιε
2460 4585 2884 4664 reprehensiones
2917 4591 3274 4662 capitulorum
3306 4585 3520 4658 Cyrilli,

2003 4688 2076 4727 an
2105 4669 2214 4724 alia
2243 4670 2403 4723 etiam
2426 4681 2610 4736 opera.
2747 4693 2760 4724 -.
3129 4707 3134 4710 .

2341 4756 2417 4808 Ab
2441 4769 2569 4806 anno
2591 4751 2768 4802 Christi
2793 4753 2884 4802 διε
2909 4752 2968 4800 ad
2990 4751 3104 4802 555.

2003 4867 2044 4921 l.
2076 4867 2370 4934 Postquam
2401 4861 2542 4916 duos
2577 4859 2694 4915 fere
2729 4865 2874 4912 totos
2903 4871 3077 4910 annos
3103 4869 3351 4910 summus
3379 4867 3514 4923 pon-

1933 4956 2066 5012 tifex
2095 4963 2151 5010 et
2183 4953 2483 5021 imperator
2517 4948 2904 5010 dimicassent,
2937 4944 3029 4999 ille
3069 4943 3374 5014 apostolico
3411 4939 3525 5011 spi-

1935 5048 2070 5110 ritu,
2091 5043 2184 5099 hic
2225 5041 2511 5116 tyrannico
2559 5038 2765 5100 animo,
2802 5035 3142 5092 celebratum
3181 5043 3264 5090 est
3301 5031 3524 5088 tandem

1935 5139 2192 5210 quintum
2233 5134 2553 5198 concilium,
2581 5129 2782 5202 V’igilio
2813 5127 3011 5199 partim
3047 5127 3286 5186 volente,
3323 5123 3520 5193 partim

1939 5229 2132 5286 invito.
2161 5227 2280 5284 Jam
2311 5225 2438 5280 inde
2463 5223 2684 5294 quidem
2711 5221 2781 5275 ab
2813 5217 2971 5274 initio
3003 5213 3194 5268 haberi
3229 5227 3522 5267 consense-

1936 5329 2040 5388 rat,
2069 5320 2166 5376 sed
2193 5319 2248 5373 in
2274 5316 2482 5380 Sicilia,
2510 5327 2620 5384 quo
2647 5305 2990 5366 commodius
3017 5303 3304 5370 utriusque
3332 5301 3522 5356 Eccle-

1933 5413 2028 5470 siae
2048 5410 2310 5484 praesules
2331 5405 2718 5467 convenirent;
2745 5399 3018 5469 repulsam
3040 5409 3256 5464 passus,
3275 5407 3522 5448 assense-

1937 5512 2026 5560 rat
2047 5483 2168 5574 cogi
2198 5502 2254 5556 in
2286 5501 2424 5556 urbe
2452 5495 2622 5567 regia,
2653 5490 2816 5546 modo
2845 5489 3054 5557 integra
3083 5484 3252 5540 trium
3280 5483 3520 5554 capitum

1939 5609 2128 5661 causa,
2159 5590 2414 5650 rescissis
2455 5585 2716 5644 omnibus
2743 5582 3010 5637 hactenus
3048 5591 3114 5632 ea
3141 5575 3208 5630 de
3243 5591 3304 5632 re
3331 5577 3516 5647 gestis,

1601 5747 1916 5807 SCHULZII
1963 5746 2197 5805 ΝΟΤᾸΞ.

295 5839 340 5872 ⁸³
381 5847 508 5905 Vid.
543 5845 714 5912 infra,
753 5845 976 5902 dissert.
1012 5845 1078 5900 ad
1120 5843 1310 5916 synod.
1343 5861 1394 5912 ν,
1432 5859 1550 5914 cap.
1589 5844 1688 5898 ult.
